,date,symbol,reportedCurrency,fillingDate,acceptedDate,period,revenue,costOfRevenue,grossProfit,grossProfitRatio,researchAndDevelopmentExpenses,generalAndAdministrativeExpenses,sellingAndMarketingExpenses,otherExpenses,operatingExpenses,costAndExpenses,interestExpense,depreciationAndAmortization,ebitda,ebitdaratio,operatingIncome,operatingIncomeRatio,totalOtherIncomeExpensesNet,incomeBeforeTax,incomeBeforeTaxRatio,incomeTaxExpense,netIncome,netIncomeRatio,eps,epsdiluted,weightedAverageShsOut,weightedAverageShsOutDil,link,finalLink,timestamp,est_time,est_date
0,2020-09-30,IPC.AX,AUD,2020-09-30,2020-09-30,Q3,41804.5,0.0,0.0,0.0,0.0,48825.0,0.0,2500.0,0.0,0.0,1212.25,12148.25,0.0,0.0,0.0,0.0,0.0,-35446.25,-0.8479051298305207,0.0,-35446.25,-0.8479051298305207,-0.01115625,-0.01115625,3175374.0,3175374.0,,,1620593703,16:55:03,20210509
1,2020-06-30,IPC.AX,AUD,2020-06-30,2020-06-30,Q2,41804.5,0.0,0.0,0.0,0.0,48825.0,0.0,2500.0,0.0,0.0,1212.25,12148.25,0.0,0.0,0.0,0.0,0.0,-35446.25,-0.8479051298305207,0.0,-35446.25,-0.8479051298305207,-0.01115625,-0.01115625,3175374.0,3175374.0,,,1620593703,16:55:03,20210509
2,2020-03-31,IPC.AX,AUD,2020-03-31,2020-03-31,Q1,41804.5,0.0,0.0,0.0,0.0,48825.0,0.0,2500.0,0.0,0.0,1212.25,12148.25,0.0,0.0,0.0,0.0,0.0,-35446.25,-0.8479051298305207,0.0,-35446.25,-0.8479051298305207,-0.01115625,-0.01115625,3175374.0,3175374.0,,,1620593703,16:55:03,20210509
3,2020-01-31,IPC.AX,AUD,2020-01-31,2020-01-31,Q1,41804.5,0.0,0.0,0.0,0.0,48825.0,0.0,2500.0,0.0,0.0,1212.25,12148.25,0.0,0.0,0.0,0.0,0.0,-35446.25,-0.8479051298305207,0.0,-35446.25,-0.8479051298305207,-0.01115625,-0.01115625,3175374.0,3175374.0,,,1620593703,16:55:03,20210509
4,2019-06-30,IPC.AX,AUD,2019-06-30,2019-06-30,Q2,28681.0,0.0,0.0,0.0,0.0,55386.25,0.0,0.0,0.0,0.0,0.0,0.0,0.0,0.0,0.0,0.0,0.0,-47301.0,-1.6492102785816394,0.0,-47301.0,-1.6492102785816394,-0.01489925,-0.01489925,3175374.0,3175374.0,,,1620593703,16:55:03,20210509
5,2019-03-31,IPC.AX,AUD,2019-03-31,2019-03-31,Q1,28681.0,0.0,0.0,0.0,0.0,55386.25,0.0,0.0,0.0,0.0,0.0,0.0,0.0,0.0,0.0,0.0,0.0,-47301.0,-1.6492102785816394,0.0,-47301.0,-1.6492102785816394,-0.01489925,-0.01489925,3175374.0,3175374.0,,,1620593703,16:55:03,20210509
6,2019-01-31,IPC.AX,AUD,2019-01-31,2019-01-31,Q1,28681.0,0.0,0.0,0.0,0.0,55386.25,0.0,0.0,0.0,0.0,0.0,0.0,0.0,0.0,0.0,0.0,0.0,-47301.0,-1.6492102785816394,0.0,-47301.0,-1.6492102785816394,-0.01489925,-0.01489925,3175374.0,3175374.0,,,1620593703,16:55:03,20210509
7,2018-06-30,IPC.AX,AUD,2018-06-30,2018-06-30,Q2,2129.75,0.0,0.0,0.0,0.0,22591.5,0.0,4.0,0.0,0.0,0.0,0.0,0.0,0.0,0.0,0.0,0.0,-37274.25,-17.50170207770865,0.0,-37274.25,-17.50170207770865,-0.0117395,-0.0117395,3175374.0,3175374.0,,,1620593703,16:55:03,20210509
8,2018-03-31,IPC.AX,AUD,2018-03-31,2018-03-31,Q1,2129.75,0.0,0.0,0.0,0.0,22591.5,0.0,4.0,0.0,0.0,0.0,0.0,0.0,0.0,0.0,0.0,0.0,-37274.25,-17.50170207770865,0.0,-37274.25,-17.50170207770865,-0.0117395,-0.0117395,3175374.0,3175374.0,,,1620593703,16:55:03,20210509
9,2018-01-31,IPC.AX,AUD,2018-01-31,2018-01-31,Q1,2129.75,0.0,0.0,0.0,0.0,22591.5,0.0,4.0,0.0,0.0,0.0,0.0,0.0,0.0,0.0,0.0,0.0,-37274.25,-17.50170207770865,0.0,-37274.25,-17.50170207770865,-0.0117395,-0.0117395,3175374.0,3175374.0,,,1620593703,16:55:03,20210509
10,2017-06-30,IPC.AX,AUD,2017-06-30,2017-06-30,Q2,91045.75,101457.75,18048.0,0.19823001073636057,0.0,18609.0,0.0,-89527.75,0.0,0.0,0.0,0.0,0.0,0.0,-12027.75,-0.13210666066235932,0.0,-12027.75,-0.13210666066235932,0.0,-12027.75,-0.13210666066235932,-0.003889,-0.003889,3097945.0,3097945.0,,,1620593703,16:55:03,20210509
11,2017-03-31,IPC.AX,AUD,2017-03-31,2017-03-31,Q1,91045.75,101457.75,18048.0,0.19823001073636057,0.0,18609.0,0.0,-89527.75,0.0,0.0,0.0,0.0,0.0,0.0,-12027.75,-0.13210666066235932,0.0,-12027.75,-0.13210666066235932,0.0,-12027.75,-0.13210666066235932,-0.003889,-0.003889,3097945.0,3097945.0,,,1620593703,16:55:03,20210509
12,2017-01-31,IPC.AX,AUD,2017-01-31,2017-01-31,Q1,91045.75,101457.75,18048.0,0.19823001073636057,0.0,18609.0,0.0,-89527.75,0.0,0.0,0.0,0.0,0.0,0.0,-12027.75,-0.13210666066235932,0.0,-12027.75,-0.13210666066235932,0.0,-12027.75,-0.13210666066235932,-0.003889,-0.003889,3097945.0,3097945.0,,,1620593703,16:55:03,20210509
13,2016-06-30,IPC.AX,AUD,2016-06-30,2016-06-30,Q2,41140.75,30800.0,41140.75,1.0,0.0,18041.5,0.0,190.75,0.0,0.0,0.0,0.0,0.0,0.0,-42111.0,-1.0235836731221477,190.75,-41920.25,-1.0189471509391541,0.0,-41920.25,-1.0189471509391541,-0.01402425,-0.01402425,2989112.0,2989112.0,,,1620593703,16:55:03,20210509
14,2016-03-31,IPC.AX,AUD,2016-03-31,2016-03-31,Q1,41140.75,30800.0,41140.75,1.0,0.0,18041.5,0.0,190.75,0.0,0.0,0.0,0.0,0.0,0.0,-42111.0,-1.0235836731221477,190.75,-41920.25,-1.0189471509391541,0.0,-41920.25,-1.0189471509391541,-0.01402425,-0.01402425,2989112.0,2989112.0,,,1620593703,16:55:03,20210509
15,2016-01-31,IPC.AX,AUD,2016-01-31,2016-01-31,Q1,41140.75,30800.0,41140.75,1.0,0.0,18041.5,0.0,190.75,0.0,0.0,0.0,0.0,0.0,0.0,-42111.0,-1.0235836731221477,190.75,-41920.25,-1.0189471509391541,0.0,-41920.25,-1.0189471509391541,-0.01402425,-0.01402425,2989112.0,2989112.0,,,1620593703,16:55:03,20210509
16,2015-09-30,IPC.AX,AUD,2015-09-30,2015-09-30,Q3,-13475.5,30914.25,-14089.75,1.0455827242031837,0.0,17707.75,0.0,74.5,0.0,0.0,0.0,0.0,0.0,0.0,-40488.0,3.004563838076509,0.0,-40488.0,3.004563838076509,0.0,-40488.0,3.004563838076509,-0.01353825,-0.01353825,2974627.0,2974627.0,,,1620593703,16:55:03,20210509
17,2015-06-30,IPC.AX,AUD,2015-06-30,2015-06-30,Q2,-13475.5,30914.25,-14089.75,1.0455827242031837,0.0,17707.75,0.0,74.5,0.0,0.0,0.0,0.0,0.0,0.0,-40488.0,3.004563838076509,0.0,-40488.0,3.004563838076509,0.0,-40488.0,3.004563838076509,-0.01353825,-0.01353825,2974627.0,2974627.0,,,1620593703,16:55:03,20210509
18,2015-03-31,IPC.AX,AUD,2015-03-31,2015-03-31,Q1,-13475.5,30914.25,-14089.75,1.0455827242031837,0.0,17707.75,0.0,74.5,0.0,0.0,0.0,0.0,0.0,0.0,-40488.0,3.004563838076509,0.0,-40488.0,3.004563838076509,0.0,-40488.0,3.004563838076509,-0.01353825,-0.01353825,2974627.0,2974627.0,,,1620593703,16:55:03,20210509
19,2015-01-31,IPC.AX,AUD,2015-01-31,2015-01-31,Q1,-13475.5,30914.25,-14089.75,1.0455827242031837,0.0,17707.75,0.0,74.5,0.0,0.0,0.0,0.0,0.0,0.0,-40488.0,3.004563838076509,0.0,-40488.0,3.004563838076509,0.0,-40488.0,3.004563838076509,-0.01353825,-0.01353825,2974627.0,2974627.0,,,1620593703,16:55:03,20210509
20,2014-09-30,IPC.AX,AUD,2014-09-30,2014-09-30,Q3,20027.0,0.0,0.0,0.0,0.0,49084.25,0.0,0.0,0.0,0.0,0.0,17.5,-12756.25,-0.636952613971139,-12773.75,-0.6378264343136766,0.0,-12773.75,-0.6378264343136766,0.0,-12773.75,-0.6378264343136766,-0.00427775,-0.00427775,2989545.0,2989545.0,,,1620593703,16:55:03,20210509
21,2014-06-30,IPC.AX,AUD,2014-06-30,2014-06-30,Q2,20027.0,0.0,0.0,0.0,0.0,49084.25,0.0,0.0,0.0,0.0,0.0,17.5,-12756.25,-0.636952613971139,-12773.75,-0.6378264343136766,0.0,-12773.75,-0.6378264343136766,0.0,-12773.75,-0.6378264343136766,-0.00427775,-0.00427775,2989545.0,2989545.0,,,1620593703,16:55:03,20210509
22,2014-03-31,IPC.AX,AUD,2014-03-31,2014-03-31,Q1,20027.0,0.0,0.0,0.0,0.0,49084.25,0.0,0.0,0.0,0.0,0.0,17.5,-12756.25,-0.636952613971139,-12773.75,-0.6378264343136766,0.0,-12773.75,-0.6378264343136766,0.0,-12773.75,-0.6378264343136766,-0.00427775,-0.00427775,2989545.0,2989545.0,,,1620593703,16:55:03,20210509
23,2014-01-31,IPC.AX,AUD,2014-01-31,2014-01-31,Q1,20027.0,0.0,0.0,0.0,0.0,49084.25,0.0,0.0,0.0,0.0,0.0,17.5,-12756.25,-0.636952613971139,-12773.75,-0.6378264343136766,0.0,-12773.75,-0.6378264343136766,0.0,-12773.75,-0.6378264343136766,-0.00427775,-0.00427775,2989545.0,2989545.0,,,1620593703,16:55:03,20210509
24,2013-09-30,IPC.AX,AUD,2013-09-30,2013-09-30,Q3,28255.25,0.0,0.0,0.0,0.0,46499.0,0.0,0.0,0.0,0.0,0.0,37.75,-9757.5,-0.34533405296360853,-9795.25,-0.34667008785977826,0.0,-9795.25,-0.34667008785977826,0.0,-9795.25,-0.34667008785977826,-0.00328125,-0.00328125,2989545.0,2989545.0,,,1620593703,16:55:03,20210509
25,2013-06-30,IPC.AX,AUD,2013-06-30,2013-06-30,Q2,28255.25,0.0,0.0,0.0,0.0,46499.0,0.0,0.0,0.0,0.0,0.0,37.75,-9757.5,-0.34533405296360853,-9795.25,-0.34667008785977826,0.0,-9795.25,-0.34667008785977826,0.0,-9795.25,-0.34667008785977826,-0.00328125,-0.00328125,2989545.0,2989545.0,,,1620593703,16:55:03,20210509
26,2013-03-31,IPC.AX,AUD,2013-03-31,2013-03-31,Q1,28255.25,0.0,0.0,0.0,0.0,46499.0,0.0,0.0,0.0,0.0,0.0,37.75,-9757.5,-0.34533405296360853,-9795.25,-0.34667008785977826,0.0,-9795.25,-0.34667008785977826,0.0,-9795.25,-0.34667008785977826,-0.00328125,-0.00328125,2989545.0,2989545.0,,,1620593703,16:55:03,20210509
27,2013-01-31,IPC.AX,AUD,2013-01-31,2013-01-31,Q1,28255.25,0.0,0.0,0.0,0.0,46499.0,0.0,0.0,0.0,0.0,0.0,37.75,-9757.5,-0.34533405296360853,-9795.25,-0.34667008785977826,0.0,-9795.25,-0.34667008785977826,0.0,-9795.25,-0.34667008785977826,-0.00328125,-0.00328125,2989545.0,2989545.0,,,1620593703,16:55:03,20210509
28,2012-09-30,IPC.AX,AUD,2012-09-30,2012-09-30,Q3,1296.5,35185.5,1296.5,1.0,0.0,17403.5,0.0,0.0,0.0,0.0,50.5,49.25,-29496.0,-22.75048206710374,-29545.25,-22.788468954878518,0.0,-29545.25,-22.788468954878518,-7500.0,-22045.25,-17.00366370998843,-0.0073645,-0.0073645,2989545.0,2989545.0,,,1620593703,16:55:03,20210509
29,2012-06-30,IPC.AX,AUD,2012-06-30,2012-06-30,Q2,1296.5,35185.5,1296.5,1.0,0.0,17403.5,0.0,0.0,0.0,0.0,50.5,49.25,-29496.0,-22.75048206710374,-29545.25,-22.788468954878518,0.0,-29545.25,-22.788468954878518,-7500.0,-22045.25,-17.00366370998843,-0.0073645,-0.0073645,2989545.0,2989545.0,,,1620593703,16:55:03,20210509
30,2012-03-31,IPC.AX,AUD,2012-03-31,2012-03-31,Q1,1296.5,35185.5,1296.5,1.0,0.0,17403.5,0.0,0.0,0.0,0.0,50.5,49.25,-29496.0,-22.75048206710374,-29545.25,-22.788468954878518,0.0,-29545.25,-22.788468954878518,-7500.0,-22045.25,-17.00366370998843,-0.0073645,-0.0073645,2989545.0,2989545.0,,,1620593703,16:55:03,20210509
31,2012-01-31,IPC.AX,AUD,2012-01-31,2012-01-31,Q1,1296.5,35185.5,1296.5,1.0,0.0,17403.5,0.0,0.0,0.0,0.0,50.5,49.25,-29496.0,-22.75048206710374,-29545.25,-22.788468954878518,0.0,-29545.25,-22.788468954878518,-7500.0,-22045.25,-17.00366370998843,-0.0073645,-0.0073645,2989545.0,2989545.0,,,1620593703,16:55:03,20210509
32,2011-09-30,IPC.AX,AUD,2011-09-30,2011-09-30,Q3,11876.75,33107.25,11314.25,0.9526385585282169,0.0,17577.25,0.0,0.0,0.0,0.0,284.75,66.75,-22451.5,-1.8903740501399793,-22518.25,-1.8959942745279643,0.0,-22518.25,-1.8959942745279643,-3375.0,-19143.25,-1.6118256256972656,-0.00639225,-0.00639225,2989545.0,2989545.0,,,1620593703,16:55:03,20210509
33,2011-06-30,IPC.AX,AUD,2011-06-30,2011-06-30,Q2,11876.75,33107.25,11314.25,0.9526385585282169,0.0,17577.25,0.0,0.0,0.0,0.0,284.75,66.75,-22451.5,-1.8903740501399793,-22518.25,-1.8959942745279643,0.0,-22518.25,-1.8959942745279643,-3375.0,-19143.25,-1.6118256256972656,-0.00639225,-0.00639225,2989545.0,2989545.0,,,1620593703,16:55:03,20210509
34,2011-03-31,IPC.AX,AUD,2011-03-31,2011-03-31,Q1,11876.75,33107.25,11314.25,0.9526385585282169,0.0,17577.25,0.0,0.0,0.0,0.0,284.75,66.75,-22451.5,-1.8903740501399793,-22518.25,-1.8959942745279643,0.0,-22518.25,-1.8959942745279643,-3375.0,-19143.25,-1.6118256256972656,-0.00639225,-0.00639225,2989545.0,2989545.0,,,1620593703,16:55:03,20210509
35,2011-01-31,IPC.AX,AUD,2011-01-31,2011-01-31,Q1,11876.75,33107.25,11314.25,0.9526385585282169,0.0,17577.25,0.0,0.0,0.0,0.0,284.75,66.75,-22451.5,-1.8903740501399793,-22518.25,-1.8959942745279643,0.0,-22518.25,-1.8959942745279643,-3375.0,-19143.25,-1.6118256256972656,-0.00639225,-0.00639225,2989545.0,2989545.0,,,1620593703,16:55:03,20210509
36,2010-09-30,IPC.AX,AUD,2010-09-30,2010-09-30,Q3,19682.75,33242.5,19120.25,0.9714216763409584,0.0,17275.5,0.0,0.0,0.0,0.0,0.0,92.0,-21954.5,-1.1154183231509824,-22046.5,-1.1200924667538834,0.0,-22046.5,-1.1200924667538834,-4125.0,-17921.5,-0.9105180932542455,-0.0060035,-0.0060035,2989545.0,2989545.0,,,1620593703,16:55:03,20210509
37,2010-06-30,IPC.AX,AUD,2010-06-30,2010-06-30,Q2,19682.75,33242.5,19120.25,0.9714216763409584,0.0,17275.5,0.0,0.0,0.0,0.0,0.0,92.0,-21954.5,-1.1154183231509824,-22046.5,-1.1200924667538834,0.0,-22046.5,-1.1200924667538834,-4125.0,-17921.5,-0.9105180932542455,-0.0060035,-0.0060035,2989545.0,2989545.0,,,1620593703,16:55:03,20210509
38,2010-03-31,IPC.AX,AUD,2010-03-31,2010-03-31,Q1,19682.75,33242.5,19120.25,0.9714216763409584,0.0,17275.5,0.0,0.0,0.0,0.0,0.0,92.0,-21954.5,-1.1154183231509824,-22046.5,-1.1200924667538834,0.0,-22046.5,-1.1200924667538834,-4125.0,-17921.5,-0.9105180932542455,-0.0060035,-0.0060035,2989545.0,2989545.0,,,1620593703,16:55:03,20210509
39,2010-01-31,IPC.AX,AUD,2010-01-31,2010-01-31,Q1,19682.75,33242.5,19120.25,0.9714216763409584,0.0,17275.5,0.0,0.0,0.0,0.0,0.0,92.0,-21954.5,-1.1154183231509824,-22046.5,-1.1200924667538834,0.0,-22046.5,-1.1200924667538834,-4125.0,-17921.5,-0.9105180932542455,-0.0060035,-0.0060035,2989545.0,2989545.0,,,1620593703,16:55:03,20210509
40,2009-09-30,IPC.AX,AUD,2009-09-30,2009-09-30,Q3,21923.25,38971.5,21473.75,0.9794966530965984,0.0,17059.5,0.0,0.0,0.0,0.0,0.0,137.5,1319.0,0.06016443729830203,1181.5,0.05389255698858518,0.0,1181.5,0.05389255698858518,-176.5,1358.0,0.06194337062251263,0.00046175,0.00046175,2940629.0,2940629.0,,,1620593703,16:55:03,20210509
41,2009-06-30,IPC.AX,AUD,2009-06-30,2009-06-30,Q2,21923.25,38971.5,21473.75,0.9794966530965984,0.0,17059.5,0.0,0.0,0.0,0.0,0.0,137.5,1319.0,0.06016443729830203,1181.5,0.05389255698858518,0.0,1181.5,0.05389255698858518,-176.5,1358.0,0.06194337062251263,0.00046175,0.00046175,2940629.0,2940629.0,,,1620593703,16:55:03,20210509
42,2009-03-31,IPC.AX,AUD,2009-03-31,2009-03-31,Q1,21923.25,38971.5,21473.75,0.9794966530965984,0.0,17059.5,0.0,0.0,0.0,0.0,0.0,137.5,1319.0,0.06016443729830203,1181.5,0.05389255698858518,0.0,1181.5,0.05389255698858518,-176.5,1358.0,0.06194337062251263,0.00046175,0.00046175,2940629.0,2940629.0,,,1620593703,16:55:03,20210509
43,2009-01-31,IPC.AX,AUD,2009-01-31,2009-01-31,Q1,21923.25,38971.5,21473.75,0.9794966530965984,0.0,17059.5,0.0,0.0,0.0,0.0,0.0,137.5,1319.0,0.06016443729830203,1181.5,0.05389255698858518,0.0,1181.5,0.05389255698858518,-176.5,1358.0,0.06194337062251263,0.00046175,0.00046175,2940629.0,2940629.0,,,1620593703,16:55:03,20210509
44,2008-09-30,IPC.AX,AUD,2008-09-30,2008-09-30,Q3,43433.25,0.0,0.0,0.0,0.0,53846.0,0.0,0.0,0.0,0.0,0.0,206.0,25151.25,0.5790782407487352,24945.25,0.5743353306510565,-10853.25,14091.75,0.32444613285904234,2065.5,12026.25,0.27689040078741517,0.00403475,0.00403475,2989545.0,2989545.0,,,1620593703,16:55:03,20210509
45,2008-06-30,IPC.AX,AUD,2008-06-30,2008-06-30,Q2,43433.25,0.0,0.0,0.0,0.0,53846.0,0.0,0.0,0.0,0.0,0.0,206.0,25151.25,0.5790782407487352,24945.25,0.5743353306510565,-10853.25,14091.75,0.32444613285904234,2065.5,12026.25,0.27689040078741517,0.00403475,0.00403475,2989545.0,2989545.0,,,1620593703,16:55:03,20210509
46,2008-03-31,IPC.AX,AUD,2008-03-31,2008-03-31,Q1,43433.25,0.0,0.0,0.0,0.0,53846.0,0.0,0.0,0.0,0.0,0.0,206.0,25151.25,0.5790782407487352,24945.25,0.5743353306510565,-10853.25,14091.75,0.32444613285904234,2065.5,12026.25,0.27689040078741517,0.00403475,0.00403475,2989545.0,2989545.0,,,1620593703,16:55:03,20210509
47,2008-01-31,IPC.AX,AUD,2008-01-31,2008-01-31,Q1,43433.25,0.0,0.0,0.0,0.0,53846.0,0.0,0.0,0.0,0.0,0.0,206.0,25151.25,0.5790782407487352,24945.25,0.5743353306510565,-10853.25,14091.75,0.32444613285904234,2065.5,12026.25,0.27689040078741517,0.00403475,0.00403475,2989545.0,2989545.0,,,1620593703,16:55:03,20210509
48,2007-09-30,IPC.AX,AUD,2007-09-30,2007-09-30,Q3,205966.0,44360.0,161606.0,0.7846246467863628,0.0,3063.75,0.0,6512.75,0.0,0.0,0.0,275.25,637177.0,3.0936028276511656,636901.75,3.092266442034122,-10186.5,626715.25,3.0428092500704,33521.5,593193.75,2.8800566598370603,0.19843075,0.19843075,2989545.0,2989545.0,,,1620593703,16:55:03,20210509
49,2007-06-30,IPC.AX,AUD,2007-06-30,2007-06-30,Q2,205966.0,44360.0,161606.0,0.7846246467863628,0.0,3063.75,0.0,6512.75,0.0,0.0,0.0,275.25,637177.0,3.0936028276511656,636901.75,3.092266442034122,-10186.5,626715.25,3.0428092500704,33521.5,593193.75,2.8800566598370603,0.19843075,0.19843075,2989545.0,2989545.0,,,1620593703,16:55:03,20210509
50,2007-03-31,IPC.AX,AUD,2007-03-31,2007-03-31,Q1,205966.0,44360.0,161606.0,0.7846246467863628,0.0,3063.75,0.0,6512.75,0.0,0.0,0.0,275.25,637177.0,3.0936028276511656,636901.75,3.092266442034122,-10186.5,626715.25,3.0428092500704,33521.5,593193.75,2.8800566598370603,0.19843075,0.19843075,2989545.0,2989545.0,,,1620593703,16:55:03,20210509
51,2007-01-31,IPC.AX,AUD,2007-01-31,2007-01-31,Q1,205966.0,44360.0,161606.0,0.7846246467863628,0.0,3063.75,0.0,6512.75,0.0,0.0,0.0,275.25,637177.0,3.0936028276511656,636901.75,3.092266442034122,-10186.5,626715.25,3.0428092500704,33521.5,593193.75,2.8800566598370603,0.19843075,0.19843075,2989545.0,2989545.0,,,1620593703,16:55:03,20210509
52,2006-09-30,IPC.AX,AUD,2006-09-30,2006-09-30,Q3,92936.0,39280.0,92936.0,1.0,0.0,10280.5,0.0,-339.75,0.0,0.0,0.0,185.0,143575.25,1.5448830377894465,143390.25,1.542892420590514,-37790.75,105599.5,1.1362604372901781,18816.75,86782.75,0.9337904579495567,0.02902075,0.02902075,2990359.0,2990359.0,,,1620593703,16:55:03,20210509
53,2006-06-30,IPC.AX,AUD,2006-06-30,2006-06-30,Q2,92936.0,39280.0,92936.0,1.0,0.0,10280.5,0.0,-339.75,0.0,0.0,0.0,185.0,143575.25,1.5448830377894465,143390.25,1.542892420590514,-37790.75,105599.5,1.1362604372901781,18816.75,86782.75,0.9337904579495567,0.02902075,0.02902075,2990359.0,2990359.0,,,1620593703,16:55:03,20210509
54,2006-03-31,IPC.AX,AUD,2006-03-31,2006-03-31,Q1,92936.0,39280.0,92936.0,1.0,0.0,10280.5,0.0,-339.75,0.0,0.0,0.0,185.0,143575.25,1.5448830377894465,143390.25,1.542892420590514,-37790.75,105599.5,1.1362604372901781,18816.75,86782.75,0.9337904579495567,0.02902075,0.02902075,2990359.0,2990359.0,,,1620593703,16:55:03,20210509
55,2006-01-31,IPC.AX,AUD,2006-01-31,2006-01-31,Q1,92936.0,39280.0,92936.0,1.0,0.0,10280.5,0.0,-339.75,0.0,0.0,0.0,185.0,143575.25,1.5448830377894465,143390.25,1.542892420590514,-37790.75,105599.5,1.1362604372901781,18816.75,86782.75,0.9337904579495567,0.02902075,0.02902075,2990359.0,2990359.0,,,1620593703,16:55:03,20210509
56,2005-09-30,IPC.AX,AUD,2005-09-30,2005-09-30,Q3,7726.5,52846.5,-7507.0,-0.9715912767747363,0.0,24025.5,0.0,0.0,0.0,0.0,333.0,235.5,-33217.0,-4.299100498285123,-33452.5,-4.329580016825212,24.75,-33268.25,-4.305733514527923,-33268.25,39478.75,5.109525658448198,0.013125,0.013125,2989545.0,2989545.0,,,1620593703,16:55:03,20210509
57,2005-06-30,IPC.AX,AUD,2005-06-30,2005-06-30,Q2,7726.5,52846.5,-7507.0,-0.9715912767747363,0.0,24025.5,0.0,0.0,0.0,0.0,333.0,235.5,-33217.0,-4.299100498285123,-33452.5,-4.329580016825212,24.75,-33268.25,-4.305733514527923,-33268.25,39478.75,5.109525658448198,0.013125,0.013125,2989545.0,2989545.0,,,1620593703,16:55:03,20210509
58,2005-03-31,IPC.AX,AUD,2005-03-31,2005-03-31,Q1,7726.5,52846.5,-7507.0,-0.9715912767747363,0.0,24025.5,0.0,0.0,0.0,0.0,333.0,235.5,-33217.0,-4.299100498285123,-33452.5,-4.329580016825212,24.75,-33268.25,-4.305733514527923,-33268.25,39478.75,5.109525658448198,0.013125,0.013125,2989545.0,2989545.0,,,1620593703,16:55:03,20210509
59,2005-01-31,IPC.AX,AUD,2005-01-31,2005-01-31,Q1,7726.5,52846.5,-7507.0,-0.9715912767747363,0.0,24025.5,0.0,0.0,0.0,0.0,333.0,235.5,-33217.0,-4.299100498285123,-33452.5,-4.329580016825212,24.75,-33268.25,-4.305733514527923,-33268.25,39478.75,5.109525658448198,0.013125,0.013125,2989545.0,2989545.0,,,1620593703,16:55:03,20210509
60,2004-09-30,IPC.AX,AUD,2004-09-30,2004-09-30,Q3,-34592.25,205000.0,317616.25,-9.181717003085952,0.0,2852.5,0.0,995477.5,0.0,0.0,52600.5,135.5,-1946988.5,56.28395088495255,-1947124.0,56.287867947300334,2762095.75,814880.75,-23.556743201150546,814880.75,497180.75,-14.372605135543365,0.16625,0.16625,2989545.0,2989545.0,,,1620593703,16:55:03,20210509
61,2004-06-30,IPC.AX,AUD,2004-06-30,2004-06-30,Q2,-34592.25,205000.0,317616.25,-9.181717003085952,0.0,2852.5,0.0,995477.5,0.0,0.0,52600.5,135.5,-1946988.5,56.28395088495255,-1947124.0,56.287867947300334,2762095.75,814880.75,-23.556743201150546,814880.75,497180.75,-14.372605135543365,0.16625,0.16625,2989545.0,2989545.0,,,1620593703,16:55:03,20210509
62,2004-03-31,IPC.AX,AUD,2004-03-31,2004-03-31,Q1,-34592.25,205000.0,317616.25,-9.181717003085952,0.0,2852.5,0.0,995477.5,0.0,0.0,52600.5,135.5,-1946988.5,56.28395088495255,-1947124.0,56.287867947300334,2762095.75,814880.75,-23.556743201150546,814880.75,497180.75,-14.372605135543365,0.16625,0.16625,2989545.0,2989545.0,,,1620593703,16:55:03,20210509
63,2004-01-31,IPC.AX,AUD,2004-01-31,2004-01-31,Q1,-34592.25,205000.0,317616.25,-9.181717003085952,0.0,2852.5,0.0,995477.5,0.0,0.0,52600.5,135.5,-1946988.5,56.28395088495255,-1947124.0,56.287867947300334,2762095.75,814880.75,-23.556743201150546,814880.75,497180.75,-14.372605135543365,0.16625,0.16625,2989545.0,2989545.0,,,1620593703,16:55:03,20210509
64,2003-09-30,IPC.AX,AUD,2003-09-30,2003-09-30,Q3,-3785.25,0.0,0.0,0.0,0.0,0.0,0.0,-43218.5,0.0,0.0,68104.5,186.75,0.0,0.0,0.0,0.0,0.0,-46985.0,12.412654382141206,-46985.0,-46985.0,12.412654382141206,-0.032448,-0.032448,2989545.0,2989545.0,,,1620593703,16:55:03,20210509
65,2003-06-30,IPC.AX,AUD,2003-06-30,2003-06-30,Q2,-3785.25,0.0,0.0,0.0,0.0,0.0,0.0,-43218.5,0.0,0.0,68104.5,186.75,0.0,0.0,0.0,0.0,0.0,-46985.0,12.412654382141206,-46985.0,-46985.0,12.412654382141206,-0.032448,-0.032448,2989545.0,2989545.0,,,1620593703,16:55:03,20210509
66,2003-03-31,IPC.AX,AUD,2003-03-31,2003-03-31,Q1,-3785.25,0.0,0.0,0.0,0.0,0.0,0.0,-43218.5,0.0,0.0,68104.5,186.75,0.0,0.0,0.0,0.0,0.0,-46985.0,12.412654382141206,-46985.0,-46985.0,12.412654382141206,-0.032448,-0.032448,2989545.0,2989545.0,,,1620593703,16:55:03,20210509
67,2003-01-31,IPC.AX,AUD,2003-01-31,2003-01-31,Q1,-3785.25,0.0,0.0,0.0,0.0,0.0,0.0,-43218.5,0.0,0.0,68104.5,186.75,0.0,0.0,0.0,0.0,0.0,-46985.0,12.412654382141206,-46985.0,-46985.0,12.412654382141206,-0.032448,-0.032448,2989545.0,2989545.0,,,1620593703,16:55:03,20210509
68,2002-09-30,IPC.AX,AUD,2002-09-30,2002-09-30,Q3,70983.5,22750.0,71016.5,1.000464896771785,0.0,28250.0,0.0,-28454.0,0.0,0.0,22658.0,201.75,42581.5,0.5998788450837166,42379.75,0.5970366352743948,-52.0,44556.5,0.6277022124860002,44556.5,44556.5,0.6277022124860002,0.014,0.014,2989545.0,2989545.0,,,1620593703,16:55:03,20210509
69,2002-06-30,IPC.AX,AUD,2002-06-30,2002-06-30,Q2,70983.5,22750.0,71016.5,1.000464896771785,0.0,28250.0,0.0,-28454.0,0.0,0.0,22658.0,201.75,42581.5,0.5998788450837166,42379.75,0.5970366352743948,-52.0,44556.5,0.6277022124860002,44556.5,44556.5,0.6277022124860002,0.014,0.014,2989545.0,2989545.0,,,1620593703,16:55:03,20210509
70,2002-03-31,IPC.AX,AUD,2002-03-31,2002-03-31,Q1,70983.5,22750.0,71016.5,1.000464896771785,0.0,28250.0,0.0,-28454.0,0.0,0.0,22658.0,201.75,42581.5,0.5998788450837166,42379.75,0.5970366352743948,-52.0,44556.5,0.6277022124860002,44556.5,44556.5,0.6277022124860002,0.014,0.014,2989545.0,2989545.0,,,1620593703,16:55:03,20210509
71,2002-01-31,IPC.AX,AUD,2002-01-31,2002-01-31,Q1,70983.5,22750.0,71016.5,1.000464896771785,0.0,28250.0,0.0,-28454.0,0.0,0.0,22658.0,201.75,42581.5,0.5998788450837166,42379.75,0.5970366352743948,-52.0,44556.5,0.6277022124860002,44556.5,44556.5,0.6277022124860002,0.014,0.014,2989545.0,2989545.0,,,1620593703,16:55:03,20210509
72,2001-09-30,IPC.AX,AUD,2001-09-30,2001-09-30,Q3,714.25,28000.0,-9527.5,-13.339166958347917,0.0,11750.0,0.0,-20919.5,0.0,0.0,16014.25,192.25,-27774.0,-38.88554427721386,-27966.25,-39.15470773538677,10318.75,-17712.0,-24.7980399019951,-17712.0,-17712.0,-24.7980399019951,-0.0063195,-0.0063195,2886688.0,2886688.0,,,1620593703,16:55:03,20210509
73,2001-06-30,IPC.AX,AUD,2001-06-30,2001-06-30,Q2,714.25,28000.0,-9527.5,-13.339166958347917,0.0,11750.0,0.0,-20919.5,0.0,0.0,16014.25,192.25,-27774.0,-38.88554427721386,-27966.25,-39.15470773538677,10318.75,-17712.0,-24.7980399019951,-17712.0,-17712.0,-24.7980399019951,-0.0063195,-0.0063195,2886688.0,2886688.0,,,1620593703,16:55:03,20210509
74,2001-03-31,IPC.AX,AUD,2001-03-31,2001-03-31,Q1,714.25,28000.0,-9527.5,-13.339166958347917,0.0,11750.0,0.0,-20919.5,0.0,0.0,16014.25,192.25,-27774.0,-38.88554427721386,-27966.25,-39.15470773538677,10318.75,-17712.0,-24.7980399019951,-17712.0,-17712.0,-24.7980399019951,-0.0063195,-0.0063195,2886688.0,2886688.0,,,1620593703,16:55:03,20210509
75,2001-01-31,IPC.AX,AUD,2001-01-31,2001-01-31,Q1,714.25,28000.0,-9527.5,-13.339166958347917,0.0,11750.0,0.0,-20919.5,0.0,0.0,16014.25,192.25,-27774.0,-38.88554427721386,-27966.25,-39.15470773538677,10318.75,-17712.0,-24.7980399019951,-17712.0,-17712.0,-24.7980399019951,-0.0063195,-0.0063195,2886688.0,2886688.0,,,1620593703,16:55:03,20210509
76,2000-09-30,IPC.AX,AUD,2000-09-30,2000-09-30,Q3,983258.25,0.0,0.0,0.0,0.0,0.0,0.0,-252149.0,0.0,0.0,10814.75,218.75,0.0,0.0,0.0,0.0,0.0,747051.0,0.7597708943708329,747051.0,741828.75,0.7544597261197656,-0.0848265,-0.0848265,2886688.0,2886688.0,,,1620593703,16:55:03,20210509
77,2000-06-30,IPC.AX,AUD,2000-06-30,2000-06-30,Q2,983258.25,0.0,0.0,0.0,0.0,0.0,0.0,-252149.0,0.0,0.0,10814.75,218.75,0.0,0.0,0.0,0.0,0.0,747051.0,0.7597708943708329,747051.0,741828.75,0.7544597261197656,-0.0848265,-0.0848265,2886688.0,2886688.0,,,1620593703,16:55:03,20210509
78,2000-03-31,IPC.AX,AUD,2000-03-31,2000-03-31,Q1,983258.25,0.0,0.0,0.0,0.0,0.0,0.0,-252149.0,0.0,0.0,10814.75,218.75,0.0,0.0,0.0,0.0,0.0,747051.0,0.7597708943708329,747051.0,741828.75,0.7544597261197656,-0.0848265,-0.0848265,2886688.0,2886688.0,,,1620593703,16:55:03,20210509
79,2000-01-31,IPC.AX,AUD,2000-01-31,2000-01-31,Q1,983258.25,0.0,0.0,0.0,0.0,0.0,0.0,-252149.0,0.0,0.0,10814.75,218.75,0.0,0.0,0.0,0.0,0.0,747051.0,0.7597708943708329,747051.0,741828.75,0.7544597261197656,-0.0848265,-0.0848265,2886688.0,2886688.0,,,1620593703,16:55:03,20210509
80,1999-09-30,IPC.AX,AUD,1999-09-30,1999-09-30,Q3,-3680.75,0.0,0.0,0.0,0.0,20355.0,0.0,-14544.5,0.0,0.0,5407.25,243.75,0.0,0.0,0.0,0.0,0.0,48603.0,-13.204645792297766,48603.0,-32963.25,8.955579705223121,0.00777775,0.00777775,2886688.0,2886688.0,,,1620593703,16:55:03,20210509
81,1999-06-30,IPC.AX,AUD,1999-06-30,1999-06-30,Q2,-3680.75,0.0,0.0,0.0,0.0,20355.0,0.0,-14544.5,0.0,0.0,5407.25,243.75,0.0,0.0,0.0,0.0,0.0,48603.0,-13.204645792297766,48603.0,-32963.25,8.955579705223121,0.00777775,0.00777775,2886688.0,2886688.0,,,1620593703,16:55:03,20210509
82,1999-03-31,IPC.AX,AUD,1999-03-31,1999-03-31,Q1,-3680.75,0.0,0.0,0.0,0.0,20355.0,0.0,-14544.5,0.0,0.0,5407.25,243.75,0.0,0.0,0.0,0.0,0.0,48603.0,-13.204645792297766,48603.0,-32963.25,8.955579705223121,0.00777775,0.00777775,2886688.0,2886688.0,,,1620593703,16:55:03,20210509
83,1999-01-31,IPC.AX,AUD,1999-01-31,1999-01-31,Q1,-3680.75,0.0,0.0,0.0,0.0,20355.0,0.0,-14544.5,0.0,0.0,5407.25,243.75,0.0,0.0,0.0,0.0,0.0,48603.0,-13.204645792297766,48603.0,-32963.25,8.955579705223121,0.00777775,0.00777775,2886688.0,2886688.0,,,1620593703,16:55:03,20210509
84,1998-09-30,IPC.AX,AUD,1998-09-30,1998-09-30,Q3,-414.75,0.0,0.0,0.0,0.0,0.0,0.0,0.0,0.0,0.0,414.75,0.0,0.0,0.0,0.0,0.0,0.0,205093.75,-494.4996986136227,205093.75,-109078.75,262.9987944544907,0.03402775,0.03159725,2886688.0,2886688.0,,,1620593703,16:55:03,20210509
85,1998-06-30,IPC.AX,AUD,1998-06-30,1998-06-30,Q2,-414.75,0.0,0.0,0.0,0.0,0.0,0.0,0.0,0.0,0.0,414.75,0.0,0.0,0.0,0.0,0.0,0.0,205093.75,-494.4996986136227,205093.75,-109078.75,262.9987944544907,0.03402775,0.03159725,2886688.0,2886688.0,,,1620593703,16:55:03,20210509
86,1998-03-31,IPC.AX,AUD,1998-03-31,1998-03-31,Q1,-414.75,0.0,0.0,0.0,0.0,0.0,0.0,0.0,0.0,0.0,414.75,0.0,0.0,0.0,0.0,0.0,0.0,205093.75,-494.4996986136227,205093.75,-109078.75,262.9987944544907,0.03402775,0.03159725,2886688.0,2886688.0,,,1620593703,16:55:03,20210509
87,1998-01-31,IPC.AX,AUD,1998-01-31,1998-01-31,Q1,-414.75,0.0,0.0,0.0,0.0,0.0,0.0,0.0,0.0,0.0,414.75,0.0,0.0,0.0,0.0,0.0,0.0,205093.75,-494.4996986136227,205093.75,-109078.75,262.9987944544907,0.03402775,0.03159725,2886688.0,2886688.0,,,1620593703,16:55:03,20210509
88,1997-09-30,IPC.AX,AUD,1997-09-30,1997-09-30,Q3,-195840.0,224435.0,-113323.25,0.5786522160947712,0.0,0.0,0.0,-82084.0,0.0,0.0,195840.0,432.75,-1259181.5,6.429644097222222,-1259614.25,6.4318538092320265,127106.25,-1132508.0,5.782822712418301,-1132508.0,213245.5,-1.0888761233660131,-0.06927075,-0.06927075,2886688.0,2886688.0,,,1620593703,16:55:03,20210509
89,1997-06-30,IPC.AX,AUD,1997-06-30,1997-06-30,Q2,-195840.0,224435.0,-113323.25,0.5786522160947712,0.0,0.0,0.0,-82084.0,0.0,0.0,195840.0,432.75,-1259181.5,6.429644097222222,-1259614.25,6.4318538092320265,127106.25,-1132508.0,5.782822712418301,-1132508.0,213245.5,-1.0888761233660131,-0.06927075,-0.06927075,2886688.0,2886688.0,,,1620593703,16:55:03,20210509
90,1997-03-31,IPC.AX,AUD,1997-03-31,1997-03-31,Q1,-195840.0,224435.0,-113323.25,0.5786522160947712,0.0,0.0,0.0,-82084.0,0.0,0.0,195840.0,432.75,-1259181.5,6.429644097222222,-1259614.25,6.4318538092320265,127106.25,-1132508.0,5.782822712418301,-1132508.0,213245.5,-1.0888761233660131,-0.06927075,-0.06927075,2886688.0,2886688.0,,,1620593703,16:55:03,20210509
91,1997-01-31,IPC.AX,AUD,1997-01-31,1997-01-31,Q1,-195840.0,224435.0,-113323.25,0.5786522160947712,0.0,0.0,0.0,-82084.0,0.0,0.0,195840.0,432.75,-1259181.5,6.429644097222222,-1259614.25,6.4318538092320265,127106.25,-1132508.0,5.782822712418301,-1132508.0,213245.5,-1.0888761233660131,-0.06927075,-0.06927075,2886688.0,2886688.0,,,1620593703,16:55:03,20210509
92,1996-09-30,IPC.AX,AUD,1996-09-30,1996-09-30,Q3,-279728.0,305317.0,6402975.5,-22.890005648344104,0.0,0.0,0.0,-6498277.25,0.0,0.0,279728.0,179478.25,-1690101.75,6.041946998512841,-1869580.0,6.683564033632671,369674.25,-1474316.75,5.270536914431162,-1474316.75,655063.75,-2.3417882728936683,-0.283889,-0.283889,2886688.0,2886688.0,,,1620593703,16:55:03,20210509
93,1996-06-30,IPC.AX,AUD,1996-06-30,1996-06-30,Q2,-279728.0,305317.0,6402975.5,-22.890005648344104,0.0,0.0,0.0,-6498277.25,0.0,0.0,279728.0,179478.25,-1690101.75,6.041946998512841,-1869580.0,6.683564033632671,369674.25,-1474316.75,5.270536914431162,-1474316.75,655063.75,-2.3417882728936683,-0.283889,-0.283889,2886688.0,2886688.0,,,1620593703,16:55:03,20210509
94,1996-03-31,IPC.AX,AUD,1996-03-31,1996-03-31,Q1,-279728.0,305317.0,6402975.5,-22.890005648344104,0.0,0.0,0.0,-6498277.25,0.0,0.0,279728.0,179478.25,-1690101.75,6.041946998512841,-1869580.0,6.683564033632671,369674.25,-1474316.75,5.270536914431162,-1474316.75,655063.75,-2.3417882728936683,-0.283889,-0.283889,2886688.0,2886688.0,,,1620593703,16:55:03,20210509
95,1996-01-31,IPC.AX,AUD,1996-01-31,1996-01-31,Q1,-279728.0,305317.0,6402975.5,-22.890005648344104,0.0,0.0,0.0,-6498277.25,0.0,0.0,279728.0,179478.25,-1690101.75,6.041946998512841,-1869580.0,6.683564033632671,369674.25,-1474316.75,5.270536914431162,-1474316.75,655063.75,-2.3417882728936683,-0.283889,-0.283889,2886688.0,2886688.0,,,1620593703,16:55:03,20210509
96,1995-09-30,IPC.AX,AUD,1995-09-30,1995-09-30,Q3,-213000.0,213000.0,6964250.0,-32.69600938967136,0.0,0.0,0.0,-6940250.0,0.0,0.0,213000.0,237000.0,48500.0,-0.22769953051643194,-188500.0,0.8849765258215962,290500.0,102000.0,-0.4788732394366197,102000.0,-46000.0,0.215962441314554,0.0150695,0.0150695,2887198.0,2887198.0,,,1620593703,16:55:03,20210509
97,1995-06-30,IPC.AX,AUD,1995-06-30,1995-06-30,Q2,-213000.0,213000.0,6964250.0,-32.69600938967136,0.0,0.0,0.0,-6940250.0,0.0,0.0,213000.0,237000.0,48500.0,-0.22769953051643194,-188500.0,0.8849765258215962,290500.0,102000.0,-0.4788732394366197,102000.0,-46000.0,0.215962441314554,0.0150695,0.0150695,2887198.0,2887198.0,,,1620593703,16:55:03,20210509
98,1995-03-31,IPC.AX,AUD,1995-03-31,1995-03-31,Q1,-213000.0,213000.0,6964250.0,-32.69600938967136,0.0,0.0,0.0,-6940250.0,0.0,0.0,213000.0,237000.0,48500.0,-0.22769953051643194,-188500.0,0.8849765258215962,290500.0,102000.0,-0.4788732394366197,102000.0,-46000.0,0.215962441314554,0.0150695,0.0150695,2887198.0,2887198.0,,,1620593703,16:55:03,20210509
99,1995-01-31,IPC.AX,AUD,1995-01-31,1995-01-31,Q1,-213000.0,213000.0,6964250.0,-32.69600938967136,0.0,0.0,0.0,-6940250.0,0.0,0.0,213000.0,237000.0,48500.0,-0.22769953051643194,-188500.0,0.8849765258215962,290500.0,102000.0,-0.4788732394366197,102000.0,-46000.0,0.215962441314554,0.0150695,0.0150695,2887198.0,2887198.0,,,1620593703,16:55:03,20210509
100,1994-09-30,IPC.AX,AUD,1994-09-30,1994-09-30,Q3,-7750.0,7750.0,6000.0,-0.7741935483870968,0.0,0.0,0.0,-13500.0,0.0,0.0,7750.0,250.0,-31500.0,4.064516129032258,-31750.0,4.096774193548387,33000.0,1250.0,-0.16129032258064516,1250.0,40500.0,-5.225806451612903,0.0150695,0.0150695,2687556.0,2687556.0,,,1620593703,16:55:03,20210509
101,1994-06-30,IPC.AX,AUD,1994-06-30,1994-06-30,Q2,-7750.0,7750.0,6000.0,-0.7741935483870968,0.0,0.0,0.0,-13500.0,0.0,0.0,7750.0,250.0,-31500.0,4.064516129032258,-31750.0,4.096774193548387,33000.0,1250.0,-0.16129032258064516,1250.0,40500.0,-5.225806451612903,0.0150695,0.0150695,2687556.0,2687556.0,,,1620593703,16:55:03,20210509
102,1994-03-31,IPC.AX,AUD,1994-03-31,1994-03-31,Q1,-7750.0,7750.0,6000.0,-0.7741935483870968,0.0,0.0,0.0,-13500.0,0.0,0.0,7750.0,250.0,-31500.0,4.064516129032258,-31750.0,4.096774193548387,33000.0,1250.0,-0.16129032258064516,1250.0,40500.0,-5.225806451612903,0.0150695,0.0150695,2687556.0,2687556.0,,,1620593703,16:55:03,20210509
103,1994-01-31,IPC.AX,AUD,1994-01-31,1994-01-31,Q1,-7750.0,7750.0,6000.0,-0.7741935483870968,0.0,0.0,0.0,-13500.0,0.0,0.0,7750.0,250.0,-31500.0,4.064516129032258,-31750.0,4.096774193548387,33000.0,1250.0,-0.16129032258064516,1250.0,40500.0,-5.225806451612903,0.0150695,0.0150695,2687556.0,2687556.0,,,1620593703,16:55:03,20210509
104,1993-09-30,IPC.AX,AUD,1993-09-30,1993-09-30,Q3,-12000.0,12000.0,1250.0,-0.10416666666666667,0.0,0.0,0.0,-13000.0,0.0,0.0,12000.0,250.0,-299250.0,24.9375,-299500.0,24.958333333333332,119250.0,-180250.0,15.020833333333334,-180250.0,88750.0,-7.395833333333333,-0.0279515,-0.0279515,2886170.0,2886170.0,,,1620593703,16:55:03,20210509
105,1993-06-30,IPC.AX,AUD,1993-06-30,1993-06-30,Q2,-12000.0,12000.0,1250.0,-0.10416666666666667,0.0,0.0,0.0,-13000.0,0.0,0.0,12000.0,250.0,-299250.0,24.9375,-299500.0,24.958333333333332,119250.0,-180250.0,15.020833333333334,-180250.0,88750.0,-7.395833333333333,-0.0279515,-0.0279515,2886170.0,2886170.0,,,1620593703,16:55:03,20210509
106,1993-03-31,IPC.AX,AUD,1993-03-31,1993-03-31,Q1,-12000.0,12000.0,1250.0,-0.10416666666666667,0.0,0.0,0.0,-13000.0,0.0,0.0,12000.0,250.0,-299250.0,24.9375,-299500.0,24.958333333333332,119250.0,-180250.0,15.020833333333334,-180250.0,88750.0,-7.395833333333333,-0.0279515,-0.0279515,2886170.0,2886170.0,,,1620593703,16:55:03,20210509
107,1993-01-31,IPC.AX,AUD,1993-01-31,1993-01-31,Q1,-12000.0,12000.0,1250.0,-0.10416666666666667,0.0,0.0,0.0,-13000.0,0.0,0.0,12000.0,250.0,-299250.0,24.9375,-299500.0,24.958333333333332,119250.0,-180250.0,15.020833333333334,-180250.0,88750.0,-7.395833333333333,-0.0279515,-0.0279515,2886170.0,2886170.0,,,1620593703,16:55:03,20210509
108,1992-09-30,IPC.AX,AUD,1992-09-30,1992-09-30,Q3,-29750.0,29750.0,9000.0,-0.3025210084033613,0.0,0.0,0.0,-38250.0,0.0,0.0,29750.0,500.0,-141000.0,4.739495798319328,-141500.0,4.756302521008403,29750.0,-111750.0,3.7563025210084033,-111750.0,47750.0,-1.6050420168067228,-0.0068055,-0.0068055,2886170.0,2886170.0,,,1620593703,16:55:03,20210509
109,1992-06-30,IPC.AX,AUD,1992-06-30,1992-06-30,Q2,-29750.0,29750.0,9000.0,-0.3025210084033613,0.0,0.0,0.0,-38250.0,0.0,0.0,29750.0,500.0,-141000.0,4.739495798319328,-141500.0,4.756302521008403,29750.0,-111750.0,3.7563025210084033,-111750.0,47750.0,-1.6050420168067228,-0.0068055,-0.0068055,2886170.0,2886170.0,,,1620593703,16:55:03,20210509
110,1992-03-31,IPC.AX,AUD,1992-03-31,1992-03-31,Q1,-29750.0,29750.0,9000.0,-0.3025210084033613,0.0,0.0,0.0,-38250.0,0.0,0.0,29750.0,500.0,-141000.0,4.739495798319328,-141500.0,4.756302521008403,29750.0,-111750.0,3.7563025210084033,-111750.0,47750.0,-1.6050420168067228,-0.0068055,-0.0068055,2886170.0,2886170.0,,,1620593703,16:55:03,20210509
111,1992-01-31,IPC.AX,AUD,1992-01-31,1992-01-31,Q1,-29750.0,29750.0,9000.0,-0.3025210084033613,0.0,0.0,0.0,-38250.0,0.0,0.0,29750.0,500.0,-141000.0,4.739495798319328,-141500.0,4.756302521008403,29750.0,-111750.0,3.7563025210084033,-111750.0,47750.0,-1.6050420168067228,-0.0068055,-0.0068055,2886170.0,2886170.0,,,1620593703,16:55:03,20210509
112,1991-09-30,IPC.AX,AUD,1991-09-30,1991-09-30,Q3,-2250.0,21250.0,6000.0,-2.6666666666666665,0.0,0.0,0.0,-7750.0,0.0,0.0,2250.0,500.0,-153000.0,68.0,-153500.0,68.22222222222223,124750.0,-28750.0,12.777777777777779,-28750.0,0.0,0.0,0.0,0.0,3175374.0,3175374.0,,,1620593703,16:55:03,20210509
113,1991-06-30,IPC.AX,AUD,1991-06-30,1991-06-30,Q2,-2250.0,21250.0,6000.0,-2.6666666666666665,0.0,0.0,0.0,-7750.0,0.0,0.0,2250.0,500.0,-153000.0,68.0,-153500.0,68.22222222222223,124750.0,-28750.0,12.777777777777779,-28750.0,0.0,0.0,0.0,0.0,3175374.0,3175374.0,,,1620593703,16:55:03,20210509
114,1991-03-31,IPC.AX,AUD,1991-03-31,1991-03-31,Q1,-2250.0,21250.0,6000.0,-2.6666666666666665,0.0,0.0,0.0,-7750.0,0.0,0.0,2250.0,500.0,-153000.0,68.0,-153500.0,68.22222222222223,124750.0,-28750.0,12.777777777777779,-28750.0,0.0,0.0,0.0,0.0,3175374.0,3175374.0,,,1620593703,16:55:03,20210509
115,1991-01-31,IPC.AX,AUD,1991-01-31,1991-01-31,Q1,-2250.0,21250.0,6000.0,-2.6666666666666665,0.0,0.0,0.0,-7750.0,0.0,0.0,2250.0,500.0,-153000.0,68.0,-153500.0,68.22222222222223,124750.0,-28750.0,12.777777777777779,-28750.0,0.0,0.0,0.0,0.0,3175374.0,3175374.0,,,1620593703,16:55:03,20210509
116,1990-09-30,IPC.AX,AUD,1990-09-30,1990-09-30,Q3,0.0,19000.0,24000.0,0.0,0.0,0.0,0.0,-23250.0,0.0,0.0,0.0,750.0,22750.0,0.0,22000.0,0.0,3750.0,25750.0,0.0,25750.0,0.0,0.0,0.0,0.0,3175374.0,3175374.0,,,1620593703,16:55:03,20210509
117,1990-06-30,IPC.AX,AUD,1990-06-30,1990-06-30,Q2,0.0,19000.0,24000.0,0.0,0.0,0.0,0.0,-23250.0,0.0,0.0,0.0,750.0,22750.0,0.0,22000.0,0.0,3750.0,25750.0,0.0,25750.0,0.0,0.0,0.0,0.0,3175374.0,3175374.0,,,1620593703,16:55:03,20210509
118,1990-03-31,IPC.AX,AUD,1990-03-31,1990-03-31,Q1,0.0,19000.0,24000.0,0.0,0.0,0.0,0.0,-23250.0,0.0,0.0,0.0,750.0,22750.0,0.0,22000.0,0.0,3750.0,25750.0,0.0,25750.0,0.0,0.0,0.0,0.0,3175374.0,3175374.0,,,1620593703,16:55:03,20210509
119,1990-01-31,IPC.AX,AUD,1990-01-31,1990-01-31,Q1,0.0,19000.0,24000.0,0.0,0.0,0.0,0.0,-23250.0,0.0,0.0,0.0,750.0,22750.0,0.0,22000.0,0.0,3750.0,25750.0,0.0,25750.0,0.0,0.0,0.0,0.0,3175374.0,3175374.0,,,1620593703,16:55:03,20210509
120,1989-09-30,IPC.AX,AUD,1989-09-30,1989-09-30,Q3,-48250.0,67250.0,-15750.0,0.32642487046632124,0.0,0.0,0.0,-31500.0,0.0,0.0,48250.0,1000.0,309000.0,-6.404145077720207,308000.0,-6.383419689119171,0.0,308000.0,-6.383419689119171,308000.0,0.0,0.0,0.0,0.0,3175374.0,3175374.0,,,1620593703,16:55:03,20210509
121,1989-06-30,IPC.AX,AUD,1989-06-30,1989-06-30,Q2,-48250.0,67250.0,-15750.0,0.32642487046632124,0.0,0.0,0.0,-31500.0,0.0,0.0,48250.0,1000.0,309000.0,-6.404145077720207,308000.0,-6.383419689119171,0.0,308000.0,-6.383419689119171,308000.0,0.0,0.0,0.0,0.0,3175374.0,3175374.0,,,1620593703,16:55:03,20210509
122,1989-03-31,IPC.AX,AUD,1989-03-31,1989-03-31,Q1,-48250.0,67250.0,-15750.0,0.32642487046632124,0.0,0.0,0.0,-31500.0,0.0,0.0,48250.0,1000.0,309000.0,-6.404145077720207,308000.0,-6.383419689119171,0.0,308000.0,-6.383419689119171,308000.0,0.0,0.0,0.0,0.0,3175374.0,3175374.0,,,1620593703,16:55:03,20210509
123,1989-01-31,IPC.AX,AUD,1989-01-31,1989-01-31,Q1,-48250.0,67250.0,-15750.0,0.32642487046632124,0.0,0.0,0.0,-31500.0,0.0,0.0,48250.0,1000.0,309000.0,-6.404145077720207,308000.0,-6.383419689119171,0.0,308000.0,-6.383419689119171,308000.0,0.0,0.0,0.0,0.0,3175374.0,3175374.0,,,1620593703,16:55:03,20210509
