,date,symbol,reportedCurrency,fillingDate,acceptedDate,period,revenue,costOfRevenue,grossProfit,grossProfitRatio,researchAndDevelopmentExpenses,generalAndAdministrativeExpenses,sellingAndMarketingExpenses,otherExpenses,operatingExpenses,costAndExpenses,interestExpense,depreciationAndAmortization,ebitda,ebitdaratio,operatingIncome,operatingIncomeRatio,totalOtherIncomeExpensesNet,incomeBeforeTax,incomeBeforeTaxRatio,incomeTaxExpense,netIncome,netIncomeRatio,eps,epsdiluted,weightedAverageShsOut,weightedAverageShsOutDil,link,finalLink,timestamp,est_time,est_date
0,2020-12-31,SANDESH.NS,INR,2020-12-31,2020-12-31,Q4,785530000,263683000,521847000,0.6643247234351329,0.0,0.0,0.0,229883000.0,314243000,577926000,1113000.0,17622000,225226000.0,0.28671852125316666,207604000,0.26428525963362315,0.0,502039000,0.6391086272962204,94673000.0,407366000,0.5185874505111199,53.82,53.82,7569045.0,7569045.0,https://www.nseindia.com/companies-listing/corporate-filings-annual-reports,https://www.nseindia.com/companies-listing/corporate-filings-annual-reports,1620597566,17:59:26,20210509
1,2020-09-30,SANDESH.NS,INR,2020-09-30,2020-09-30,Q3,599659000,166865000,432794000,0.7217335185497091,0.0,0.0,0.0,80998000.0,224978000,391843000,1879000.0,17408000,225224000.0,0.3755867918266882,207816000,0.34655695987219404,0.0,318430000,0.5310184621593272,66275000.0,252155000,0.4204973159745789,33.31,33.31,7569949.0,7569949.0,https://www.nseindia.com/companies-listing/corporate-filings-annual-reports,https://www.nseindia.com/companies-listing/corporate-filings-annual-reports,1620597566,17:59:26,20210509
2,2020-06-30,SANDESH.NS,INR,2020-06-30,2020-06-30,Q2,429061000,127857000,301204000,0.7020074068722163,0.0,0.0,0.0,161592000.0,265755000,393612000,848000.0,17093000,52542000.0,0.12245811201670626,35449000,0.08261995380610217,0.0,245228000,0.5715457708810635,50929000.0,194299000,0.45284703107483554,25.67,25.67,7569108.0,7569108.0,https://www.nseindia.com/companies-listing/corporate-filings-annual-reports,https://www.nseindia.com/companies-listing/corporate-filings-annual-reports,1620597566,17:59:26,20210509
3,2019-12-31,SANDESH.NS,INR,2019-12-31,2019-12-31,Q4,854018000,315302000,538716000,0.6308016927043693,0.0,0.0,0.0,54618000.0,399685000,714987000,1401000.0,19104000,158135000.0,0.18516588643330703,139031000,0.1627963345034882,0.0,208501000,0.2441412241896541,47985000.0,160516000,0.18795388387598388,21.21,21.21,7567940.0,7567940.0,https://www.nseindia.com/companies-listing/corporate-filings-annual-reports,https://www.nseindia.com/companies-listing/corporate-filings-annual-reports,1620597566,17:59:26,20210509
4,2019-09-30,SANDESH.NS,INR,2019-09-30,2019-09-30,Q3,844992000,338029000,506963000,0.5999618931303492,0.0,0.0,0.0,51672000.0,374052000,712081000,976000.0,19984000,152895000.0,0.18094254146784822,132911000,0.15729261342119216,0.0,184767000,0.21866124176323562,4575000.0,180192000,0.21324698932060895,23.81,23.81,7567913.0,7567913.0,https://www.nseindia.com/companies-listing/corporate-filings-annual-reports,https://www.nseindia.com/companies-listing/corporate-filings-annual-reports,1620597566,17:59:26,20210509
5,2019-06-30,SANDESH.NS,INR,2019-06-30,2019-06-30,Q2,904443000,377737000,526706000,0.5823540013024591,0.0,0.0,0.0,38037000.0,366046000,743783000,974000.0,20914000,181574000.0,0.20075781447808208,160660000,0.177634190324874,0.0,202808000,0.22423524755014965,66720000.0,136088000,0.15046608796795374,17.98,17.98,7568854.0,7568854.0,https://www.nseindia.com/companies-listing/corporate-filings-annual-reports,https://www.nseindia.com/companies-listing/corporate-filings-annual-reports,1620597566,17:59:26,20210509
6,2019-03-31,SANDESH.NS,INR,2019-03-31,2019-03-31,Q1,788249000,566044000,222205000,0.28189696403040154,0.0,0.0,0.0,-49410000.0,46326000,818184000,910000.0,22874000,-7061000.0,-0.008957829315355935,-29935000,-0.037976578466956505,0.0,338385000,0.4292869385181586,125058000.0,213327000,0.27063402554269017,28.180771098986266,28.180771098986266,7569949.0,7569949.0,https://www.nseindia.com/companies-listing/corporate-filings-annual-reports,https://www.nseindia.com/companies-listing/corporate-filings-annual-reports,1620597566,17:59:26,20210509
7,2018-12-31,SANDESH.NS,INR,2018-12-31,2018-12-31,Q4,981502000,409125000,572377000,0.5831643746013763,0.0,0.0,0.0,53883000.0,417085000,826210000,1150000.0,22372000,177664000.0,0.18101236676033264,155292000,0.1582187300688129,0.0,212938000,0.21695116260588362,68954000.0,143984000,0.1466976124348193,19.02,19.02,7570137.0,7570137.0,https://www.nseindia.com/companies-listing/corporate-filings-annual-reports,https://www.nseindia.com/companies-listing/corporate-filings-annual-reports,1620597566,17:59:26,20210509
8,2018-09-30,SANDESH.NS,INR,2018-09-30,2018-09-30,Q3,902595000,396663000,505932000,0.5605304704767919,0.0,0.0,0.0,38986000.0,376003000,772666000,1132000.0,22009000,151938000.0,0.1683346351353597,129929000,0.14395049828549902,0.0,171461000,0.18996449127238685,55881000.0,115580000,0.12805300273101447,15.27,15.27,7569090.0,7569090.0,https://www.nseindia.com/companies-listing/corporate-filings-annual-reports,https://www.nseindia.com/companies-listing/corporate-filings-annual-reports,1620597566,17:59:26,20210509
9,2018-06-30,SANDESH.NS,INR,2018-06-30,2018-06-30,Q2,1216223000,656878000,559345000,0.4599033236503503,0.0,0.0,0.0,35183000.0,325116000,981994000,944000.0,21295000,255524000.0,0.2100963392404189,234229000,0.19258721468020257,0.0,268596000,0.22084436817919081,94010000.0,174586000,0.14354768821178354,23.06,23.06,7570945.0,7570945.0,https://www.nseindia.com/companies-listing/corporate-filings-annual-reports,https://www.nseindia.com/companies-listing/corporate-filings-annual-reports,1620597566,17:59:26,20210509
10,2017-06-30,SANDESH.NS,INR,2017-06-30,2017-06-30,Q2,1015997000,314901000,701096000,0.6900571556805778,0.0,0.0,0.0,0.0,338795000,653696000,1031000.0,19170000,381471000.0,0.37546469133275,362301000,0.3565965253834411,0.0,364328000,0.3585916100145965,131211000.0,233117000,0.22944654364136902,30.84,30.8,7558917.0,7568734.0,https://www.nseindia.com/companies-listing/corporate-filings-annual-reports,https://www.nseindia.com/companies-listing/corporate-filings-annual-reports,1620597566,17:59:26,20210509
11,2017-03-31,SANDESH.NS,INR,2017-03-31,2017-03-31,Q1,850632000,308569000,542063000,0.6372473643126523,0.0,0.0,0.0,0.0,358212000,666781000,875000.0,20742000,204593000.0,0.2405188142463486,183851000,0.21613459169182442,0.0,239713000,0.28180576324427015,75663000.0,164050000,0.19285660544160108,21.67121601479746,21.67121601479746,7569949.0,7569949.0,https://www.nseindia.com/companies-listing/corporate-filings-annual-reports,https://www.nseindia.com/companies-listing/corporate-filings-annual-reports,1620597566,17:59:26,20210509
12,2016-12-31,SANDESH.NS,INR,2016-12-31,2016-12-31,Q4,904989000,310952000,594037000,0.6564024535104847,0.0,0.0,0.0,0.0,356048000,667000000,4276000.0,19460000,257449000.0,0.28447749088662955,237989000,0.2629744670929702,0.0,233621000,0.2581478890903646,81360000.0,152261000,0.1682462438769974,20.12,20.12,7567644.0,7567644.0,https://www.nseindia.com/companies-listing/corporate-filings-annual-reports,https://www.nseindia.com/companies-listing/corporate-filings-annual-reports,1620597566,17:59:26,20210509
13,2016-09-30,SANDESH.NS,INR,2016-09-30,2016-09-30,Q3,908788000,314359000,594429000,0.6540898427355994,0.0,0.0,0.0,0.0,302642000,617001000,1496000.0,18977000,310764000.0,0.3419543391858167,291787000,0.32107268141744827,0.0,294764000,0.324348472911174,123371000.0,171393000,0.18859513990061488,22.64,22.64,7570362.0,7570362.0,https://www.nseindia.com/companies-listing/corporate-filings-annual-reports,https://www.nseindia.com/companies-listing/corporate-filings-annual-reports,1620597566,17:59:26,20210509
14,2016-06-30,SANDESH.NS,INR,2016-06-30,2016-06-30,Q2,978183000,314837000,663346000,0.678141002246001,0.0,0.0,0.0,0.0,298508000,613345000,3469000.0,18252000,383090000.0,0.39163428520021304,364838000,0.3729751999370261,0.0,361542000,0.3696056872793741,121195000.0,240347000,0.24570760276962492,31.75,31.75,7569984.0,7569984.0,https://www.nseindia.com/companies-listing/corporate-filings-annual-reports,https://www.nseindia.com/companies-listing/corporate-filings-annual-reports,1620597566,17:59:26,20210509
15,2016-03-31,SANDESH.NS,INR,2016-03-31,2016-03-31,Q1,955499000,305917000,649582000,0.6798353530458954,0.0,0.0,0.0,0.0,371594000,677511000,-1251000.0,19926000,297914000.0,0.31178891866972125,277988000,0.29093489370475534,0.0,339143000,0.3549381004061752,117035000.0,222108000,0.23245236258750662,29.34075249384111,29.34075249384111,7569949.0,7569949.0,https://www.nseindia.com/companies-listing/corporate-filings-annual-reports,https://www.nseindia.com/companies-listing/corporate-filings-annual-reports,1620597566,17:59:26,20210509
16,2015-12-31,SANDESH.NS,INR,2015-12-31,2015-12-31,Q4,939628000,316371000,623257000,0.6633018598849758,0.0,0.0,0.0,0.0,322755000,639126000,11201000.0,19439000,319941000.0,0.34049751603826195,300502000,0.31980954164839703,0.0,289301000,0.30788886665786885,102164000.0,187137000,0.19916073169381926,24.72,24.72,7570267.0,7570267.0,https://www.nseindia.com/companies-listing/corporate-filings-annual-reports,https://www.nseindia.com/companies-listing/corporate-filings-annual-reports,1620597566,17:59:26,20210509
17,2015-09-30,SANDESH.NS,INR,2015-09-30,2015-09-30,Q3,904703000,322645000,582058000,0.643369149875705,0.0,0.0,0.0,0.0,281234000,603879000,1242000.0,19301000,320125000.0,0.35384540561930267,300824000,0.33251133244832837,0.0,299640000,0.3312026156650304,103741000.0,195899000,0.21653404487439523,25.88,25.88,7569513.0,7569513.0,https://www.nseindia.com/companies-listing/corporate-filings-annual-reports,https://www.nseindia.com/companies-listing/corporate-filings-annual-reports,1620597566,17:59:26,20210509
18,2015-06-30,SANDESH.NS,INR,2015-06-30,2015-06-30,Q2,924731000,309265000,615466000,0.665562201332063,0.0,0.0,0.0,0.0,299617000,608882000,4302000.0,18445000,334294000.0,0.3615040482042886,315849000,0.34155770705210486,0.0,311547000,0.33690554334179346,108067000.0,203480000,0.22004236907814273,26.88,26.88,7569940.0,7569940.0,https://www.nseindia.com/companies-listing/corporate-filings-annual-reports,https://www.nseindia.com/companies-listing/corporate-filings-annual-reports,1620597566,17:59:26,20210509
19,2015-03-31,SANDESH.NS,INR,2015-03-31,2015-03-31,Q1,862005000,322633000,539372000,0.6257179482717617,0.0,0.0,0.0,0.0,277273000,599906000,0.0,19837000,281936000.0,0.32707002859612183,262099000,0.30405740105915857,0.0,265708000,0.30824415171605735,91487000.0,174221000,0.20211135666266436,23.014818197586273,23.014818197586273,7569949.0,7569949.0,https://www.nseindia.com/companies-listing/corporate-filings-annual-reports,https://www.nseindia.com/companies-listing/corporate-filings-annual-reports,1620597566,17:59:26,20210509
20,2014-12-31,SANDESH.NS,INR,2014-12-31,2014-12-31,Q4,897052000,346246000,550806000,0.6140179164641515,0.0,0.0,0.0,0.0,346609000,692855000,0.0,17997000,222194000.0,0.2476935562263949,204197000,0.2276311741125375,0.0,195831000,0.21830507038610916,62564000.0,133267000,0.14856106446449036,17.61,17.61,7567689.0,7567689.0,https://www.nseindia.com/companies-listing/corporate-filings-annual-reports,https://www.nseindia.com/companies-listing/corporate-filings-annual-reports,1620597566,17:59:26,20210509
21,2014-09-30,SANDESH.NS,INR,2014-09-30,2014-09-30,Q3,846914000,362824000,484090000,0.5715928653912912,0.0,0.0,0.0,0.0,262436000,625260000,0.0,18426000,240080000.0,0.28347624434122,221654000,0.2617196078940719,0.0,210309000,0.24832391482488186,74154000.0,136155000,0.16076602819176444,17.99,17.99,7568371.0,7568371.0,https://www.nseindia.com/companies-listing/corporate-filings-annual-reports,https://www.nseindia.com/companies-listing/corporate-filings-annual-reports,1620597566,17:59:26,20210509
22,2014-06-30,SANDESH.NS,INR,2014-06-30,2014-06-30,Q2,842687000,363995000,478692000,0.5680543309674885,0.0,0.0,0.0,0.0,264237000,628232000,0.0,16953000,231408000.0,0.2746072978460567,214455000,0.2544895079667777,0.0,193430000,0.2295395562053289,60119000.0,133311000,0.15819752767041617,17.61,17.61,7570187.0,7570187.0,https://www.nseindia.com/companies-listing/corporate-filings-annual-reports,https://www.nseindia.com/companies-listing/corporate-filings-annual-reports,1620597566,17:59:26,20210509
23,2014-03-31,SANDESH.NS,INR,2014-03-31,2014-03-31,Q1,781973000,356277000,425696000,0.5443870824184467,0.0,0.0,0.0,0.0,270138000,626415000,0.0,19392000,174950000.0,0.22372895227840348,155558000,0.19893014208930487,0.0,144372000,0.18462530036203295,45189000.0,99183000,0.12683686009619258,13.1022018774499,13.1022018774499,7569949.0,7569949.0,https://www.nseindia.com/companies-listing/corporate-filings-annual-reports,https://www.nseindia.com/companies-listing/corporate-filings-annual-reports,1620597566,17:59:26,20210509
24,2013-12-31,SANDESH.NS,INR,2013-12-31,2013-12-31,Q4,842559000,349885000,492674000,0.5847353123045389,0.0,0.0,0.0,0.0,292299000,642184000,0.0,19629000,220004000.0,0.2611140584813645,200375000,0.23781717363413127,0.0,185244000,0.2198587873371479,61824000.0,123420000,0.14648232349307289,16.31,16.31,7569421.0,7569421.0,https://www.nseindia.com/companies-listing/corporate-filings-annual-reports,https://www.nseindia.com/companies-listing/corporate-filings-annual-reports,1620597566,17:59:26,20210509
25,2013-09-30,SANDESH.NS,INR,2013-09-30,2013-09-30,Q3,743694000,368038000,375656000,0.5051217301739694,0.0,0.0,0.0,0.0,207928000,575966000,0.0,19783000,187511000.0,0.2521346145054283,167728000,0.2255336200103806,0.0,151213000,0.20332690595863354,48560000.0,102653000,0.1380312332760517,13.56,13.56,7569421.0,7569421.0,https://www.nseindia.com/companies-listing/corporate-filings-annual-reports,https://www.nseindia.com/companies-listing/corporate-filings-annual-reports,1620597566,17:59:26,20210509
26,2013-06-30,SANDESH.NS,INR,2013-06-30,2013-06-30,Q2,723987000,334124000,389863000,0.5384944757295366,0.0,0.0,0.0,0.0,171279000,505403000,0.0,19584000,238168000.0,0.3289672328370537,218584000,0.30191702337196663,0.0,201357000,0.2781223972253645,68541000.0,132816000,0.18345080781837242,17.55,17.55,7567863.0,7567863.0,https://www.nseindia.com/companies-listing/corporate-filings-annual-reports,https://www.nseindia.com/companies-listing/corporate-filings-annual-reports,1620597566,17:59:26,20210509
27,2013-03-31,SANDESH.NS,INR,2013-03-31,2013-03-31,Q1,1031481000,158464000,873017000,0.8463723519870943,0.0,0.0,0.0,-40956000.0,713969000,872433000,12817000.0,20077000,179125000.0,0.17365807028922492,159048000,0.1541938242197384,0.0,171058000,0.16583727669244513,39960000.0,131098000,0.1270968636358789,17.31821442918572,17.31821442918572,7569949.0,7569949.0,https://www.nseindia.com/companies-listing/corporate-filings-annual-reports,https://www.nseindia.com/companies-listing/corporate-filings-annual-reports,1620597566,17:59:26,20210509
28,2012-12-31,SANDESH.NS,INR,2012-12-31,2012-12-31,Q4,748626000,347959000,400667000,0.5352031588536866,0.0,0.0,0.0,9557000.0,228529000,576488000,9557000.0,20386000,192524000.0,0.2571698017434607,172138000,0.22993858081338345,0.0,162568000,0.21715516158936504,81569000.0,80999000,0.10819688335697665,9.5,9.5,8529421.0,8529421.0,https://www.nseindia.com/companies-listing/corporate-filings-annual-reports,https://www.nseindia.com/companies-listing/corporate-filings-annual-reports,1620597566,17:59:26,20210509
29,2012-09-30,SANDESH.NS,INR,2012-09-30,2012-09-30,Q3,739698000,329731000,409967000,0.5542356475210153,0.0,0.0,0.0,12261000.0,195097000,524828000,12261000.0,21696000,236566000.0,0.31981430259376126,214870000,0.2904834135011856,0.0,202015000,0.2731046994854657,62214000.0,139801000,0.18899740164229187,16.39,16.39,8529421.0,8529421.0,https://www.nseindia.com/companies-listing/corporate-filings-annual-reports,https://www.nseindia.com/companies-listing/corporate-filings-annual-reports,1620597566,17:59:26,20210509
30,2012-06-30,SANDESH.NS,INR,2012-06-30,2012-06-30,Q2,622089000,379002000,243087000,0.3907592000501536,0.0,0.0,0.0,19144000.0,48775000,427777000,19144000.0,19262000,213574000.0,0.3433174352865908,194312000,0.312354020083943,0.0,270140000,0.4342465467159844,45790000.0,224350000,0.3606397155390949,26.3,26.3,8529421.0,8529421.0,https://www.nseindia.com/companies-listing/corporate-filings-annual-reports,https://www.nseindia.com/companies-listing/corporate-filings-annual-reports,1620597566,17:59:26,20210509
