,date,symbol,reportedCurrency,fillingDate,acceptedDate,period,revenue,costOfRevenue,grossProfit,grossProfitRatio,researchAndDevelopmentExpenses,generalAndAdministrativeExpenses,sellingAndMarketingExpenses,otherExpenses,operatingExpenses,costAndExpenses,interestExpense,depreciationAndAmortization,ebitda,ebitdaratio,operatingIncome,operatingIncomeRatio,totalOtherIncomeExpensesNet,incomeBeforeTax,incomeBeforeTaxRatio,incomeTaxExpense,netIncome,netIncomeRatio,eps,epsdiluted,weightedAverageShsOut,weightedAverageShsOutDil,link,finalLink,timestamp,est_time,est_date
0,2020-12-31,PLPC,USD,2021-03-05,2021-03-05 16:23:45,Q4,118505000,81882000,36623000,0.3090418125817476,4675000.0,16432000.0,9409000.0,-3483000.0,28547000.0,110429000,464000.0,3758000.0,11834000.0,0.09986076536854985,8076000.0,0.06814902324796422,-3483000.0,4162000.0,0.03512088097548627,1504000.0,2670000.0,0.022530694907387874,0.5430140329469189,0.5430140329469189,4917000.0,4917000.0,https://www.sec.gov/Archives/edgar/data/80035/000156459021011273/0001564590-21-011273-index.htm,https://www.sec.gov/Archives/edgar/data/80035/000156459021011273/plpc-10k_20201231.htm,1620596625,17:43:45,20210509
1,2020-09-30,PLPC,USD,2020-10-30,2020-10-30 11:29:40,Q3,127463000,82549000,44914000,0.3523689227462087,4541000.0,14037000.0,8884000.0,998000.0,28024000.0,110573000,504000.0,3419000.0,20309000.0,0.1593325121800052,16890000.0,0.13250904183959267,998000.0,17420000.0,0.1366671112401246,4458000.0,12954000.0,0.10162949248017071,2.63,2.59,4917000.0,5011000.0,https://www.sec.gov/Archives/edgar/data/80035/000156459020049177/0001564590-20-049177-index.htm,https://www.sec.gov/Archives/edgar/data/80035/000156459020049177/plpc-10q_20200930.htm,1620596625,17:43:45,20210509
2,2020-06-30,PLPC,USD,2020-08-06,2020-08-06 11:10:09,Q2,117629000,78063000,39566000,0.3363626316639604,4113000.0,12432000.0,8439000.0,-57000.0,24984000.0,103047000,719000.0,3304000.0,17886000.0,0.15205434034124238,14582000.0,0.12396602878541856,-57000.0,13885000.0,0.11804061923505257,3397000.0,10481000.0,0.08910217718419777,2.1105517519130084,2.1075809370601246,4966000.0,4973000.0,https://www.sec.gov/Archives/edgar/data/80035/000156459020037398/0001564590-20-037398-index.htm,https://www.sec.gov/Archives/edgar/data/80035/000156459020037398/plpc-10q_20200630.htm,1620596625,17:43:45,20210509
3,2020-03-31,PLPC,USD,2020-05-01,2020-05-01 15:08:08,Q1,102852000,69942000,32910000,0.3199743320499358,4296000.0,13434000.0,8905000.0,-573000.0,26635000.0,96577000,709000.0,3357000.0,9632000.0,0.09364912690078948,6275000.0,0.06100999494419165,-573000.0,5104000.0,0.04962470345739509,1451000.0,3698000.0,0.03595457550655311,0.7384185303514377,0.7370938808052621,5008000.0,5017000.0,https://www.sec.gov/Archives/edgar/data/80035/000156459020020469/0001564590-20-020469-index.htm,https://www.sec.gov/Archives/edgar/data/80035/000156459020009196/plpc-10k_20191231.htm,1620596625,17:43:45,20210509
4,2019-12-31,PLPC,USD,2020-03-06,2020-03-06 17:25:37,Q4,113649000,77468000,36181000,0.3183573986572693,4378000.0,13320000.0,9741000.0,-960000.0,27439000.0,104907000,529000.0,3904000.0,12646000.0,0.11127242650617251,8742000.0,0.07692104637964259,-960000.0,7423000.0,0.06531513695677041,1766000.0,5678000.0,0.049960844354107824,1.12,1.09,5005000.0,5147000.0,https://www.sec.gov/Archives/edgar/data/80035/000156459020009196/0001564590-20-009196-index.htm,https://www.sec.gov/Archives/edgar/data/80035/000156459020009196/plpc-10k_20191231.htm,1620596625,17:43:45,20210509
5,2019-09-30,PLPC,USD,2019-11-01,2019-11-01 13:04:58,Q3,119217000,79874000,39343000,0.33001165941099003,4240000.0,13275000.0,9410000.0,-637000.0,26925000.0,106799000,735000.0,3305000.0,15723000.0,0.13188555323485746,12418000.0,0.10416299688802771,-637000.0,11257000.0,0.09442445288843034,3213000.0,7951000.0,0.06669350847614015,1.58,1.55,5024000.0,5119000.0,https://www.sec.gov/Archives/edgar/data/80035/000156459019039355/0001564590-19-039355-index.htm,https://www.sec.gov/Archives/edgar/data/80035/000156459019039355/plpc-10q_20190930.htm,1620596625,17:43:45,20210509
6,2019-06-30,PLPC,USD,2019-08-02,2019-08-02 16:27:29,Q2,114842000,77035000,37807000,0.32920882603925394,4428000.0,12893000.0,9046000.0,-228000.0,26367000.0,103402000,585000.0,3399000.0,14839000.0,0.1292123090855262,11440000.0,0.0996151233869142,-228000.0,10850000.0,0.09447763013531635,2984000.0,7904000.0,0.06882499434004981,1.57,1.56,5049000.0,5058000.0,https://www.sec.gov/Archives/edgar/data/80035/000156459019028398/0001564590-19-028398-index.htm,https://www.sec.gov/Archives/edgar/data/80035/000156459019028398/plpc-10q_20190630.htm,1620596625,17:43:45,20210509
7,2019-03-31,PLPC,USD,2019-05-03,2019-05-03 14:57:02,Q1,97153000,69888000,27265000,0.2806398155486707,4140000.0,12318000.0,8413000.0,-277000.0,24871000.0,94759000,368000.0,3140000.0,5534000.0,0.056961699587248976,2394000.0,0.024641544779883277,-277000.0,1928000.0,0.01984498677343983,104000.0,1824000.0,0.018774510308482498,0.3615460852329039,0.3609022556390977,5045000.0,5054000.0,https://www.sec.gov/Archives/edgar/data/80035/000156459019015652/0001564590-19-015652-index.htm,https://www.sec.gov/Archives/edgar/data/80035/000156459019007041/plpc-10k_20181231.htm,1620596625,17:43:45,20210509
8,2018-12-31,PLPC,USD,2019-03-08,2019-03-08 17:29:25,Q4,105411000,73392000,32019000,0.30375387767880013,4094000.0,11539000.0,9061000.0,707000.0,24694000.0,98086000,298000.0,3149000.0,10474000.0,0.09936344404284182,7325000.0,0.06948990143343674,707000.0,7880000.0,0.07475500659323979,2617000.0,5263000.0,0.04992837559647475,1.05,1.02,5012000.0,5173000.0,https://www.sec.gov/Archives/edgar/data/80035/000156459019007041/0001564590-19-007041-index.htm,https://www.sec.gov/Archives/edgar/data/80035/000156459019007041/plpc-10k_20181231.htm,1620596625,17:43:45,20210509
9,2018-09-30,PLPC,USD,2018-11-08,2018-11-08 12:46:43,Q3,108413000,74922000,33491000,0.3089205169121784,3706000.0,11655000.0,8965000.0,-1056000.0,24326000.0,99248000,364000.0,2771000.0,11936000.0,0.11009749753258373,9165000.0,0.08453783217879775,-1056000.0,7856000.0,0.07246363443498473,-1198000.0,9054000.0,0.08351396972687777,1.8,1.76,5025000.0,5138000.0,https://www.sec.gov/Archives/edgar/data/80035/000156459018028397/0001564590-18-028397-index.htm,https://www.sec.gov/Archives/edgar/data/80035/000156459018028397/plpc-10q_20180930.htm,1620596625,17:43:45,20210509
10,2018-06-30,PLPC,USD,2018-08-03,2018-08-03 13:45:01,Q2,108915000,73712000,35203000,0.32321535142083274,3646000.0,11288000.0,9471000.0,-1360000.0,24405000.0,98117000,348000.0,3259000.0,14057000.0,0.12906394895101686,10798000.0,0.09914153238764174,-1360000.0,9224000.0,0.08468989579029518,2489000.0,6735000.0,0.06183721250516458,1.34,1.33,5044000.0,5064000.0,https://www.sec.gov/Archives/edgar/data/80035/000156459018019103/0001564590-18-019103-index.htm,https://www.sec.gov/Archives/edgar/data/80035/000156459018019103/plpc-10q_20180630.htm,1620596625,17:43:45,20210509
11,2018-03-31,PLPC,USD,2018-05-04,2018-05-04 13:09:39,Q1,98139000,66621000,31518000,0.3211567266835815,3661000.0,10916000.0,8861000.0,-266000.0,23438000.0,90059000,280000.0,3265000.0,11345000.0,0.11560134095517582,8080000.0,0.08233220228451482,-266000.0,7629000.0,0.07773667960749549,2101000.0,5528000.0,0.05632826908772252,1.1,1.09,5046000.0,5064000.0,https://www.sec.gov/Archives/edgar/data/80035/000156459018010925/0001564590-18-010925-index.htm,https://www.sec.gov/Archives/edgar/data/80035/000156459018005116/plpc-10k_20171231.htm,1620596625,17:43:45,20210509
12,2017-12-31,PLPC,USD,2018-03-09,2018-03-09 16:10:03,Q4,96892000,66138000,30754000,0.31740494571275235,3506000.0,11017000.0,8181000.0,-234000.0,22704000.0,88842000,230000.0,3682000.0,11732000.0,0.12108326796845972,8050000.0,0.08308219460843,-234000.0,7691000.0,0.07937703835197953,6989000.0,702000.0,0.007245180200635759,0.13846153846153847,0.13512993262752646,5070000.0,5195000.0,https://www.sec.gov/Archives/edgar/data/80035/000156459018005116/0001564590-18-005116-index.htm,https://www.sec.gov/Archives/edgar/data/80035/000156459018005116/plpc-10k_20171231.htm,1620596625,17:43:45,20210509
13,2017-09-30,PLPC,USD,2017-11-03,2017-11-03 12:12:55,Q3,99239000,65704000,33535000,0.33792158324852123,3520000.0,11042000.0,8957000.0,-84000.0,23519000.0,89223000,255000.0,3235000.0,13251000.0,0.13352613387881782,10016000.0,0.10092806255605155,-84000.0,9739000.0,0.09813682120940356,3461000.0,6278000.0,0.06326141940164653,1.2300156739811912,1.226171875,5104000.0,5120000.0,https://www.sec.gov/Archives/edgar/data/80035/000156459017021427/0001564590-17-021427-index.htm,https://www.sec.gov/Archives/edgar/data/80035/000156459017021427/plpc-10q_20170930.htm,1620596625,17:43:45,20210509
14,2017-06-30,PLPC,USD,2017-08-04,2017-08-04 10:42:02,Q2,97512000,67839000,29673000,0.3043010091065715,3612000.0,10772000.0,8626000.0,-288000.0,23010000.0,90849000,277000.0,2901000.0,9564000.0,0.09808023627861186,6663000.0,0.06833005168594634,-288000.0,6258000.0,0.06417671671178932,2102000.0,4156000.0,0.04262039543851013,0.8123534010946052,0.8106104934659645,5116000.0,5127000.0,https://www.sec.gov/Archives/edgar/data/80035/000156459017015541/0001564590-17-015541-index.htm,https://www.sec.gov/Archives/edgar/data/80035/000156459017015541/plpc-10q_20170630.htm,1620596625,17:43:45,20210509
15,2017-03-31,PLPC,USD,2017-05-05,2017-05-05 11:41:15,Q1,84569000,59904000,24665000,0.29165533469711125,3690000.0,10329000.0,8284000.0,-49000.0,22303000.0,82207000,299000.0,2972000.0,5334000.0,0.06307275715687781,2362000.0,0.027929856093840532,-49000.0,2118000.0,0.025044638106161834,600000.0,1518000.0,0.017949839775804374,0.2966002344665885,0.295906432748538,5118000.0,5130000.0,https://www.sec.gov/Archives/edgar/data/80035/000156459017008991/0001564590-17-008991-index.htm,https://www.sec.gov/Archives/edgar/data/80035/000156459017003953/plpc-10k_20161231.htm,1620596625,17:43:45,20210509
16,2016-12-31,PLPC,USD,2017-03-10,2017-03-10 14:39:24,Q4,86432000,56968000,29464000,0.34089226212513885,3247000.0,10429000.0,7963000.0,-664000.0,21639000.0,78607000,256000.0,3394000.0,11219000.0,0.12980146242132543,7825000.0,0.0905335986671603,-664000.0,6990000.0,0.08087282487967419,1889000.0,5101000.0,0.05901749352091818,1.0,0.99,5120000.0,5134000.0,https://www.sec.gov/Archives/edgar/data/80035/000156459017003953/0001564590-17-003953-index.htm,https://www.sec.gov/Archives/edgar/data/80035/000156459017003953/plpc-10k_20161231.htm,1620596625,17:43:45,20210509
17,2016-09-30,PLPC,USD,2016-11-04,2016-11-04 14:41:35,Q3,88299000,59444000,28855000,0.32678739283570596,3433000.0,10579000.0,8022000.0,-86000.0,22034000.0,81478000,264000.0,3000000.0,9821000.0,0.111224362676814,6821000.0,0.07724889296594525,-86000.0,6534000.0,0.07399857303027214,1792000.0,4742000.0,0.053703892456313206,0.9214924212980956,0.9173921454826852,5146000.0,5169000.0,https://www.sec.gov/Archives/edgar/data/80035/000119312516760021/0001193125-16-760021-index.htm,https://www.sec.gov/Archives/edgar/data/80035/000119312516760021/d249917d10q.htm,1620596625,17:43:45,20210509
18,2016-06-30,PLPC,USD,2016-08-05,2016-08-05 12:48:32,Q2,83220000,56414000,26806000,0.3221100696947849,3609000.0,10962000.0,8183000.0,-181000.0,22754000.0,79168000,166000.0,2892000.0,6944000.0,0.08344148041336218,4052000.0,0.048690218697428504,-181000.0,3773000.0,0.04533765921653449,1018000.0,2755000.0,0.033105022831050226,0.5312379483224065,0.5289938556067588,5186000.0,5208000.0,https://www.sec.gov/Archives/edgar/data/80035/000119312516673090/0001193125-16-673090-index.htm,https://www.sec.gov/Archives/edgar/data/80035/000119312516673090/d218850d10q.htm,1620596625,17:43:45,20210509
19,2016-03-31,PLPC,USD,2016-05-06,2016-05-06 14:34:05,Q1,78682000,54393000,24289000,0.30869830456775377,3738000.0,10086000.0,7631000.0,905000.0,21455000.0,75848000,158000.0,2710000.0,5544000.0,0.07046084237818052,2834000.0,0.03601840319259805,905000.0,3656000.0,0.04646551943265296,998000.0,2658000.0,0.033781551053608194,0.5100748416810593,0.5083189902467011,5211000.0,5229000.0,https://www.sec.gov/Archives/edgar/data/80035/000119312516581741/0001193125-16-581741-index.htm,https://www.sec.gov/Archives/edgar/data/80035/000119312516501390/d45086d10k.htm,1620596625,17:43:45,20210509
20,2015-12-31,PLPC,USD,2016-03-11,2016-03-11 14:39:20,Q4,91961000,65872000,26089000,0.2836963495394787,3559000.0,9282000.0,7741000.0,-281000.0,20582000.0,86454000,142000.0,2438000.0,7945000.0,0.08639531975511358,5507000.0,0.059884081295331716,-281000.0,5158000.0,0.05608899424756147,2113000.0,3045000.0,0.033111862637422385,0.5791175351844808,0.5771417740712661,5258000.0,5276000.0,https://www.sec.gov/Archives/edgar/data/80035/000119312516501390/0001193125-16-501390-index.htm,https://www.sec.gov/Archives/edgar/data/80035/000119312516501390/d45086d10k.htm,1620596625,17:43:45,20210509
21,2015-09-30,PLPC,USD,2015-11-09,2015-11-09 15:55:10,Q3,89046000,62887000,26159000,0.2937695123868562,3745000.0,8010000.0,7893000.0,-4332000.0,19648000.0,82535000,141000.0,2898000.0,9409000.0,0.1056644880174292,6511000.0,0.07311951126384116,-4332000.0,2141000.0,0.024043752667160793,1935000.0,206000.0,0.002313411045976237,0.038461538461538464,0.0383469843633656,5356000.0,5372000.0,https://www.sec.gov/Archives/edgar/data/80035/000119312515371886/0001193125-15-371886-index.htm,https://www.sec.gov/Archives/edgar/data/80035/000119312515371886/d13095d10q.htm,1620596625,17:43:45,20210509
22,2015-06-30,PLPC,USD,2015-08-06,2015-08-06 10:49:56,Q2,87869000,61425000,26444000,0.30094800213954864,3864000.0,9391000.0,7752000.0,-934000.0,21007000.0,82432000,149000.0,2946000.0,8383000.0,0.09540338458386917,5437000.0,0.061876202073541296,-934000.0,4466000.0,0.05082566092706187,786000.0,3680000.0,0.04188052669314548,0.6824925816023739,0.6823660300389394,5392000.0,5393000.0,https://www.sec.gov/Archives/edgar/data/80035/000119312515280244/0001193125-15-280244-index.htm,https://www.sec.gov/Archives/edgar/data/80035/000119312515280244/d948898d10q.htm,1620596625,17:43:45,20210509
23,2015-03-31,PLPC,USD,2015-05-05,2015-05-05 08:40:57,Q1,85790000,61030000,24760000,0.2886117263084276,3721000.0,10186000.0,7207000.0,-3674000.0,21114000.0,82144000,133000.0,3250000.0,6896000.0,0.08038232894276723,3646000.0,0.042499125772234525,-3674000.0,-59000.0,-0.0006877258421727474,197000.0,-256000.0,-0.0029840307728173448,-0.05,-0.05,5396000.0,5396000.0,https://www.sec.gov/Archives/edgar/data/80035/000119312515170460/0001193125-15-170460-index.htm,https://www.sec.gov/Archives/edgar/data/80035/000119312515088960/d837817d10k.htm,1620596625,17:43:45,20210509
24,2014-12-31,PLPC,USD,2015-03-12,2015-03-12 14:09:11,Q4,96179000,66331000,29848000,0.3103380155751255,3945000.0,10416000.0,8645000.0,-2453000.0,23006000.0,89337000,154000.0,3273000.0,10115000.0,0.10516848792355919,6842000.0,0.07113819024943074,-2453000.0,4373000.0,0.04546730575281507,1885000.0,2488000.0,0.025868432817974817,0.4646992902502802,0.46409252005222906,5354000.0,5361000.0,https://www.sec.gov/Archives/edgar/data/80035/000119312515088960/0001193125-15-088960-index.htm,https://www.sec.gov/Archives/edgar/data/80035/000119312515088960/d837817d10k.htm,1620596625,17:43:45,20210509
25,2014-09-30,PLPC,USD,2014-11-07,2014-11-07 10:24:59,Q3,102100000,69645000,32455000,0.31787463271302646,4399000.0,10153000.0,9444000.0,-3162000.0,23996000.0,93641000,141000.0,3288000.0,11747000.0,0.11505386875612145,8459000.0,0.08285014691478942,-3162000.0,5294000.0,0.0518511263467189,2739000.0,2555000.0,0.025024485798237024,0.47561429635145197,0.4752604166666667,5372000.0,5376000.0,https://www.sec.gov/Archives/edgar/data/80035/000119312514402476/0001193125-14-402476-index.htm,https://www.sec.gov/Archives/edgar/data/80035/000119312514402476/d787643d10q.htm,1620596625,17:43:45,20210509
26,2014-06-30,PLPC,USD,2014-08-08,2014-08-08 11:11:59,Q2,99981000,68784000,31197000,0.3120292855642572,4183000.0,10836000.0,9061000.0,593000.0,24080000.0,92864000,202000.0,3218000.0,10335000.0,0.10336964023164401,7117000.0,0.07118352486972525,593000.0,7606000.0,0.0760744541462878,2526000.0,5080000.0,0.0508096538342285,0.9426609760623492,0.941961802336362,5389000.0,5393000.0,https://www.sec.gov/Archives/edgar/data/80035/000119312514302226/0001193125-14-302226-index.htm,https://www.sec.gov/Archives/edgar/data/80035/000119312514302226/d752499d10q.htm,1620596625,17:43:45,20210509
27,2014-03-31,PLPC,USD,2014-05-02,2014-05-02 13:36:51,Q1,89925000,62477000,27448000,0.3052321378926883,3775000.0,11158000.0,8505000.0,179000.0,23438000.0,85915000,161000.0,3078000.0,7088000.0,0.07882123992215735,4010000.0,0.04459271615234918,179000.0,4137000.0,0.046005004170141785,1399000.0,2738000.0,0.03044759521823742,0.51,0.5,5392000.0,5431000.0,https://www.sec.gov/Archives/edgar/data/80035/000119312514179647/0001193125-14-179647-index.htm,https://www.sec.gov/Archives/edgar/data/80035/000119312514099760/d630448d10k.htm,1620596625,17:43:45,20210509
28,2013-12-31,PLPC,USD,2014-03-14,2014-03-14 15:08:23,Q4,98543000,68150000,30393000,0.3084237338014877,3653000.0,10564000.0,8478000.0,-1226000.0,22695000.0,90845000,121000.0,3101000.0,10799000.0,0.10958667789695868,7698000.0,0.07811818191043504,-2088000.0,5653000.0,0.05736581999736156,2521000.0,3132000.0,0.031783079467846524,0.5808605341246291,0.5808605341246291,5392000.0,5392000.0,https://www.sec.gov/Archives/edgar/data/80035/000119312514099760/0001193125-14-099760-index.htm,https://www.sec.gov/Archives/edgar/data/80035/000119312514099760/d630448d10k.htm,1620596625,17:43:45,20210509
29,2013-09-30,PLPC,USD,2013-11-07,2013-11-07 11:51:12,Q3,100828000,69168000,31660000,0.31400007934303964,3714000.0,10386000.0,8874000.0,-225000.0,22974000.0,92142000,121000.0,2903000.0,11589000.0,0.11493831078668623,8686000.0,0.08614670528027929,-225000.0,8544000.0,0.08473836632681397,2440000.0,6104000.0,0.06053873923910025,1.14,1.12,5361000.0,5449000.0,https://www.sec.gov/Archives/edgar/data/80035/000119312513432136/0001193125-13-432136-index.htm,https://www.sec.gov/Archives/edgar/data/80035/000119312513432136/d594072d10q.htm,1620596625,17:43:45,20210509
30,2013-06-30,PLPC,USD,2013-08-09,2013-08-09 09:46:13,Q2,111716000,74167000,37549000,0.33611121056965876,3571000.0,12127000.0,9291000.0,-1909000.0,24989000.0,99156000,105000.0,3123000.0,15683000.0,0.14038275627483976,12560000.0,0.11242794228221561,-1909000.0,10680000.0,0.09559955601704322,4294000.0,6386000.0,0.05716280568584625,1.19,1.17,5368000.0,5450000.0,https://www.sec.gov/Archives/edgar/data/80035/000119312513328295/0001193125-13-328295-index.htm,https://www.sec.gov/Archives/edgar/data/80035/000119312513328295/d546855d10q.htm,1620596625,17:43:45,20210509
31,2013-03-31,PLPC,USD,2013-05-03,2013-05-03 15:38:19,Q1,98689000,67390000,31299000,0.31714780775973006,3770000.0,11480000.0,9061000.0,-84000.0,24311000.0,91701000,103000.0,2961000.0,9949000.0,0.1008116406083758,6988000.0,0.0708082967706634,-84000.0,6917000.0,0.07008886502041768,1952000.0,4965000.0,0.05030955830943672,0.92,0.91,5377000.0,5457000.0,https://www.sec.gov/Archives/edgar/data/80035/000119312513199000/0001193125-13-199000-index.htm,https://www.sec.gov/Archives/edgar/data/80035/000119312513108944/d444233d10k.htm,1620596625,17:43:45,20210509
32,2012-12-31,PLPC,USD,2013-03-15,2013-03-15 09:16:34,Q4,104200000,71247000,32953000,0.3162476007677543,4152000.0,9278000.0,9347000.0,-927000.0,22777000.0,94024000,108000.0,3331000.0,13507000.0,0.12962571976967371,10176000.0,0.09765834932821497,-927000.0,9313000.0,0.08937619961612284,4040000.0,5273000.0,0.050604606525911706,0.99,0.98,5310000.0,5363000.0,https://www.sec.gov/Archives/edgar/data/80035/000119312513108944/0001193125-13-108944-index.htm,https://www.sec.gov/Archives/edgar/data/80035/000119312513108944/d444233d10k.htm,1620596625,17:43:45,20210509
33,2012-09-30,PLPC,USD,2012-11-08,2012-11-08 10:23:18,Q3,114206000,75699000,38507000,0.3371714270703816,3893000.0,12788000.0,9344000.0,0.0,26025000.0,101724000,144000.0,2810000.0,15292000.0,0.13389839412990562,12482000.0,0.10929373237833388,912000.0,13410000.0,0.11741940003152199,4126000.0,9284000.0,0.08129170096142059,1.75,1.71,5319000.0,5431000.0,https://www.sec.gov/Archives/edgar/data/80035/000119312512459375/0001193125-12-459375-index.htm,https://www.sec.gov/Archives/edgar/data/80035/000119312512459375/d398279d10q.htm,1620596625,17:43:45,20210509
34,2012-06-30,PLPC,USD,2012-08-09,2012-08-09 11:18:03,Q2,111940000,74974000,36966000,0.33023048061461496,3747000.0,12149000.0,9506000.0,0.0,25402000.0,100376000,149000.0,2739000.0,14303000.0,0.12777380739681973,11564000.0,0.10330534214757905,-1681000.0,9913000.0,0.08855636948365196,3317000.0,6596000.0,0.058924423798463466,1.24,1.21,5332000.0,5441000.0,https://www.sec.gov/Archives/edgar/data/80035/000119312512346205/0001193125-12-346205-index.htm,https://www.sec.gov/Archives/edgar/data/80035/000119312512346205/d334118d10q.htm,1620596625,17:43:45,20210509
35,2012-03-31,PLPC,USD,2012-05-08,2012-05-08 11:25:59,Q1,108846000,72834000,36012000,0.33085276445620415,3655000.0,12007000.0,8896000.0,0.0,24558000.0,97392000,196000.0,2684000.0,14138000.0,0.12988993624019257,11454000.0,0.10523124414310127,796000.0,12191000.0,0.11200227844845011,4058000.0,8133000.0,0.07472024695441265,1.52,1.5,5334000.0,5438000.0,https://www.sec.gov/Archives/edgar/data/80035/000119312512217322/0001193125-12-217322-index.htm,https://www.sec.gov/Archives/edgar/data/80035/000119312512114113/d283637d10k.htm,1620596625,17:43:45,20210509
36,2011-12-31,PLPC,USD,2012-03-14,2012-03-14 11:37:03,Q4,106096000,71904000,34192000,0.322274166792339,3544000.0,9357000.0,9032000.0,0.0,21933000.0,93837000,173000.0,2861000.0,15120000.0,0.14251244156235862,12259000.0,0.1155462976926557,228000.0,12467000.0,0.11750678630674107,3527000.0,8940000.0,0.08426330870155331,1.6760404949381327,1.6760404949381327,5334000.0,5334000.0,https://www.sec.gov/Archives/edgar/data/80035/000119312512114113/0001193125-12-114113-index.htm,https://www.sec.gov/Archives/edgar/data/80035/000119312512114113/d283637d10k.htm,1620596625,17:43:45,20210509
37,2011-09-30,PLPC,USD,2011-11-07,2011-11-07 14:27:02,Q3,108690000,71130000,37560000,0.3455699696384212,3239000.0,12297000.0,9485000.0,0.0,25021000.0,96151000,177000.0,2588000.0,15127000.0,0.13917563713313091,12539000.0,0.11536479896954642,-2265000.0,10228000.0,0.09410249332965315,3568000.0,6660000.0,0.061275186309688104,1.27,1.24,5253000.0,5381000.0,https://www.sec.gov/Archives/edgar/data/80035/000119312511299462/0001193125-11-299462-index.htm,https://www.sec.gov/Archives/edgar/data/80035/000119312511299462/d251300d10q.htm,1620596625,17:43:45,20210509
38,2011-06-30,PLPC,USD,2011-08-09,2011-08-09 10:31:04,Q2,114530000,77824000,36706000,0.320492447393696,3215000.0,11780000.0,9272000.0,0.0,24267000.0,102091000,266000.0,2555000.0,14994000.0,0.13091766349428097,12439000.0,0.1086090980529119,737000.0,13050000.0,0.11394394481795163,4520000.0,8386000.0,0.07322099013358946,1.59,1.55,5263000.0,5393000.0,https://www.sec.gov/Archives/edgar/data/80035/000095012311074775/0000950123-11-074775-index.htm,https://www.sec.gov/Archives/edgar/data/80035/000095012311074775/l42667e10vq.htm,1620596625,17:43:45,20210509
39,2011-03-31,PLPC,USD,2011-05-06,2011-05-06 12:16:51,Q1,95088000,62697000,32391000,0.34064235234729934,3362000.0,10962000.0,8036000.0,0.0,22360000.0,85057000,211000.0,2521000.0,12552000.0,0.1320040383644624,10031000.0,0.10549175500588928,278000.0,10249000.0,0.10778436816422682,3395000.0,6998000.0,0.07359498569745919,1.33,1.3,5272000.0,5400000.0,https://www.sec.gov/Archives/edgar/data/80035/000095012311046349/0000950123-11-046349-index.htm,https://www.sec.gov/Archives/edgar/data/80035/000095012311024606/c13813e10vk.htm,1620596625,17:43:45,20210509
40,2010-12-31,PLPC,USD,2011-03-11,2011-03-11 13:00:42,Q4,93318000,64253000,29065000,0.3114618830236396,3566000.0,10865000.0,8302000.0,0.0,23478000.0,87731000,191000.0,2911000.0,8498000.0,0.09106496067211042,5587000.0,0.059870550161812294,1902000.0,7411000.0,0.07941661844445873,1415000.0,6006000.0,0.06436057352279304,1.139226100151745,1.139226100151745,5272000.0,5272000.0,https://www.sec.gov/Archives/edgar/data/80035/000095012311024606/0000950123-11-024606-index.htm,https://www.sec.gov/Archives/edgar/data/80035/000095012311024606/c13813e10vk.htm,1620596625,17:43:45,20210509
41,2010-09-30,PLPC,USD,2010-11-05,2010-11-05 15:02:37,Q3,93942000,62271000,31671000,0.33713355048859933,2915000.0,9856000.0,7678000.0,0.0,18714000.0,80985000,162000.0,2441000.0,15398000.0,0.1639096463775521,12957000.0,0.13792552851759596,1005000.0,13884000.0,0.14779331928211023,4002000.0,9879000.0,0.10516063102765537,1.89,1.83,5238000.0,5390000.0,https://www.sec.gov/Archives/edgar/data/80035/000095012310101622/0000950123-10-101622-index.htm,https://www.sec.gov/Archives/edgar/data/80035/000095012310101622/c07802e10vq.htm,1620596625,17:43:45,20210509
42,2010-06-30,PLPC,USD,2010-08-05,2010-08-05 15:48:02,Q2,82137000,54682000,27455000,0.3342586167013648,2700000.0,9666000.0,7038000.0,0.0,20539000.0,75221000,126000.0,1985000.0,8901000.0,0.10836772709010556,6916000.0,0.08420078649086282,409000.0,7293000.0,0.0887906789875452,1197000.0,6096000.0,0.0742174659410497,1.16,1.13,5253000.0,5402000.0,https://www.sec.gov/Archives/edgar/data/80035/000095012310073308/0000950123-10-073308-index.htm,https://www.sec.gov/Archives/edgar/data/80035/000095012310073308/c04373e10vq.htm,1620596625,17:43:45,20210509
43,2010-03-31,PLPC,USD,2010-05-06,2010-05-05 20:55:10,Q1,68908000,48883000,20025000,0.2906048644569571,2859000.0,9478000.0,6502000.0,0.0,18694000.0,67577000,170000.0,2057000.0,3388000.0,0.04916700528240553,1331000.0,0.019315609218087886,351000.0,1595000.0,0.023146804434898704,561000.0,1132000.0,0.01642770070238579,0.22,0.21,5252000.0,5403000.0,https://www.sec.gov/Archives/edgar/data/80035/000095012310044804/0000950123-10-044804-index.htm,https://www.sec.gov/Archives/edgar/data/80035/000095012310024630/l39117e10vk.htm,1620596625,17:43:45,20210509
44,2009-12-31,PLPC,USD,2010-03-15,2010-03-15 15:13:30,Q4,69812000,48086000,21726000,0.3112072423079127,2585000.0,10961000.0,6062000.0,0.0,19364000.0,67450000,154000.0,2087000.0,4449000.0,0.06372829885979488,2362000.0,0.0338337248610554,9293000.0,11574000.0,0.16578811665616228,1259000.0,10731000.0,0.1537128287400447,2.043221629855293,2.043221629855293,5252000.0,5252000.0,https://www.sec.gov/Archives/edgar/data/80035/000095012310024630/0000950123-10-024630-index.htm,https://www.sec.gov/Archives/edgar/data/80035/000095012310024630/l39117e10vk.htm,1620596625,17:43:45,20210509
45,2009-09-30,PLPC,USD,2009-11-03,2009-11-03 09:27:06,Q3,69132000,44518000,24614000,0.35604351096453163,2411000.0,8609000.0,5750000.0,0.0,16433000.0,60951000,153000.0,1758000.0,9939000.0,0.14376844297864955,8181000.0,0.11833883006422496,326000.0,8449000.0,0.1222154718509518,2190000.0,6320000.0,0.09141931377654343,1.21,1.19,5235000.0,5316000.0,https://www.sec.gov/Archives/edgar/data/80035/000095012309056622/0000950123-09-056622-index.htm,https://www.sec.gov/Archives/edgar/data/80035/000095012309056622/c91759e10vq.htm,1620596625,17:43:45,20210509
46,2009-06-30,PLPC,USD,2009-08-07,2009-08-07 11:47:56,Q2,59568000,39718000,19850000,0.3332326081117378,2159000.0,7371000.0,5526000.0,0.0,14745000.0,54463000,107000.0,1700000.0,6805000.0,0.11423918882621542,5105000.0,0.0857003760408273,178000.0,5263000.0,0.08835280687617512,1721000.0,3584000.0,0.060166532366371206,0.69,0.68,5231000.0,5311000.0,https://www.sec.gov/Archives/edgar/data/80035/000095012309031822/0000950123-09-031822-index.htm,https://www.sec.gov/Archives/edgar/data/80035/000095012309031822/c88853e10vq.htm,1620596625,17:43:45,20210509
47,2009-03-31,PLPC,USD,2009-05-08,2009-05-08 15:11:15,Q1,58694000,40116000,18578000,0.316522983609909,2061000.0,7052000.0,5364000.0,0.0,14766000.0,54882000,109000.0,1704000.0,5516000.0,0.09397894162946809,3812000.0,0.064947013323338,479000.0,4307000.0,0.07338058404606944,1590000.0,2722000.0,0.04637612021671721,0.52,0.51,5225000.0,5305000.0,https://www.sec.gov/Archives/edgar/data/80035/000136231009006919/0001362310-09-006919-index.htm,https://www.sec.gov/Archives/edgar/data/80035/000095015209002598/l35789ae10vk.htm,1620596625,17:43:45,20210509
48,2008-12-31,PLPC,USD,2009-03-13,2009-03-13 13:12:32,Q4,60563000,41441000,19122000,0.31573733137394117,2325000.0,13372000.0,0.0,0.0,15697000.0,57138000,129000.0,2495000.0,5920000.0,0.09774945098492478,3425000.0,0.05655268067962287,274000.0,3761000.0,0.062100622492280766,1114000.0,2761000.0,0.045588890906989414,0.5284210526315789,0.5284210526315789,5225000.0,5225000.0,https://www.sec.gov/Archives/edgar/data/80035/000095015209002598/0000950152-09-002598-index.htm,https://www.sec.gov/Archives/edgar/data/80035/000095015209002598/l35789ae10vk.htm,1620596625,17:43:45,20210509
49,2008-09-30,PLPC,USD,2008-11-06,2008-11-06 11:42:58,Q3,73952000,48489000,25463000,0.34431793595845955,2218000.0,14087000.0,0.0,0.0,16305000.0,64794000,138000.0,2071000.0,11229000.0,0.15184173517957594,9158000.0,0.12383708351363046,176000.0,9421000.0,0.1273934443963652,2807000.0,6423000.0,0.08685363479013414,1.23,1.22,5218000.0,5269000.0,https://www.sec.gov/Archives/edgar/data/80035/000136231008006725/0001362310-08-006725-index.htm,https://www.sec.gov/Archives/edgar/data/80035/000136231008006725/c76734e10vq.htm,1620596625,17:43:45,20210509
50,2008-06-30,PLPC,USD,2008-08-08,2008-08-08 16:25:34,Q2,75362000,51685000,23677000,0.3141769061330644,2338000.0,14110000.0,0.0,0.0,16448000.0,68133000,138000.0,1832000.0,9061000.0,0.12023300867811364,7229000.0,0.09592367506170218,22000.0,7329000.0,0.09725060375255434,2382000.0,5489000.0,0.07283511584087471,1.04,1.03,5296000.0,5345000.0,https://www.sec.gov/Archives/edgar/data/80035/000136231008004370/0001362310-08-004370-index.htm,https://www.sec.gov/Archives/edgar/data/80035/000136231008004370/c74448e10vq.htm,1620596625,17:43:45,20210509
51,2008-03-31,PLPC,USD,2008-05-08,2008-04-04 18:45:18,Q1,64703000,44433000,20270000,0.3132775914563467,2234000.0,14027000.0,0.0,0.0,15843000.0,60276000,139000.0,2151000.0,6578000.0,0.10166452869264177,4427000.0,0.0684203205415514,416000.0,4509000.0,0.06968764972257856,1526000.0,2950000.0,0.04559294004914764,0.55,0.54,5382000.0,5431000.0,https://www.sec.gov/Archives/edgar/data/80035/000095015208003667/0000950152-08-003667-index.htm,https://www.sec.gov/Archives/edgar/data/80035/000095015208002587/l30499ae10vk.htm,1620596625,17:43:45,20210509
52,2007-12-31,PLPC,USD,2008-04-07,2008-04-04 18:45:18,Q4,68224000,48874000,19350000,0.28362453095684803,2276000.0,15693000.0,0.0,0.0,17830000.0,66704000,158000.0,2437000.0,3957000.0,0.05800011726078799,1520000.0,0.02227954971857411,-144000.0,1376000.0,0.020168855534709193,385000.0,961000.0,0.014085952157598499,0.1785581568190264,0.1785581568190264,5382000.0,5382000.0,https://www.sec.gov/Archives/edgar/data/80035/000095015208002587/0000950152-08-002587-index.htm,https://www.sec.gov/Archives/edgar/data/80035/000095015208002587/l30499ae10vk.htm,1620596625,17:43:45,20210509
53,2007-09-30,PLPC,USD,2008-01-04,2008-01-04 13:50:15,Q3,66099000,43316000,22783000,0.34467994977231126,2026000.0,12775000.0,0.0,0.0,14456000.0,57772000,140000.0,1896000.0,10223000.0,0.15466194647422804,8327000.0,0.12597770011649193,336000.0,8457000.0,0.12794444696591475,2769000.0,5664000.0,0.08568964734716107,1.05,1.04,5379000.0,5437000.0,https://www.sec.gov/Archives/edgar/data/80035/000095015208000056/0000950152-08-000056-index.htm,https://www.sec.gov/Archives/edgar/data/80035/000095015208000056/l28793be10vq.htm,1620596625,17:43:45,20210509
54,2007-06-30,PLPC,USD,2008-01-04,2008-01-04 13:45:32,Q2,63753000,42691000,21062000,0.3303687669599862,2058000.0,13271000.0,0.0,0.0,14568000.0,57259000,132000.0,1930000.0,8424000.0,0.13213495835490094,6494000.0,0.10186187316675294,754000.0,6624000.0,0.10390099289445202,2808000.0,3816000.0,0.05985600677615171,0.71,0.7,5369000.0,5421000.0,https://www.sec.gov/Archives/edgar/data/80035/000095015208000055/0000950152-08-000055-index.htm,https://www.sec.gov/Archives/edgar/data/80035/000095015208000055/l27337ae10vq.htm,1620596625,17:43:45,20210509
55,2007-03-31,PLPC,USD,2007-05-10,2007-05-10 10:56:20,Q1,56531000,37623000,18908000,0.33447135200155664,1946000.0,11965000.0,0.0,0.0,13530000.0,51153000,0.0,1816000.0,7194000.0,0.12725761086837312,5378000.0,0.09513364348764394,375000.0,5512000.0,0.09750402434062727,1794000.0,3718000.0,0.06576922396561179,0.6936567164179105,0.6877543470218276,5360000.0,5406000.0,https://www.sec.gov/Archives/edgar/data/80035/000095015207004248/0000950152-07-004248-index.htm,https://www.sec.gov/Archives/edgar/data/80035/000095015207002116/l24288ae10vk.htm,1620596625,17:43:45,20210509
56,2006-12-31,PLPC,USD,2007-03-15,2007-03-15 08:06:08,Q4,51765000,35639000,16126000,0.31152322998164783,1852000.0,12498000.0,0.0,0.0,13702000.0,49341000,165000.0,2376000.0,4800000.0,0.0927267458707621,2424000.0,0.04682700666473486,630000.0,2591000.0,0.05005312469815512,559000.0,2032000.0,0.039254322418622624,0.37910447761194027,0.37910447761194027,5360000.0,5360000.0,https://www.sec.gov/Archives/edgar/data/80035/000095015207002116/0000950152-07-002116-index.htm,https://www.sec.gov/Archives/edgar/data/80035/000095015207002116/l24288ae10vk.htm,1620596625,17:43:45,20210509
57,2006-09-30,PLPC,USD,2006-11-09,2006-11-09 11:17:44,Q3,56439000,37677000,18762000,0.33242970286504014,1928000.0,11170000.0,0.0,0.0,12947000.0,50624000,164000.0,1778000.0,7593000.0,0.134534630308829,5815000.0,0.1030315916299013,132000.0,6021000.0,0.1066815499920268,2022000.0,3999000.0,0.0708552596608728,0.71,0.7,5638000.0,5688000.0,https://www.sec.gov/Archives/edgar/data/80035/000095015206009092/0000950152-06-009092-index.htm,https://www.sec.gov/Archives/edgar/data/80035/000095015206009092/l22703ae10vq.htm,1620596625,17:43:45,20210509
58,2006-06-30,PLPC,USD,2006-08-09,2006-08-09 09:32:57,Q2,56098000,37652000,18446000,0.32881742664622626,2006000.0,11510000.0,0.0,0.0,13266000.0,50918000,133000.0,1715000.0,6895000.0,0.12290990766159221,5180000.0,0.09233840778637385,235000.0,5385000.0,0.09599272701344076,1840000.0,3545000.0,0.06319298370708404,0.62,0.61,5720000.0,5766000.0,https://www.sec.gov/Archives/edgar/data/80035/000095015206006727/0000950152-06-006727-index.htm,https://www.sec.gov/Archives/edgar/data/80035/000095015206006727/l21390ae10vq.htm,1620596625,17:43:45,20210509
59,2006-03-31,PLPC,USD,2006-05-10,2006-05-10 09:28:12,Q1,52635000,36164000,16471000,0.3129286596371236,1873000.0,11585000.0,0.0,0.0,13173000.0,49337000,102000.0,1669000.0,4967000.0,0.0943668661537,3298000.0,0.06265792723472974,266000.0,3579000.0,0.06799658022228555,1095000.0,2484000.0,0.04719293245939014,0.4334322107834584,0.42886740331491713,5731000.0,5792000.0,https://www.sec.gov/Archives/edgar/data/80035/000095015206004198/0000950152-06-004198-index.htm,https://www.sec.gov/Archives/edgar/data/80035/000095015206002120/l17979ae10vk.htm,1620596625,17:43:45,20210509
60,2005-12-31,PLPC,USD,2006-03-15,2006-03-15 15:58:38,Q4,46726000,32609000,14117000,0.3021230150237555,2065000.0,11588000.0,0.0,0.0,13319000.0,45928000,106000.0,2022000.0,2820000.0,0.06035183837692077,798000.0,0.017078286179000986,306000.0,1050000.0,0.022471429182896033,167000.0,883000.0,0.018897401874759235,0.15407433257721165,0.15407433257721165,5731000.0,5731000.0,https://www.sec.gov/Archives/edgar/data/80035/000095015206002120/0000950152-06-002120-index.htm,https://www.sec.gov/Archives/edgar/data/80035/000095015206002120/l17979ae10vk.htm,1620596625,17:43:45,20210509
61,2005-09-30,PLPC,USD,2005-11-14,2005-11-14 11:04:38,Q3,55614000,36355000,19259000,0.3462976948250441,1565000.0,11705000.0,0.0,0.0,12694000.0,49049000,0.0,1775000.0,8340000.0,0.14996223972381056,6565000.0,0.11804581580177653,549000.0,6708000.0,0.12061711079943899,2529000.0,4179000.0,0.07514294961700291,0.73,0.72,5724000.0,5793000.0,https://www.sec.gov/Archives/edgar/data/80035/000095015205009191/0000950152-05-009191-index.htm,https://www.sec.gov/Archives/edgar/data/80035/000095015205009191/l16669ae10vq.htm,1620596625,17:43:45,20210509
62,2005-06-30,PLPC,USD,2005-08-12,2005-08-12 10:20:36,Q2,52692000,35275000,17417000,0.3305435360206483,1527000.0,11071000.0,0.0,0.0,12068000.0,47343000,86000.0,1711000.0,7060000.0,0.13398618386092764,5349000.0,0.10151446139831473,503000.0,5477000.0,0.10394367266378197,1781000.0,3696000.0,0.07014347529036666,0.65,0.64,5726000.0,5784000.0,https://www.sec.gov/Archives/edgar/data/80035/000095015205006928/0000950152-05-006928-index.htm,https://www.sec.gov/Archives/edgar/data/80035/000095015205006928/l15027ae10vq.htm,1620596625,17:43:45,20210509
63,2005-03-31,PLPC,USD,2005-05-09,2005-05-09 16:33:05,Q1,50772000,34145000,16627000,0.3274836524068384,1543000.0,9982000.0,0.0,0.0,11448000.0,45593000,94000.0,1706000.0,6885000.0,0.13560623965965493,5179000.0,0.1020050421492161,50000.0,5271000.0,0.10381706452375325,2043000.0,3228000.0,0.06357835027180335,0.5644343416681238,0.5588642659279779,5719000.0,5776000.0,https://www.sec.gov/Archives/edgar/data/80035/000095015205004165/0000950152-05-004165-index.htm,https://www.sec.gov/Archives/edgar/data/80035/000095015205002460/l12624ae10vk.htm,1620596625,17:43:45,20210509
64,2004-12-31,PLPC,USD,2005-03-24,2005-03-24 09:27:36,Q4,48633000,32705000,15928000,0.3275142393025312,1343000.0,11350000.0,0.0,0.0,12173000.0,44878000,152000.0,1965000.0,5720000.0,0.11761561079925154,3755000.0,0.077210947299159,484000.0,1442000.0,0.02965064873645467,-8000.0,3806000.0,0.0782596179548866,0.665500961706592,0.665500961706592,5719000.0,5719000.0,https://www.sec.gov/Archives/edgar/data/80035/000095015205002460/0000950152-05-002460-index.htm,https://www.sec.gov/Archives/edgar/data/80035/000095015205002460/l12624ae10vk.htm,1620596625,17:43:45,20210509
65,2004-09-30,PLPC,USD,2004-11-01,2004-11-01 14:47:37,Q3,49065000,32652000,16413000,0.3345154387037603,1389000.0,9836000.0,0.0,0.0,10369000.0,43021000,0.0,1841000.0,7885000.0,0.16070518699684092,6044000.0,0.12318353204932232,3155000.0,8491000.0,0.17305615000509528,2995000.0,5496000.0,0.11201467441149496,0.96,0.95,5717000.0,5762000.0,https://www.sec.gov/Archives/edgar/data/80035/000095015204007777/0000950152-04-007777-index.htm,https://www.sec.gov/Archives/edgar/data/80035/000095015204007777/l10015ae10vq.htm,1620596625,17:43:45,20210509
66,2004-06-30,PLPC,USD,2004-06-30,2004-06-30,Q2,45884000,30785000,15099000,0.3290689564989975,1457000.0,9822000.0,0.0,0.0,11214000.0,41999000,117000.0,805000.0,4690000.0,0.10221427948740301,3885000.0,0.08467003748583384,-9000.0,3810000.0,0.08303548077761311,1439000.0,2371000.0,0.051673786069218026,0.41487314085739285,0.4113462873004858,5715000.0,5764000.0,,,1620596625,17:43:45,20210509
67,2004-03-31,PLPC,USD,2004-03-31,2004-03-31,Q1,39530000,27460000,12070000,0.3053377181887174,1477000.0,9004000.0,0.0,0.0,9927000.0,37387000,86000.0,2774000.0,4917000.0,0.1243865418669365,2143000.0,0.05421199089299266,576000.0,2206000.0,0.055805717176827724,842000.0,1364000.0,0.03450543890715912,0.24,0.23,5781000.0,5841000.0,,,1620596625,17:43:45,20210509
68,2003-12-31,PLPC,USD,2003-12-31,2003-12-31,Q4,38679000,27265000,11414000,0.2950955298740919,1267000.0,9403000.0,0.0,0.0,10481000.0,37746000,158000.0,2162000.0,3095000.0,0.08001758059929161,933000.0,0.02412161638098193,3702000.0,4431000.0,0.11455828744279842,1455000.0,2976000.0,0.07694097572326068,0.5147898287493513,0.5147898287493513,5781000.0,5781000.0,,,1620596625,17:43:45,20210509
69,2003-09-30,PLPC,USD,2003-11-10,2003-11-10 15:40:00,Q3,39473000,27816000,11657000,0.29531578547361487,1282000.0,8698000.0,0.0,0.0,9790000.0,37606000,94000.0,1916000.0,3783000.0,0.09583766118612723,1867000.0,0.047298153167988244,91000.0,1770000.0,0.04484077724013883,2280000.0,-510000.0,-0.012920223950548477,-0.09,-0.09,5784000.0,5784000.0,https://www.sec.gov/Archives/edgar/data/80035/000095015203009486/0000950152-03-009486-index.htm,https://www.sec.gov/Archives/edgar/data/80035/000095015203009486/l03499ae10vq.htm,1620596625,17:43:45,20210509
70,2003-06-30,PLPC,USD,2003-06-30,2003-06-30,Q2,39972000,28743000,11229000,0.2809216451516061,1288000.0,9608000.0,0.0,0.0,10085000.0,38828000,0.0,2007000.0,3151000.0,0.07883018112678875,1144000.0,0.028620034023816673,787000.0,1097000.0,0.027444210947663365,264000.0,833000.0,0.02083958771139798,0.14,0.14,5781000.0,5781000.0,,,1620596625,17:43:45,20210509
71,2003-03-31,PLPC,USD,2003-03-31,2003-03-31,Q1,35209000,23542000,11667000,0.33136413985060637,1373000.0,9102000.0,0.0,0.0,10127000.0,33669000,0.0,2244000.0,3784000.0,0.10747252123036724,1540000.0,0.04373881677980062,507000.0,1666000.0,0.04731744724360249,582000.0,1084000.0,0.030787582720327188,0.19,0.187543,5773000.0,5780000.0,,,1620596625,17:43:45,20210509
72,2002-12-31,PLPC,USD,2002-12-31,2002-12-31,Q4,39393000,28753000,10640000,0.27009874850861826,1100000.0,12409000.0,0.0,0.0,13205000.0,41958000,150000.0,2543000.0,-22000.0,-0.0005584748559388724,-2565000.0,-0.06511309115832763,376000.0,-2549000.0,-0.06470692762673572,-470000.0,-2079000.0,-0.05277587388622344,-0.36012471851723543,-0.36012471851723543,5773000.0,5773000.0,,,1620596625,17:43:45,20210509
73,2002-09-30,PLPC,USD,2002-09-30,2002-09-30,Q3,41587000,30054000,11533000,0.2773222401231154,1370000.0,12857000.0,0.0,0.0,13961000.0,44015000,162000.0,2079000.0,-349000.0,-0.008392045591170318,-2428000.0,-0.05838362949960324,338000.0,-2445000.0,-0.05879241109000409,-346000.0,-2099000.0,-0.05047250342655157,-0.37,-0.37,5769000.0,5769000.0,,,1620596625,17:43:45,20210509
74,2002-06-30,PLPC,USD,2002-08-14 00:00:00,2002-08-14 11:02:16,Q2,44854000,30900000,13954000,0.31109822981227986,1518000.0,11246000.0,0.0,0.0,12395000.0,43295000,187000.0,2203000.0,3762000.0,0.08387211842867971,1559000.0,0.03475721228875908,447000.0,1512000.0,0.03370936817229233,475000.0,1037000.0,0.02311945422927721,0.18,0.179195,5763000.0,5787000.0,https://www.sec.gov/Archives/edgar/data/80035/000095015202006351/0000950152-02-006351-index.html,https://www.sec.gov/Archives/edgar/data/80035/000095015202006351/l95346ae10vq.txt,1620596625,17:43:45,20210509
75,2002-03-31,PLPC,USD,2002-05-13,2002-05-13,Q1,44008000,29466000,14542000,0.3304399200145428,1616000.0,10431000.0,0.0,0.0,11534000.0,41000000,188000.0,2193000.0,5201000.0,0.1181830576258862,3008000.0,0.06835120887111434,538000.0,2903000.0,0.06596527904017452,902000.0,2001000.0,0.04546900563533903,0.35,0.346134,5757000.0,5781000.0,https://www.sec.gov/Archives/edgar/data/80035/000095015202004107/0000950152-02-004107-index.htm,https://www.sec.gov/Archives/edgar/data/80035/000095015202004107/l94487ae10-q.txt,1620596625,17:43:45,20210509
76,2001-12-31,PLPC,USD,2002-03-28,2002-03-28,Q4,44302000,30912000,13390000,0.30224369102975035,1619000.0,11168000.0,0.0,0.0,12386000.0,43298000,270000.0,2867000.0,3871000.0,0.087377545031827,1004000.0,0.022662633741140355,801000.0,1207000.0,0.027244819646968534,180000.0,1027000.0,0.023181797661505125,0.1783915233628626,0.1783915233628626,5757000.0,5757000.0,https://www.sec.gov/Archives/edgar/data/80035/000095015202002462/0000950152-02-002462-index.htm,https://www.sec.gov/Archives/edgar/data/80035/000095015202002462/l93441ae10-k.txt,1620596625,17:43:45,20210509
77,2001-09-30,PLPC,USD,2001-11-14 00:00:00,2001-11-14 00:00:00,Q3,49127000,35609000,13518000,0.2751643698984265,1498000.0,12184000.0,0.0,0.0,13268000.0,48877000,336000.0,2238000.0,2488000.0,0.05064424858021047,250000.0,0.005088851344474525,617000.0,184000.0,0.0037453945895332508,26000.0,158000.0,0.0032161540497079,0.03,0.03,5757000.0,5757000.0,https://www.sec.gov/Archives/edgar/data/80035/000095015201505873/0000950152-01-505873-index.html,https://www.sec.gov/Archives/edgar/data/80035/000095015201505873/l91369ae10-q.txt,1620596625,17:43:45,20210509
78,2001-06-30,PLPC,USD,2001-08-14 00:00:00,2001-08-14 00:00:00,Q2,52863000,35691000,17172000,0.3248396799273594,1422000.0,11787000.0,0.0,0.0,13209000.0,48900000,403000.0,2700000.0,6663000.0,0.12604278985301628,3963000.0,0.07496736848078997,-11000.0,3960000.0,0.0749106180125986,1090000.0,2870000.0,0.05429128123640353,0.5,0.5,5754000.0,5754000.0,https://www.sec.gov/Archives/edgar/data/80035/000095015201503981/0000950152-01-503981-index.html,https://www.sec.gov/Archives/edgar/data/80035/000095015201503981/l89891ae10-q.txt,1620596625,17:43:45,20210509
