,date,symbol,reportedCurrency,fillingDate,acceptedDate,period,revenue,costOfRevenue,grossProfit,grossProfitRatio,researchAndDevelopmentExpenses,generalAndAdministrativeExpenses,sellingAndMarketingExpenses,otherExpenses,operatingExpenses,costAndExpenses,interestExpense,depreciationAndAmortization,ebitda,ebitdaratio,operatingIncome,operatingIncomeRatio,totalOtherIncomeExpensesNet,incomeBeforeTax,incomeBeforeTaxRatio,incomeTaxExpense,netIncome,netIncomeRatio,eps,epsdiluted,weightedAverageShsOut,weightedAverageShsOutDil,link,finalLink,timestamp,est_time,est_date
0,2020-12-31,TRITURBINE.NS,INR,2020-12-31,2020-12-31,Q4,1735600000,865100000,870500000,0.501555657985711,0.0,0.0,0.0,54100000.0,573700000,1438800000,2700000.0,50000000,346800000,0.19981562572021203,296800000,0.17100714450334178,0.0,361000000,0.20799723438580317,85600000,275400000,0.1586771145425213,0.85,0.85,324000000,324000000,,,1620599020,18:23:40,20210509
1,2020-09-30,TRITURBINE.NS,INR,2020-09-30,2020-09-30,Q3,1853200000,858300000,994900000,0.5368551694366501,0.0,0.0,0.0,47700000.0,551000000,1409300000,2100000.0,51700000,495600000,0.2674293114612562,443900000,0.2395316209799266,0.0,317100000,0.1711094323332614,73200000,243900000,0.13161018778329375,0.75,0.75,325200000,325200000,https://www.nseindia.com/companies-listing/corporate-filings-annual-reports,https://www.nseindia.com/companies-listing/corporate-filings-annual-reports,1620599020,18:23:40,20210509
2,2020-06-30,TRITURBINE.NS,INR,2020-06-30,2020-06-30,Q2,1651700000,864100000,787600000,0.47684204153296605,0.0,0.0,0.0,46800000.0,451700000,1315800000,3000000.0,50700000,386600000,0.23406187564327663,335900000,0.2033662287340316,0.0,365100000,0.2210449839559242,92600000,272500000,0.16498153417690864,0.84,0.84,324404762,324404762,https://www.nseindia.com/companies-listing/corporate-filings-annual-reports,https://www.nseindia.com/companies-listing/corporate-filings-annual-reports,1620599020,18:23:40,20210509
3,2020-03-31,TRITURBINE.NS,INR,2020-03-31,2020-03-31,Q1,1414180000,988330000,425850000,0.3011285692061831,0.0,0.0,0.0,-102160000.0,223530000,1211860000,7050000.0,26900000,229220000,0.16208686305845083,202320000,0.14306523921990127,0.0,180130000,0.12737416736200483,42350000,137780000,0.09742748447863779,0.42367773677736775,0.42367773677736775,325200000,325200000,https://www.nseindia.com/companies-listing/corporate-filings-annual-reports,https://www.nseindia.com/companies-listing/corporate-filings-annual-reports,1620599020,18:23:40,20210509
4,2019-12-31,TRITURBINE.NS,INR,2019-12-31,2019-12-31,Q4,2030000000,1057200000,972800000,0.47921182266009854,0.0,0.0,0.0,28700000.0,611200000,1668400000,6800000.0,50400000,412000000,0.20295566502463055,361600000,0.178128078817734,0.0,372000000,0.1832512315270936,101300000,270700000,0.13334975369458127,0.84,0.84,322261905,322261905,https://www.nseindia.com/companies-listing/corporate-filings-annual-reports,https://www.nseindia.com/companies-listing/corporate-filings-annual-reports,1620599020,18:23:40,20210509
5,2019-09-30,TRITURBINE.NS,INR,2019-09-30,2019-09-30,Q3,2473300000,1310000000,1163300000,0.47034326608175314,0.0,0.0,0.0,52500000.0,685600000,1995600000,8800000.0,51400000,529100000,0.21392471596652246,477700000,0.19314276472728742,0.0,563100000,0.22767153196134718,60800000,502300000,0.20308899041766063,1.55,1.55,324064516,324064516,https://www.nseindia.com/companies-listing/corporate-filings-annual-reports,https://www.nseindia.com/companies-listing/corporate-filings-annual-reports,1620599020,18:23:40,20210509
6,2019-06-30,TRITURBINE.NS,INR,2019-06-30,2019-06-30,Q2,2136300000,1209000000,927300000,0.43406824884145484,0.0,0.0,0.0,30900000.0,540100000,1749100000,9600000.0,49900000,437100000,0.20460609464962787,387200000,0.1812479520666573,0.0,444200000,0.20792959790291626,137200000,307000000,0.1437064082759912,0.95,0.95,323157895,323157895,https://www.nseindia.com/companies-listing/corporate-filings-annual-reports,https://www.nseindia.com/companies-listing/corporate-filings-annual-reports,1620599020,18:23:40,20210509
7,2019-03-31,TRITURBINE.NS,INR,2019-03-31,2019-03-31,Q1,2231890000,1692970000,538920000,0.24146351298675114,0.0,0.0,0.0,-92030000.0,129840000,1822810000,6350000.0,25140000,434220000,0.19455259891840548,409080000,0.18328860293294025,0.0,418360000,0.18744651394109924,135710000,282650000,0.1266415459543257,0.8691574415744158,0.8691574415744158,325200000,325200000,https://www.nseindia.com/companies-listing/corporate-filings-annual-reports,https://www.nseindia.com/companies-listing/corporate-filings-annual-reports,1620599020,18:23:40,20210509
8,2018-12-31,TRITURBINE.NS,INR,2018-12-31,2018-12-31,Q4,2113400000,1209900000,903500000,0.42751017318065676,0.0,0.0,0.0,18400000.0,597500000,1807400000,3300000.0,52800000,358800000,0.16977382416958456,306000000,0.14479038516135137,0.0,333300000,0.15770795873947194,105000000,228300000,0.10802498343900824,0.69,0.69,330869565,330869565,https://www.nseindia.com/companies-listing/corporate-filings-annual-reports,https://www.nseindia.com/companies-listing/corporate-filings-annual-reports,1620599020,18:23:40,20210509
9,2018-09-30,TRITURBINE.NS,INR,2018-09-30,2018-09-30,Q3,2172400000,1142800000,1029600000,0.47394586632296076,0.0,0.0,0.0,54000000.0,627000000,1769800000,400000.0,47900000,450500000,0.20737433253544468,402600000,0.1853249861903885,0.0,453800000,0.2088933897993003,152600000,301200000,0.13864849935555146,0.91,0.91,330989011,330989011,https://www.nseindia.com/companies-listing/corporate-filings-annual-reports,https://www.nseindia.com/companies-listing/corporate-filings-annual-reports,1620599020,18:23:40,20210509
10,2018-06-30,TRITURBINE.NS,INR,2018-06-30,2018-06-30,Q2,1717600000,900500000,817100000,0.47572193758733117,0.0,0.0,0.0,34200000.0,561800000,1462300000,100000.0,47900000,303200000,0.17652538425710293,255300000,0.1486376339077783,0.0,288300000,0.16785048905449465,98200000,190100000,0.11067768979972054,0.58,0.58,327758621,327758621,https://www.nseindia.com/companies-listing/corporate-filings-annual-reports,https://www.nseindia.com/companies-listing/corporate-filings-annual-reports,1620599020,18:23:40,20210509
11,2018-03-31,TRITURBINE.NS,INR,2018-03-31,2018-03-31,Q1,2441300000,1223700000,1217600000,0.4987506656289682,0.0,0.0,0.0,35000000.0,676500000,1900200000,100000.0,53300000,594400000,0.2434768361119076,541100000,0.2216442059558432,0.0,543400000,0.22258632695694916,189600000,353800000,0.14492278703969197,1.07,1.07,330654206,330654206,https://www.nseindia.com/companies-listing/corporate-filings-annual-reports,https://www.nseindia.com/companies-listing/corporate-filings-annual-reports,1620599020,18:23:40,20210509
12,2017-12-31,TRITURBINE.NS,INR,2017-12-31,2017-12-31,Q4,1655900000,819200000,836700000,0.5052841355154297,0.0,0.0,0.0,20200000.0,551800000,1371000000,3000000.0,46800000,331700000,0.20031402862491696,284900000,0.17205145238239025,0.0,279100000,0.16854882541216257,85300000,193800000,0.11703605290174528,0.59,0.59,328474576,328474576,https://www.nseindia.com/companies-listing/corporate-filings-annual-reports,https://www.nseindia.com/companies-listing/corporate-filings-annual-reports,1620599020,18:23:40,20210509
13,2017-09-30,TRITURBINE.NS,INR,2017-09-30,2017-09-30,Q3,2196900000,1211800000,985100000,0.4484045700760162,0.0,0.0,0.0,17900000.0,557000000,1768800000,1400000.0,40700000,468800000,0.2133915972506714,428100000,0.19486549228458283,0.0,436300000,0.19859802448905275,152000000,284300000,0.12940962265009787,0.86,0.86,330581395,330581395,https://www.nseindia.com/companies-listing/corporate-filings-annual-reports,https://www.nseindia.com/companies-listing/corporate-filings-annual-reports,1620599020,18:23:40,20210509
14,2017-06-30,TRITURBINE.NS,INR,2017-06-30,2017-06-30,Q2,1216900000,597900000,619000000,0.50866957021941,0.0,0.0,0.0,8300000.0,486200000,1084100000,800000.0,50400000,183200000,0.15054647053989645,132800000,0.10912975593721752,0.0,179200000,0.147259429698414,51200000,128000000,0.10518530692743858,0.39,0.39,328205128,328205128,https://www.nseindia.com/companies-listing/corporate-filings-annual-reports,https://www.nseindia.com/companies-listing/corporate-filings-annual-reports,1620599020,18:23:40,20210509
15,2017-03-31,TRITURBINE.NS,INR,2017-03-31,2017-03-31,Q1,1828800000,899100000,929700000,0.5083661417322834,0.0,0.0,0.0,99100000.0,600000000,1499100000,1500000.0,41600000,371300000,0.20302930883639544,329700000,0.18028215223097113,0.0,427400000,0.23370516185476817,161200000,266200000,0.1455599300087489,0.81,0.81,328641975,328641975,https://www.nseindia.com/companies-listing/corporate-filings-annual-reports,https://www.nseindia.com/companies-listing/corporate-filings-annual-reports,1620599020,18:23:40,20210509
16,2016-12-31,TRITURBINE.NS,INR,2016-12-31,2016-12-31,Q4,1968100000,1017000000,951100000,0.48325796453432246,0.0,0.0,0.0,62100000.0,475600000,1492600000,1500000.0,36800000,512300000,0.2603018139322189,475500000,0.24160357705401148,0.0,536100000,0.27239469539149436,178700000,358200000,0.18200294700472536,1.08,1.08,331666667,331666667,https://www.nseindia.com/companies-listing/corporate-filings-annual-reports,https://www.nseindia.com/companies-listing/corporate-filings-annual-reports,1620599020,18:23:40,20210509
17,2016-09-30,TRITURBINE.NS,INR,2016-09-30,2016-09-30,Q3,1998000000,1155500000,842500000,0.4216716716716717,0.0,0.0,0.0,121400000.0,472500000,1628000000,0.0,34000000,404000000,0.2022022022022022,370000000,0.18518518518518517,0.0,491400000,0.24594594594594596,161200000,342700000,0.17152152152152153,1.04,1.04,329519231,329519231,https://www.nseindia.com/companies-listing/corporate-filings-annual-reports,https://www.nseindia.com/companies-listing/corporate-filings-annual-reports,1620599020,18:23:40,20210509
18,2016-06-30,TRITURBINE.NS,INR,2016-06-30,2016-06-30,Q2,1588100000,826800000,761300000,0.47937787292991624,0.0,0.0,0.0,73800000.0,487100000,1313900000,300000.0,35600000,309800000,0.19507587683395253,274200000,0.1726591524463195,0.0,347700000,0.21894087274101126,109400000,268400000,0.1690069894842894,0.81,0.81,331358025,331358025,https://www.nseindia.com/companies-listing/corporate-filings-annual-reports,https://www.nseindia.com/companies-listing/corporate-filings-annual-reports,1620599020,18:23:40,20210509
19,2016-03-31,TRITURBINE.NS,INR,2016-03-31,2016-03-31,Q1,2097200000,1129200000,968000000,0.46156780469197023,0.0,0.0,0.0,12600000.0,468400000,1597600000,200000.0,38200000,537800000,0.25643715430097275,499600000,0.2382223917604425,0.0,531400000,0.2533854663360671,169800000,361600000,0.17242037001716576,1.1,1.1,328727273,328727273,https://www.nseindia.com/companies-listing/corporate-filings-annual-reports,https://www.nseindia.com/companies-listing/corporate-filings-annual-reports,1620599020,18:23:40,20210509
20,2015-12-31,TRITURBINE.NS,INR,2015-12-31,2015-12-31,Q4,1991300000,1230700000,760600000,0.38196153266710187,0.0,0.0,0.0,78800000.0,384300000,1615000000,800000.0,38100000,414400000,0.20810525787174208,376300000,0.18897202832320595,0.0,454300000,0.22814241952493347,147000000,312200000,0.15678200170742732,0.95,0.95,328631579,328631579,https://www.nseindia.com/companies-listing/corporate-filings-annual-reports,https://www.nseindia.com/companies-listing/corporate-filings-annual-reports,1620599020,18:23:40,20210509
21,2015-09-30,TRITURBINE.NS,INR,2015-09-30,2015-09-30,Q3,1765500000,982800000,782700000,0.4433305012744265,0.0,0.0,0.0,52400000.0,423900000,1406700000,1300000.0,38300000,397100000,0.22492211838006232,358800000,0.2032285471537808,0.0,409900000,0.23217218918153498,137900000,253000000,0.14330218068535824,0.77,0.77,328571429,328571429,https://www.nseindia.com/companies-listing/corporate-filings-annual-reports,https://www.nseindia.com/companies-listing/corporate-filings-annual-reports,1620599020,18:23:40,20210509
22,2015-06-30,TRITURBINE.NS,INR,2015-06-30,2015-06-30,Q2,1230900000,669800000,561100000,0.45584531643512877,0.0,0.0,0.0,112900000.0,414900000,1084700000,1100000.0,38100000,184300000,0.14972784141684947,146200000,0.11877488016898205,0.0,258000000,0.20960272970996832,85700000,203000000,0.16491997725241694,0.61,0.61,332786885,332786885,https://www.nseindia.com/companies-listing/corporate-filings-annual-reports,https://www.nseindia.com/companies-listing/corporate-filings-annual-reports,1620599020,18:23:40,20210509
