,date,symbol,reportedCurrency,fillingDate,acceptedDate,period,revenue,costOfRevenue,grossProfit,grossProfitRatio,researchAndDevelopmentExpenses,generalAndAdministrativeExpenses,sellingAndMarketingExpenses,otherExpenses,operatingExpenses,costAndExpenses,interestExpense,depreciationAndAmortization,ebitda,ebitdaratio,operatingIncome,operatingIncomeRatio,totalOtherIncomeExpensesNet,incomeBeforeTax,incomeBeforeTaxRatio,incomeTaxExpense,netIncome,netIncomeRatio,eps,epsdiluted,weightedAverageShsOut,weightedAverageShsOutDil,link,finalLink,timestamp,est_time,est_date
0,2020-03-31,PACQU,USD,2020-05-15 00:00:00,2020-05-15 17:23:15,Q1,0.0,0.0,0.0,0.0,0.0,1214626.0,0.0,0.0,1265076.0,1265076.0,0.0,0.0,-2448038.0,0.0,-1265076.0,0.0,1182962.0,-82114.0,0.0,229081.0,-311195.0,0.0,0.0,0.0,0.0,0.0,https://www.sec.gov/Archives/edgar/data/1726293/000143774920011049/0001437749-20-011049-index.htm,https://www.sec.gov/Archives/edgar/data/1726293/000143774920011049/pacq20200331_10q.htm,1620596302,17:38:22,20210509
1,2019-12-31,PACQU,USD,2020-03-13 00:00:00,2020-03-13 16:51:48,Q4,0.0,0.0,0.0,0.0,0.0,2661190.0,0.0,0.0,2711240.0,2711240.0,0.0,0.0,-4244152.0,0.0,-2711240.0,0.0,1532912.0,-1178328.0,0.0,321986.0,-1500314.0,0.0,0.0,0.0,0.0,0.0,https://www.sec.gov/Archives/edgar/data/1726293/000143774920005174/0001437749-20-005174-index.html,https://www.sec.gov/Archives/edgar/data/1726293/000143774920005174/pacq20191231_10k.htm,1620596302,17:38:22,20210509
2,2019-09-30,PACQU,USD,2019-11-14 00:00:00,2019-11-14 13:02:40,Q3,0.0,0.0,0.0,0.0,0.0,158535.0,0.0,0.0,221658.0,221658.0,0.0,0.0,-2400435.0,0.0,-221658.0,0.0,2178777.0,1957119.0,0.0,370572.0,1586547.0,0.0,0.0,0.0,0.0,0.0,https://www.sec.gov/Archives/edgar/data/1726293/000143774919022859/0001437749-19-022859-index.html,https://www.sec.gov/Archives/edgar/data/1726293/000143774919022859/pacq20190930_10q.htm,1620596302,17:38:22,20210509
3,2019-06-30,PACQU,USD,2019-07-29,2019-07-26 18:11:12,Q2,0.0,0.0,0.0,0.0,0.0,72926.0,0.0,0.0,101885.0,101885.0,0.0,0.0,-2694387.0,0.0,-101885.0,0.0,2592502.0,2490617.0,0.0,536681.0,1953936.0,0.0,0.0,0.0,0.0,0.0,https://www.sec.gov/Archives/edgar/data/1726293/000143774919014746/pacq20190630_10q.htm,https://www.sec.gov/Archives/edgar/data/1726293/000143774919014746/pacq20190630_10q.htm,1620596302,17:38:22,20210509
4,2019-03-31,PACQU,USD,2019-04-29 00:00:00,2019-04-29 12:46:09,Q1,0.0,0.0,0.0,0.0,0.0,131163.0,0.0,0.0,189131.0,189131.0,0.0,0.0,-2624100.0,0.0,-189131.0,0.0,2434969.0,2245838.0,0.0,500833.0,1745005.0,0.0,0.0,0.0,0.0,0.0,https://www.sec.gov/Archives/edgar/data/1726293/000143774919008143/0001437749-19-008143-index.html,https://www.sec.gov/Archives/edgar/data/1726293/000143774919008143/pacq20190418_10q.htm,1620596302,17:38:22,20210509
5,2018-12-31,PACQU,USD,2019-02-08 00:00:00,2019-02-08 16:10:01,Q4,0.0,0.0,0.0,0.0,0.0,65878.0,0.0,0.0,104489.0,104489.0,0.0,0.0,-2436360.0,0.0,-104489.0,0.0,2331871.0,2227382.0,0.0,504446.0,1722936.0,0.0,0.0,0.0,0.0,0.0,https://www.sec.gov/Archives/edgar/data/1726293/000143774919002155/0001437749-19-002155-index.html,https://www.sec.gov/Archives/edgar/data/1726293/000143774919002155/pacq20181231_10k.htm,1620596302,17:38:22,20210509
6,2018-09-30,PACQU,USD,2018-10-26 00:00:00,2018-10-26 17:22:37,Q3,0.0,0.0,0.0,0.0,0.0,46098.0,0.0,0.0,81332.0,81332.0,0.0,0.0,-2043188.0,0.0,-81332.0,0.0,1961856.0,1880524.0,0.0,394468.0,1486056.0,0.0,0.0,0.0,0.0,0.0,https://www.sec.gov/Archives/edgar/data/1726293/000143774918018896/0001437749-18-018896-index.html,https://www.sec.gov/Archives/edgar/data/1726293/000143774918018896/pacq20180930_10q.htm,1620596302,17:38:22,20210509
7,2018-06-30,PACQU,USD,2018-07-27 00:00:00,2018-07-27 14:08:28,Q2,0.0,0.0,0.0,0.0,0.0,62311.0,0.0,0.0,133311.0,133311.0,0.0,0.0,-1617351.0,0.0,-133311.0,0.0,1484040.0,1350729.0,0.0,284000.0,1066729.0,0.0,0.0,0.0,0.0,0.0,https://www.sec.gov/Archives/edgar/data/1726293/000156459018017735/0001564590-18-017735-index.html,https://www.sec.gov/Archives/edgar/data/1726293/000156459018017735/pacq-10q_20180630.htm,1620596302,17:38:22,20210509
