,date,symbol,reportedCurrency,fillingDate,acceptedDate,period,revenue,costOfRevenue,grossProfit,grossProfitRatio,researchAndDevelopmentExpenses,generalAndAdministrativeExpenses,sellingAndMarketingExpenses,otherExpenses,operatingExpenses,costAndExpenses,interestExpense,depreciationAndAmortization,ebitda,ebitdaratio,operatingIncome,operatingIncomeRatio,totalOtherIncomeExpensesNet,incomeBeforeTax,incomeBeforeTaxRatio,incomeTaxExpense,netIncome,netIncomeRatio,eps,epsdiluted,weightedAverageShsOut,weightedAverageShsOutDil,link,finalLink,timestamp,est_time,est_date
0,2020-12-31,VXL.V,CAD,2020-12-31,2020-12-31,Q4,0.0,0.0,0.0,0.0,234000.0,348000.0,0.0,0.0,579000.0,579000.0,-4000.0,-3000.0,-568000.0,0.0,-579000.0,0.0,0.0,-575000.0,0.0,0.0,-575000.0,0.0,-0.005540994571328616,-0.005540994571328616,103771984.0,103771984.0,,,1620599692,18:34:52,20210509
1,2020-09-30,VXL.V,CAD,2020-09-30,2020-09-30,Q3,0.0,0.0,0.0,0.0,133000.0,170000.0,0.0,0.0,0.0,306000.0,7000.0,3000.0,-303000.0,0.0,-306000.0,0.0,0.0,-313000.0,0.0,0.0,-313000.0,0.0,-0.01,-0.01,103771984.0,103771984.0,,,1620599692,18:34:52,20210509
2,2020-06-30,VXL.V,CAD,2020-06-30,2020-06-30,Q2,0.0,0.0,0.0,0.0,170000.0,120000.0,0.0,0.0,0.0,291000.0,6000.0,1000.0,-290000.0,0.0,-291000.0,0.0,0.0,-297000.0,0.0,0.0,-297000.0,0.0,-0.003014,-0.003014,98535106.0,98535106.0,,,1620599692,18:34:52,20210509
3,2020-03-31,VXL.V,CAD,2020-03-31,2020-03-31,Q1,0.0,0.0,0.0,0.0,82000.0,86000.0,0.0,0.0,0.0,171000.0,2000.0,3000.0,-168000.0,0.0,-171000.0,0.0,0.0,-173000.0,0.0,0.0,-173000.0,0.0,-0.001892,-0.001892,91457799.0,91457799.0,,,1620599692,18:34:52,20210509
4,2019-12-31,VXL.V,CAD,2019-12-31,2019-12-31,Q4,0.0,0.0,0.0,0.0,341000.0,137000.0,0.0,0.0,0.0,484000.0,9000.0,6000.0,-478000.0,0.0,-484000.0,0.0,0.0,-493000.0,0.0,0.0,-493000.0,0.0,-0.005543720518131638,-0.005543720518131638,88929447.0,88929447.0,,,1620599692,18:34:52,20210509
5,2019-09-30,VXL.V,CAD,2019-09-30,2019-09-30,Q3,0.0,0.0,0.0,0.0,113000.0,94000.0,0.0,0.0,0.0,207000.0,0.0,9000.0,-198000.0,0.0,-207000.0,0.0,0.0,-207000.0,0.0,0.0,-207000.0,0.0,-0.01,-0.01,88929447.0,88929447.0,,,1620599692,18:34:52,20210509
6,2019-06-30,VXL.V,CAD,2019-06-30,2019-06-30,Q2,0.0,0.0,0.0,0.0,133000.0,65000.0,0.0,0.0,0.0,202000.0,1000.0,4000.0,-198000.0,0.0,-202000.0,0.0,0.0,-203000.0,0.0,0.0,-203000.0,0.0,-0.002283,-0.002283,88929447.0,88929447.0,,,1620599692,18:34:52,20210509
7,2019-03-31,VXL.V,CAD,2019-03-31,2019-03-31,Q1,0.0,0.0,0.0,0.0,163000.0,88000.0,0.0,0.0,0.0,251000.0,1000.0,12000.0,-239000.0,0.0,-251000.0,0.0,0.0,-252000.0,0.0,0.0,-252000.0,0.0,-0.002834,-0.002834,88929447.0,88929447.0,,,1620599692,18:34:52,20210509
8,2018-12-31,VXL.V,CAD,2018-12-31,2018-12-31,Q4,0.0,0.0,0.0,0.0,237000.0,153000.0,0.0,0.0,0.0,390000.0,0.0,20000.0,-370000.0,0.0,-390000.0,0.0,0.0,-399000.0,0.0,0.0,-399000.0,0.0,-0.004521689712608541,-0.004521689712608541,88241349.0,88241349.0,,,1620599692,18:34:52,20210509
9,2018-09-30,VXL.V,CAD,2018-09-30,2018-09-30,Q3,0.0,0.0,0.0,0.0,132000.0,91000.0,0.0,0.0,0.0,223000.0,0.0,12000.0,-211000.0,0.0,-223000.0,0.0,0.0,-230000.0,0.0,0.0,-230000.0,0.0,-0.01,-0.01,88241349.0,88241349.0,,,1620599692,18:34:52,20210509
10,2018-06-30,VXL.V,CAD,2018-06-30,2018-06-30,Q2,0.0,0.0,0.0,0.0,106000.0,87000.0,0.0,0.0,0.0,193000.0,13000.0,12000.0,-181000.0,0.0,-193000.0,0.0,0.0,-180000.0,0.0,0.0,-180000.0,0.0,-0.01,-0.01,86824350.0,86824350.0,,,1620599692,18:34:52,20210509
11,2018-03-31,VXL.V,CAD,2018-03-31,2018-03-31,Q1,0.0,0.0,0.0,0.0,100000.0,136000.0,0.0,0.0,0.0,236000.0,3000.0,12000.0,-224000.0,0.0,-236000.0,0.0,0.0,-239000.0,0.0,0.0,-239000.0,0.0,-0.00313,-0.00313,76366572.0,76366572.0,,,1620599692,18:34:52,20210509
12,2017-12-31,VXL.V,CAD,2017-12-31,2017-12-31,Q4,0.0,0.0,0.0,0.0,299000.0,247000.0,0.0,0.0,0.0,546000.0,-8000.0,12000.0,-534000.0,0.0,-546000.0,0.0,0.0,-538000.0,0.0,0.0,-538000.0,0.0,-0.010668390530514472,-0.010668390530514472,50429350.0,50429350.0,,,1620599692,18:34:52,20210509
13,2017-09-30,VXL.V,CAD,2017-09-30,2017-09-30,Q3,0.0,0.0,0.0,0.0,212000.0,122000.0,0.0,0.0,0.0,334000.0,1000.0,11000.0,-323000.0,0.0,-334000.0,0.0,0.0,-335000.0,0.0,0.0,-335000.0,0.0,-0.01,-0.01,50429350.0,50429350.0,,,1620599692,18:34:52,20210509
14,2017-06-30,VXL.V,CAD,2017-06-30,2017-06-30,Q2,0.0,0.0,0.0,0.0,167000.0,151000.0,0.0,0.0,0.0,318000.0,1000.0,0.0,-318000.0,0.0,-318000.0,0.0,0.0,-319000.0,0.0,0.0,-319000.0,0.0,-0.01,-0.01,50429350.0,50429350.0,,,1620599692,18:34:52,20210509
15,2017-03-31,VXL.V,CAD,2017-03-31,2017-03-31,Q1,0.0,0.0,0.0,0.0,160000.0,445000.0,0.0,0.0,0.0,605000.0,1000.0,0.0,-605000.0,0.0,-605000.0,0.0,0.0,-606000.0,0.0,0.0,-606000.0,0.0,-0.01,-0.01,49757042.0,49757042.0,,,1620599692,18:34:52,20210509
16,2016-12-31,VXL.V,CAD,2016-12-31,2016-12-31,Q4,0.0,0.0,0.0,0.0,337000.0,205000.0,0.0,0.0,0.0,542000.0,9000.0,20000.0,-522000.0,0.0,-542000.0,0.0,-103000.0,-634000.0,0.0,0.0,-634000.0,0.0,-0.01349510458695412,-0.01349510458695412,46979999.0,46979999.0,,,1620599692,18:34:52,20210509
17,2016-09-30,VXL.V,CAD,2016-09-30,2016-09-30,Q3,0.0,0.0,0.0,0.0,142000.0,151000.0,0.0,0.0,0.0,293000.0,0.0,0.0,-293000.0,0.0,-293000.0,0.0,0.0,-293000.0,0.0,0.0,-293000.0,0.0,-0.01,-0.01,46979999.0,46979999.0,,,1620599692,18:34:52,20210509
18,2016-06-30,VXL.V,CAD,2016-06-30,2016-06-30,Q2,0.0,0.0,0.0,0.0,69000.0,304000.0,0.0,0.0,0.0,373000.0,1000.0,0.0,-373000.0,0.0,-373000.0,0.0,0.0,-374000.0,0.0,0.0,-374000.0,0.0,-0.01,-0.01,46737259.0,46737259.0,,,1620599692,18:34:52,20210509
19,2016-03-31,VXL.V,CAD,2016-03-31,2016-03-31,Q1,0.0,0.0,0.0,0.0,37000.0,3201000.0,0.0,0.0,0.0,3238000.0,0.0,2000.0,-3236000.0,0.0,-3238000.0,0.0,0.0,-3238000.0,0.0,0.0,-3238000.0,0.0,-0.11,-0.11,30224401.0,30224401.0,,,1620599692,18:34:52,20210509
20,2015-11-30,VXL.V,CAD,2015-11-30,2015-11-30,Q4,0.0,0.0,0.0,0.0,0.0,47996.0,0.0,0.0,0.0,47996.0,0.0,0.0,-47996.0,0.0,-47996.0,0.0,0.0,-47996.0,0.0,0.0,-47996.0,0.0,-0.006367,-0.006367,7538047.0,7538047.0,,,1620599692,18:34:52,20210509
21,2015-08-31,VXL.V,CAD,2015-08-31,2015-08-31,Q3,0.0,0.0,0.0,0.0,0.0,70340.0,0.0,0.0,0.0,70340.0,0.0,0.0,-70340.0,0.0,-70340.0,0.0,0.0,-70340.0,0.0,0.0,-70340.0,0.0,-0.02,-0.02,7538047.0,7538047.0,,,1620599692,18:34:52,20210509
22,2015-05-31,VXL.V,CAD,2015-05-31,2015-05-31,Q2,0.0,0.0,0.0,0.0,0.0,64888.0,5711.0,0.0,0.0,70599.0,0.0,0.0,340245.0,0.0,-70599.0,0.0,0.0,-481443.0,0.0,0.0,-481443.0,0.0,-0.09228954629573187,-0.09228954629573187,5216658.0,5216658.0,,,1620599692,18:34:52,20210509
23,2015-02-28,VXL.V,CAD,2015-02-28,2015-02-28,Q1,0.0,0.0,0.0,0.0,0.0,35262.0,0.0,0.0,0.0,35262.0,0.0,0.0,-35262.0,0.0,-35262.0,0.0,0.0,-35262.0,0.0,0.0,-35262.0,0.0,-0.006759500047731709,-0.006759500047731709,5216658.0,5216658.0,,,1620599692,18:34:52,20210509
24,2014-11-30,VXL.V,CAD,2014-11-30,2014-11-30,Q4,0.0,0.0,0.0,0.0,0.0,34822.0,0.0,0.0,0.0,34822.0,0.0,0.0,-34822.0,0.0,-34822.0,0.0,0.0,-34822.0,0.0,0.0,-34822.0,0.0,-0.02,-0.02,3445547.0,3445547.0,,,1620599692,18:34:52,20210509
25,2014-08-31,VXL.V,CAD,2014-08-31,2014-08-31,Q3,0.0,0.0,0.0,0.0,0.0,36558.0,0.0,0.0,0.0,36558.0,0.0,0.0,-36558.0,0.0,-36558.0,0.0,0.0,-36558.0,0.0,0.0,-36558.0,0.0,-0.0196,-0.0196,3444523.0,3444523.0,,,1620599692,18:34:52,20210509
26,2014-05-31,VXL.V,CAD,2014-05-31,2014-05-31,Q2,0.0,4850.0,-4850.0,0.0,0.0,76644.0,0.0,0.0,0.0,76644.0,0.0,0.0,-76644.0,0.0,-76644.0,0.0,0.0,-76644.0,0.0,0.0,-76644.0,0.0,-0.02224430541834177,-0.02224430541834177,3445556.0,3445556.0,,,1620599692,18:34:52,20210509
27,2014-02-28,VXL.V,CAD,2014-02-28,2014-02-28,Q1,0.0,0.0,0.0,0.0,0.0,97994.0,0.0,0.0,0.0,97994.0,0.0,0.0,-97994.0,0.0,-97994.0,0.0,0.0,-97994.0,0.0,0.0,-97994.0,0.0,-0.028440692880916753,-0.028440692880916753,3445556.0,3445556.0,,,1620599692,18:34:52,20210509
28,2013-11-30,VXL.V,CAD,2013-11-30,2013-11-30,Q4,0.0,4850.0,-4850.0,0.0,0.0,116961.0,9862.0,0.0,0.0,131673.0,0.0,0.0,-76178.0,0.0,-131673.0,0.0,-55495.0,-187168.0,0.0,0.0,-187168.0,0.0,-0.054321566678933675,-0.054321566678933675,3445556.0,3445556.0,,,1620599692,18:34:52,20210509
29,2013-08-31,VXL.V,CAD,2013-08-31,2013-08-31,Q3,0.0,0.0,0.0,0.0,0.0,70725.0,1220.0,0.0,0.0,71945.0,0.0,0.0,-202986.0,0.0,-71945.0,0.0,131041.0,59096.0,0.0,0.0,59096.0,0.0,0.0237524115755627,0.0237524115755627,2488000.0,2488000.0,,,1620599692,18:34:52,20210509
30,2013-05-31,VXL.V,CAD,2013-05-31,2013-05-31,Q2,0.0,-101.0,101.0,0.0,0.0,63011.0,0.0,0.0,0.0,62910.0,0.0,0.0,-48910.0,0.0,-62910.0,0.0,-14000.0,-76906.0,0.0,0.0,-71906.0,0.0,-0.06801390432500178,-0.06801390432500178,1057225.0,1057225.0,,,1620599692,18:34:52,20210509
31,2013-02-28,VXL.V,CAD,2013-02-28,2013-02-28,Q1,0.0,0.0,0.0,0.0,0.0,187988.0,0.0,0.0,0.0,187988.0,0.0,0.0,-146859.0,0.0,-187988.0,0.0,-41129.0,-229117.0,0.0,0.0,-229117.0,0.0,-0.28,-0.28,1057225.0,1057225.0,,,1620599692,18:34:52,20210509
32,2012-11-30,VXL.V,CAD,2012-11-30,2012-11-30,Q4,0.0,0.0,0.0,0.0,0.0,68190.0,0.0,0.0,0.0,68190.0,0.0,0.0,-68190.0,0.0,-68190.0,0.0,0.0,-68190.0,0.0,0.0,-68190.0,0.0,-0.14,-0.14,843178.0,843178.0,,,1620599692,18:34:52,20210509
33,2012-08-31,VXL.V,CAD,2012-08-31,2012-08-31,Q3,0.0,4671.0,-4671.0,0.0,0.0,54400.0,0.0,0.0,0.0,59071.0,0.0,0.0,-59071.0,0.0,-59071.0,0.0,0.0,-59071.0,0.0,0.0,-59071.0,0.0,-0.07005756791567143,-0.07005756791567143,843178.0,843178.0,,,1620599692,18:34:52,20210509
34,2012-05-31,VXL.V,CAD,2012-05-31,2012-05-31,Q2,0.0,15016.0,-15016.0,0.0,0.0,56221.0,2000.0,0.0,0.0,73237.0,0.0,0.0,-73237.0,0.0,-73237.0,0.0,0.0,-73237.0,0.0,0.0,-73237.0,0.0,-0.09370485854771991,-0.09370485854771991,781571.0,781571.0,,,1620599692,18:34:52,20210509
35,2012-02-29,VXL.V,CAD,2012-02-29,2012-02-29,Q1,0.0,0.0,0.0,0.0,0.0,63938.0,0.0,0.0,0.0,63938.0,0.0,0.0,-63938.0,0.0,-63938.0,0.0,0.0,-63936.0,0.0,0.0,-63936.0,0.0,-0.08180446818011415,-0.08180446818011415,781571.0,781571.0,,,1620599692,18:34:52,20210509
36,2011-11-30,VXL.V,CAD,2011-11-30,2011-11-30,Q4,0.0,10639.0,-10639.0,0.0,0.0,68740.0,0.0,0.0,0.0,79379.0,0.0,0.0,-79379.0,0.0,-79379.0,0.0,0.0,-79318.0,0.0,0.0,-79318.0,0.0,-0.10148534170280116,-0.10148534170280116,781571.0,781571.0,,,1620599692,18:34:52,20210509
37,2011-08-31,VXL.V,CAD,2011-08-31,2011-08-31,Q3,0.0,216215.0,-216215.0,0.0,0.0,81024.0,6219.0,0.0,0.0,303458.0,0.0,0.0,-303458.0,0.0,-303458.0,0.0,0.0,0.0,0.0,0.0,-302955.0,0.0,-0.28,-0.28,769925.0,769925.0,,,1620599692,18:34:52,20210509
38,2011-05-31,VXL.V,CAD,2011-05-31,2011-05-31,Q2,0.0,22196.0,-22196.0,0.0,0.0,67317.0,6089.0,0.0,0.0,95602.0,0.0,0.0,-95602.0,0.0,-95602.0,0.0,0.0,-94838.0,0.0,0.0,-31850.0,0.0,-0.056262641429442053,-0.056262641429442053,566095.0,566095.0,,,1620599692,18:34:52,20210509
39,2011-02-28,VXL.V,CAD,2011-02-28,2011-02-28,Q1,0.0,5000.0,-5000.0,0.0,0.0,92722.0,0.0,0.0,0.0,97722.0,0.0,0.0,-97722.0,0.0,-97722.0,0.0,0.0,-97330.0,0.0,0.0,-97330.0,0.0,-0.28,-0.28,566095.0,566095.0,,,1620599692,18:34:52,20210509
40,2010-11-30,VXL.V,CAD,2010-11-30,2010-11-30,Q4,0.0,0.0,0.0,0.0,0.0,42975.0,0.0,0.0,0.0,44724.0,0.0,0.0,-44724.0,0.0,-44724.0,0.0,0.0,-44374.0,0.0,0.0,-44374.0,0.0,-0.08529164151908077,-0.08529164151908077,520262.0,520262.0,,,1620599692,18:34:52,20210509
41,2010-08-31,VXL.V,CAD,2010-08-31,2010-08-31,Q3,0.0,154121.0,-154121.0,0.0,0.0,54072.0,0.0,0.0,0.0,208193.0,0.0,0.0,-208193.0,0.0,-208193.0,0.0,0.0,0.0,0.0,0.0,-208193.0,0.0,-0.560001,-0.560001,493595.0,493595.0,,,1620599692,18:34:52,20210509
42,2010-05-31,VXL.V,CAD,2010-05-31,2010-05-31,Q2,0.0,6117.0,-6117.0,0.0,0.0,117864.0,0.0,0.0,0.0,123981.0,0.0,0.0,-123981.0,0.0,-123981.0,0.0,0.0,-123981.0,0.0,0.0,-123981.0,0.0,-0.16158402679577993,-0.16158402679577993,767285.0,767285.0,,,1620599692,18:34:52,20210509
43,2010-02-28,VXL.V,CAD,2010-02-28,2010-02-28,Q1,0.0,0.0,0.0,0.0,0.0,30669.0,104.0,0.0,0.0,30773.0,0.0,0.0,-30773.0,0.0,-30773.0,0.0,0.0,-30773.0,0.0,0.0,-30773.0,0.0,-1034489.034489,-1034489.034489,767285.0,767285.0,,,1620599692,18:34:52,20210509
44,2009-11-30,VXL.V,CAD,2009-11-30,2009-11-30,Q4,0.0,0.0,0.0,0.0,0.0,6173.0,0.0,0.0,0.0,6173.0,0.0,0.0,-6173.0,0.0,-6173.0,0.0,0.0,-6173.0,0.0,0.0,-6173.0,0.0,-0.008045,-0.008045,767285.0,767285.0,,,1620599692,18:34:52,20210509
