,date,symbol,reportedCurrency,fillingDate,acceptedDate,period,revenue,costOfRevenue,grossProfit,grossProfitRatio,researchAndDevelopmentExpenses,generalAndAdministrativeExpenses,sellingAndMarketingExpenses,otherExpenses,operatingExpenses,costAndExpenses,interestExpense,depreciationAndAmortization,ebitda,ebitdaratio,operatingIncome,operatingIncomeRatio,totalOtherIncomeExpensesNet,incomeBeforeTax,incomeBeforeTaxRatio,incomeTaxExpense,netIncome,netIncomeRatio,eps,epsdiluted,weightedAverageShsOut,weightedAverageShsOutDil,link,finalLink,timestamp,est_time,est_date
0,2020-12-31,DPW,USD,2021-04-15,Not found...,Q4,7189299.0,5271650.0,1917649.0,0.2667365761251549,-1371623.0,3870014.0,284535.0,-27382107.319,2626759.0,7898409.0,5234202.0,-264284.0,-264993.11,-0.03685938086592309,-709.11,-9.863409492358018e-05,17154.901,-10452.132,-0.0014538457782879806,17.846,-8087.192,-0.001124892983307552,-0.8186262144472405,-0.8186262144472405,9878980.0,9878980.0,https://www.sec.gov/Archives/edgar/data/896493/000121465921004221/0001214659-21-004221-index.htm,https://www.sec.gov/Archives/edgar/data/896493/000121465921004221/ag32421010k.htm,1620591248,16:14:08,20210509
1,2020-09-30,DPW,USD,2020-11-18,2020-11-18 17:24:21,Q3,5675564.0,3736082.0,1939482.0,0.34172498098867354,468838.0,2835940.0,259649.0,468.601,3564427.0,7300509.0,2365741.0,-17703.0,-1642648.0,-0.28942462810744446,-1624945.0,-0.2863054667342312,-12852120.0,-16740409.0,-2.9495586694115334,-6053.0,-16734356.0,-2.9484921674744573,-1.69,-1.694233,9878980.0,9878980.0,https://www.sec.gov/Archives/edgar/data/896493/000121465920009743/0001214659-20-009743-index.htm,https://www.sec.gov/Archives/edgar/data/896493/000121465920009743/dpw111520010q.htm,1620591248,16:14:08,20210509
2,2020-06-30,DPW,USD,2020-07-06 00:00:00,2020-07-06 16:33:12,Q2,5400980.0,3495574.0,1905406.0,0.3527889383037893,462159.0,2917999.0,294974.0,0.0,2675132.0,6170706.0,962714.0,293318.0,-476408.0,-0.08820769564042082,-769726.0,-0.142515987839244,315083.0,-1381421.0,-0.2557722857703602,-5888.0,-1375533.0,-0.2546821132461146,-0.24,-0.24,5864395.0,5864395.0,https://www.sec.gov/Archives/edgar/data/896493/000121465920006141/0001214659-20-006141-index.htm,https://www.sec.gov/Archives/edgar/data/896493/000121465920006141/s62620010q.htm,1620591248,16:14:08,20210509
3,2020-03-31,DPW,USD,2020-07-06,2020-05-29 17:25:18,Q1,5605434.0,3853435.0,1751999.0,0.3125536755940753,440626.0,2902902.0,338163.0,1440.718,4681691.0,8535126.0,1086163.0,380266.0,-2549426.0,-0.454813311511651,-2929692.0,-0.5226521264901166,-824174.0,-4839709.0,-0.8633959475751566,-5905.0,-6531548.0,-1.165217180328945,-1.44,-1.44,4533217.0,4533217.0,https://www.sec.gov/Archives/edgar/data/896493/000121465920006141/0001214659-20-006141-index.htm,https://www.sec.gov/Archives/edgar/data/896493/000121465920006141/s62620010q.htm,1620591248,16:14:08,20210509
4,2019-12-31,DPW,USD,2020-05-29,2020-05-29 17:25:18,Q4,7042867.0,6102251.0,940616.0,0.1335558374167793,452255.0,5086237.0,338628.0,0.0,9877120.0,15979371.0,1676007.0,1155582.0,-7780922.0,-1.1047946809161666,-8936504.0,-1.2688730313947432,-1941668.0,-11850063.0,-1.68256237126159,-15009.0,-11835054.0,-1.680431278909569,-2.6107406726834386,-2.6107406726834386,4533217.0,4533217.0,https://www.sec.gov/Archives/edgar/data/896493/000121465920005205/s51920110k.htm,https://www.sec.gov/Archives/edgar/data/896493/000121465920005205/s51920110k.htm,1620591248,16:14:08,20210509
5,2019-09-30,DPW,USD,2019-11-19 00:00:00,2019-11-19 17:17:06,Q3,6381663.0,4642526.0,1739137.0,0.2725209714145043,481902.0,4519641.0,392725.0,0.0,5394268.0,10036794.0,2954843.0,1147090.0,-2508041.0,-0.3930074339556946,-3655131.0,-0.572755252040103,-4634663.0,-10345991.0,-1.6212061025472515,-5140.0,-10340851.0,-1.6204006698567441,-6.47,-6.47,1599306.0,1599306.0,https://www.sec.gov/Archives/edgar/data/896493/000121465919007279/0001214659-19-007279-index.html,https://www.sec.gov/Archives/edgar/data/896493/000121465919007279/dpw111719110q.htm,1620591248,16:14:08,20210509
6,2019-06-30,DPW,USD,2019-08-19,2019-08-19 16:51:32,Q2,6148067.0,4589202.0,1558865.0,0.2535536779283635,471268.0,4634151.0,426113.0,0.0,5531532.0,10120734.0,532255.0,1193869.0,-2778798.0,-0.4519791342547178,-3972667.0,-0.6461652093251423,-539488.0,-4132873.0,-0.6722231556682775,-73976.0,-4058897.0,-0.6601907558912419,-5.0,-5.0,812355.0,812355.0,https://www.sec.gov/Archives/edgar/data/896493/000121465919005375/dpw81219110q.htm,https://www.sec.gov/Archives/edgar/data/896493/000121465919005375/dpw81219110q.htm,1620591248,16:14:08,20210509
7,2019-03-31,DPW,USD,2019-04-16 00:00:00,2019-04-16 17:21:00,Q1,6939043.0,5118313.0,1820730.0,0.26238920842542696,455678.0,5430966.0,474343.0,0.0,6360987.0,11479300.0,1262614.0,993603.0,-3546654.0,-0.5111157259005312,-4540257.0,-0.6543059323886593,-922323.0,-6725194.0,-0.9691817733367555,-14168.0,-6678610.0,-0.9624684556645635,-46.8,-46.8,142393.0,142393.0,https://www.sec.gov/Archives/edgar/data/896493/000121465919002759/0001214659-19-002759-index.html,https://www.sec.gov/Archives/edgar/data/896493/000121465919002759/dpw41019010k.htm,1620591248,16:14:08,20210509
8,2018-12-31,DPW,USD,2019-04-16,2019-04-16 17:21:00,Q4,6170219.0,5570658.0,599561.0,0.09717013285914163,386538.0,7144378.0,719790.0,0.0,8250706.0,13821364.0,4075344.0,1163905.0,-6487240.0,-1.0513792136065188,-7651145.0,-1.2400119023328022,-698311.0,-12424800.0,-2.013672448255078,-59599.0,-11834881.0,-1.9180649827826208,-83.11420505221464,-83.11420505221464,142393.0,142393.0,https://www.sec.gov/Archives/edgar/data/896493/000121465919002759/dpw41019010k.htm,https://www.sec.gov/Archives/edgar/data/896493/000121465919002759/dpw41019010k.htm,1620591248,16:14:08,20210509
9,2018-09-30,DPW,USD,2018-11-15 00:00:00,2018-11-15 17:15:18,Q3,8344000.0,6317000.0,2027000.0,0.24292905081495686,334000.0,5088000.0,791000.0,0.0,6213000.0,12530000.0,3359000.0,918000.0,-3268000.0,-0.3916586768935762,-4186000.0,-0.5016778523489933,-3000.0,-7548000.0,-0.9046021093000959,-23000.0,-7451000.0,-0.8929769894534996,-88.0,-88.0,84837.0,84837.0,https://www.sec.gov/Archives/edgar/data/896493/000121465918007191/0001214659-18-007191-index.html,https://www.sec.gov/Archives/edgar/data/896493/000121465918007191/dpw11101801q.htm,1620591248,16:14:08,20210509
10,2018-06-30,DPW,USD,2018-08-20 00:00:00,2018-08-20 17:05:13,Q2,7444000.0,6084000.0,1360000.0,0.1826974744760881,367000.0,4388000.0,775000.0,0.0,5530000.0,11614000.0,2887000.0,677000.0,-3493000.0,-0.46923696937130577,-4170000.0,-0.5601826974744761,70000.0,-6987000.0,-0.9386082751209027,10000.0,-6889000.0,-0.9254433100483611,-104.0,-104.0,67511.0,67511.0,https://www.sec.gov/Archives/edgar/data/896493/000121465918005630/0001214659-18-005630-index.html,https://www.sec.gov/Archives/edgar/data/896493/000121465918005630/dpw81018110q.htm,1620591248,16:14:08,20210509
11,2018-03-31,DPW,USD,2018-04-17 00:00:00,2018-04-17 17:17:59,Q1,5196000.0,3803000.0,1393000.0,0.2680908391070054,343000.0,3222000.0,725000.0,0.0,4290000.0,8093000.0,3132000.0,148000.0,-2749000.0,-0.5290608160123171,-2897000.0,-0.5575442648190916,-70000.0,-6099000.0,-1.1737875288683604,-4000.0,-6059000.0,-1.166089299461124,-136.0,-136.0,45886.0,45886.0,https://www.sec.gov/Archives/edgar/data/896493/000121465918002858/0001214659-18-002858-index.html,https://www.sec.gov/Archives/edgar/data/896493/000121465918002858/dpw33018010k.htm,1620591248,16:14:08,20210509
12,2017-12-31,DPW,USD,2018-04-17,2018-04-17 17:17:59,Q4,3505000.0,2189000.0,1316000.0,0.37546362339514977,322000.0,2752000.0,676000.0,0.0,3750000.0,5939000.0,0.0,121000.0,-2313000.0,-0.6599144079885877,-2434000.0,-0.6944365192582026,0.0,-6057000.0,-1.7281027104136948,-78000.0,-5916000.0,-1.6878744650499287,-128.92821339842217,-128.92821339842217,45886.0,45886.0,https://www.sec.gov/Archives/edgar/data/896493/000121465918002858/dpw33018010k.htm,https://www.sec.gov/Archives/edgar/data/896493/000121465918002858/dpw33018010k.htm,1620591248,16:14:08,20210509
13,2017-09-30,DPW,USD,2017-11-20 00:00:00,2017-11-20 17:08:36,Q3,3220000.0,2124000.0,1096000.0,0.3403726708074534,306000.0,1685000.0,423000.0,0.0,2414000.0,4538000.0,0.0,54000.0,-1264000.0,-0.39254658385093166,-1318000.0,-0.4093167701863354,0.0,-2071000.0,-0.643167701863354,0.0,-1967000.0,-0.6108695652173913,-120.0,-120.0,17181.0,17181.0,https://www.sec.gov/Archives/edgar/data/896493/000121465917006852/0001214659-17-006852-index.html,https://www.sec.gov/Archives/edgar/data/896493/000121465917006852/dp111517010q.htm,1620591248,16:14:08,20210509
14,2017-06-30,DPW,USD,2017-08-21 00:00:00,2017-08-21 16:38:17,Q2,1822000.0,1092000.0,730000.0,0.40065861690450055,265000.0,1582000.0,327000.0,0.0,2174000.0,3266000.0,0.0,47000.0,-1397000.0,-0.7667398463227223,-1444000.0,-0.7925356750823271,0.0,-1851000.0,-1.0159165751920967,0.0,-1739000.0,-0.9544456641053787,-160.0,-160.0,13084.0,13084.0,https://www.sec.gov/Archives/edgar/data/896493/000121465917005231/0001214659-17-005231-index.html,https://www.sec.gov/Archives/edgar/data/896493/000121465917005231/dp81517010q.htm,1620591248,16:14:08,20210509
15,2017-03-31,DPW,USD,2017-04-10 00:00:00,2017-04-10 17:10:57,Q1,1628000.0,920000.0,708000.0,0.4348894348894349,227000.0,973000.0,295000.0,0.0,1495000.0,2415000.0,0.0,33000.0,-754000.0,-0.4631449631449631,-787000.0,-0.4834152334152334,0.0,-994000.0,-0.6105651105651105,0.0,-994000.0,-0.6105651105651105,-96.0,-96.0,10478.0,10478.0,https://www.sec.gov/Archives/edgar/data/896493/000143774917006372/0001437749-17-006372-index.html,https://www.sec.gov/Archives/edgar/data/896493/000143774917006372/dpw20161231_10k.htm,1620591248,16:14:08,20210509
16,2016-12-31,DPW,USD,2017-04-10,2017-04-10 17:10:57,Q4,1993000.0,1364000.0,629000.0,0.3156046161565479,198000.0,1185000.0,193000.0,0.0,1576000.0,2940000.0,0.0,38000.0,-909000.0,-0.45609633718013043,-947000.0,-0.47516307074761666,-8000.0,-955000.0,-0.479177119919719,2000.0,-957000.0,-0.4801806322127446,-104.0,-104.0,9202.0,9202.0,https://www.sec.gov/Archives/edgar/data/896493/000143774917006372/dpw20161231_10k.htm,https://www.sec.gov/Archives/edgar/data/896493/000143774917006372/dpw20161231_10k.htm,1620591248,16:14:08,20210509
17,2016-09-30,DPW,USD,2016-11-14 00:00:00,2016-11-14 17:13:37,Q3,1826000.0,1123000.0,703000.0,0.3849945235487404,147000.0,404000.0,235000.0,0.0,786000.0,1909000.0,0.0,39000.0,-44000.0,-0.024096385542168676,-83000.0,-0.045454545454545456,0.0,-60000.0,-0.03285870755750274,-22000.0,-38000.0,-0.0208105147864184,-8.0,-8.0,8469.0,8469.0,https://www.sec.gov/Archives/edgar/data/896493/000143774916042099/0001437749-16-042099-index.html,https://www.sec.gov/Archives/edgar/data/896493/000143774916042099/dpw20160901_10q.htm,1620591248,16:14:08,20210509
18,2016-06-30,DPW,USD,2016-08-15,2016-08-15 16:18:29,Q2,2064000.0,1310000.0,754000.0,0.3653100775193798,170000.0,340000.0,233000.0,0.0,743000.0,2053000.0,0.0,44000.0,55000.0,0.026647286821705425,11000.0,0.005329457364341085,0.0,66000.0,0.03197674418604651,0.0,66000.0,0.03197674418604651,8.0,8.0,8469.0,8469.0,https://www.sec.gov/Archives/edgar/data/896493/000143774916037476/dpw20160531_10q.htm,https://www.sec.gov/Archives/edgar/data/896493/000143774916037476/dpw20160531_10q.htm,1620591248,16:14:08,20210509
19,2016-03-31,DPW,USD,2016-05-16 00:00:00,2016-05-16 17:02:53,Q1,1713000.0,1093000.0,620000.0,0.3619381202568593,194000.0,371000.0,255000.0,0.0,820000.0,1913000.0,0.0,40000.0,-160000.0,-0.09340338587273789,-200000.0,-0.11675423234092236,0.0,-193000.0,-0.11266783420899007,0.0,-193000.0,-0.11266783420899007,-24.0,-24.0,8469.0,8469.0,https://www.sec.gov/Archives/edgar/data/896493/000143774916032049/0001437749-16-032049-index.html,https://www.sec.gov/Archives/edgar/data/896493/000143774916032049/dpw20160401_10q.htm,1620591248,16:14:08,20210509
20,2015-12-31,DPW,USD,2016-03-30 00:00:00,2016-03-30 15:59:05,Q4,2304000.0,1585000.0,719000.0,0.3120659722222222,231000.0,348000.0,360000.0,0.0,939000.0,2524000.0,0.0,40000.0,-180000.0,-0.078125,-220000.0,-0.0954861111111111,12000.0,-226000.0,-0.09809027777777778,-1000.0,-225000.0,-0.09765625,-26.56748140276302,-26.56748140276302,8469.0,8469.0,https://www.sec.gov/Archives/edgar/data/896493/000143774916028665/0001437749-16-028665-index.html,https://www.sec.gov/Archives/edgar/data/896493/000143774916028665/dpw20151119_10k.htm,1620591248,16:14:08,20210509
21,2015-09-30,DPW,USD,2015-11-16 00:00:00,2015-11-16 17:02:35,Q3,1415000.0,935000.0,480000.0,0.3392226148409894,203000.0,378000.0,316000.0,0.0,897000.0,1832000.0,0.0,55000.0,-362000.0,-0.2558303886925795,-417000.0,-0.29469964664310955,0.0,-396000.0,-0.27985865724381626,0.0,-396000.0,-0.27985865724381626,-47.2,-47.2,8469.0,8469.0,https://www.sec.gov/Archives/edgar/data/896493/000143774915020972/0001437749-15-020972-index.html,https://www.sec.gov/Archives/edgar/data/896493/000143774915020972/dpw20150930_10q.htm,1620591248,16:14:08,20210509
22,2015-06-30,DPW,USD,2015-08-12 00:00:00,2015-08-12 16:39:33,Q2,2151000.0,1350000.0,801000.0,0.3723849372384937,226000.0,463000.0,259000.0,0.0,948000.0,2298000.0,0.0,61000.0,-86000.0,-0.0399814039981404,-147000.0,-0.06834030683403068,-56000.0,-271000.0,-0.12598791259879125,0.0,-271000.0,-0.12598791259879125,-32.0,-32.0,8469.0,8469.0,https://www.sec.gov/Archives/edgar/data/896493/000143774915015631/0001437749-15-015631-index.html,https://www.sec.gov/Archives/edgar/data/896493/000143774915015631/dpw20150630_10q.htm,1620591248,16:14:08,20210509
23,2015-03-31,DPW,USD,2015-05-15 00:00:00,2015-05-15 08:00:06,Q1,1896000.0,1183000.0,713000.0,0.3760548523206751,234000.0,438000.0,260000.0,0.0,932000.0,2115000.0,0.0,58000.0,-161000.0,-0.084915611814346,-219000.0,-0.11550632911392406,-50000.0,-204000.0,-0.10759493670886076,0.0,-204000.0,-0.10759493670886076,-24.0,-24.0,8469.0,8469.0,https://www.sec.gov/Archives/edgar/data/896493/000143774915010244/0001437749-15-010244-index.html,https://www.sec.gov/Archives/edgar/data/896493/000143774915010244/dpw20150331_10q.htm,1620591248,16:14:08,20210509
24,2014-12-31,DPW,USD,2015-03-27,2015-03-27 17:24:59,Q4,2112000.0,1416000.0,696000.0,0.32954545454545453,225000.0,507000.0,324000.0,0.0,1056000.0,2472000.0,0.0,63000.0,-297000.0,-0.140625,-360000.0,-0.17045454545454544,-138000.0,-498000.0,-0.23579545454545456,1000.0,-499000.0,-0.2362689393939394,-58.92076986657221,-58.92076986657221,8469.0,8469.0,https://www.sec.gov/Archives/edgar/data/896493/000143774915006253/dpw20141231_10k.htm,https://www.sec.gov/Archives/edgar/data/896493/000143774915006253/dpw20141231_10k.htm,1620591248,16:14:08,20210509
25,2014-09-30,DPW,USD,2014-11-13 00:00:00,2014-11-13 16:53:48,Q3,2231000.0,1485000.0,746000.0,0.3343792021515016,197000.0,435000.0,292000.0,0.0,924000.0,2409000.0,0.0,61000.0,-117000.0,-0.05244285073957866,-178000.0,-0.07978484984311968,0.0,-150000.0,-0.06723442402510085,0.0,-150000.0,-0.06723442402510085,-17.6,-17.6,8478.0,8478.0,https://www.sec.gov/Archives/edgar/data/896493/000143774914020684/0001437749-14-020684-index.html,https://www.sec.gov/Archives/edgar/data/896493/000143774914020684/dpw20140930_10q.htm,1620591248,16:14:08,20210509
26,2014-06-30,DPW,USD,2014-08-13 00:00:00,2014-08-13 16:51:39,Q2,2642000.0,1559000.0,1083000.0,0.4099167297501892,211000.0,391000.0,330000.0,0.0,932000.0,2491000.0,0.0,60000.0,211000.0,0.07986373959121877,151000.0,0.05715367146101438,0.0,149000.0,0.05639666919000757,0.0,149000.0,0.05639666919000757,17.49031576476112,17.43709771796372,8519.0,8545.0,https://www.sec.gov/Archives/edgar/data/896493/000143774914015296/0001437749-14-015296-index.html,https://www.sec.gov/Archives/edgar/data/896493/000143774914015296/dpw20140630_10q.htm,1620591248,16:14:08,20210509
27,2014-03-31,DPW,USD,2014-05-13 00:00:00,2014-05-13 12:39:22,Q1,2037000.0,1275000.0,762000.0,0.374079528718704,183000.0,422000.0,312000.0,0.0,917000.0,2192000.0,0.0,61000.0,-94000.0,-0.046146293568973984,-155000.0,-0.07609229258713794,-3000.0,-158000.0,-0.07756504663721159,0.0,-158000.0,-0.07756504663721159,-18.477371067711378,-18.44286214544181,8551.0,8567.0,https://www.sec.gov/Archives/edgar/data/896493/000143774914008821/0001437749-14-008821-index.html,https://www.sec.gov/Archives/edgar/data/896493/000143774914008821/dpw20140331_10q.htm,1620591248,16:14:08,20210509
28,2013-12-31,DPW,USD,2014-03-28,2014-03-28 08:39:13,Q4,2267000.0,1501000.0,766000.0,0.3378914865460962,195000.0,476000.0,268000.0,0.0,939000.0,2440000.0,0.0,56000.0,-117000.0,-0.05161005734450816,-173000.0,-0.07631230701367446,-116000.0,-358000.0,-0.15791795324217026,3000.0,-361000.0,-0.15924128804587562,-42.21728452812537,-42.21728452812537,8551.0,8551.0,https://www.sec.gov/Archives/edgar/data/896493/000143774914005312/dpw20131231_10k.htm,https://www.sec.gov/Archives/edgar/data/896493/000143774914005312/dpw20131231_10k.htm,1620591248,16:14:08,20210509
29,2013-09-30,DPW,USD,2013-11-13 00:00:00,2013-11-13 12:58:12,Q3,2087000.0,1398000.0,689000.0,0.33013895543842836,224000.0,429000.0,270000.0,0.0,923000.0,2321000.0,0.0,52000.0,-182000.0,-0.08720651653090561,-234000.0,-0.11212266411116435,-18000.0,-252000.0,-0.12074748442740776,0.0,-252000.0,-0.12074748442740776,-29.6,-29.6,8566.0,8566.0,https://www.sec.gov/Archives/edgar/data/896493/000143774913014582/0001437749-13-014582-index.html,https://www.sec.gov/Archives/edgar/data/896493/000143774913014582/dpw20130930_10q.htm,1620591248,16:14:08,20210509
30,2013-06-30,DPW,USD,2013-08-19 00:00:00,2013-08-19 15:41:13,Q2,2227000.0,1341000.0,886000.0,0.39784463403682085,177000.0,376000.0,257000.0,0.0,810000.0,2151000.0,0.0,49000.0,125000.0,0.05612932195779075,76000.0,0.03412662775033678,-201000.0,-125000.0,-0.05612932195779075,0.0,-125000.0,-0.05612932195779075,-14.4,-14.4,8566.0,8566.0,https://www.sec.gov/Archives/edgar/data/896493/000143774913011064/0001437749-13-011064-index.html,https://www.sec.gov/Archives/edgar/data/896493/000143774913011064/dpw20130630_10q.htm,1620591248,16:14:08,20210509
31,2013-03-31,DPW,USD,2013-05-20 00:00:00,2013-05-20 14:21:22,Q1,2189000.0,1361000.0,828000.0,0.3782549109182275,172000.0,375000.0,267000.0,0.0,814000.0,2175000.0,0.0,49000.0,63000.0,0.028780264961169484,14000.0,0.006395614435815441,93000.0,107000.0,0.048880767473732295,0.0,107000.0,0.048880767473732295,12.491244454821388,12.489786389634645,8566.0,8567.0,https://www.sec.gov/Archives/edgar/data/896493/000143774913006417/0001437749-13-006417-index.html,https://www.sec.gov/Archives/edgar/data/896493/000143774913006417/dpw_10q-033113.htm,1620591248,16:14:08,20210509
32,2012-12-31,DPW,USD,2013-03-29 00:00:00,2013-03-29 16:54:25,Q4,1728000.0,1112000.0,616000.0,0.35648148148148145,191000.0,556000.0,307000.0,0.0,1054000.0,2166000.0,0.0,59000.0,-379000.0,-0.2193287037037037,-438000.0,-0.2534722222222222,5000.0,-433000.0,-0.2505787037037037,-18000.0,-415000.0,-0.24016203703703703,-48.44734998832594,-48.44734998832594,8566.0,8566.0,https://www.sec.gov/Archives/edgar/data/896493/000143774913003708/0001437749-13-003708-index.html,https://www.sec.gov/Archives/edgar/data/896493/000143774913003708/dpw_10k-123112.htm,1620591248,16:14:08,20210509
33,2012-09-30,DPW,USD,2012-11-20 00:00:00,2012-11-20 11:53:10,Q3,1679000.0,1037000.0,642000.0,0.3823704586063133,191000.0,424000.0,270000.0,0.0,885000.0,1922000.0,0.0,50000.0,-193000.0,-0.11494937462775462,-243000.0,-0.14472900536033353,0.0,-459000.0,-0.2733770101250744,8000.0,-467000.0,-0.27814175104228706,-54.44159477733737,-53.88254297911619,8578.0,8667.0,https://www.sec.gov/Archives/edgar/data/896493/000143774912012001/0001437749-12-012001-index.html,https://www.sec.gov/Archives/edgar/data/896493/000143774912012001/dpc_10q-093012.htm,1620591248,16:14:08,20210509
34,2012-06-30,DPW,USD,2012-08-14 00:00:00,2012-08-14 17:21:05,Q2,2942000.0,1666000.0,1276000.0,0.433718558803535,160000.0,393000.0,252000.0,0.0,805000.0,2471000.0,0.0,50000.0,521000.0,0.1770904146838885,471000.0,0.1600951733514616,0.0,478000.0,0.16247450713800135,0.0,478000.0,0.16247450713800135,56.0,55.2,8566.0,8674.0,https://www.sec.gov/Archives/edgar/data/896493/000143774912008513/0001437749-12-008513-index.html,https://www.sec.gov/Archives/edgar/data/896493/000143774912008513/dpc_10q-063012.htm,1620591248,16:14:08,20210509
35,2012-03-31,DPW,USD,2012-04-03 00:00:00,2012-04-03 16:57:18,Q1,2240000.0,1313000.0,927000.0,0.4138392857142857,162000.0,411000.0,238000.0,0.0,811000.0,2124000.0,29000.0,49000.0,165000.0,0.07366071428571429,116000.0,0.05178571428571429,0.0,87000.0,0.038839285714285715,12000.0,75000.0,0.033482142857142856,8.759635599159076,8.504365574328155,8562.0,8819.0,https://www.sec.gov/Archives/edgar/data/896493/000143774912003297/0001437749-12-003297-index.html,https://www.sec.gov/Archives/edgar/data/896493/000143774912003297/digipower_10k-123111.htm,1620591248,16:14:08,20210509
36,2011-12-31,DPW,USD,2012-04-03,2012-04-03 16:57:18,Q4,2057000.0,1153000.0,904000.0,0.4394749635391347,175000.0,416000.0,245000.0,0.0,836000.0,1989000.0,0.0,44000.0,112000.0,0.05444822557122023,68000.0,0.03305785123966942,0.0,89000.0,0.04326689353427322,-8000.0,97000.0,0.04715605250364609,11.329128708245737,11.329128708245737,8562.0,8562.0,https://www.sec.gov/Archives/edgar/data/896493/000143774912003297/digipower_10k-123111.htm,https://www.sec.gov/Archives/edgar/data/896493/000143774912003297/digipower_10k-123111.htm,1620591248,16:14:08,20210509
37,2011-09-30,DPW,USD,2011-11-14 00:00:00,2011-11-14 09:02:44,Q3,3024000.0,1811000.0,1213000.0,0.4011243386243386,186000.0,303000.0,250000.0,0.0,739000.0,2550000.0,0.0,44000.0,518000.0,0.1712962962962963,474000.0,0.15674603174603174,0.0,488000.0,0.16137566137566137,39000.0,449000.0,0.148478835978836,53.6,51.2,8414.0,8594.0,https://www.sec.gov/Archives/edgar/data/896493/000143774911008475/0001437749-11-008475-index.html,https://www.sec.gov/Archives/edgar/data/896493/000143774911008475/digitalpower_10q-093011.htm,1620591248,16:14:08,20210509
38,2011-06-30,DPW,USD,2011-08-15 00:00:00,2011-08-15 14:27:53,Q2,3172000.0,1879000.0,1293000.0,0.40762925598991173,202000.0,433000.0,239000.0,0.0,874000.0,2753000.0,2000.0,42000.0,461000.0,0.1453341740226986,419000.0,0.13209331651954603,0.0,417000.0,0.13146279949558637,9000.0,408000.0,0.12862547288776796,48.8,46.4,8388.0,8713.0,https://www.sec.gov/Archives/edgar/data/896493/000143774911005995/0001437749-11-005995-index.html,https://www.sec.gov/Archives/edgar/data/896493/000143774911005995/digitalpower_10q-063011.htm,1620591248,16:14:08,20210509
39,2011-03-31,DPW,USD,2011-05-13 00:00:00,2011-05-13 14:40:16,Q1,2978000.0,1872000.0,1106000.0,0.37139019476158497,186000.0,449000.0,275000.0,0.0,910000.0,2782000.0,0.0,39000.0,235000.0,0.07891202149093351,196000.0,0.06581598388179986,0.0,171000.0,0.05742108797850907,1000.0,170000.0,0.05708529214237743,20.0,19.2,8373.0,8726.0,https://www.sec.gov/Archives/edgar/data/896493/000114420411029018/0001144204-11-029018-index.html,https://www.sec.gov/Archives/edgar/data/896493/000114420411029018/v222375_10q.htm,1620591248,16:14:08,20210509
40,2010-12-31,DPW,USD,2011-03-30,2011-03-29 20:42:53,Q4,3072000.0,2100000.0,972000.0,0.31640625,132000.0,402000.0,273000.0,0.0,807000.0,2907000.0,0.0,52000.0,217000.0,0.07063802083333333,165000.0,0.0537109375,0.0,0.0,0.0,0.0,213000.0,0.0693359375,25.438910784664994,25.438910784664994,8373.0,8373.0,https://www.sec.gov/Archives/edgar/data/896493/000114420411018077/v216521_10k.htm,https://www.sec.gov/Archives/edgar/data/896493/000114420411018077/v216521_10k.htm,1620591248,16:14:08,20210509
41,2010-09-30,DPW,USD,2010-11-05 00:00:00,2010-11-05 17:23:20,Q3,3186000.0,2036000.0,1150000.0,0.36095417451349654,161000.0,354000.0,253000.0,0.0,768000.0,2804000.0,0.0,8000.0,390000.0,0.1224105461393597,382000.0,0.11989956057752668,0.0,0.0,0.0,0.0,303000.0,0.0951035781544256,36.296118830857694,35.72270690874794,8348.0,8482.0,https://www.sec.gov/Archives/edgar/data/896493/000114420410058002/0001144204-10-058002-index.html,https://www.sec.gov/Archives/edgar/data/896493/000114420410058002/v201242_10q.htm,1620591248,16:14:08,20210509
42,2010-06-30,DPW,USD,2010-08-13 00:00:00,2010-08-13 16:12:46,Q2,2171000.0,1302000.0,869000.0,0.4002763703362506,96000.0,363000.0,290000.0,0.0,749000.0,2051000.0,0.0,13000.0,133000.0,0.06126209120221096,120000.0,0.055274067250115154,0.0,0.0,0.0,0.0,103000.0,0.04744357438968217,12.345679012345679,12.131919905771495,8343.0,8490.0,https://www.sec.gov/Archives/edgar/data/896493/000114420410043649/0001144204-10-043649-index.html,https://www.sec.gov/Archives/edgar/data/896493/000114420410043649/v193738_10q.htm,1620591248,16:14:08,20210509
43,2010-03-31,DPW,USD,2010-05-13 00:00:00,2010-05-13 16:47:25,Q1,1967000.0,1286000.0,681000.0,0.3462125063548551,172000.0,367000.0,314000.0,0.0,853000.0,2139000.0,0.0,17000.0,-155000.0,-0.0788002033553635,-172000.0,-0.08744280630401627,0.0,0.0,0.0,0.0,-132000.0,-0.06710726995424504,-15.2,-15.2,8285.0,8285.0,https://www.sec.gov/Archives/edgar/data/896493/000114420410026925/0001144204-10-026925-index.html,https://www.sec.gov/Archives/edgar/data/896493/000114420410026925/v184836_10q.htm,1620591248,16:14:08,20210509
44,2009-12-31,DPW,USD,2010-03-25 00:00:00,2010-03-25 17:19:10,Q4,2435000.0,1577000.0,858000.0,0.35236139630390145,151000.0,389000.0,312000.0,0.0,852000.0,2429000.0,0.0,41000.0,47000.0,0.019301848049281315,6000.0,0.0024640657084188913,-16000.0,37000.0,0.015195071868583163,31000.0,6000.0,0.0024640657084188913,0.724200362100181,0.724200362100181,8285.0,8285.0,https://www.sec.gov/Archives/edgar/data/896493/000114420410015683/0001144204-10-015683-index.html,https://www.sec.gov/Archives/edgar/data/896493/000114420410015683/v178639_10k.htm,1620591248,16:14:08,20210509
45,2009-09-30,DPW,USD,2009-11-16 00:00:00,2009-11-16 17:29:38,Q3,1708000.0,1196000.0,512000.0,0.2997658079625293,136000.0,357000.0,250000.0,0.0,743000.0,1939000.0,0.0,-8000.0,-239000.0,-0.13992974238875877,-231000.0,-0.13524590163934427,0.0,-205000.0,-0.12002341920374707,0.0,-205000.0,-0.12002341920374707,-24.8,-24.8,8276.0,8276.0,https://www.sec.gov/Archives/edgar/data/896493/000114420409060131/0001144204-09-060131-index.html,https://www.sec.gov/Archives/edgar/data/896493/000114420409060131/v166713_10q.htm,1620591248,16:14:08,20210509
46,2009-06-30,DPW,USD,2009-08-14 00:00:00,2009-08-14 14:57:25,Q2,2095000.0,1385000.0,710000.0,0.33890214797136037,133000.0,331000.0,265000.0,0.0,729000.0,2114000.0,0.0,38000.0,19000.0,0.009069212410501194,-19000.0,-0.009069212410501194,0.0,-118000.0,-0.05632458233890215,0.0,-118000.0,-0.05632458233890215,-14.4,-14.4,8270.0,8270.0,https://www.sec.gov/Archives/edgar/data/896493/000114420409043528/0001144204-09-043528-index.html,https://www.sec.gov/Archives/edgar/data/896493/000114420409043528/v157949_10q.htm,1620591248,16:14:08,20210509
47,2009-03-31,DPW,USD,2009-05-14 00:00:00,2009-05-14 17:19:59,Q1,2421000.0,1490000.0,931000.0,0.38455183808343657,136000.0,334000.0,319000.0,0.0,789000.0,2279000.0,0.0,26000.0,168000.0,0.06939281288723669,142000.0,0.05865344898802148,0.0,0.0,0.0,0.0,169000.0,0.0698058653448988,20.437779658967226,20.208059308860456,8269.0,8363.0,https://www.sec.gov/Archives/edgar/data/896493/000114420409026673/0001144204-09-026673-index.html,https://www.sec.gov/Archives/edgar/data/896493/000114420409026673/v149589_10q.htm,1620591248,16:14:08,20210509
48,2008-12-31,DPW,USD,2009-03-30 00:00:00,2009-03-30 17:24:51,Q4,2559000.0,1783000.0,776000.0,0.30324345447440404,162000.0,565000.0,0.0,0.0,727000.0,2510000.0,0.0,25000.0,74000.0,0.028917545916373584,49000.0,0.019148104728409537,97000.0,114000.0,0.044548651817116064,0.0,142000.0,0.05549042594763579,17.172572257830453,17.172572257830453,8269.0,8269.0,https://www.sec.gov/Archives/edgar/data/896493/000114420409017124/0001144204-09-017124-index.html,https://www.sec.gov/Archives/edgar/data/896493/000114420409017124/v144392_10k.htm,1620591248,16:14:08,20210509
49,2008-09-30,DPW,USD,2008-11-14 00:00:00,2008-11-14 16:43:01,Q3,2825000.0,1761000.0,1064000.0,0.3766371681415929,158000.0,606000.0,0.0,0.0,764000.0,2525000.0,0.0,23000.0,323000.0,0.11433628318584071,300000.0,0.10619469026548672,0.0,362000.0,0.12814159292035399,0.0,362000.0,0.12814159292035399,44.0,43.2,8227.0,8380.0,https://www.sec.gov/Archives/edgar/data/896493/000114420408064510/0001144204-08-064510-index.html,https://www.sec.gov/Archives/edgar/data/896493/000114420408064510/v132257_10q.htm,1620591248,16:14:08,20210509
50,2008-06-30,DPW,USD,2008-08-14 00:00:00,2008-08-14 17:23:06,Q2,3347000.0,2488000.0,859000.0,0.25664774424858083,142000.0,511000.0,0.0,0.0,653000.0,3141000.0,0.0,21000.0,227000.0,0.06782193008664476,206000.0,0.061547654616074095,0.0,215000.0,0.06423662981774723,0.0,215000.0,0.06423662981774723,25.6,24.8,8269.0,8481.0,https://www.sec.gov/Archives/edgar/data/896493/000114420408047549/0001144204-08-047549-index.html,https://www.sec.gov/Archives/edgar/data/896493/000114420408047549/v123719_10q.htm,1620591248,16:14:08,20210509
51,2008-03-31,DPW,USD,2008-05-15 00:00:00,2008-05-15 16:17:48,Q1,3169000.0,2345000.0,824000.0,0.26001893341748183,160000.0,829000.0,0.0,0.0,989000.0,3334000.0,0.0,25000.0,-140000.0,-0.044177974124329444,-165000.0,-0.052066898075102556,0.0,0.0,0.0,0.0,-161000.0,-0.050804670242978855,-19.2,-19.2,8385.0,8385.0,https://www.sec.gov/Archives/edgar/data/896493/000114420408029708/0001144204-08-029708-index.html,https://www.sec.gov/Archives/edgar/data/896493/000114420408029708/v114706_10q.htm,1620591248,16:14:08,20210509
52,2007-12-31,DPW,USD,2008-03-31,2008-03-31 16:54:19,Q4,3851000.0,2873000.0,978000.0,0.2539600103869125,141000.0,631000.0,0.0,0.0,772000.0,3645000.0,0.0,24000.0,230000.0,0.05972474681900805,206000.0,0.05349259932485069,0.0,237000.0,0.061542456504803944,2000.0,235000.0,0.06102311088029083,28.02623732856291,28.02623732856291,8385.0,8385.0,https://www.sec.gov/Archives/edgar/data/896493/000114420408019245/v108898_10ksb.htm,https://www.sec.gov/Archives/edgar/data/896493/000114420408019245/v108898_10ksb.htm,1620591248,16:14:08,20210509
53,2007-09-30,DPW,USD,2007-11-15,2007-11-15 16:36:24,Q3,3028000.0,2238000.0,790000.0,0.2608982826948481,185000.0,583000.0,0.0,0.0,768000.0,3006000.0,0.0,24000.0,46000.0,0.015191545574636724,22000.0,0.00726552179656539,0.0,29000.0,0.009577278731836196,-12000.0,41000.0,0.013540290620871863,4.8,4.8,8542.0,8542.0,https://www.sec.gov/Archives/edgar/data/896493/000114420407062263/v094448_10qsb.htm,https://www.sec.gov/Archives/edgar/data/896493/000114420407062263/v094448_10qsb.htm,1620591248,16:14:08,20210509
54,2007-06-30,DPW,USD,2007-08-15,2007-08-15 16:43:38,Q2,2536000.0,1972000.0,564000.0,0.222397476340694,181000.0,583000.0,0.0,0.0,764000.0,2736000.0,0.0,15000.0,-185000.0,-0.07294952681388013,-200000.0,-0.07886435331230283,0.0,-187000.0,-0.07373817034700315,9000.0,-196000.0,-0.07728706624605679,-24.0,-24.0,8167.0,8167.0,https://www.sec.gov/Archives/edgar/data/896493/000127528707001590/dp9462.htm,https://www.sec.gov/Archives/edgar/data/896493/000127528707001590/dp9462.htm,1620591248,16:14:08,20210509
55,2007-03-31,DPW,USD,2007-03-31,2007-03-31,Q1,2742000.0,1967000.0,775000.0,0.2826404084609774,221000.0,529000.0,0.0,0.0,750000.0,2717000.0,0.0,19000.0,44000.0,0.016046681254558718,25000.0,0.00911743253099927,0.0,0.0,0.0,0.0,41000.0,0.014952589350838803,4.8,4.8,8542.0,8542.0,,,1620591248,16:14:08,20210509
56,2006-12-31,DPW,USD,2007-04-02,2007-03-30 19:38:42,Q4,3186000.0,2455000.0,731000.0,0.22944130571249216,181000.0,577000.0,0.0,0.0,758000.0,3213000.0,0.0,18000.0,-9000.0,-0.002824858757062147,-27000.0,-0.00847457627118644,0.0,0.0,0.0,0.0,2000.0,0.0006277463904582549,0.23413720440177943,0.23413720440177943,8542.0,8542.0,https://www.sec.gov/Archives/edgar/data/896493/000127528707001590/dp9462.htm,https://www.sec.gov/Archives/edgar/data/896493/000127528707001590/dp9462.htm,1620591248,16:14:08,20210509
57,2006-09-30,DPW,USD,2006-11-15,2006-11-15 17:06:46,Q3,3404000.0,2496000.0,908000.0,0.26674500587544064,172000.0,659000.0,0.0,0.0,831000.0,3327000.0,2000.0,18000.0,95000.0,0.02790834312573443,77000.0,0.02262044653349001,0.0,0.0,0.0,0.0,75000.0,0.022032902467685075,8.8,8.8,8523.0,8523.0,https://www.sec.gov/Archives/edgar/data/896493/000127528706006097/dp7967.htm,https://www.sec.gov/Archives/edgar/data/896493/000127528706006097/dp7967.htm,1620591248,16:14:08,20210509
58,2006-06-30,DPW,USD,2006-08-15,2006-08-15 13:02:45,Q2,3333000.0,2472000.0,861000.0,0.2583258325832583,172000.0,661000.0,0.0,0.0,833000.0,3305000.0,11000.0,19000.0,47000.0,0.014101410141014101,28000.0,0.0084008400840084,0.0,0.0,0.0,0.0,17000.0,0.0051005100510051,2.4,1.6,7083.0,10625.0,https://www.sec.gov/Archives/edgar/data/896493/000127528706004434/dp6840.htm,https://www.sec.gov/Archives/edgar/data/896493/000127528706004434/dp6840.htm,1620591248,16:14:08,20210509
59,2006-03-31,DPW,USD,2006-05-16,2006-05-16 10:55:46,Q1,2708000.0,1926000.0,782000.0,0.28877400295420974,138000.0,606000.0,0.0,0.0,744000.0,2670000.0,1000.0,20000.0,58000.0,0.02141802067946824,38000.0,0.014032496307237814,0.0,37000.0,0.013663220088626292,0.0,37000.0,0.013663220088626292,4.8,4.8,7708.0,7708.0,https://www.sec.gov/Archives/edgar/data/896493/000127528706002828/dp5894.htm,https://www.sec.gov/Archives/edgar/data/896493/000127528706002828/dp5894.htm,1620591248,16:14:08,20210509
60,2005-12-31,DPW,USD,2005-12-31,2005-12-31,Q4,3669000.0,2647000.0,1022000.0,0.2785500136276915,210000.0,625000.0,0.0,0.0,835000.0,3482000.0,0.0,39000.0,226000.0,0.061597165440174434,187000.0,0.050967566094303626,-1000.0,186000.0,0.050695012264922325,0.0,186000.0,0.050695012264922325,24.130773222625844,24.130773222625844,7708.0,7708.0,,,1620591248,16:14:08,20210509
61,2005-09-30,DPW,USD,2005-09-30,2005-09-30,Q3,2969000.0,2120000.0,849000.0,0.2859548669585719,151000.0,587000.0,0.0,0.0,738000.0,2858000.0,0.0,18000.0,129000.0,0.0434489727180869,111000.0,0.03738632536207477,1000.0,0.0,0.0,0.0,112000.0,0.037723139104075445,14.541677486367178,14.490878509509638,7702.0,7729.0,,,1620591248,16:14:08,20210509
62,2005-06-30,DPW,USD,2005-06-30,2005-06-30,Q2,2283000.0,1644000.0,639000.0,0.27989487516425754,98000.0,553000.0,0.0,0.0,728000.0,2372000.0,77000.0,24000.0,-65000.0,-0.02847130968024529,-89000.0,-0.03898379325448971,77000.0,-89000.0,-0.03898379325448971,0.0,-89000.0,-0.03898379325448971,-8.0,-8.0,7702.0,7702.0,,,1620591248,16:14:08,20210509
63,2005-03-31,DPW,USD,2005-03-31,2005-03-31,Q1,1935000.0,1326000.0,609000.0,0.3147286821705426,125000.0,656000.0,0.0,0.0,781000.0,2107000.0,11000.0,22000.0,-150000.0,-0.07751937984496124,-172000.0,-0.08888888888888889,0.0,-183000.0,-0.09457364341085271,0.0,-183000.0,-0.09457364341085271,-24.0,-24.0,7702.0,7702.0,,,1620591248,16:14:08,20210509
64,2004-12-31,DPW,USD,2005-06-29,2005-06-29,Q4,2555000.0,2187000.0,368000.0,0.14403131115459883,175000.0,716000.0,0.0,0.0,891000.0,3078000.0,0.0,37000.0,-486000.0,-0.19021526418786694,-523000.0,-0.20469667318982387,56000.0,-467000.0,-0.1827788649706458,0.0,-442000.0,-0.17299412915851273,-57.38769150869904,-57.38769150869904,7702.0,7702.0,https://www.sec.gov/Archives/edgar/data/896493/000100127705000442/0001001277-05-000442-index.htm,https://www.sec.gov/Archives/edgar/data/896493/000100127705000442/for123104.txt,1620591248,16:14:08,20210509
65,2004-09-30,DPW,USD,2004-09-30,2004-09-30,Q3,2190000.0,1669000.0,521000.0,0.23789954337899544,157000.0,581000.0,0.0,0.0,738000.0,2407000.0,0.0,29000.0,-188000.0,-0.08584474885844749,-217000.0,-0.09908675799086758,-13000.0,-230000.0,-0.1050228310502283,0.0,-230000.0,-0.1050228310502283,-32.0,-32.0,7651.0,7651.0,,,1620591248,16:14:08,20210509
66,2004-06-30,DPW,USD,2004-06-30,2004-06-30,Q2,2139000.0,1611000.0,528000.0,0.24684431977559607,155000.0,594000.0,0.0,0.0,749000.0,2360000.0,30000.0,25000.0,-196000.0,-0.09163160355306219,-221000.0,-0.10331930808789154,0.0,-251000.0,-0.11734455352968677,0.0,-251000.0,-0.11734455352968677,-32.0,-32.0,7148.0,7148.0,,,1620591248,16:14:08,20210509
67,2004-03-31,DPW,USD,2004-03-31,2004-03-31,Q1,1829000.0,1393000.0,436000.0,0.2383816293056315,137000.0,583000.0,0.0,0.0,720000.0,2113000.0,0.0,25000.0,-259000.0,-0.14160743575724438,-284000.0,-0.15527610716238383,0.0,-252000.0,-0.13778020776380537,0.0,-252000.0,-0.13778020776380537,-32.0,-32.0,7079.0,7079.0,,,1620591248,16:14:08,20210509
68,2003-12-31,DPW,USD,2003-12-31,2003-12-31,Q4,2031000.0,1491000.0,540000.0,0.2658788774002954,174000.0,772000.0,0.0,0.0,946000.0,2437000.0,0.0,29000.0,-377000.0,-0.18562284588872477,-406000.0,-0.1999015263417036,0.0,-393000.0,-0.1935007385524372,-4000.0,-389000.0,-0.1915312653865091,-54.951264302867635,-54.951264302867635,7079.0,7079.0,,,1620591248,16:14:08,20210509
69,2003-09-30,DPW,USD,2003-09-30,2003-09-30,Q3,1609000.0,1179000.0,430000.0,0.26724673710379115,111000.0,565000.0,0.0,0.0,676000.0,1855000.0,0.0,31000.0,-215000.0,-0.13362336855189558,-246000.0,-0.1528899937849596,0.0,-241000.0,-0.1497824735860783,-47000.0,-194000.0,-0.12057178371659416,-32.0,-32.0,6763.0,6763.0,,,1620591248,16:14:08,20210509
70,2003-06-30,DPW,USD,2003-08-08,2003-08-08,Q2,1596000.0,1166000.0,430000.0,0.2694235588972431,128000.0,596000.0,0.0,0.0,724000.0,1890000.0,0.0,34000.0,-260000.0,-0.16290726817042606,-294000.0,-0.18421052631578946,0.0,-283000.0,-0.17731829573934837,-18000.0,-265000.0,-0.16604010025062657,-40.0,-40.0,6625.0,6625.0,https://www.sec.gov/Archives/edgar/data/896493/000100127703000340/0001001277-03-000340-index.htm,https://www.sec.gov/Archives/edgar/data/896493/000100127703000340/for063003.txt,1620591248,16:14:08,20210509
71,2003-03-31,DPW,USD,2003-03-31,2003-03-31,Q1,2133000.0,1538000.0,595000.0,0.27894983591186123,145000.0,569000.0,0.0,0.0,714000.0,2252000.0,0.0,37000.0,-82000.0,-0.03844350679793718,-119000.0,-0.055789967182372245,0.0,-123000.0,-0.057665260196905765,-8000.0,-115000.0,-0.053914674167838725,-24.0,-24.0,4792.0,4792.0,,,1620591248,16:14:08,20210509
72,2002-12-31,DPW,USD,2003-04-30,2003-04-30,Q4,2003597.0,1437375.0,566222.0,0.2826027389739553,148800.0,615047.0,0.0,0.0,763847.0,2201222.0,0.0,81160.0,-116465.0,-0.05812795686957008,-197625.0,-0.0986351047640818,-5727.0,-203352.0,-0.10149346400498703,-579201.0,375849.0,0.18758712455648516,78.43259599332221,78.43259599332221,4792.0,4792.0,https://www.sec.gov/Archives/edgar/data/896493/000100127703000179/0001001277-03-000179-index.htm,https://www.sec.gov/Archives/edgar/data/896493/000100127703000179/forfy123102.txt,1620591248,16:14:08,20210509
73,2002-09-30,DPW,USD,2002-09-30,2002-09-30,Q3,2230454.0,1588127.0,642327.0,0.28798038426257616,227391.0,581443.0,0.0,0.0,808834.0,2396961.0,0.0,57560.0,-108947.0,-0.048845212678674386,-166507.0,-0.07465161801140037,280407.0,113900.0,0.05106583682066521,9485.0,104415.0,0.0468133393470567,16.0,16.0,5638.0,5638.0,,,1620591248,16:14:08,20210509
74,2002-06-30,DPW,USD,2002-08-14,2002-08-14,Q2,2358100.0,1637234.0,720866.0,0.30569780755693143,183383.0,547550.0,0.0,0.0,730933.0,2368167.0,5906.0,73707.0,63640.0,0.026987829184512955,-10067.0,-0.004269114965438276,9689.0,19656.0,0.008335524362834485,14046.0,5610.0,0.002379033968025105,8.0,8.0,6121.0,6121.0,https://www.sec.gov/Archives/edgar/data/896493/000100127702000382/0001001277-02-000382-index.htm,https://www.sec.gov/Archives/edgar/data/896493/000100127702000382/form10qsbfor063002.txt,1620591248,16:14:08,20210509
75,2002-03-31,DPW,USD,2002-05-15,2002-05-15,Q1,2182849.0,1647264.0,535585.0,0.24536053570356905,189426.0,503221.0,0.0,0.0,692647.0,2339911.0,11472.0,85573.0,-71489.0,-0.032750318505769295,-157062.0,-0.07195275532114223,-4428.0,-170204.0,-0.07797332751830291,25670.0,-195874.0,-0.08973318814081964,-32.0,-32.0,6121.0,6121.0,https://www.sec.gov/Archives/edgar/data/896493/000100127702000256/0001001277-02-000256-index.htm,https://www.sec.gov/Archives/edgar/data/896493/000100127702000256/digital10qsb14may02.txt,1620591248,16:14:08,20210509
76,2001-12-31,DPW,USD,2002-06-20,2002-06-20,Q4,2232019.0,1058701.0,1173318.0,0.5256756326895067,212350.0,809690.0,0.0,0.0,1022040.0,2080741.0,12571.0,159335.0,310613.0,0.13916234584024598,151278.0,0.06777630477159917,-4664.0,134987.0,0.06047753177728326,-14117.0,149104.0,0.06680229872595171,24.35941839568698,24.35941839568698,6121.0,6121.0,https://www.sec.gov/Archives/edgar/data/896493/000100127702000315/0001001277-02-000315-index.htm,https://www.sec.gov/Archives/edgar/data/896493/000100127702000315/form10ksba-1for122101.txt,1620591248,16:14:08,20210509
77,2001-09-30,DPW,USD,2001-11-14,2001-11-14,Q3,2348743.0,2162001.0,186742.0,0.07950720874953113,222446.0,782113.0,0.0,0.0,1004559.0,3166560.0,19091.0,74827.0,-742990.0,-0.3163351631063935,-817817.0,-0.3481934805127679,0.0,-834939.0,-0.3554833372574181,33000.0,-867939.0,-0.36953340574085797,-216.0,-216.0,4018.0,4018.0,https://www.sec.gov/Archives/edgar/data/896493/000100127701500325/0001001277-01-500325-index.htm,https://www.sec.gov/Archives/edgar/data/896493/000100127701500325/ascform10q93001.txt,1620591248,16:14:08,20210509
78,2001-06-30,DPW,USD,2001-06-30,2001-06-30,Q2,2489748.0,6087032.0,-3597284.0,-1.4448385941067128,313729.0,1680438.0,0.0,0.0,1994167.0,8081199.0,17386.0,89308.0,-5502143.0,-2.2099196384533695,-5591451.0,-2.2457899353669526,-22769.0,-5628858.0,-2.26081434747613,-88000.0,-5540858.0,-2.2254694049357604,-1360.0,-1360.0,4074.0,4074.0,,,1620591248,16:14:08,20210509
79,2001-03-31,DPW,USD,2001-03-31,2001-03-31,Q1,3259347.0,2504969.0,754378.0,0.23145065560678257,317347.0,715531.0,0.0,0.0,1160160.0,3665129.0,14413.0,127282.0,-278500.0,-0.0854465633760382,-405782.0,-0.12449794391330533,127282.0,-413027.0,-0.12672078180077176,368000.0,-930884.0,-0.2856044477620824,-192.0,-192.0,4848.0,4848.0,,,1620591248,16:14:08,20210509
80,2000-12-31,DPW,USD,2000-12-31,2000-12-31,Q4,4238610.0,3456386.0,782224.0,0.1845472926265922,297803.0,669332.0,0.0,0.0,1031748.0,4488134.0,15733.0,64613.0,-184911.0,-0.043625386624388654,-249524.0,-0.058869299133442334,7757.0,-237508.0,-0.056034407506234354,-111400.0,196736.0,0.046415216309120204,40.58085808580858,40.58085808580858,4848.0,4848.0,,,1620591248,16:14:08,20210509
81,2000-09-30,DPW,USD,2000-11-16,2000-11-16,Q3,5118412.0,3469633.0,1648779.0,0.3221270581578818,318300.0,897164.0,0.0,0.0,1431892.0,4901525.0,24475.0,216428.0,433315.0,0.08465809317421107,216887.0,0.042373884712680415,6422.0,199302.0,0.03893824881623441,85400.0,29981.0,0.005857480796778376,32.0,24.0,3805.0,3805.0,https://www.sec.gov/Archives/edgar/data/896493/000100127700000351/0001001277-00-000351-index.htm,https://www.sec.gov/Archives/edgar/data/896493/000100127700000351/0001001277-00-000351-0001.txt,1620591248,16:14:08,20210509
82,2000-06-30,DPW,USD,2000-06-30,2000-06-30,Q2,4287433.0,2944574.0,1342859.0,0.3132081597543332,267120.0,910219.0,0.0,0.0,1270835.0,4215409.0,0.0,93496.0,165520.0,0.03860585110018046,72024.0,0.016798863095936426,-3054.0,46046.0,0.010739759665048993,30000.0,-164719.0,-0.0384190260232638,8.0,8.0,3805.0,3805.0,,,1620591248,16:14:08,20210509
83,2000-03-31,DPW,USD,2000-03-31,2000-03-31,Q1,4238275.0,2876861.0,1361414.0,0.32121889212002525,282792.0,767110.0,0.0,0.0,1151352.0,4028213.0,24891.0,101450.0,311512.0,0.07349971391662882,210062.0,0.049563088756628584,-335.0,191327.0,0.04514265827488778,100000.0,91327.0,0.021548153435064974,24.0,24.0,3805.0,3805.0,,,1620591248,16:14:08,20210509
84,1999-12-31,DPW,USD,1999-12-31,1999-12-31,Q4,3354018.0,2176479.0,1177539.0,0.35108308899952234,152690.0,803493.0,0.0,0.0,1056874.0,3233353.0,0.0,100691.0,221356.0,0.06599726059907848,120665.0,0.03597625295988274,0.0,0.0,0.0,23000.0,0.0,0.0,0.0,0.0,3805.0,3805.0,,,1620591248,16:14:08,20210509
85,1999-09-30,DPW,USD,1999-09-30,1999-09-30,Q3,4400000.0,2800000.0,1600000.0,0.36363636363636365,300000.0,700000.0,0.0,0.0,1400000.0,4200000.0,0.0,0.0,600000.0,0.13636363636363635,200000.0,0.045454545454545456,0.0,200000.0,0.045454545454545456,100000.0,100000.0,0.022727272727272728,32.0,24.0,3125.0,4167.0,,,1620591248,16:14:08,20210509
86,1999-06-30,DPW,USD,1999-06-30,1999-06-30,Q2,4300000.0,3300000.0,1000000.0,0.23255813953488372,200000.0,700000.0,0.0,0.0,900000.0,4200000.0,0.0,0.0,100000.0,0.023255813953488372,100000.0,0.023255813953488372,0.0,200000.0,0.046511627906976744,100000.0,100000.0,0.023255813953488372,16.0,16.0,4167.0,4167.0,,,1620591248,16:14:08,20210509
87,1999-03-31,DPW,USD,1999-03-31,1999-03-31,Q1,3200000.0,2400000.0,800000.0,0.25,200000.0,600000.0,0.0,0.0,900000.0,3300000.0,100000.0,100000.0,0.0,0.0,-100000.0,-0.03125,0.0,0.0,0.0,0.0,-200000.0,-0.0625,-48.0,-48.0,4167.0,4167.0,,,1620591248,16:14:08,20210509
88,1998-12-31,DPW,USD,1999-04-30,1999-04-30,Q4,4400000.0,4200000.0,200000.0,0.045454545454545456,600000.0,900000.0,0.0,0.0,1600000.0,5800000.0,0.0,100000.0,-1300000.0,-0.29545454545454547,-1400000.0,-0.3181818181818182,-100000.0,-1500000.0,-0.3409090909090909,-500000.0,-1000000.0,-0.22727272727272727,-239.98080153587713,-239.98080153587713,4167.0,4167.0,https://www.sec.gov/Archives/edgar/data/896493/0001001277-99-000058-index.html,https://www.sec.gov/Archives/edgar/data/896493/,1620591248,16:14:08,20210509
89,1998-09-30,DPW,USD,1998-09-30,1998-09-30,Q3,4700000.0,3300000.0,1400000.0,0.2978723404255319,200000.0,800000.0,0.0,0.0,1100000.0,4400000.0,100000.0,100000.0,400000.0,0.0851063829787234,300000.0,0.06382978723404255,0.0,200000.0,0.0425531914893617,100000.0,100000.0,0.02127659574468085,24.0,24.0,4167.0,4167.0,,,1620591248,16:14:08,20210509
90,1998-06-30,DPW,USD,1998-06-30,1998-06-30,Q2,4600000.0,3400000.0,1200000.0,0.2608695652173913,300000.0,800000.0,0.0,0.0,1200000.0,4600000.0,0.0,100000.0,100000.0,0.021739130434782608,0.0,0.0,0.0,0.0,0.0,-100000.0,0.0,0.0,0.0,0.0,3409.0,4167.0,,,1620591248,16:14:08,20210509
91,1998-03-31,DPW,USD,1998-03-31,1998-03-31,Q1,5100000.0,3400000.0,1700000.0,0.3333333333333333,300000.0,700000.0,0.0,0.0,1100000.0,4500000.0,0.0,100000.0,700000.0,0.13725490196078433,600000.0,0.11764705882352941,0.0,600000.0,0.11764705882352941,300000.0,300000.0,0.058823529411764705,88.0,72.0,3409.0,4167.0,,,1620591248,16:14:08,20210509
92,1997-12-31,DPW,USD,1997-12-31,1997-12-31,Q4,4900000.0,3300000.0,1600000.0,0.32653061224489793,300000.0,500000.0,0.0,0.0,900000.0,4200000.0,0.0,100000.0,800000.0,0.16326530612244897,700000.0,0.14285714285714285,0.0,700000.0,0.14285714285714285,300000.0,400000.0,0.08163265306122448,117.33646230566148,117.33646230566148,3409.0,3409.0,,,1620591248,16:14:08,20210509
93,1997-09-30,DPW,USD,1997-09-30,1997-09-30,Q3,5200000.0,3900000.0,1300000.0,0.25,200000.0,400000.0,0.0,0.0,600000.0,4500000.0,0.0,0.0,700000.0,0.1346153846153846,700000.0,0.1346153846153846,0.0,600000.0,0.11538461538461539,200000.0,400000.0,0.07692307692307693,88.0,88.0,3571.0,3571.0,,,1620591248,16:14:08,20210509
94,1997-06-30,DPW,USD,1997-06-30,1997-06-30,Q2,5000000.0,3800000.0,1200000.0,0.24,200000.0,400000.0,0.0,0.0,700000.0,4500000.0,0.0,0.0,600000.0,0.12,500000.0,0.1,100000.0,600000.0,0.12,200000.0,400000.0,0.08,88.0,88.0,3571.0,3571.0,,,1620591248,16:14:08,20210509
95,1997-03-31,DPW,USD,1997-03-31,1997-03-31,Q1,3800000.0,2800000.0,1000000.0,0.2631578947368421,200000.0,300000.0,0.0,0.0,500000.0,3300000.0,0.0,0.0,500000.0,0.13157894736842105,500000.0,0.13157894736842105,-100000.0,400000.0,0.10526315789473684,200000.0,200000.0,0.05263157894736842,56.0,56.0,3571.0,3571.0,,,1620591248,16:14:08,20210509
