,date,symbol,reportedCurrency,fillingDate,acceptedDate,period,revenue,costOfRevenue,grossProfit,grossProfitRatio,researchAndDevelopmentExpenses,generalAndAdministrativeExpenses,sellingAndMarketingExpenses,otherExpenses,operatingExpenses,costAndExpenses,interestExpense,depreciationAndAmortization,ebitda,ebitdaratio,operatingIncome,operatingIncomeRatio,totalOtherIncomeExpensesNet,incomeBeforeTax,incomeBeforeTaxRatio,incomeTaxExpense,netIncome,netIncomeRatio,eps,epsdiluted,weightedAverageShsOut,weightedAverageShsOutDil,link,finalLink,timestamp,est_time,est_date
0,2020-12-31,BMTC,USD,2021-03-01,2021-03-01 16:59:40,Q4,54445000.0,0.0,0.0,0.0,0.0,24617000.0,554000.0,0.0,0.0,0.0,3374000.0,2901000.0,0.0,0.0,0.0,0.3605106070346221,0.0,19628000.0,0.3605106070346221,4094000.0,15537000.0,0.2853705574432914,0.78,0.78,19958567.0,20027658.0,https://www.sec.gov/Archives/edgar/data/802681/000080268121000111/0000802681-21-000111-index.htm,https://www.sec.gov/Archives/edgar/data/802681/000080268121000111/bmtc-20201231.htm,1620589518,15:45:18,20210509
1,2020-09-30,BMTC,USD,2020-11-05,2020-11-05 16:59:04,Q3,55874000.0,0.0,55874000.0,1.0,0.0,23889000.0,458000.0,5330.0,5330.0,5330.0,4510000.0,1843000.0,1845212.0,0.03302451945448688,2212.0,3.958907541969431e-05,2212.0,16833000.0,0.30126713677202277,3709000.0,13164000.0,0.23560153201847012,0.6599940618583495,0.6574893526332064,19945634.0,20021617.0,https://www.sec.gov/Archives/edgar/data/802681/000080268120000245/0000802681-20-000245-index.htm,https://www.sec.gov/Archives/edgar/data/802681/000080268120000245/bmtc-20200930.htm,1620589518,15:45:18,20210509
2,2020-06-30,BMTC,USD,2020-08-10,2020-08-10 15:16:19,Q2,57633000.0,0.0,0.0,0.0,0.0,24706000.0,196000.0,0.0,45000000.0,0.0,6236000.0,4387000.0,0.0,0.0,0.0,0.3298978016067184,0.0,19013000.0,0.3298978016067184,4010000.0,15035000.0,0.26087484600836325,0.7545138975839346,0.7514411952408158,19926737.0,20008219.0,https://www.sec.gov/Archives/edgar/data/802681/000080268120000179/0000802681-20-000179-index.htm,https://www.sec.gov/Archives/edgar/data/802681/000080268120000179/bmtc-20200630.htm,1620589518,15:45:18,20210509
3,2020-03-31,BMTC,USD,2020-05-08,2020-05-08 16:29:04,Q1,54315000.0,0.0,0.0,0.0,0.0,22712000.0,401000.0,0.0,79000000.0,0.0,9774000.0,4065000.0,0.0,0.0,0.0,-0.25996501887139833,0.0,-14120000.0,-0.25996501887139833,-2957000.0,-11163000.0,-0.20552333609500137,-0.56,-0.56,20053159.0,20053159.0,https://www.sec.gov/Archives/edgar/data/802681/000080268120000141/0000802681-20-000141-index.htm,https://www.sec.gov/Archives/edgar/data/802681/000080268120000092/bmtc201910-kxclassic.htm,1620589518,15:45:18,20210509
4,2019-12-31,BMTC,USD,2020-02-28,2020-02-28 16:55:07,Q4,59314000.0,0.0,0.0,0.0,0.0,25248000.0,599000.0,0.0,50000000.0,0.0,10975000.0,4068000.0,0.0,0.0,0.0,0.34705128637421184,0.0,20585000.0,0.34705128637421184,4202000.0,16384000.0,0.2762248373065381,0.8141298840277347,0.8105671357771194,20124553.0,20213008.0,https://www.sec.gov/Archives/edgar/data/802681/000080268120000092/0000802681-20-000092-index.htm,https://www.sec.gov/Archives/edgar/data/802681/000080268120000092/bmtc201910-kxclassic.htm,1620589518,15:45:18,20210509
5,2019-09-30,BMTC,USD,2019-11-06,2019-11-06 16:30:57,Q3,56560000.0,0.0,0.0,0.0,0.0,24344000.0,587000.0,0.0,48000000.0,0.0,12175000.0,3857000.0,0.0,0.0,0.0,0.36706152758132954,0.0,20761000.0,0.36706152758132954,4402000.0,16360000.0,0.28925035360678925,0.8126318757237503,0.8095551257061958,20132117.0,20208630.0,https://www.sec.gov/Archives/edgar/data/802681/000080268119000209/0000802681-19-000209-index.htm,https://www.sec.gov/Archives/edgar/data/802681/000080268119000209/bmtc-20190930.htm,1620589518,15:45:18,20210509
6,2019-06-30,BMTC,USD,2019-08-07,2019-08-07 16:15:42,Q2,56470000.0,0.0,0.0,0.0,0.0,24491000.0,504000.0,0.0,49000000.0,0.0,11777000.0,4024000.0,0.0,0.0,0.0,0.35447140074375777,0.0,20017000.0,0.35447140074375777,4239000.0,15785000.0,0.27952895342659817,0.7835826989507041,0.7797214529700521,20144651.0,20244409.0,https://www.sec.gov/Archives/edgar/data/802681/000080268119000151/0000802681-19-000151-index.htm,https://www.sec.gov/Archives/edgar/data/802681/000080268119000151/bmbcq2201910-qdoc.htm,1620589518,15:45:18,20210509
7,2019-03-31,BMTC,USD,2019-05-08,2019-05-08 16:49:43,Q1,56465000.0,0.0,0.0,0.0,0.0,29126000.0,415000.0,0.0,54000000.0,0.0,10821000.0,3897000.0,0.0,0.0,0.0,0.23802355441423892,0.0,13440000.0,0.23802355441423892,2764000.0,10677000.0,0.1890905870893474,0.5293899426719828,0.5266958637479189,20168498.0,20271661.0,https://www.sec.gov/Archives/edgar/data/802681/000080268119000122/0000802681-19-000122-index.htm,https://www.sec.gov/Archives/edgar/data/802681/000080268119000068/bmtc201810-k.htm,1620589518,15:45:18,20210509
8,2018-12-31,BMTC,USD,2019-03-01,2019-02-28 20:03:50,Q4,56798000.0,0.0,0.0,0.0,0.0,23683000.0,540000.0,0.0,50000000.0,0.0,9547000.0,3304000.0,0.0,0.0,0.0,0.33235325187506604,0.0,18877000.0,0.33235325187506604,1746000.0,17136000.0,0.3017007641114124,0.85,0.84,20225993.0,20321283.0,https://www.sec.gov/Archives/edgar/data/802681/000080268119000068/0000802681-19-000068-index.htm,https://www.sec.gov/Archives/edgar/data/802681/000080268119000068/bmtc201810-k.htm,1620589518,15:45:18,20210509
9,2018-09-30,BMTC,USD,2018-11-02,2018-11-02 16:13:39,Q3,53980000.0,0.0,0.0,0.0,0.0,23603000.0,349000.0,0.0,42000000.0,0.0,8504000.0,2625000.0,0.0,0.0,0.0,0.38434605409410894,0.0,20747000.0,0.38434605409410894,4066000.0,16682000.0,0.30904038532789924,0.8229609762975202,0.8162096636249377,20270706.0,20438376.0,https://www.sec.gov/Archives/edgar/data/802681/000080268118000021/0000802681-18-000021-index.htm,https://www.sec.gov/Archives/edgar/data/802681/000080268118000021/bmtcq3201810-qdoc.htm,1620589518,15:45:18,20210509
10,2018-06-30,BMTC,USD,2018-08-03,2018-08-03 16:22:23,Q2,56725000.0,0.0,0.0,0.0,0.0,22923000.0,369000.0,0.0,43000000.0,0.0,7438000.0,2624000.0,0.0,0.0,0.0,0.32468929043631556,0.0,18418000.0,0.32468929043631556,3723000.0,14688000.0,0.25893345085940944,0.73,0.72,20238852.0,20447360.0,https://www.sec.gov/Archives/edgar/data/802681/000162828018010441/0001628280-18-010441-index.htm,https://www.sec.gov/Archives/edgar/data/802681/000162828018010441/bmtcq2201810-qdoc.htm,1620589518,15:45:18,20210509
11,2018-03-31,BMTC,USD,2018-05-04,2018-05-04 16:41:23,Q1,56639000.0,0.0,0.0,0.0,0.0,22808000.0,461000.0,0.0,43000000.0,0.0,6095000.0,2543000.0,0.0,0.0,0.0,0.3516128462720034,0.0,19915000.0,0.3516128462720034,4630000.0,15286000.0,0.26988470841646217,0.76,0.75,20202969.0,20425256.0,https://www.sec.gov/Archives/edgar/data/802681/000143774918008700/0001437749-18-008700-index.htm,https://www.sec.gov/Archives/edgar/data/802681/000143774918003673/bmtc20171231_10k.htm,1620589518,15:45:18,20210509
12,2017-12-31,BMTC,USD,2018-03-01,2018-03-01 17:28:36,Q4,47009000.0,0.0,0.0,0.0,0.0,19608000.0,386000.0,0.0,33000000.0,0.0,4477000.0,2171000.0,0.0,0.0,0.0,0.2919440958114404,0.0,13724000.0,0.2919440958114404,19924000.0,-6200000.0,-0.13188963815439597,-0.35,-0.35,17632701.0,17632701.0,https://www.sec.gov/Archives/edgar/data/802681/000143774918003673/0001437749-18-003673-index.htm,https://www.sec.gov/Archives/edgar/data/802681/000143774918003673/bmtc20171231_10k.htm,1620589518,15:45:18,20210509
13,2017-09-30,BMTC,USD,2017-11-03,2017-11-03 14:31:24,Q3,44433000.0,0.0,0.0,0.0,0.0,19446000.0,277000.0,0.0,32000000.0,0.0,3760000.0,2297000.0,0.0,0.0,0.0,0.3489523552314721,0.0,15505000.0,0.3489523552314721,4766000.0,10739000.0,0.24168973510679,0.63,0.62,17023046.0,17233548.0,https://www.sec.gov/Archives/edgar/data/802681/000143774917018240/0001437749-17-018240-index.htm,https://www.sec.gov/Archives/edgar/data/802681/000143774917018240/bmtc20170930_10q.htm,1620589518,15:45:18,20210509
14,2017-06-30,BMTC,USD,2017-08-04,2017-08-04 16:39:02,Q2,42203000.0,0.0,0.0,0.0,0.0,19137000.0,405000.0,0.0,30000000.0,0.0,3272000.0,2303000.0,0.0,0.0,0.0,0.3397388811221951,0.0,14338000.0,0.3397388811221951,4905000.0,9433000.0,0.22351491600123213,0.56,0.55,16984563.0,17232767.0,https://www.sec.gov/Archives/edgar/data/802681/000143774917013831/0001437749-17-013831-index.htm,https://www.sec.gov/Archives/edgar/data/802681/000143774917013831/bmtc20170630_10q.htm,1620589518,15:45:18,20210509
15,2017-03-31,BMTC,USD,2017-05-05,2017-05-05 17:25:41,Q1,40008000.0,0.0,0.0,0.0,0.0,18137000.0,386000.0,0.0,30000000.0,0.0,2923000.0,2257000.0,0.0,0.0,0.0,0.34190661867626476,0.0,13679000.0,0.34190661867626476,4635000.0,9044000.0,0.22605478904219156,0.5334392819402374,0.5263436939352159,16954132.0,17182689.0,https://www.sec.gov/Archives/edgar/data/802681/000143774917008184/0001437749-17-008184-index.htm,https://www.sec.gov/Archives/edgar/data/802681/000143774917004303/bmtc20161231_10k.htm,1620589518,15:45:18,20210509
16,2016-12-31,BMTC,USD,2017-03-10,2017-03-10 16:49:53,Q4,41302000.0,0.0,0.0,0.0,0.0,17842000.0,391000.0,0.0,30000000.0,0.0,2932000.0,1870000.0,0.0,0.0,0.0,0.3411941310348167,0.0,14092000.0,0.3411941310348167,4684000.0,9408000.0,0.22778557939082852,0.56,0.55,16916705.0,17164675.0,https://www.sec.gov/Archives/edgar/data/802681/000143774917004303/0001437749-17-004303-index.htm,https://www.sec.gov/Archives/edgar/data/802681/000143774917004303/bmtc20161231_10k.htm,1620589518,15:45:18,20210509
17,2016-09-30,BMTC,USD,2016-11-04,2016-11-04 15:48:15,Q3,39800000.0,0.0,0.0,0.0,0.0,17142000.0,334000.0,0.0,30000000.0,0.0,2797000.0,2542000.0,0.0,0.0,0.0,0.34472361809045227,0.0,13720000.0,0.34472361809045227,4346000.0,9374000.0,0.23552763819095476,0.56,0.55,16860727.0,17072358.0,https://www.sec.gov/Archives/edgar/data/802681/000143774916041140/0001437749-16-041140-index.htm,https://www.sec.gov/Archives/edgar/data/802681/000143774916041140/bmtc20160818_10q.htm,1620589518,15:45:18,20210509
18,2016-06-30,BMTC,USD,2016-08-05,2016-08-05 09:23:57,Q2,39756000.0,0.0,0.0,0.0,0.0,17678000.0,372000.0,0.0,29000000.0,0.0,2659000.0,3064000.0,0.0,0.0,0.0,0.3456836703893752,0.0,13743000.0,0.3456836703893752,4823000.0,8920000.0,0.22436864875742027,0.53,0.52,16812219.0,17025037.0,https://www.sec.gov/Archives/edgar/data/802681/000143774916036529/0001437749-16-036529-index.htm,https://www.sec.gov/Archives/edgar/data/802681/000143774916036529/bmtc20160630_10q.htm,1620589518,15:45:18,20210509
19,2016-03-31,BMTC,USD,2016-05-06,2016-05-06 11:23:47,Q1,38684000.0,0.0,0.0,0.0,0.0,17153000.0,284000.0,0.0,29000000.0,0.0,2367000.0,2532000.0,0.0,0.0,0.0,0.32698273187881294,0.0,12649000.0,0.32698273187881294,4375000.0,8274000.0,0.2138868782959363,0.49109097813523367,0.49007317513932347,16848202.0,16883193.0,https://www.sec.gov/Archives/edgar/data/802681/000143774916031046/0001437749-16-031046-index.htm,https://www.sec.gov/Archives/edgar/data/802681/000143774916027476/bmtc20151231_10k.htm,1620589518,15:45:18,20210509
20,2015-12-31,BMTC,USD,2016-03-11,2016-03-11 16:15:28,Q4,38628000.0,0.0,0.0,0.0,0.0,35455000.0,656000.0,0.0,51000000.0,0.0,2337000.0,2482000.0,0.0,0.0,0.0,-0.24932691312001656,0.0,-9631000.0,-0.24932691312001656,-3276000.0,-6355000.0,-0.16451796624210419,-0.37,-0.37,17129234.0,17129234.0,https://www.sec.gov/Archives/edgar/data/802681/000143774916027476/0001437749-16-027476-index.htm,https://www.sec.gov/Archives/edgar/data/802681/000143774916027476/bmtc20151231_10k.htm,1620589518,15:45:18,20210509
21,2015-09-30,BMTC,USD,2015-11-06,2015-11-06 16:27:02,Q3,37690000.0,0.0,0.0,0.0,0.0,16537000.0,410000.0,0.0,29000000.0,0.0,2196000.0,2377000.0,0.0,0.0,0.0,0.30724330061024147,0.0,11580000.0,0.30724330061024147,4084000.0,7496000.0,0.19888564605996287,0.43,0.42,17572421.0,17835710.0,https://www.sec.gov/Archives/edgar/data/802681/000143774915020059/0001437749-15-020059-index.htm,https://www.sec.gov/Archives/edgar/data/802681/000143774915020059/bmtc20150930_10q.htm,1620589518,15:45:18,20210509
22,2015-06-30,BMTC,USD,2015-08-07,2015-08-07 16:33:57,Q2,38873000.0,0.0,0.0,0.0,0.0,16527000.0,479000.0,0.0,29000000.0,0.0,1923000.0,1460000.0,0.0,0.0,0.0,0.31937334396624906,0.0,12415000.0,0.31937334396624906,4296000.0,8119000.0,0.2088596197875132,0.46,0.45,17713794.0,18054663.0,https://www.sec.gov/Archives/edgar/data/802681/000143774915015238/0001437749-15-015238-index.htm,https://www.sec.gov/Archives/edgar/data/802681/000143774915015238/bmtc20150630_10q.htm,1620589518,15:45:18,20210509
23,2015-03-31,BMTC,USD,2015-05-08,2015-05-08 13:50:14,Q1,39103000.0,0.0,0.0,0.0,0.0,16351000.0,557000.0,0.0,30000000.0,0.0,1959000.0,3094000.0,0.0,0.0,0.0,0.29568063831419583,0.0,11562000.0,0.29568063831419583,4068000.0,7494000.0,0.19164769966498735,0.43,0.42,17545802.0,17903258.0,https://www.sec.gov/Archives/edgar/data/802681/000119312515179166/0001193125-15-179166-index.htm,https://www.sec.gov/Archives/edgar/data/802681/000119312515089260/d845943d10k.htm,1620589518,15:45:18,20210509
24,2014-12-31,BMTC,USD,2015-03-12,2015-03-12 16:17:51,Q4,33245000.0,0.0,0.0,0.0,0.0,5644000.0,400000.0,0.0,21000000.0,0.0,1568000.0,4312000.0,0.0,0.0,0.0,0.3234772146187397,0.0,10754000.0,0.3234772146187397,3710000.0,7044000.0,0.211881485937735,0.52,0.51,13646098.0,13942780.0,https://www.sec.gov/Archives/edgar/data/802681/000119312515089260/0001193125-15-089260-index.htm,https://www.sec.gov/Archives/edgar/data/802681/000119312515089260/d845943d10k.htm,1620589518,15:45:18,20210509
25,2014-09-30,BMTC,USD,2014-11-07,2014-11-07 13:40:02,Q3,30421000.0,0.0,0.0,0.0,0.0,13150000.0,310000.0,0.0,22000000.0,0.0,1573000.0,1554000.0,0.0,0.0,0.0,0.33555767397521447,0.0,10208000.0,0.33555767397521447,3702000.0,6506000.0,0.21386542191249466,0.48,0.47,13600355.0,13872871.0,https://www.sec.gov/Archives/edgar/data/802681/000119312514402903/0001193125-14-402903-index.htm,https://www.sec.gov/Archives/edgar/data/802681/000119312514402903/d810189d10q.htm,1620589518,15:45:18,20210509
26,2014-06-30,BMTC,USD,2014-08-08,2014-08-08 11:43:59,Q2,32199000.0,0.0,0.0,0.0,0.0,11745000.0,455000.0,0.0,22000000.0,0.0,1499000.0,1002000.0,0.0,0.0,0.0,0.36252678654616605,0.0,11673000.0,0.36252678654616605,4069000.0,7604000.0,0.2361564023727445,0.56,0.55,13531170.0,13836168.0,https://www.sec.gov/Archives/edgar/data/802681/000119312514302319/0001193125-14-302319-index.htm,https://www.sec.gov/Archives/edgar/data/802681/000119312514302319/d762559d10q.htm,1620589518,15:45:18,20210509
27,2014-03-31,BMTC,USD,2014-05-09,2014-05-09 13:57:19,Q1,29862000.0,0.0,0.0,0.0,0.0,10690000.0,339000.0,0.0,21000000.0,0.0,1438000.0,2108000.0,0.0,0.0,0.0,0.34200656352555087,0.0,10213000.0,0.34200656352555087,3524000.0,6689000.0,0.22399705311097717,0.5,0.49,13485213.0,13790041.0,https://www.sec.gov/Archives/edgar/data/802681/000119312514192032/0001193125-14-192032-index.htm,https://www.sec.gov/Archives/edgar/data/802681/000119312514099684/d654287d10k.htm,1620589518,15:45:18,20210509
28,2013-12-31,BMTC,USD,2014-03-14,2014-03-14 14:49:03,Q4,32445000.0,0.0,0.0,0.0,0.0,4070000.0,431000.0,0.0,24000000.0,0.0,1400000.0,7604000.0,0.0,0.0,0.0,0.30482354754199414,0.0,9890000.0,0.30482354754199414,3419000.0,6471000.0,0.19944521497919557,0.48,0.47,13419269.0,13727943.0,https://www.sec.gov/Archives/edgar/data/802681/000119312514099684/0001193125-14-099684-index.htm,https://www.sec.gov/Archives/edgar/data/802681/000119312514099684/d654287d10k.htm,1620589518,15:45:18,20210509
29,2013-09-30,BMTC,USD,2013-11-08,2013-11-08 14:15:51,Q3,29652000.0,0.0,0.0,0.0,0.0,13546000.0,302000.0,0.0,21000000.0,0.0,1287000.0,877000.0,0.0,0.0,0.0,0.3250370969917712,0.0,9638000.0,0.3250370969917712,3237000.0,6401000.0,0.2158707675704843,0.48,0.47,13336799.0,13612142.0,https://www.sec.gov/Archives/edgar/data/802681/000119312513434880/0001193125-13-434880-index.htm,https://www.sec.gov/Archives/edgar/data/802681/000119312513434880/d618129d10q.htm,1620589518,15:45:18,20210509
30,2013-06-30,BMTC,USD,2013-08-09,2013-08-09 14:55:28,Q2,30483000.0,0.0,0.0,0.0,0.0,13853000.0,380000.0,0.0,22000000.0,0.0,1294000.0,787000.0,0.0,0.0,0.0,0.30646589902568644,0.0,9342000.0,0.30646589902568644,3090000.0,6252000.0,0.205097923432733,0.47,0.46,13280624.0,13507774.0,https://www.sec.gov/Archives/edgar/data/802681/000119312513328962/0001193125-13-328962-index.htm,https://www.sec.gov/Archives/edgar/data/802681/000119312513328962/d559086d10q.htm,1620589518,15:45:18,20210509
31,2013-03-31,BMTC,USD,2013-05-10,2013-05-10 16:45:02,Q1,29199000.0,0.0,0.0,0.0,0.0,11393000.0,412000.0,0.0,22000000.0,0.0,1446000.0,944000.0,0.0,0.0,0.0,0.2794616253981301,0.0,8160000.0,0.2794616253981301,2840000.0,5320000.0,0.18219802048015343,0.4028612844096166,0.395952619952246,13205538.0,13435951.0,https://www.sec.gov/Archives/edgar/data/802681/000119312513214395/0001193125-13-214395-index.htm,https://www.sec.gov/Archives/edgar/data/802681/000119312513110155/d445106d10k.htm,1620589518,15:45:18,20210509
32,2012-12-31,BMTC,USD,2013-03-15,2013-03-15 17:00:53,Q4,28226000.0,0.0,0.0,0.0,0.0,10394000.0,363000.0,0.0,23000000.0,0.0,1786000.0,-3892000.0,0.0,0.0,0.0,0.28261177637639057,0.0,7977000.0,0.28261177637639057,2673000.0,5304000.0,0.18791185431871324,0.4031223743178214,0.39692161247160035,13157295.0,13362840.0,https://www.sec.gov/Archives/edgar/data/802681/000119312513110155/0001193125-13-110155-index.htm,https://www.sec.gov/Archives/edgar/data/802681/000119312513110155/d445106d10k.htm,1620589518,15:45:18,20210509
33,2012-09-30,BMTC,USD,2012-11-09,2012-11-09 14:23:58,Q3,28199000.0,0.0,0.0,0.0,0.0,13561000.0,267000.0,0.0,22000000.0,0.0,2130000.0,2941000.0,0.0,0.0,0.0,0.29469130110996844,0.0,8310000.0,0.29469130110996844,2885000.0,5425000.0,0.19238270860668819,0.41257733448424033,0.40803503339907776,13149050.0,13295427.0,https://www.sec.gov/Archives/edgar/data/802681/000119312512462855/0001193125-12-462855-index.htm,https://www.sec.gov/Archives/edgar/data/802681/000119312512462855/d413036d10q.htm,1620589518,15:45:18,20210509
34,2012-06-30,BMTC,USD,2012-08-09,2012-08-09 12:31:54,Q2,27272000.0,0.0,0.0,0.0,0.0,10332000.0,359000.0,0.0,20000000.0,0.0,2285000.0,3982000.0,0.0,0.0,0.0,0.2942211792314462,0.0,8024000.0,0.2942211792314462,2763000.0,5261000.0,0.19290847755940158,0.39988656325660443,0.39512419299394713,13156231.0,13314801.0,https://www.sec.gov/Archives/edgar/data/802681/000119312512346462/0001193125-12-346462-index.htm,https://www.sec.gov/Archives/edgar/data/802681/000119312512346462/d365496d10q.htm,1620589518,15:45:18,20210509
35,2012-03-31,BMTC,USD,2012-05-10,2012-05-10 14:55:38,Q1,25568000.0,0.0,0.0,0.0,0.0,9884000.0,320000.0,0.0,20000000.0,0.0,2387000.0,509000.0,0.0,0.0,0.0,0.31390801001251567,0.0,8026000.0,0.31390801001251567,2791000.0,5235000.0,0.20474812265331666,0.40066172325870003,0.39618910730458434,13065885.0,13213387.0,https://www.sec.gov/Archives/edgar/data/802681/000119312512225103/0001193125-12-225103-index.htm,https://www.sec.gov/Archives/edgar/data/802681/000119312512116954/d280104d10k.htm,1620589518,15:45:18,20210509
36,2011-12-31,BMTC,USD,2012-03-15,2012-03-15 13:58:46,Q4,25417000.0,0.0,0.0,0.0,0.0,12706000.0,257000.0,0.0,21000000.0,0.0,2772000.0,-3182000.0,0.0,0.0,0.0,0.31026478341267655,0.0,7886000.0,0.31026478341267655,2716000.0,5170000.0,0.20340716843057796,0.39568693586389286,0.39568693586389286,13065885.0,13065885.0,https://www.sec.gov/Archives/edgar/data/802681/000119312512116954/0001193125-12-116954-index.htm,https://www.sec.gov/Archives/edgar/data/802681/000119312512116954/d280104d10k.htm,1620589518,15:45:18,20210509
37,2011-09-30,BMTC,USD,2011-11-09,2011-11-09 15:17:44,Q3,24930000.0,0.0,0.0,0.0,0.0,10995000.0,204000.0,0.0,20000000.0,0.0,3018000.0,2680000.0,0.0,0.0,0.0,0.2854793421580425,0.0,7117000.0,0.2854793421580425,2095000.0,5022000.0,0.20144404332129964,0.38782980495991226,0.38697382309332173,12948979.0,12977622.0,https://www.sec.gov/Archives/edgar/data/802681/000119312511304361/0001193125-11-304361-index.htm,https://www.sec.gov/Archives/edgar/data/802681/000119312511304361/d242381d10q.htm,1620589518,15:45:18,20210509
38,2011-06-30,BMTC,USD,2011-08-09,2011-08-09 17:00:45,Q2,23964000.0,0.0,0.0,0.0,0.0,10845000.0,441000.0,0.0,19000000.0,0.0,3052000.0,2089000.0,0.0,0.0,0.0,0.29944917376064095,0.0,7176000.0,0.29944917376064095,2371000.0,4805000.0,0.20050909697880154,0.37853178824088834,0.3778028667885962,12693782.0,12718273.0,https://www.sec.gov/Archives/edgar/data/802681/000119312511216686/0001193125-11-216686-index.htm,https://www.sec.gov/Archives/edgar/data/802681/000119312511216686/d10q.htm,1620589518,15:45:18,20210509
39,2011-03-31,BMTC,USD,2011-05-10,2011-05-10 15:17:47,Q1,22617000.0,0.0,0.0,0.0,0.0,8556000.0,264000.0,0.0,18000000.0,0.0,2819000.0,1438000.0,0.0,0.0,0.0,0.3154706636600787,0.0,7135000.0,0.3154706636600787,2419000.0,4716000.0,0.20851571826502188,0.38202598521957987,0.38158084347652516,12344710.0,12359111.0,https://www.sec.gov/Archives/edgar/data/802681/000119312511134088/0001193125-11-134088-index.htm,https://www.sec.gov/Archives/edgar/data/802681/000119312511068768/d10k.htm,1620589518,15:45:18,20210509
40,2010-12-31,BMTC,USD,2011-03-16,2011-03-16 16:46:37,Q4,24473000.0,0.0,0.0,0.0,0.0,9088000.0,321000.0,0.0,20000000.0,0.0,3405000.0,-2464000.0,0.0,0.0,0.0,0.3349814080823765,0.0,8198000.0,0.3349814080823765,2633000.0,5565000.0,0.22739345401054223,0.45080038332208694,0.45080038332208694,12344710.0,12344710.0,https://www.sec.gov/Archives/edgar/data/802681/000119312511068768/0001193125-11-068768-index.htm,https://www.sec.gov/Archives/edgar/data/802681/000119312511068768/d10k.htm,1620589518,15:45:18,20210509
41,2010-09-30,BMTC,USD,2010-11-09,2010-11-09 15:33:18,Q3,21835000.0,0.0,0.0,0.0,0.0,9109000.0,303000.0,0.0,22000000.0,0.0,3691000.0,1376000.0,0.0,0.0,0.0,-0.08087932218914587,0.0,-1766000.0,-0.08087932218914587,-746000.0,-1020000.0,-0.04671399129837417,-0.08,-0.08,12184447.0,12184447.0,https://www.sec.gov/Archives/edgar/data/802681/000119312510254037/0001193125-10-254037-index.htm,https://www.sec.gov/Archives/edgar/data/802681/000119312510254037/d10q.htm,1620589518,15:45:18,20210509
42,2010-06-30,BMTC,USD,2010-08-09,2010-08-09 17:03:40,Q2,16941000.0,0.0,0.0,0.0,0.0,7008000.0,256000.0,0.0,15000000.0,0.0,2773000.0,773000.0,0.0,0.0,0.0,0.2269051413730004,0.0,3844000.0,0.2269051413730004,1438000.0,2406000.0,0.1420223127324243,0.24702033010170646,0.24670432855356514,9740089.0,9752565.0,https://www.sec.gov/Archives/edgar/data/802681/000119312510183536/0001193125-10-183536-index.htm,https://www.sec.gov/Archives/edgar/data/802681/000119312510183536/d10q.htm,1620589518,15:45:18,20210509
43,2010-03-31,BMTC,USD,2010-05-10,2010-05-10 17:08:30,Q1,18428000.0,0.0,0.0,0.0,0.0,7159000.0,262000.0,0.0,17000000.0,0.0,2777000.0,799000.0,0.0,0.0,0.0,0.18504449750379856,0.0,3410000.0,0.18504449750379856,1187000.0,2223000.0,0.12063164749294551,0.24994386663274115,0.2496346440331256,8893997.0,8905014.0,https://www.sec.gov/Archives/edgar/data/802681/000119312510114801/0001193125-10-114801-index.htm,https://www.sec.gov/Archives/edgar/data/802681/000119312510057176/d10k.htm,1620589518,15:45:18,20210509
44,2009-12-31,BMTC,USD,2010-03-15,2010-03-15 17:13:57,Q4,17466000.0,0.0,0.0,0.0,0.0,7391000.0,310000.0,0.0,16000000.0,0.0,3266000.0,849000.0,0.0,0.0,0.0,0.232795144852857,0.0,4066000.0,0.232795144852857,1429000.0,2637000.0,0.15097904500171763,0.2964921170987577,0.2964921170987577,8893997.0,8893997.0,https://www.sec.gov/Archives/edgar/data/802681/000119312510057176/0001193125-10-057176-index.htm,https://www.sec.gov/Archives/edgar/data/802681/000119312510057176/d10k.htm,1620589518,15:45:18,20210509
45,2009-09-30,BMTC,USD,2009-11-09,2009-11-09 16:26:56,Q3,16973000.0,0.0,0.0,0.0,0.0,6868000.0,196000.0,0.0,17000000.0,0.0,3856000.0,872000.0,0.0,0.0,0.0,0.2344311553644023,0.0,3979000.0,0.2344311553644023,1360000.0,2619000.0,0.15430389442055029,0.2982021790278814,0.2976036260598507,8782632.0,8800296.0,https://www.sec.gov/Archives/edgar/data/802681/000119312509229438/0001193125-09-229438-index.htm,https://www.sec.gov/Archives/edgar/data/802681/000119312509229438/d10q.htm,1620589518,15:45:18,20210509
46,2009-06-30,BMTC,USD,2009-08-07,2009-08-07 16:33:23,Q2,17713000.0,0.0,0.0,0.0,0.0,7985000.0,346000.0,0.0,18000000.0,0.0,4310000.0,793000.0,0.0,0.0,0.0,0.21114435725173603,0.0,3740000.0,0.21114435725173603,1291000.0,2449000.0,0.1382600350025405,0.2800230696016835,0.27933314543835513,8745708.0,8767309.0,https://www.sec.gov/Archives/edgar/data/802681/000119312509169150/0001193125-09-169150-index.htm,https://www.sec.gov/Archives/edgar/data/802681/000119312509169150/d10q.htm,1620589518,15:45:18,20210509
47,2009-03-31,BMTC,USD,2009-05-11,2009-05-11 12:11:49,Q1,17111000.0,0.0,0.0,0.0,0.0,7383000.0,232000.0,0.0,18000000.0,0.0,4667000.0,592000.0,0.0,0.0,0.0,0.23680673251125006,0.0,4052000.0,0.23680673251125006,1420000.0,2632000.0,0.15381918064403016,0.3059609137257646,0.30530440891117683,8602406.0,8620904.0,https://www.sec.gov/Archives/edgar/data/802681/000119312509106628/0001193125-09-106628-index.htm,https://www.sec.gov/Archives/edgar/data/802681/000119312509054615/d10k.htm,1620589518,15:45:18,20210509
48,2008-12-31,BMTC,USD,2009-03-16,2009-03-16 09:11:43,Q4,14796000.0,0.0,0.0,0.0,0.0,5612000.0,356000.0,0.0,18000000.0,0.0,5307000.0,524000.0,0.0,0.0,0.0,0.09813463098134631,0.0,1452000.0,0.09813463098134631,445000.0,1007000.0,0.06805893484725602,0.11706027360252469,0.11706027360252469,8602406.0,8602406.0,https://www.sec.gov/Archives/edgar/data/802681/000119312509054615/0001193125-09-054615-index.htm,https://www.sec.gov/Archives/edgar/data/802681/000119312509054615/d10k.htm,1620589518,15:45:18,20210509
49,2008-09-30,BMTC,USD,2008-11-10,2008-11-10 16:56:18,Q3,15041000.0,0.0,0.0,0.0,0.0,6259000.0,265000.0,0.0,16000000.0,0.0,5107000.0,544000.0,0.0,0.0,0.0,0.25463732464596767,0.0,3830000.0,0.25463732464596767,1575000.0,2255000.0,0.14992354231766505,0.2629460404407512,0.26186425050154843,8575904.0,8611332.0,https://www.sec.gov/Archives/edgar/data/802681/000119312508231919/0001193125-08-231919-index.htm,https://www.sec.gov/Archives/edgar/data/802681/000119312508231919/d10q.htm,1620589518,15:45:18,20210509
50,2008-06-30,BMTC,USD,2008-08-06,2008-08-06 14:51:01,Q2,14535000.0,0.0,0.0,0.0,0.0,5479000.0,222000.0,0.0,15000000.0,0.0,4929000.0,427000.0,0.0,0.0,0.0,0.32686618507051945,0.0,4751000.0,0.32686618507051945,1586000.0,3165000.0,0.21775025799793601,0.3692623025890479,0.36789581841359836,8571143.0,8602979.0,https://www.sec.gov/Archives/edgar/data/802681/000119312508168079/0001193125-08-168079-index.htm,https://www.sec.gov/Archives/edgar/data/802681/000119312508168079/d10q.htm,1620589518,15:45:18,20210509
51,2008-03-31,BMTC,USD,2008-05-09,2008-05-09 17:16:59,Q1,14238000.0,0.0,0.0,0.0,0.0,5811000.0,272000.0,0.0,15000000.0,0.0,5454000.0,425000.0,0.0,0.0,0.0,0.3023598820058997,0.0,4305000.0,0.3023598820058997,1407000.0,2898000.0,0.20353982300884957,0.33956426335704387,0.3384375350349415,8534467.0,8562880.0,https://www.sec.gov/Archives/edgar/data/802681/000119312508110005/0001193125-08-110005-index.htm,https://www.sec.gov/Archives/edgar/data/802681/000119312508055557/d10k.htm,1620589518,15:45:18,20210509
52,2007-12-31,BMTC,USD,2008-03-13,2008-03-13 16:37:36,Q4,14053000.0,0.0,0.0,0.0,0.0,5765000.0,117000.0,0.0,15000000.0,0.0,5647000.0,408000.0,0.0,0.0,0.0,0.3316729523945065,0.0,4661000.0,0.3316729523945065,1583000.0,3078000.0,0.21902796555895537,0.36065521139164286,0.36065521139164286,8534467.0,8534467.0,https://www.sec.gov/Archives/edgar/data/802681/000119312508055557/0001193125-08-055557-index.htm,https://www.sec.gov/Archives/edgar/data/802681/000119312508055557/d10k.htm,1620589518,15:45:18,20210509
53,2007-09-30,BMTC,USD,2007-11-09,2007-11-09 14:32:14,Q3,13870000.0,0.0,0.0,0.0,0.0,5592000.0,237000.0,0.0,14000000.0,0.0,5448000.0,413000.0,0.0,0.0,0.0,0.36697909156452774,0.0,5090000.0,0.36697909156452774,1635000.0,3455000.0,0.249098774333093,0.41,0.4,8520843.0,8597228.0,https://www.sec.gov/Archives/edgar/data/802681/000119312507242134/0001193125-07-242134-index.htm,https://www.sec.gov/Archives/edgar/data/802681/000119312507242134/d10q.htm,1620589518,15:45:18,20210509
54,2007-06-30,BMTC,USD,2007-08-07,2007-08-07 16:50:35,Q2,13578000.0,0.0,0.0,0.0,0.0,5038000.0,355000.0,0.0,14000000.0,0.0,4736000.0,387000.0,0.0,0.0,0.0,0.3376785977316247,0.0,4585000.0,0.3376785977316247,1494000.0,3091000.0,0.2276476653409928,0.3618562535105676,0.3571714975527224,8542066.0,8654106.0,https://www.sec.gov/Archives/edgar/data/802681/000119312507173801/0001193125-07-173801-index.htm,https://www.sec.gov/Archives/edgar/data/802681/000119312507173801/d10q.htm,1620589518,15:45:18,20210509
55,2007-03-31,BMTC,USD,2007-05-10,2007-05-10 15:30:02,Q1,14522000.0,0.0,0.0,0.0,0.0,5269000.0,316000.0,0.0,13000000.0,0.0,4145000.0,388000.0,0.0,0.0,0.0,0.4019418812835698,0.0,5837000.0,0.4019418812835698,1861000.0,3976000.0,0.27379148877565074,0.4636641690685621,0.45718538234829775,8575172.0,8696691.0,https://www.sec.gov/Archives/edgar/data/802681/000119312507110094/0001193125-07-110094-index.htm,https://www.sec.gov/Archives/edgar/data/802681/000119312507055386/d10k.htm,1620589518,15:45:18,20210509
56,2006-12-31,BMTC,USD,2007-03-15,2007-03-15 13:02:50,Q4,13049000.0,0.0,0.0,0.0,0.0,4933000.0,238000.0,0.0,12000000.0,0.0,4021000.0,359000.0,0.0,0.0,0.0,0.38255805042531993,0.0,4992000.0,0.38255805042531993,1784000.0,3208000.0,0.24584259330216876,0.3741032832927433,0.3741032832927433,8575172.0,8575172.0,https://www.sec.gov/Archives/edgar/data/802681/000119312507055386/0001193125-07-055386-index.htm,https://www.sec.gov/Archives/edgar/data/802681/000119312507055386/d10k.htm,1620589518,15:45:18,20210509
57,2006-09-30,BMTC,USD,2006-11-08,2006-11-08 16:52:23,Q3,12953000.0,0.0,0.0,0.0,0.0,4996000.0,187000.0,0.0,12000000.0,0.0,3627000.0,364000.0,0.0,0.0,0.0,0.3755886667181348,0.0,4865000.0,0.3755886667181348,1630000.0,3235000.0,0.24974909287423763,0.38,0.37,8575170.0,8685165.0,https://www.sec.gov/Archives/edgar/data/802681/000119312506228468/0001193125-06-228468-index.htm,https://www.sec.gov/Archives/edgar/data/802681/000119312506228468/d10q.htm,1620589518,15:45:18,20210509
58,2006-06-30,BMTC,USD,2006-08-04,2006-08-04 13:31:26,Q2,12878000.0,0.0,0.0,0.0,0.0,4965000.0,273000.0,0.0,11000000.0,0.0,2795000.0,365000.0,0.0,0.0,0.0,0.37016617487187453,0.0,4767000.0,0.37016617487187453,1630000.0,3137000.0,0.2435937257338096,0.37,0.36,8577365.0,8691055.0,https://www.sec.gov/Archives/edgar/data/802681/000119312506162135/0001193125-06-162135-index.htm,https://www.sec.gov/Archives/edgar/data/802681/000119312506162135/d10q.htm,1620589518,15:45:18,20210509
59,2006-03-31,BMTC,USD,2006-05-10,2006-05-10 17:04:42,Q1,12780000.0,0.0,0.0,0.0,0.0,5147000.0,200000.0,0.0,10000000.0,0.0,2164000.0,367000.0,0.0,0.0,0.0,0.3741001564945227,0.0,4781000.0,0.3741001564945227,1645000.0,3136000.0,0.24538341158059468,0.37,0.36,8570675.0,8707810.0,https://www.sec.gov/Archives/edgar/data/802681/000119312506107784/0001193125-06-107784-index.htm,https://www.sec.gov/Archives/edgar/data/802681/000119312506050970/d10k.htm,1620589518,15:45:18,20210509
60,2005-12-31,BMTC,USD,2006-03-10,2006-03-10 15:37:56,Q4,12698000.0,0.0,0.0,0.0,0.0,5183000.0,277000.0,0.0,10000000.0,0.0,1965000.0,369000.0,0.0,0.0,0.0,0.34548747834304616,0.0,4387000.0,0.34548747834304616,1503000.0,2884000.0,0.22712238147739802,0.3364962502953385,0.3364962502953385,8570675.0,8570675.0,https://www.sec.gov/Archives/edgar/data/802681/000119312506050970/0001193125-06-050970-index.htm,https://www.sec.gov/Archives/edgar/data/802681/000119312506050970/d10k.htm,1620589518,15:45:18,20210509
61,2005-09-30,BMTC,USD,2005-11-08,2005-11-08 16:48:11,Q3,12771000.0,0.0,0.0,0.0,0.0,5412000.0,195000.0,0.0,10000000.0,0.0,1788000.0,401000.0,0.0,0.0,0.0,0.3425730169916216,0.0,4375000.0,0.3425730169916216,1499000.0,2876000.0,0.22519771356980658,0.34,0.33,8555037.0,8720728.0,https://www.sec.gov/Archives/edgar/data/802681/000119312505219863/0001193125-05-219863-index.htm,https://www.sec.gov/Archives/edgar/data/802681/000119312505219863/d10q.htm,1620589518,15:45:18,20210509
62,2005-06-30,BMTC,USD,2005-08-08,2005-08-08 16:06:01,Q2,12362000.0,0.0,0.0,0.0,0.0,4694000.0,312000.0,0.0,10000000.0,0.0,1544000.0,390000.0,0.0,0.0,0.0,0.34824462061155154,0.0,4305000.0,0.34824462061155154,1517000.0,2788000.0,0.22552984953890956,0.33,0.32,8549675.0,8673940.0,https://www.sec.gov/Archives/edgar/data/802681/000119312505160718/0001193125-05-160718-index.htm,https://www.sec.gov/Archives/edgar/data/802681/000119312505160718/d10q.htm,1620589518,15:45:18,20210509
63,2005-03-31,BMTC,USD,2005-05-10,2005-05-10 15:51:37,Q1,11782000.0,0.0,0.0,0.0,0.0,4648000.0,0.0,0.0,9000000.0,0.0,1303000.0,356000.0,0.0,0.0,0.0,0.3574096078764217,0.0,4211000.0,0.3574096078764217,1409000.0,2802000.0,0.237820404006111,0.33,0.32,8591622.0,8754265.0,https://www.sec.gov/Archives/edgar/data/802681/000119312505102705/0001193125-05-102705-index.htm,https://www.sec.gov/Archives/edgar/data/802681/000119312505043509/d10k.htm,1620589518,15:45:18,20210509
64,2004-12-31,BMTC,USD,2005-03-07,2005-03-07 14:42:05,Q4,11217000.0,0.0,0.0,0.0,0.0,5603000.0,0.0,0.0,0.0,0.0,1232000.0,281000.0,0.0,0.0,0.0,0.27315681554782917,0.0,3064000.0,0.27315681554782917,977000.0,2087000.0,0.18605687795310688,0.242911059169037,0.242911059169037,8591622.0,8591622.0,https://www.sec.gov/Archives/edgar/data/802681/000119312505043509/0001193125-05-043509-index.htm,https://www.sec.gov/Archives/edgar/data/802681/000119312505043509/d10k.htm,1620589518,15:45:18,20210509
65,2004-09-30,BMTC,USD,2004-11-09,2004-11-09 13:13:39,Q3,11074000.0,0.0,0.0,0.0,0.0,4704000.0,0.0,0.0,0.0,0.0,1155000.0,341000.0,0.0,0.0,0.0,0.2852627776774427,0.0,3159000.0,0.2852627776774427,1050000.0,2109000.0,0.19044608994040094,0.25,0.24,8595229.0,8756612.0,https://www.sec.gov/Archives/edgar/data/802681/000119312504190868/0001193125-04-190868-index.htm,https://www.sec.gov/Archives/edgar/data/802681/000119312504190868/d10q.htm,1620589518,15:45:18,20210509
66,2004-06-30,BMTC,USD,2004-08-09,2004-08-09 13:26:08,Q2,11388000.0,0.0,0.0,0.0,0.0,4759000.0,0.0,0.0,0.0,0.0,1083000.0,357000.0,0.0,0.0,0.0,0.2844221988057605,0.0,3239000.0,0.2844221988057605,1110000.0,2129000.0,0.18695117667720407,0.25,0.24,8605673.0,8778070.0,https://www.sec.gov/Archives/edgar/data/802681/000119312504135607/0001193125-04-135607-index.htm,https://www.sec.gov/Archives/edgar/data/802681/000119312504135607/d10q.htm,1620589518,15:45:18,20210509
67,2004-03-31,BMTC,USD,2004-05-03,2004-05-03 15:33:37,Q1,12943000.0,0.0,0.0,0.0,0.0,5123000.0,0.0,0.0,0.0,0.0,1083000.0,331000.0,0.0,0.0,0.0,0.3581086301475701,0.0,4635000.0,0.3581086301475701,1615000.0,3020000.0,0.2333307579386541,0.35,0.34,8643205.0,8843876.0,https://www.sec.gov/Archives/edgar/data/802681/000119312504076615/0001193125-04-076615-index.htm,https://www.sec.gov/Archives/edgar/data/802681/000119312504042040/d10k.htm,1620589518,15:45:18,20210509
68,2003-12-31,BMTC,USD,2004-03-15,2004-03-15 14:32:40,Q4,11040000.0,0.0,0.0,0.0,0.0,4432000.0,0.0,0.0,0.0,0.0,1069000.0,251000.0,0.0,0.0,0.0,0.3884963768115942,0.0,4289000.0,0.3884963768115942,1548000.0,2795000.0,0.25317028985507245,0.3233754145597611,0.3233754145597611,8643205.0,8643205.0,https://www.sec.gov/Archives/edgar/data/802681/000119312504042040/0001193125-04-042040-index.htm,https://www.sec.gov/Archives/edgar/data/802681/000119312504042040/d10k.htm,1620589518,15:45:18,20210509
69,2003-09-30,BMTC,USD,2003-11-13,2003-11-13 13:47:20,Q3,13333000.0,0.0,0.0,0.0,0.0,5473000.0,0.0,0.0,0.0,0.0,1066000.0,316000.0,0.0,0.0,0.0,0.3320333008325208,0.0,4427000.0,0.3320333008325208,1494000.0,3083000.0,0.23123078076951925,0.18,0.175,17292704.0,17648016.0,https://www.sec.gov/Archives/edgar/data/802681/000119312503079859/0001193125-03-079859-index.htm,https://www.sec.gov/Archives/edgar/data/802681/000119312503079859/d10q.htm,1620589518,15:45:18,20210509
70,2003-06-30,BMTC,USD,2003-08-14,2003-08-14 12:11:33,Q2,13612000.0,0.0,0.0,0.0,0.0,4768000.0,0.0,0.0,0.0,0.0,1099000.0,351000.0,0.0,0.0,0.0,0.30789009697325886,0.0,4191000.0,0.30789009697325886,1454000.0,809000.0,0.059432853364678226,0.09374002056950365,0.09232387993102527,8630252.0,8762630.0,https://www.sec.gov/Archives/edgar/data/802681/000119312503037413/0001193125-03-037413-index.htm,https://www.sec.gov/Archives/edgar/data/802681/000119312503037413/d10q.htm,1620589518,15:45:18,20210509
71,2003-03-31,BMTC,USD,2003-04-30,2003-04-30 17:15:02,Q1,13948000.0,0.0,0.0,0.0,0.0,5775000.0,0.0,0.0,0.0,0.0,1096000.0,372000.0,0.0,0.0,0.0,0.29545454545454547,0.0,4121000.0,0.29545454545454547,1452000.0,2669000.0,0.1913535990823057,0.30727869429235294,0.3029161209485394,8685926.0,8811020.0,https://www.sec.gov/Archives/edgar/data/802681/000095016803001538/0000950168-03-001538-index.htm,https://www.sec.gov/Archives/edgar/data/802681/000095016803001538/d10q.htm,1620589518,15:45:18,20210509
72,2002-12-31,BMTC,USD,2002-12-31,2002-12-31,Q4,15477000.0,0.0,0.0,0.0,0.0,6409000.0,0.0,0.0,0.0,0.0,1228000.0,779000.0,0.0,0.0,0.0,0.2752471409187827,0.0,4260000.0,0.2752471409187827,1590000.0,2670000.0,0.17251405311106804,0.3073938230650365,0.3073938230650365,8685926.0,8685926.0,,,1620589518,15:45:18,20210509
73,2002-09-30,BMTC,USD,2002-09-30,2002-09-30,Q3,12547000.0,0.0,0.0,0.0,0.0,5425000.0,0.0,0.0,0.0,0.0,1089000.0,363000.0,0.0,0.0,0.0,0.3249382322467522,0.0,4077000.0,0.3249382322467522,1405000.0,2672000.0,0.21295927313301985,0.305,0.3,8774354.0,8942114.0,,,1620589518,15:45:18,20210509
74,2002-06-30,BMTC,USD,2002-08-13 00:00:00,2002-08-13 14:44:06,Q2,11667000.0,0.0,0.0,0.0,0.0,4862000.0,0.0,0.0,0.0,0.0,1013000.0,360000.0,0.0,0.0,0.0,0.3193623039341733,0.0,3726000.0,0.3193623039341733,1270000.0,2456000.0,0.21050827119225166,0.28,0.275,8721146.0,8872532.0,https://www.sec.gov/Archives/edgar/data/802681/000095016802002289/0000950168-02-002289-index.html,https://www.sec.gov/Archives/edgar/data/802681/000095016802002289/d10q.txt,1620589518,15:45:18,20210509
75,2002-03-31,BMTC,USD,2002-03-31,2002-03-31,Q1,11364000.0,0.0,0.0,0.0,0.0,5025000.0,0.0,0.0,0.0,0.0,1154000.0,363000.0,0.0,0.0,0.0,0.32286166842661035,0.0,3669000.0,0.32286166842661035,1260000.0,2409000.0,0.21198521647307286,0.28,0.27,8620696.0,8905850.0,,,1620589518,15:45:18,20210509
76,2001-12-31,BMTC,USD,2002-03-29,2002-03-29,Q4,11995000.0,0.0,0.0,0.0,0.0,6186000.0,0.0,0.0,0.0,0.0,1450000.0,724000.0,0.0,0.0,0.0,0.29420591913297206,0.0,3529000.0,0.29420591913297206,1220000.0,2309000.0,0.1924968736973739,0.2678438028669611,0.2678438028669611,8620696.0,8620696.0,https://www.sec.gov/Archives/edgar/data/802681/000102140802004326/0001021408-02-004326-index.htm,https://www.sec.gov/Archives/edgar/data/802681/000102140802004326/d10k.txt,1620589518,15:45:18,20210509
77,2001-09-30,BMTC,USD,2001-11-13 00:00:00,2001-11-13 00:00:00,Q3,10894000.0,0.0,0.0,0.0,0.0,4183000.0,0.0,0.0,0.0,0.0,1689000.0,87000.0,0.0,0.0,0.0,0.343859004956857,0.0,3746000.0,0.343859004956857,1276000.0,2470000.0,0.22673031026252982,0.285,0.275,8691062.0,8983080.0,https://www.sec.gov/Archives/edgar/data/802681/000102140801509944/0001021408-01-509944-index.html,https://www.sec.gov/Archives/edgar/data/802681/000102140801509944/d10q.txt,1620589518,15:45:18,20210509
78,2001-06-30,BMTC,USD,2001-08-10 00:00:00,2001-08-10 00:00:00,Q2,11174000.0,0.0,0.0,0.0,0.0,4819000.0,0.0,0.0,0.0,0.0,1549000.0,404000.0,0.0,0.0,0.0,0.30275639878288885,0.0,3383000.0,0.30275639878288885,1224000.0,2159000.0,0.19321639520315018,0.25,0.24,8705072.0,8989226.0,https://www.sec.gov/Archives/edgar/data/802681/000102140801504816/0001021408-01-504816-index.html,https://www.sec.gov/Archives/edgar/data/802681/000102140801504816/d10q.txt,1620589518,15:45:18,20210509
79,2001-03-31,BMTC,USD,2001-05-14 00:00:00,2001-05-14 00:00:00,Q1,10776000.0,0.0,0.0,0.0,0.0,4674000.0,0.0,0.0,0.0,0.0,1614000.0,497000.0,0.0,0.0,0.0,0.30048255382331107,0.0,3238000.0,0.30048255382331107,1050000.0,2188000.0,0.2030438010393467,0.255,0.245,8558262.0,8868340.0,https://www.sec.gov/Archives/edgar/data/802681/000103605001500595/0001036050-01-500595-index.html,https://www.sec.gov/Archives/edgar/data/802681/000103605001500595/d10q.txt,1620589518,15:45:18,20210509
80,2000-12-31,BMTC,USD,2000-12-31,2000-12-31,Q4,11044000.0,0.0,0.0,0.0,0.0,5660000.0,0.0,0.0,0.0,0.0,1961000.0,513000.0,0.0,0.0,0.0,0.31265845708076784,0.0,3453000.0,0.31265845708076784,1162000.0,2291000.0,0.2074429554509236,0.26769453891455997,0.26769453891455997,8558262.0,8558262.0,,,1620589518,15:45:18,20210509
81,2000-09-30,BMTC,USD,2000-11-14 00:00:00,2000-11-14 00:00:00,Q3,10536000.0,0.0,0.0,0.0,0.0,3928000.0,0.0,0.0,0.0,0.0,1835000.0,368000.0,0.0,0.0,0.0,0.3269741837509491,0.0,3445000.0,0.3269741837509491,1142000.0,2303000.0,0.21858390280941534,0.27,0.26,8571314.0,8885754.0,https://www.sec.gov/Archives/edgar/data/802681/000103605000002022/0001036050-00-002022-index.html,https://www.sec.gov/Archives/edgar/data/802681/000103605000002022/0001036050-00-002022-0001.txt,1620589518,15:45:18,20210509
82,2000-06-30,BMTC,USD,2000-08-11 00:00:00,2000-08-11 00:00:00,Q2,10731000.0,0.0,0.0,0.0,0.0,4101000.0,0.0,0.0,0.0,0.0,1677000.0,378000.0,0.0,0.0,0.0,0.2656788742894418,0.0,2851000.0,0.2656788742894418,1144000.0,1707000.0,0.1590718479172491,0.2,0.19,8603660.0,8926578.0,https://www.sec.gov/Archives/edgar/data/802681/000103605000001474/0001036050-00-001474-index.html,https://www.sec.gov/Archives/edgar/data/802681/000103605000001474/0001036050-00-001474-0001.txt,1620589518,15:45:18,20210509
83,2000-03-31,BMTC,USD,2000-05-08 00:00:00,2000-05-08 00:00:00,Q1,10329000.0,0.0,0.0,0.0,0.0,4297000.0,0.0,0.0,0.0,0.0,1599000.0,365000.0,0.0,0.0,0.0,0.285119566269726,0.0,2945000.0,0.285119566269726,985000.0,1960000.0,0.18975699486881595,0.225,0.22,8640934.0,8978650.0,https://www.sec.gov/Archives/edgar/data/802681/000103605000000828/0001036050-00-000828-index.html,https://www.sec.gov/Archives/edgar/data/802681/0001036050-00-000828.txt,1620589518,15:45:18,20210509
84,1999-12-31,BMTC,USD,1999-12-31,1999-12-31,Q4,10300000.0,0.0,0.0,0.0,0.0,5100000.0,0.0,0.0,0.0,0.0,1700000.0,400000.0,0.0,0.0,0.0,0.3106796116504854,0.0,3200000.0,0.3106796116504854,1100000.0,2100000.0,0.20388349514563106,0.24302928363993984,0.24302928363993984,8640934.0,8640934.0,,,1620589518,15:45:18,20210509
85,1999-09-30,BMTC,USD,1999-09-30,1999-09-30,Q3,10100000.0,0.0,0.0,0.0,0.0,4500000.0,0.0,0.0,0.0,0.0,1500000.0,300000.0,0.0,0.0,0.0,0.2871287128712871,0.0,2900000.0,0.2871287128712871,900000.0,2000000.0,0.19801980198019803,0.1175,0.1125,8668000.0,8668000.0,,,1620589518,15:45:18,20210509
86,1999-06-30,BMTC,USD,1999-06-30,1999-06-30,Q2,10800000.0,0.0,0.0,0.0,0.0,4500000.0,0.0,0.0,0.0,0.0,1300000.0,300000.0,0.0,0.0,0.0,0.26851851851851855,0.0,2900000.0,0.26851851851851855,900000.0,2000000.0,0.18518518518518517,0.115,0.11,8740000.0,8740000.0,,,1620589518,15:45:18,20210509
87,1999-03-31,BMTC,USD,1999-03-31,1999-03-31,Q1,10000000.0,0.0,0.0,0.0,0.0,4100000.0,0.0,0.0,0.0,0.0,1300000.0,300000.0,0.0,0.0,0.0,0.28,0.0,2800000.0,0.28,1000000.0,1800000.0,0.18,0.105,0.1,8740000.0,8740000.0,,,1620589518,15:45:18,20210509
88,1998-12-31,BMTC,USD,1998-12-31,1998-12-31,Q4,9100000.0,0.0,0.0,0.0,0.0,5000000.0,0.0,0.0,0.0,0.0,1400000.0,200000.0,0.0,0.0,0.0,0.2857142857142857,0.0,2600000.0,0.2857142857142857,800000.0,1800000.0,0.1978021978021978,0.20594965675057209,0.20594965675057209,8740000.0,8740000.0,,,1620589518,15:45:18,20210509
89,1998-09-30,BMTC,USD,1998-11-10,1998-11-10,Q3,8900000.0,0.0,0.0,0.0,0.0,3700000.0,0.0,0.0,0.0,0.0,1500000.0,400000.0,0.0,0.0,0.0,0.29213483146067415,0.0,2600000.0,0.29213483146067415,900000.0,1700000.0,0.19101123595505617,0.1,0.095,8608000.0,8608000.0,https://www.sec.gov/Archives/edgar/data/802681/0001036050-98-001861-index.html,https://www.sec.gov/Archives/edgar/data/802681/,1620589518,15:45:18,20210509
90,1998-06-30,BMTC,USD,1998-06-30,1998-06-30,Q2,8900000.0,0.0,0.0,0.0,0.0,3800000.0,0.0,0.0,0.0,0.0,1500000.0,300000.0,0.0,0.0,0.0,0.2808988764044944,0.0,2500000.0,0.2808988764044944,900000.0,1600000.0,0.1797752808988764,0.0475,0.045,8652000.0,8652000.0,,,1620589518,15:45:18,20210509
91,1998-03-31,BMTC,USD,1998-05-08,1998-05-08,Q1,8300000.0,0.0,0.0,0.0,0.0,3400000.0,0.0,0.0,0.0,0.0,1500000.0,400000.0,0.0,0.0,0.0,0.3132530120481928,0.0,2600000.0,0.3132530120481928,900000.0,1700000.0,0.20481927710843373,0.05,0.0475,8664000.0,8664000.0,https://www.sec.gov/Archives/edgar/data/802681/0001036050-98-000794-index.html,https://www.sec.gov/Archives/edgar/data/802681/,1620589518,15:45:18,20210509
92,1997-12-31,BMTC,USD,1997-12-31,1997-12-31,Q4,8100000.0,0.0,0.0,0.0,0.0,4400000.0,0.0,0.0,0.0,0.0,1600000.0,200000.0,0.0,0.0,0.0,0.30864197530864196,0.0,2500000.0,0.30864197530864196,800000.0,1700000.0,0.20987654320987653,0.19621421975992612,0.19621421975992612,8664000.0,8664000.0,,,1620589518,15:45:18,20210509
93,1997-09-30,BMTC,USD,1997-11-12 00:00:00,1997-11-12 00:00:00,Q3,7600000.0,0.0,0.0,0.0,0.0,3000000.0,0.0,0.0,0.0,0.0,1800000.0,400000.0,0.0,0.0,0.0,0.3026315789473684,0.0,2300000.0,0.3026315789473684,800000.0,1500000.0,0.19736842105263158,0.0425,0.0425,8728000.0,8728000.0,https://www.sec.gov/Archives/edgar/data/802681/000103605097001004/0001036050-97-001004-index.html,https://www.sec.gov/Archives/edgar/data/802681/0001036050-97-001004.txt,1620589518,15:45:18,20210509
94,1997-06-30,BMTC,USD,1997-08-12 00:00:00,1997-08-12 00:00:00,Q2,7300000.0,0.0,0.0,0.0,0.0,2800000.0,0.0,0.0,0.0,0.0,1900000.0,200000.0,0.0,0.0,0.0,0.2876712328767123,0.0,2100000.0,0.2876712328767123,700000.0,1400000.0,0.1917808219178082,0.0375,0.0375,8804000.0,8804000.0,https://www.sec.gov/Archives/edgar/data/802681/000103605097000616/0001036050-97-000616-index.html,https://www.sec.gov/Archives/edgar/data/802681/0001036050-97-000616.txt,1620589518,15:45:18,20210509
95,1997-03-31,BMTC,USD,1997-05-12 00:00:00,1997-05-12 00:00:00,Q1,7100000.0,0.0,0.0,0.0,0.0,2900000.0,0.0,0.0,0.0,0.0,1700000.0,300000.0,0.0,0.0,0.0,0.30985915492957744,0.0,2200000.0,0.30985915492957744,700000.0,1500000.0,0.2112676056338028,0.04,0.04,8824000.0,8824000.0,https://www.sec.gov/Archives/edgar/data/802681/000103605097000251/0001036050-97-000251-index.html,https://www.sec.gov/Archives/edgar/data/802681/0001036050-97-000251.txt,1620589518,15:45:18,20210509
96,1996-12-31,BMTC,USD,1996-12-31,1996-12-31,Q4,7000000.0,0.0,0.0,0.0,0.0,3400000.0,0.0,0.0,0.0,0.0,1500000.0,200000.0,0.0,0.0,0.0,0.3142857142857143,0.0,2200000.0,0.3142857142857143,700000.0,1500000.0,0.21428571428571427,0.1699909338168631,0.1699909338168631,8824000.0,8824000.0,,,1620589518,15:45:18,20210509
97,1996-09-30,BMTC,USD,1996-11-13 00:00:00,1996-11-13 00:00:00,Q3,6900000.0,0.0,0.0,0.0,0.0,2500000.0,0.0,0.0,0.0,0.0,1600000.0,400000.0,0.0,0.0,0.0,0.3188405797101449,0.0,2200000.0,0.3188405797101449,700000.0,1500000.0,0.21739130434782608,0.04125,0.04125,8764000.0,8764000.0,https://www.sec.gov/Archives/edgar/data/802681/000095010996007525/0000950109-96-007525-index.html,https://www.sec.gov/Archives/edgar/data/802681/0000950109-96-007525.txt,1620589518,15:45:18,20210509
98,1996-06-30,BMTC,USD,1996-08-13 00:00:00,1996-08-13 00:00:00,Q2,6800000.0,0.0,0.0,0.0,0.0,2600000.0,0.0,0.0,0.0,0.0,1600000.0,300000.0,0.0,0.0,0.0,0.27941176470588236,0.0,1900000.0,0.27941176470588236,600000.0,1300000.0,0.19117647058823528,0.035,0.035,8760000.0,8760000.0,https://www.sec.gov/Archives/edgar/data/802681/000095010996005205/0000950109-96-005205-index.html,https://www.sec.gov/Archives/edgar/data/802681/0000950109-96-005205.txt,1620589518,15:45:18,20210509
99,1996-03-31,BMTC,USD,1996-04-01 00:00:00,1996-04-01 00:00:00,Q1,7700000.0,0.0,0.0,0.0,0.0,2600000.0,0.0,0.0,0.0,0.0,1700000.0,200000.0,0.0,0.0,0.0,0.33766233766233766,0.0,2600000.0,0.33766233766233766,800000.0,1800000.0,0.23376623376623376,0.04875,0.04875,8760000.0,8760000.0,https://www.sec.gov/Archives/edgar/data/802681/000095010996001908/0000950109-96-001908-index.html,https://www.sec.gov/Archives/edgar/data/802681/0000950109-96-001908.txt,1620589518,15:45:18,20210509
100,1995-12-31,BMTC,USD,1996-04-01 00:00:00,1996-04-01 00:00:00,Q4,6800000.0,0.0,0.0,0.0,0.0,3700000.0,0.0,0.0,0.0,0.0,1800000.0,300000.0,0.0,0.0,0.0,0.25,0.0,1700000.0,0.25,600000.0,1100000.0,0.16176470588235295,0.12557077625570776,0.12557077625570776,8760000.0,8760000.0,https://www.sec.gov/Archives/edgar/data/802681/000095010996001908/0000950109-96-001908-index.html,https://www.sec.gov/Archives/edgar/data/802681/0000950109-96-001908.txt,1620589518,15:45:18,20210509
101,1995-09-30,BMTC,USD,1995-11-13 00:00:00,1995-11-13 00:00:00,Q3,6500000.0,0.0,0.0,0.0,0.0,2400000.0,0.0,0.0,0.0,0.0,1900000.0,200000.0,0.0,0.0,0.0,0.2923076923076923,0.0,1900000.0,0.2923076923076923,600000.0,1300000.0,0.2,0.01875,0.01875,8760000.0,8760000.0,https://www.sec.gov/Archives/edgar/data/802681/000095010995004601/0000950109-95-004601-index.html,https://www.sec.gov/Archives/edgar/data/802681/0000950109-95-004601.txt,1620589518,15:45:18,20210509
102,1995-06-30,BMTC,USD,1995-08-14 00:00:00,1995-08-14 00:00:00,Q2,6400000.0,0.0,0.0,0.0,0.0,2400000.0,0.0,0.0,0.0,0.0,1900000.0,300000.0,0.0,0.0,0.0,0.25,0.0,1600000.0,0.25,500000.0,1100000.0,0.171875,0.01625,0.01625,8752000.0,8752000.0,https://www.sec.gov/Archives/edgar/data/802681/000095010995003192/0000950109-95-003192-index.html,https://www.sec.gov/Archives/edgar/data/802681/0000950109-95-003192.txt,1620589518,15:45:18,20210509
103,1995-03-31,BMTC,USD,1995-05-12 00:00:00,1995-05-12 00:00:00,Q1,5900000.0,0.0,0.0,0.0,0.0,2200000.0,0.0,0.0,0.0,0.0,1600000.0,200000.0,0.0,0.0,0.0,0.2711864406779661,0.0,1600000.0,0.2711864406779661,500000.0,1100000.0,0.1864406779661017,0.015625,0.015625,8752000.0,8752000.0,https://www.sec.gov/Archives/edgar/data/802681/000095010995001834/0000950109-95-001834-index.html,https://www.sec.gov/Archives/edgar/data/802681/0000950109-95-001834.txt,1620589518,15:45:18,20210509
104,1994-09-30,BMTC,USD,1994-09-30,1994-09-30,Q3,6000000.0,0.0,0.0,0.0,0.0,2300000.0,0.0,0.0,0.0,0.0,1300000.0,200000.0,0.0,0.0,0.0,0.23333333333333334,0.0,1400000.0,0.23333333333333334,400000.0,1000000.0,0.16666666666666666,0.014375,0.014375,8752000.0,8752000.0,,,1620589518,15:45:18,20210509
105,1994-06-30,BMTC,USD,1994-06-30,1994-06-30,Q1,5700000.0,0.0,0.0,0.0,0.0,2200000.0,0.0,0.0,0.0,0.0,1300000.0,200000.0,0.0,0.0,0.0,0.24561403508771928,0.0,1400000.0,0.24561403508771928,400000.0,1000000.0,0.17543859649122806,0.014375,0.014375,8752000.0,8752000.0,,,1620589518,15:45:18,20210509
106,1994-03-31,BMTC,USD,1994-03-31,1994-03-31,Q1,5800000.0,0.0,0.0,0.0,0.0,2400000.0,0.0,0.0,0.0,0.0,1300000.0,200000.0,0.0,0.0,0.0,0.22413793103448276,0.0,1300000.0,0.22413793103448276,400000.0,900000.0,0.15517241379310345,0.01375,0.01375,8712000.0,8712000.0,,,1620589518,15:45:18,20210509
107,1993-09-30,BMTC,USD,1993-09-30,1993-09-30,Q3,6000000.0,0.0,0.0,0.0,0.0,2300000.0,0.0,0.0,0.0,0.0,1500000.0,300000.0,0.0,0.0,0.0,0.25,0.0,1500000.0,0.25,400000.0,1100000.0,0.18333333333333332,0.015625,0.015625,8712000.0,8712000.0,,,1620589518,15:45:18,20210509
108,1993-06-30,BMTC,USD,1993-06-30,1993-06-30,Q1,5600000.0,0.0,0.0,0.0,0.0,2200000.0,0.0,0.0,0.0,0.0,1500000.0,0.0,0.0,0.0,0.0,0.23214285714285715,0.0,1300000.0,0.23214285714285715,300000.0,1000000.0,0.17857142857142858,0.01375,0.01375,8712000.0,8712000.0,,,1620589518,15:45:18,20210509
109,1992-09-30,BMTC,USD,1992-09-30,1992-09-30,Q3,5400000.0,0.0,0.0,0.0,0.0,2200000.0,0.0,0.0,0.0,0.0,1800000.0,0.0,0.0,0.0,0.0,0.18518518518518517,0.0,1000000.0,0.18518518518518517,200000.0,800000.0,0.14814814814814814,0.011875,0.011875,8680000.0,8680000.0,,,1620589518,15:45:18,20210509
110,1992-06-30,BMTC,USD,1992-06-30,1992-06-30,Q1,5100000.0,0.0,0.0,0.0,0.0,1900000.0,0.0,0.0,0.0,0.0,2000000.0,0.0,0.0,0.0,0.0,0.17647058823529413,0.0,900000.0,0.17647058823529413,300000.0,900000.0,0.17647058823529413,0.011875,0.011875,8680000.0,8680000.0,,,1620589518,15:45:18,20210509
111,1992-03-31,BMTC,USD,1992-03-31,1992-03-31,Q1,5100000.0,0.0,0.0,0.0,0.0,1900000.0,0.0,0.0,0.0,0.0,2200000.0,0.0,0.0,0.0,0.0,0.17647058823529413,0.0,900000.0,0.17647058823529413,100000.0,800000.0,0.1568627450980392,0.011875,0.011875,8680000.0,8680000.0,,,1620589518,15:45:18,20210509
112,1991-09-30,BMTC,USD,1991-09-30,1991-09-30,Q3,4500000.0,0.0,0.0,0.0,0.0,2900000.0,0.0,0.0,0.0,0.0,2800000.0,0.0,0.0,0.0,0.0,-1.6666666666666667,0.0,-7500000.0,-1.6666666666666667,-2000000.0,-5500000.0,-1.2222222222222223,-0.079375,-0.079375,8680000.0,8680000.0,,,1620589518,15:45:18,20210509
113,1991-06-30,BMTC,USD,1991-06-30,1991-06-30,Q1,4500000.0,0.0,0.0,0.0,0.0,2100000.0,0.0,0.0,0.0,0.0,3000000.0,0.0,0.0,0.0,0.0,-0.37777777777777777,0.0,-1700000.0,-0.37777777777777777,-700000.0,-1000000.0,-0.2222222222222222,-0.014375,-0.014375,8680000.0,8680000.0,,,1620589518,15:45:18,20210509
114,1991-03-31,BMTC,USD,1991-03-31,1991-03-31,Q1,4600000.0,0.0,0.0,0.0,0.0,2100000.0,0.0,0.0,0.0,0.0,3100000.0,0.0,0.0,0.0,0.0,0.0,0.0,0.0,0.0,0.0,300000.0,0.06521739130434782,0.004375,0.004375,8680000.0,8680000.0,,,1620589518,15:45:18,20210509
115,1990-09-30,BMTC,USD,1990-09-30,1990-09-30,Q3,5000000.0,0.0,0.0,0.0,0.0,2600000.0,0.0,0.0,0.0,0.0,2900000.0,0.0,0.0,0.0,0.0,0.0,0.0,0.0,0.0,-100000.0,0.0,0.0,0.000625,0.000625,8680000.0,8680000.0,,,1620589518,15:45:18,20210509
116,1990-06-30,BMTC,USD,1990-06-30,1990-06-30,Q1,5000000.0,0.0,0.0,0.0,0.0,2200000.0,0.0,0.0,0.0,0.0,2800000.0,0.0,0.0,0.0,0.0,0.14,0.0,700000.0,0.14,100000.0,600000.0,0.12,0.00875,0.00875,8672000.0,8672000.0,,,1620589518,15:45:18,20210509
117,1990-03-31,BMTC,USD,1990-03-31,1990-03-31,Q1,5500000.0,0.0,0.0,0.0,0.0,2300000.0,0.0,0.0,0.0,0.0,2700000.0,0.0,0.0,0.0,0.0,0.2545454545454545,0.0,1400000.0,0.2545454545454545,400000.0,1000000.0,0.18181818181818182,0.014375,0.014375,8672000.0,8672000.0,,,1620589518,15:45:18,20210509
