,date,symbol,reportedCurrency,fillingDate,acceptedDate,period,revenue,costOfRevenue,grossProfit,grossProfitRatio,researchAndDevelopmentExpenses,generalAndAdministrativeExpenses,sellingAndMarketingExpenses,otherExpenses,operatingExpenses,costAndExpenses,interestExpense,depreciationAndAmortization,ebitda,ebitdaratio,operatingIncome,operatingIncomeRatio,totalOtherIncomeExpensesNet,incomeBeforeTax,incomeBeforeTaxRatio,incomeTaxExpense,netIncome,netIncomeRatio,eps,epsdiluted,weightedAverageShsOut,weightedAverageShsOutDil,link,finalLink,timestamp,est_time,est_date
0,2019-06-30,AEP.L,USD,2019-06-30,2019-06-30,Q2,54784000.0,49065000.0,5719000.0,0.10439179322429906,0.0,2017000.0,0.0,0.0,1491250.0,52573250.0,245000.0,4647500.0,6858250.0,0.1251870984228972,2210750.0,0.040353935455607476,0.0,4718250.0,0.0861245984228972,674750.0,4024000.0,0.07345210280373832,0.101525,0.101525,39636000,39636000,https://find-and-update.company-information.service.gov.uk/search/companies?q=Anglo-Eastern+Plantations+PLC,https://find-and-update.company-information.service.gov.uk/search/companies?q=Anglo-Eastern+Plantations+PLC,1620586243,14:50:43,20210509
1,2019-03-31,AEP.L,USD,2019-03-31,2019-03-31,Q1,54784000.0,49065000.0,5719000.0,0.10439179322429906,0.0,2017000.0,0.0,0.0,1491250.0,52573250.0,245000.0,4647500.0,6858250.0,0.1251870984228972,2210750.0,0.040353935455607476,0.0,4718250.0,0.0861245984228972,674750.0,4024000.0,0.07345210280373832,0.101525,0.101525,39636000,39636000,https://find-and-update.company-information.service.gov.uk/search/companies?q=Anglo-Eastern+Plantations+PLC,https://find-and-update.company-information.service.gov.uk/search/companies?q=Anglo-Eastern+Plantations+PLC,1620586243,14:50:43,20210509
2,2019-01-31,AEP.L,USD,2019-01-31,2019-01-31,Q1,54784000.0,49065000.0,5719000.0,0.10439179322429906,0.0,2017000.0,0.0,0.0,1491250.0,52573250.0,245000.0,4647500.0,6858250.0,0.1251870984228972,2210750.0,0.040353935455607476,0.0,4718250.0,0.0861245984228972,674750.0,4024000.0,0.07345210280373832,0.101525,0.101525,39636000,39636000,https://find-and-update.company-information.service.gov.uk/search/companies?q=Anglo-Eastern+Plantations+PLC,https://find-and-update.company-information.service.gov.uk/search/companies?q=Anglo-Eastern+Plantations+PLC,1620586243,14:50:43,20210509
3,2018-06-30,AEP.L,USD,2018-06-30,2018-06-30,Q2,62714750.0,52127500.0,10587250.0,0.16881594840129316,0.0,2342000.0,0.0,0.0,0.0,54469500.0,377750.0,4188000.0,12433250.0,0.1982508102160975,8245250.0,0.13147226131013837,0.0,7732250.0,0.12329236742552589,3265500.0,2853250.0,0.04549567685432853,0.071975,0.071975,39636000,39636000,https://find-and-update.company-information.service.gov.uk/search/companies?q=Anglo-Eastern+Plantations+PLC,https://find-and-update.company-information.service.gov.uk/search/companies?q=Anglo-Eastern+Plantations+PLC,1620586243,14:50:43,20210509
4,2018-03-31,AEP.L,USD,2018-03-31,2018-03-31,Q1,62714750.0,52127500.0,10587250.0,0.16881594840129316,0.0,2342000.0,0.0,0.0,0.0,54469500.0,377750.0,4188000.0,12433250.0,0.1982508102160975,8245250.0,0.13147226131013837,0.0,7732250.0,0.12329236742552589,3265500.0,2853250.0,0.04549567685432853,0.071975,0.071975,39636000,39636000,https://find-and-update.company-information.service.gov.uk/search/companies?q=Anglo-Eastern+Plantations+PLC,https://find-and-update.company-information.service.gov.uk/search/companies?q=Anglo-Eastern+Plantations+PLC,1620586243,14:50:43,20210509
5,2018-01-31,AEP.L,USD,2018-01-31,2018-01-31,Q1,62714750.0,52127500.0,10587250.0,0.16881594840129316,0.0,2342000.0,0.0,0.0,0.0,54469500.0,377750.0,4188000.0,12433250.0,0.1982508102160975,8245250.0,0.13147226131013837,0.0,7732250.0,0.12329236742552589,3265500.0,2853250.0,0.04549567685432853,0.071975,0.071975,39636000,39636000,https://find-and-update.company-information.service.gov.uk/search/companies?q=Anglo-Eastern+Plantations+PLC,https://find-and-update.company-information.service.gov.uk/search/companies?q=Anglo-Eastern+Plantations+PLC,1620586243,14:50:43,20210509
6,2017-06-30,AEP.L,USD,2017-06-30,2017-06-30,Q2,72976750.0,54460000.0,18516750.0,0.2537349224239227,0.0,2152750.0,0.0,0.0,0.0,56612750.0,438250.0,4071000.0,20435000.0,0.28002069152161474,16364000.0,0.2242358011284416,0.0,17422750.0,0.2387438464990562,5844500.0,9053500.0,0.1240600602246606,0.228425,0.228225,39636000,39669000,https://find-and-update.company-information.service.gov.uk/search/companies?q=Anglo-Eastern+Plantations+PLC,https://find-and-update.company-information.service.gov.uk/search/companies?q=Anglo-Eastern+Plantations+PLC,1620586243,14:50:43,20210509
7,2017-03-31,AEP.L,USD,2017-03-31,2017-03-31,Q1,72976750.0,54460000.0,18516750.0,0.2537349224239227,0.0,2152750.0,0.0,0.0,0.0,56612750.0,438250.0,4071000.0,20435000.0,0.28002069152161474,16364000.0,0.2242358011284416,0.0,17422750.0,0.2387438464990562,5844500.0,9053500.0,0.1240600602246606,0.228425,0.228225,39636000,39669000,https://find-and-update.company-information.service.gov.uk/search/companies?q=Anglo-Eastern+Plantations+PLC,https://find-and-update.company-information.service.gov.uk/search/companies?q=Anglo-Eastern+Plantations+PLC,1620586243,14:50:43,20210509
8,2017-01-31,AEP.L,USD,2017-01-31,2017-01-31,Q1,72976750.0,54460000.0,18516750.0,0.2537349224239227,0.0,2152750.0,0.0,0.0,0.0,56612750.0,438250.0,4071000.0,20435000.0,0.28002069152161474,16364000.0,0.2242358011284416,0.0,17422750.0,0.2387438464990562,5844500.0,9053500.0,0.1240600602246606,0.228425,0.228225,39636000,39669000,https://find-and-update.company-information.service.gov.uk/search/companies?q=Anglo-Eastern+Plantations+PLC,https://find-and-update.company-information.service.gov.uk/search/companies?q=Anglo-Eastern+Plantations+PLC,1620586243,14:50:43,20210509
9,2016-06-30,AEP.L,USD,2016-06-30,2016-06-30,Q2,61552500.0,45238500.0,16314000.0,0.2650420372852443,0.0,1663250.0,0.0,0.0,0.0,46901750.0,435750.0,3919250.0,18570000.0,0.3016936761301328,14650750.0,0.23802038909873685,0.0,15211500.0,0.24713049835506276,4216250.0,8678250.0,0.14098939929328622,0.21895,0.21895,39636000,39636000,https://find-and-update.company-information.service.gov.uk/search/companies?q=Anglo-Eastern+Plantations+PLC,https://find-and-update.company-information.service.gov.uk/search/companies?q=Anglo-Eastern+Plantations+PLC,1620586243,14:50:43,20210509
10,2016-03-31,AEP.L,USD,2016-03-31,2016-03-31,Q1,61552500.0,45238500.0,16314000.0,0.2650420372852443,0.0,1663250.0,0.0,0.0,0.0,46901750.0,435750.0,3919250.0,18570000.0,0.3016936761301328,14650750.0,0.23802038909873685,0.0,15211500.0,0.24713049835506276,4216250.0,8678250.0,0.14098939929328622,0.21895,0.21895,39636000,39636000,https://find-and-update.company-information.service.gov.uk/search/companies?q=Anglo-Eastern+Plantations+PLC,https://find-and-update.company-information.service.gov.uk/search/companies?q=Anglo-Eastern+Plantations+PLC,1620586243,14:50:43,20210509
11,2016-01-31,AEP.L,USD,2016-01-31,2016-01-31,Q1,61552500.0,45238500.0,16314000.0,0.2650420372852443,0.0,1663250.0,0.0,0.0,0.0,46901750.0,435750.0,3919250.0,18570000.0,0.3016936761301328,14650750.0,0.23802038909873685,0.0,15211500.0,0.24713049835506276,4216250.0,8678250.0,0.14098939929328622,0.21895,0.21895,39636000,39636000,https://find-and-update.company-information.service.gov.uk/search/companies?q=Anglo-Eastern+Plantations+PLC,https://find-and-update.company-information.service.gov.uk/search/companies?q=Anglo-Eastern+Plantations+PLC,1620586243,14:50:43,20210509
12,2015-09-30,AEP.L,USD,2015-09-30,2015-09-30,Q3,49112750.0,36474250.0,12638500.0,0.25733643503978093,0.0,1956500.0,0.0,0.0,16030250.0,54461000.0,502500.0,1692000.0,-3656250.0,-0.07444604506976295,-5348250.0,-0.10889738408050863,0.0,-4768500.0,-0.09709291375457493,-1411250.0,-3724250.0,-0.07583061424986383,-0.09395,-0.09395,39636000,39636000,https://find-and-update.company-information.service.gov.uk/search/companies?q=Anglo-Eastern+Plantations+PLC,https://find-and-update.company-information.service.gov.uk/search/companies?q=Anglo-Eastern+Plantations+PLC,1620586243,14:50:43,20210509
13,2015-06-30,AEP.L,USD,2015-06-30,2015-06-30,Q2,49112750.0,36474250.0,12638500.0,0.25733643503978093,0.0,1956500.0,0.0,0.0,16030250.0,54461000.0,502500.0,1692000.0,-3656250.0,-0.07444604506976295,-5348250.0,-0.10889738408050863,0.0,-4768500.0,-0.09709291375457493,-1411250.0,-3724250.0,-0.07583061424986383,-0.09395,-0.09395,39636000,39636000,https://find-and-update.company-information.service.gov.uk/search/companies?q=Anglo-Eastern+Plantations+PLC,https://find-and-update.company-information.service.gov.uk/search/companies?q=Anglo-Eastern+Plantations+PLC,1620586243,14:50:43,20210509
14,2015-03-31,AEP.L,USD,2015-03-31,2015-03-31,Q1,49112750.0,36474250.0,12638500.0,0.25733643503978093,0.0,1956500.0,0.0,0.0,16030250.0,54461000.0,502500.0,1692000.0,-3656250.0,-0.07444604506976295,-5348250.0,-0.10889738408050863,0.0,-4768500.0,-0.09709291375457493,-1411250.0,-3724250.0,-0.07583061424986383,-0.09395,-0.09395,39636000,39636000,https://find-and-update.company-information.service.gov.uk/search/companies?q=Anglo-Eastern+Plantations+PLC,https://find-and-update.company-information.service.gov.uk/search/companies?q=Anglo-Eastern+Plantations+PLC,1620586243,14:50:43,20210509
15,2015-01-31,AEP.L,USD,2015-01-31,2015-01-31,Q1,49112750.0,36474250.0,12638500.0,0.25733643503978093,0.0,1956500.0,0.0,0.0,16030250.0,54461000.0,502500.0,1692000.0,-3656250.0,-0.07444604506976295,-5348250.0,-0.10889738408050863,0.0,-4768500.0,-0.09709291375457493,-1411250.0,-3724250.0,-0.07583061424986383,-0.09395,-0.09395,39636000,39636000,https://find-and-update.company-information.service.gov.uk/search/companies?q=Anglo-Eastern+Plantations+PLC,https://find-and-update.company-information.service.gov.uk/search/companies?q=Anglo-Eastern+Plantations+PLC,1620586243,14:50:43,20210509
16,2014-09-30,AEP.L,USD,2014-09-30,2014-09-30,Q3,62814500.0,41166500.0,21648000.0,0.3446338027047895,0.0,1936750.0,0.0,0.0,8429500.0,51532750.0,504750.0,1708250.0,12990000.0,0.20679938549220322,11281750.0,0.17960423150705648,0.0,12809000.0,0.20391788520166523,3134500.0,7690500.0,0.12243192256564965,0.194025,0.193825,39636000,39679000,https://find-and-update.company-information.service.gov.uk/search/companies?q=Anglo-Eastern+Plantations+PLC,https://find-and-update.company-information.service.gov.uk/search/companies?q=Anglo-Eastern+Plantations+PLC,1620586243,14:50:43,20210509
17,2014-06-30,AEP.L,USD,2014-06-30,2014-06-30,Q2,62814500.0,41166500.0,21648000.0,0.3446338027047895,0.0,1936750.0,0.0,0.0,8429500.0,51532750.0,504750.0,1708250.0,12990000.0,0.20679938549220322,11281750.0,0.17960423150705648,0.0,12809000.0,0.20391788520166523,3134500.0,7690500.0,0.12243192256564965,0.194025,0.193825,39636000,39679000,https://find-and-update.company-information.service.gov.uk/search/companies?q=Anglo-Eastern+Plantations+PLC,https://find-and-update.company-information.service.gov.uk/search/companies?q=Anglo-Eastern+Plantations+PLC,1620586243,14:50:43,20210509
18,2014-03-31,AEP.L,USD,2014-03-31,2014-03-31,Q1,62814500.0,41166500.0,21648000.0,0.3446338027047895,0.0,1936750.0,0.0,0.0,8429500.0,51532750.0,504750.0,1708250.0,12990000.0,0.20679938549220322,11281750.0,0.17960423150705648,0.0,12809000.0,0.20391788520166523,3134500.0,7690500.0,0.12243192256564965,0.194025,0.193825,39636000,39679000,https://find-and-update.company-information.service.gov.uk/search/companies?q=Anglo-Eastern+Plantations+PLC,https://find-and-update.company-information.service.gov.uk/search/companies?q=Anglo-Eastern+Plantations+PLC,1620586243,14:50:43,20210509
19,2014-01-31,AEP.L,USD,2014-01-31,2014-01-31,Q1,62814500.0,41166500.0,21648000.0,0.3446338027047895,0.0,1936750.0,0.0,0.0,8429500.0,51532750.0,504750.0,1708250.0,12990000.0,0.20679938549220322,11281750.0,0.17960423150705648,0.0,12809000.0,0.20391788520166523,3134500.0,7690500.0,0.12243192256564965,0.194025,0.193825,39636000,39679000,https://find-and-update.company-information.service.gov.uk/search/companies?q=Anglo-Eastern+Plantations+PLC,https://find-and-update.company-information.service.gov.uk/search/companies?q=Anglo-Eastern+Plantations+PLC,1620586243,14:50:43,20210509
20,2013-09-30,AEP.L,USD,2013-09-30,2013-09-30,Q3,50479250.0,33350000.0,17129250.0,0.3393324980066067,0.0,2224500.0,0.0,0.0,-23415250.0,12159250.0,443500.0,1601500.0,39921500.0,0.7908497055720916,38320000.0,0.7591237983924087,0.0,38350250.0,0.7597230545224027,9898250.0,23380250.0,0.46316555812536836,0.589875,0.589175,39636000,39684000,https://find-and-update.company-information.service.gov.uk/search/companies?q=Anglo-Eastern+Plantations+PLC,https://find-and-update.company-information.service.gov.uk/search/companies?q=Anglo-Eastern+Plantations+PLC,1620586243,14:50:43,20210509
21,2013-06-30,AEP.L,USD,2013-06-30,2013-06-30,Q2,50479250.0,33350000.0,17129250.0,0.3393324980066067,0.0,2224500.0,0.0,0.0,-23415250.0,12159250.0,443500.0,1601500.0,39921500.0,0.7908497055720916,38320000.0,0.7591237983924087,0.0,38350250.0,0.7597230545224027,9898250.0,23380250.0,0.46316555812536836,0.589875,0.589175,39636000,39684000,https://find-and-update.company-information.service.gov.uk/search/companies?q=Anglo-Eastern+Plantations+PLC,https://find-and-update.company-information.service.gov.uk/search/companies?q=Anglo-Eastern+Plantations+PLC,1620586243,14:50:43,20210509
22,2013-03-31,AEP.L,USD,2013-03-31,2013-03-31,Q1,50479250.0,33350000.0,17129250.0,0.3393324980066067,0.0,2224500.0,0.0,0.0,-23415250.0,12159250.0,443500.0,1601500.0,39921500.0,0.7908497055720916,38320000.0,0.7591237983924087,0.0,38350250.0,0.7597230545224027,9898250.0,23380250.0,0.46316555812536836,0.589875,0.589175,39636000,39684000,https://find-and-update.company-information.service.gov.uk/search/companies?q=Anglo-Eastern+Plantations+PLC,https://find-and-update.company-information.service.gov.uk/search/companies?q=Anglo-Eastern+Plantations+PLC,1620586243,14:50:43,20210509
23,2013-01-31,AEP.L,USD,2013-01-31,2013-01-31,Q1,50479250.0,33350000.0,17129250.0,0.3393324980066067,0.0,2224500.0,0.0,0.0,-23415250.0,12159250.0,443500.0,1601500.0,39921500.0,0.7908497055720916,38320000.0,0.7591237983924087,0.0,38350250.0,0.7597230545224027,9898250.0,23380250.0,0.46316555812536836,0.589875,0.589175,39636000,39684000,https://find-and-update.company-information.service.gov.uk/search/companies?q=Anglo-Eastern+Plantations+PLC,https://find-and-update.company-information.service.gov.uk/search/companies?q=Anglo-Eastern+Plantations+PLC,1620586243,14:50:43,20210509
24,2012-09-30,AEP.L,USD,2012-09-30,2012-09-30,Q3,59338000.0,35688750.0,23649250.0,0.39855151841989955,0.0,2300250.0,0.0,0.0,1137250.0,39126250.0,29250.0,1533750.0,21745500.0,0.36646836765647645,20211750.0,0.34062068151943103,0.0,21010500.0,0.35408170143921264,5334750.0,12198000.0,0.2055681013852843,0.298525,0.298175,39636000,39684000,https://find-and-update.company-information.service.gov.uk/search/companies?q=Anglo-Eastern+Plantations+PLC,https://find-and-update.company-information.service.gov.uk/search/companies?q=Anglo-Eastern+Plantations+PLC,1620586243,14:50:43,20210509
25,2012-06-30,AEP.L,USD,2012-06-30,2012-06-30,Q2,59338000.0,35688750.0,23649250.0,0.39855151841989955,0.0,2300250.0,0.0,0.0,1137250.0,39126250.0,29250.0,1533750.0,21745500.0,0.36646836765647645,20211750.0,0.34062068151943103,0.0,21010500.0,0.35408170143921264,5334750.0,12198000.0,0.2055681013852843,0.298525,0.298175,39636000,39684000,https://find-and-update.company-information.service.gov.uk/search/companies?q=Anglo-Eastern+Plantations+PLC,https://find-and-update.company-information.service.gov.uk/search/companies?q=Anglo-Eastern+Plantations+PLC,1620586243,14:50:43,20210509
26,2012-03-31,AEP.L,USD,2012-03-31,2012-03-31,Q1,59338000.0,35688750.0,23649250.0,0.39855151841989955,0.0,2300250.0,0.0,0.0,1137250.0,39126250.0,29250.0,1533750.0,21745500.0,0.36646836765647645,20211750.0,0.34062068151943103,0.0,21010500.0,0.35408170143921264,5334750.0,12198000.0,0.2055681013852843,0.298525,0.298175,39636000,39684000,https://find-and-update.company-information.service.gov.uk/search/companies?q=Anglo-Eastern+Plantations+PLC,https://find-and-update.company-information.service.gov.uk/search/companies?q=Anglo-Eastern+Plantations+PLC,1620586243,14:50:43,20210509
27,2012-01-31,AEP.L,USD,2012-01-31,2012-01-31,Q1,59338000.0,35688750.0,23649250.0,0.39855151841989955,0.0,2300250.0,0.0,0.0,1137250.0,39126250.0,29250.0,1533750.0,21745500.0,0.36646836765647645,20211750.0,0.34062068151943103,0.0,21010500.0,0.35408170143921264,5334750.0,12198000.0,0.2055681013852843,0.298525,0.298175,39636000,39684000,https://find-and-update.company-information.service.gov.uk/search/companies?q=Anglo-Eastern+Plantations+PLC,https://find-and-update.company-information.service.gov.uk/search/companies?q=Anglo-Eastern+Plantations+PLC,1620586243,14:50:43,20210509
28,2011-09-30,AEP.L,USD,2011-09-30,2011-09-30,Q3,64759347.0,39699095.975,25060251.025,0.38697504199664023,0.0,1343000.0,0.0,0.0,-3263221.475,38450765.15,176778.875,2014890.65,28323472.5,0.4373650107991361,26308581.85,0.40625149988000964,0.0,27194030.325,0.4199244060475162,7287174.9,16240733.525,0.25078593712503,0.41075,0.40925,39539000,39680000,https://find-and-update.company-information.service.gov.uk/search/companies?q=Anglo-Eastern+Plantations+PLC,https://find-and-update.company-information.service.gov.uk/search/companies?q=Anglo-Eastern+Plantations+PLC,1620586243,14:50:43,20210509
29,2011-06-30,AEP.L,USD,2011-06-30,2011-06-30,Q2,64759347.0,39699095.975,25060251.025,0.38697504199664023,0.0,1343000.0,0.0,0.0,-3263221.475,38450765.15,176778.875,2014890.65,28323472.5,0.4373650107991361,26308581.85,0.40625149988000964,0.0,27194030.325,0.4199244060475162,7287174.9,16240733.525,0.25078593712503,0.41075,0.40925,39539000,39680000,https://find-and-update.company-information.service.gov.uk/search/companies?q=Anglo-Eastern+Plantations+PLC,https://find-and-update.company-information.service.gov.uk/search/companies?q=Anglo-Eastern+Plantations+PLC,1620586243,14:50:43,20210509
30,2011-03-31,AEP.L,USD,2011-03-31,2011-03-31,Q1,64759347.0,39699095.975,25060251.025,0.38697504199664023,0.0,1343000.0,0.0,0.0,-3263221.475,38450765.15,176778.875,2014890.65,28323472.5,0.4373650107991361,26308581.85,0.40625149988000964,0.0,27194030.325,0.4199244060475162,7287174.9,16240733.525,0.25078593712503,0.41075,0.40925,39539000,39680000,https://find-and-update.company-information.service.gov.uk/search/companies?q=Anglo-Eastern+Plantations+PLC,https://find-and-update.company-information.service.gov.uk/search/companies?q=Anglo-Eastern+Plantations+PLC,1620586243,14:50:43,20210509
31,2011-01-31,AEP.L,USD,2011-01-31,2011-01-31,Q1,64759347.0,39699095.975,25060251.025,0.38697504199664023,0.0,1343000.0,0.0,0.0,-3263221.475,38450765.15,176778.875,2014890.65,28323472.5,0.4373650107991361,26308581.85,0.40625149988000964,0.0,27194030.325,0.4199244060475162,7287174.9,16240733.525,0.25078593712503,0.41075,0.40925,39539000,39680000,https://find-and-update.company-information.service.gov.uk/search/companies?q=Anglo-Eastern+Plantations+PLC,https://find-and-update.company-information.service.gov.uk/search/companies?q=Anglo-Eastern+Plantations+PLC,1620586243,14:50:43,20210509
32,2010-09-30,AEP.L,USD,2010-09-30,2010-09-30,Q3,46808167.2,29660229.375,17147937.825,0.36634499598608505,0.0,913750.0,0.0,0.0,-5757861.75,26140535.775,301397.25,2238168.15,22905799.575,0.48935476317902055,20667631.425,0.44153900187316025,0.0,21259466.025,0.4541828338239229,5643565.65,12832085.775,0.2741420256890554,0.32455,0.323175,39539000,39705000,https://find-and-update.company-information.service.gov.uk/search/companies?q=Anglo-Eastern+Plantations+PLC,https://find-and-update.company-information.service.gov.uk/search/companies?q=Anglo-Eastern+Plantations+PLC,1620586243,14:50:43,20210509
33,2010-06-30,AEP.L,USD,2010-06-30,2010-06-30,Q2,46808167.2,29660229.375,17147937.825,0.36634499598608505,0.0,913750.0,0.0,0.0,-5757861.75,26140535.775,301397.25,2238168.15,22905799.575,0.48935476317902055,20667631.425,0.44153900187316025,0.0,21259466.025,0.4541828338239229,5643565.65,12832085.775,0.2741420256890554,0.32455,0.323175,39539000,39705000,https://find-and-update.company-information.service.gov.uk/search/companies?q=Anglo-Eastern+Plantations+PLC,https://find-and-update.company-information.service.gov.uk/search/companies?q=Anglo-Eastern+Plantations+PLC,1620586243,14:50:43,20210509
34,2010-03-31,AEP.L,USD,2010-03-31,2010-03-31,Q1,46808167.2,29660229.375,17147937.825,0.36634499598608505,0.0,913750.0,0.0,0.0,-5757861.75,26140535.775,301397.25,2238168.15,22905799.575,0.48935476317902055,20667631.425,0.44153900187316025,0.0,21259466.025,0.4541828338239229,5643565.65,12832085.775,0.2741420256890554,0.32455,0.323175,39539000,39705000,https://find-and-update.company-information.service.gov.uk/search/companies?q=Anglo-Eastern+Plantations+PLC,https://find-and-update.company-information.service.gov.uk/search/companies?q=Anglo-Eastern+Plantations+PLC,1620586243,14:50:43,20210509
35,2010-01-31,AEP.L,USD,2010-01-31,2010-01-31,Q1,46808167.2,29660229.375,17147937.825,0.36634499598608505,0.0,913750.0,0.0,0.0,-5757861.75,26140535.775,301397.25,2238168.15,22905799.575,0.48935476317902055,20667631.425,0.44153900187316025,0.0,21259466.025,0.4541828338239229,5643565.65,12832085.775,0.2741420256890554,0.32455,0.323175,39539000,39705000,https://find-and-update.company-information.service.gov.uk/search/companies?q=Anglo-Eastern+Plantations+PLC,https://find-and-update.company-information.service.gov.uk/search/companies?q=Anglo-Eastern+Plantations+PLC,1620586243,14:50:43,20210509
36,2009-09-30,AEP.L,USD,2009-09-30,2009-09-30,Q3,37520164.5,22050473.75,15469690.75,0.41230338289161816,0.0,730750.0,0.0,0.0,-448689.75,22869433.6,555000.925,1267649.6,15918380.5,0.4242620124973066,14650730.9,0.3904761904761905,0.0,15521431.55,0.41368239603533724,4233448.425,9373573.525,0.24982762335703512,0.237475,0.237475,39470000,39470000,https://find-and-update.company-information.service.gov.uk/search/companies?q=Anglo-Eastern+Plantations+PLC,https://find-and-update.company-information.service.gov.uk/search/companies?q=Anglo-Eastern+Plantations+PLC,1620586243,14:50:43,20210509
37,2009-06-30,AEP.L,USD,2009-06-30,2009-06-30,Q2,37520164.5,22050473.75,15469690.75,0.41230338289161816,0.0,730750.0,0.0,0.0,-448689.75,22869433.6,555000.925,1267649.6,15918380.5,0.4242620124973066,14650730.9,0.3904761904761905,0.0,15521431.55,0.41368239603533724,4233448.425,9373573.525,0.24982762335703512,0.237475,0.237475,39470000,39470000,https://find-and-update.company-information.service.gov.uk/search/companies?q=Anglo-Eastern+Plantations+PLC,https://find-and-update.company-information.service.gov.uk/search/companies?q=Anglo-Eastern+Plantations+PLC,1620586243,14:50:43,20210509
38,2009-03-31,AEP.L,USD,2009-03-31,2009-03-31,Q1,37520164.5,22050473.75,15469690.75,0.41230338289161816,0.0,730750.0,0.0,0.0,-448689.75,22869433.6,555000.925,1267649.6,15918380.5,0.4242620124973066,14650730.9,0.3904761904761905,0.0,15521431.55,0.41368239603533724,4233448.425,9373573.525,0.24982762335703512,0.237475,0.237475,39470000,39470000,https://find-and-update.company-information.service.gov.uk/search/companies?q=Anglo-Eastern+Plantations+PLC,https://find-and-update.company-information.service.gov.uk/search/companies?q=Anglo-Eastern+Plantations+PLC,1620586243,14:50:43,20210509
39,2009-01-31,AEP.L,USD,2009-01-31,2009-01-31,Q1,37520164.5,22050473.75,15469690.75,0.41230338289161816,0.0,730750.0,0.0,0.0,-448689.75,22869433.6,555000.925,1267649.6,15918380.5,0.4242620124973066,14650730.9,0.3904761904761905,0.0,15521431.55,0.41368239603533724,4233448.425,9373573.525,0.24982762335703512,0.237475,0.237475,39470000,39470000,https://find-and-update.company-information.service.gov.uk/search/companies?q=Anglo-Eastern+Plantations+PLC,https://find-and-update.company-information.service.gov.uk/search/companies?q=Anglo-Eastern+Plantations+PLC,1620586243,14:50:43,20210509
40,2008-09-30,AEP.L,USD,2008-09-30,2008-09-30,Q3,43670902.7,24202839.05,19468063.65,0.44579027330250254,0.0,952000.0,0.0,0.0,-221281.85,25207174.3,671501.1,1225617.1,19689345.5,0.4508573050403192,18463728.4,0.4227924603903367,0.0,19468428.2,0.4457986209659916,6472949.8,10500133.65,0.2404377514733626,0.26275,0.262,39976000,40077000,https://find-and-update.company-information.service.gov.uk/search/companies?q=Anglo-Eastern+Plantations+PLC,https://find-and-update.company-information.service.gov.uk/search/companies?q=Anglo-Eastern+Plantations+PLC,1620586243,14:50:43,20210509
41,2008-06-30,AEP.L,USD,2008-06-30,2008-06-30,Q2,43670902.7,24202839.05,19468063.65,0.44579027330250254,0.0,952000.0,0.0,0.0,-221281.85,25207174.3,671501.1,1225617.1,19689345.5,0.4508573050403192,18463728.4,0.4227924603903367,0.0,19468428.2,0.4457986209659916,6472949.8,10500133.65,0.2404377514733626,0.26275,0.262,39976000,40077000,https://find-and-update.company-information.service.gov.uk/search/companies?q=Anglo-Eastern+Plantations+PLC,https://find-and-update.company-information.service.gov.uk/search/companies?q=Anglo-Eastern+Plantations+PLC,1620586243,14:50:43,20210509
42,2008-03-31,AEP.L,USD,2008-03-31,2008-03-31,Q1,43670902.7,24202839.05,19468063.65,0.44579027330250254,0.0,952000.0,0.0,0.0,-221281.85,25207174.3,671501.1,1225617.1,19689345.5,0.4508573050403192,18463728.4,0.4227924603903367,0.0,19468428.2,0.4457986209659916,6472949.8,10500133.65,0.2404377514733626,0.26275,0.262,39976000,40077000,https://find-and-update.company-information.service.gov.uk/search/companies?q=Anglo-Eastern+Plantations+PLC,https://find-and-update.company-information.service.gov.uk/search/companies?q=Anglo-Eastern+Plantations+PLC,1620586243,14:50:43,20210509
43,2008-01-31,AEP.L,USD,2008-01-31,2008-01-31,Q1,43670902.7,24202839.05,19468063.65,0.44579027330250254,0.0,952000.0,0.0,0.0,-221281.85,25207174.3,671501.1,1225617.1,19689345.5,0.4508573050403192,18463728.4,0.4227924603903367,0.0,19468428.2,0.4457986209659916,6472949.8,10500133.65,0.2404377514733626,0.26275,0.262,39976000,40077000,https://find-and-update.company-information.service.gov.uk/search/companies?q=Anglo-Eastern+Plantations+PLC,https://find-and-update.company-information.service.gov.uk/search/companies?q=Anglo-Eastern+Plantations+PLC,1620586243,14:50:43,20210509
44,2007-09-30,AEP.L,USD,2007-09-30,2007-09-30,Q3,31974630.2,18074319.25,13900310.95,0.4347293733517518,0.0,911500.0,0.0,0.0,-492388.425,18648019.525,462272.925,1066088.7,14392699.375,0.45012872033153334,13326610.675,0.4167870149441166,0.0,13397884.025,0.4190160743438403,3906482.275,7750223.925,0.24238666331784503,0.19625,0.196,39480000,39545000,https://find-and-update.company-information.service.gov.uk/search/companies?q=Anglo-Eastern+Plantations+PLC,https://find-and-update.company-information.service.gov.uk/search/companies?q=Anglo-Eastern+Plantations+PLC,1620586243,14:50:43,20210509
45,2007-06-30,AEP.L,USD,2007-06-30,2007-06-30,Q2,31974630.2,18074319.25,13900310.95,0.4347293733517518,0.0,911500.0,0.0,0.0,-492388.425,18648019.525,462272.925,1066088.7,14392699.375,0.45012872033153334,13326610.675,0.4167870149441166,0.0,13397884.025,0.4190160743438403,3906482.275,7750223.925,0.24238666331784503,0.19625,0.196,39480000,39545000,https://find-and-update.company-information.service.gov.uk/search/companies?q=Anglo-Eastern+Plantations+PLC,https://find-and-update.company-information.service.gov.uk/search/companies?q=Anglo-Eastern+Plantations+PLC,1620586243,14:50:43,20210509
46,2007-03-31,AEP.L,USD,2007-03-31,2007-03-31,Q1,31974630.2,18074319.25,13900310.95,0.4347293733517518,0.0,911500.0,0.0,0.0,-492388.425,18648019.525,462272.925,1066088.7,14392699.375,0.45012872033153334,13326610.675,0.4167870149441166,0.0,13397884.025,0.4190160743438403,3906482.275,7750223.925,0.24238666331784503,0.19625,0.196,39480000,39545000,https://find-and-update.company-information.service.gov.uk/search/companies?q=Anglo-Eastern+Plantations+PLC,https://find-and-update.company-information.service.gov.uk/search/companies?q=Anglo-Eastern+Plantations+PLC,1620586243,14:50:43,20210509
47,2007-01-31,AEP.L,USD,2007-01-31,2007-01-31,Q1,31974630.2,18074319.25,13900310.95,0.4347293733517518,0.0,911500.0,0.0,0.0,-492388.425,18648019.525,462272.925,1066088.7,14392699.375,0.45012872033153334,13326610.675,0.4167870149441166,0.0,13397884.025,0.4190160743438403,3906482.275,7750223.925,0.24238666331784503,0.19625,0.196,39480000,39545000,https://find-and-update.company-information.service.gov.uk/search/companies?q=Anglo-Eastern+Plantations+PLC,https://find-and-update.company-information.service.gov.uk/search/companies?q=Anglo-Eastern+Plantations+PLC,1620586243,14:50:43,20210509
48,2006-09-30,AEP.L,USD,2006-09-30,2006-09-30,Q3,19773375.95,12522418.225,7250957.725,0.3667030730278509,0.0,687000.0,0.0,0.0,-690099.95,12720220.7,112398.925,887902.425,7941057.675,0.40160353472670407,7053155.25,0.3566995978751924,0.0,7259792.575,0.36714987836965696,2322093.075,4118512.575,0.208285756838604,0.10432424578246112,0.10417910543090583,39478000,39533000,https://find-and-update.company-information.service.gov.uk/search/companies?q=Anglo-Eastern+Plantations+PLC,https://find-and-update.company-information.service.gov.uk/search/companies?q=Anglo-Eastern+Plantations+PLC,1620586243,14:50:43,20210509
49,2006-06-30,AEP.L,USD,2006-06-30,2006-06-30,Q2,19773375.95,12522418.225,7250957.725,0.3667030730278509,0.0,687000.0,0.0,0.0,-690099.95,12720220.7,112398.925,887902.425,7941057.675,0.40160353472670407,7053155.25,0.3566995978751924,0.0,7259792.575,0.36714987836965696,2322093.075,4118512.575,0.208285756838604,0.10432424578246112,0.10417910543090583,39478000,39533000,https://find-and-update.company-information.service.gov.uk/search/companies?q=Anglo-Eastern+Plantations+PLC,https://find-and-update.company-information.service.gov.uk/search/companies?q=Anglo-Eastern+Plantations+PLC,1620586243,14:50:43,20210509
50,2006-03-31,AEP.L,USD,2006-03-31,2006-03-31,Q1,19773375.95,12522418.225,7250957.725,0.3667030730278509,0.0,687000.0,0.0,0.0,-690099.95,12720220.7,112398.925,887902.425,7941057.675,0.40160353472670407,7053155.25,0.3566995978751924,0.0,7259792.575,0.36714987836965696,2322093.075,4118512.575,0.208285756838604,0.10432424578246112,0.10417910543090583,39478000,39533000,https://find-and-update.company-information.service.gov.uk/search/companies?q=Anglo-Eastern+Plantations+PLC,https://find-and-update.company-information.service.gov.uk/search/companies?q=Anglo-Eastern+Plantations+PLC,1620586243,14:50:43,20210509
51,2006-01-31,AEP.L,USD,2006-01-31,2006-01-31,Q1,19773375.95,12522418.225,7250957.725,0.3667030730278509,0.0,687000.0,0.0,0.0,-690099.95,12720220.7,112398.925,887902.425,7941057.675,0.40160353472670407,7053155.25,0.3566995978751924,0.0,7259792.575,0.36714987836965696,2322093.075,4118512.575,0.208285756838604,0.10432424578246112,0.10417910543090583,39478000,39533000,https://find-and-update.company-information.service.gov.uk/search/companies?q=Anglo-Eastern+Plantations+PLC,https://find-and-update.company-information.service.gov.uk/search/companies?q=Anglo-Eastern+Plantations+PLC,1620586243,14:50:43,20210509
52,2005-09-30,AEP.L,USD,2005-09-30,2005-09-30,Q3,16080074.175,9878392.675,6201681.5,0.38567493112947654,0.0,680250.0,0.0,0.0,-288580.325,10400503.725,124291.675,810691.375,6490261.825,0.4036213859691353,5679570.45,0.3532054882452058,0.0,5354863.825,0.3330123833212977,1774059.375,3045791.15,0.18941399876969162,0.07728276750145899,0.07718484453004232,39411000,39461000,https://find-and-update.company-information.service.gov.uk/search/companies?q=Anglo-Eastern+Plantations+PLC,https://find-and-update.company-information.service.gov.uk/search/companies?q=Anglo-Eastern+Plantations+PLC,1620586243,14:50:43,20210509
53,2005-06-30,AEP.L,USD,2005-06-30,2005-06-30,Q2,16080074.175,9878392.675,6201681.5,0.38567493112947654,0.0,680250.0,0.0,0.0,-288580.325,10400503.725,124291.675,810691.375,6490261.825,0.4036213859691353,5679570.45,0.3532054882452058,0.0,5354863.825,0.3330123833212977,1774059.375,3045791.15,0.18941399876969162,0.07728276750145899,0.07718484453004232,39411000,39461000,https://find-and-update.company-information.service.gov.uk/search/companies?q=Anglo-Eastern+Plantations+PLC,https://find-and-update.company-information.service.gov.uk/search/companies?q=Anglo-Eastern+Plantations+PLC,1620586243,14:50:43,20210509
54,2005-03-31,AEP.L,USD,2005-03-31,2005-03-31,Q1,16080074.175,9878392.675,6201681.5,0.38567493112947654,0.0,680250.0,0.0,0.0,-288580.325,10400503.725,124291.675,810691.375,6490261.825,0.4036213859691353,5679570.45,0.3532054882452058,0.0,5354863.825,0.3330123833212977,1774059.375,3045791.15,0.18941399876969162,0.07728276750145899,0.07718484453004232,39411000,39461000,https://find-and-update.company-information.service.gov.uk/search/companies?q=Anglo-Eastern+Plantations+PLC,https://find-and-update.company-information.service.gov.uk/search/companies?q=Anglo-Eastern+Plantations+PLC,1620586243,14:50:43,20210509
55,2005-01-31,AEP.L,USD,2005-01-31,2005-01-31,Q1,16080074.175,9878392.675,6201681.5,0.38567493112947654,0.0,680250.0,0.0,0.0,-288580.325,10400503.725,124291.675,810691.375,6490261.825,0.4036213859691353,5679570.45,0.3532054882452058,0.0,5354863.825,0.3330123833212977,1774059.375,3045791.15,0.18941399876969162,0.07728276750145899,0.07718484453004232,39411000,39461000,https://find-and-update.company-information.service.gov.uk/search/companies?q=Anglo-Eastern+Plantations+PLC,https://find-and-update.company-information.service.gov.uk/search/companies?q=Anglo-Eastern+Plantations+PLC,1620586243,14:50:43,20210509
56,2004-09-30,AEP.L,USD,2004-09-30,2004-09-30,Q3,16419046.7,9616773.525,6802273.175,0.4142916028736309,0.0,599500.0,0.0,0.0,-611532.625,9734729.225,134875.575,729488.325,7413805.8,0.4515369214462372,6684317.475,0.40710752561535746,0.0,6685767.75,0.4071958544341067,2258561.6,3702068.65,0.22547403132728772,9.35,9.325,39609000,39746000,https://find-and-update.company-information.service.gov.uk/search/companies?q=Anglo-Eastern+Plantations+PLC,https://find-and-update.company-information.service.gov.uk/search/companies?q=Anglo-Eastern+Plantations+PLC,1620586243,14:50:43,20210509
57,2004-06-30,AEP.L,USD,2004-06-30,2004-06-30,Q2,16419046.7,9616773.525,6802273.175,0.4142916028736309,0.0,599500.0,0.0,0.0,-611532.625,9734729.225,134875.575,729488.325,7413805.8,0.4515369214462372,6684317.475,0.40710752561535746,0.0,6685767.75,0.4071958544341067,2258561.6,3702068.65,0.22547403132728772,9.35,9.325,39609000,39746000,https://find-and-update.company-information.service.gov.uk/search/companies?q=Anglo-Eastern+Plantations+PLC,https://find-and-update.company-information.service.gov.uk/search/companies?q=Anglo-Eastern+Plantations+PLC,1620586243,14:50:43,20210509
58,2004-03-31,AEP.L,USD,2004-03-31,2004-03-31,Q1,16419046.7,9616773.525,6802273.175,0.4142916028736309,0.0,599500.0,0.0,0.0,-611532.625,9734729.225,134875.575,729488.325,7413805.8,0.4515369214462372,6684317.475,0.40710752561535746,0.0,6685767.75,0.4071958544341067,2258561.6,3702068.65,0.22547403132728772,9.35,9.325,39609000,39746000,https://find-and-update.company-information.service.gov.uk/search/companies?q=Anglo-Eastern+Plantations+PLC,https://find-and-update.company-information.service.gov.uk/search/companies?q=Anglo-Eastern+Plantations+PLC,1620586243,14:50:43,20210509
59,2004-01-31,AEP.L,USD,2004-01-31,2004-01-31,Q1,16419046.7,9616773.525,6802273.175,0.4142916028736309,0.0,599500.0,0.0,0.0,-611532.625,9734729.225,134875.575,729488.325,7413805.8,0.4515369214462372,6684317.475,0.40710752561535746,0.0,6685767.75,0.4071958544341067,2258561.6,3702068.65,0.22547403132728772,9.35,9.325,39609000,39746000,https://find-and-update.company-information.service.gov.uk/search/companies?q=Anglo-Eastern+Plantations+PLC,https://find-and-update.company-information.service.gov.uk/search/companies?q=Anglo-Eastern+Plantations+PLC,1620586243,14:50:43,20210509
60,2003-09-30,AEP.L,USD,2003-09-30,2003-09-30,Q3,13159931.625,7243204.95,5916726.675,0.4496016273944736,0.0,0.0,0.0,110267.85714275,-175792.95,7743813.3,152591.85,676401.3,6092519.625,0.462959823698932,5416118.325,0.41156128157314803,0.0,5312605.725,0.4036955416172232,1665571.275,3050052.3,0.23176809628750633,0.0776785,0.07723225,39378899,39514451,https://find-and-update.company-information.service.gov.uk/search/companies?q=Anglo-Eastern+Plantations+PLC,https://find-and-update.company-information.service.gov.uk/search/companies?q=Anglo-Eastern+Plantations+PLC,1620586243,14:50:43,20210509
61,2003-06-30,AEP.L,USD,2003-06-30,2003-06-30,Q2,13159931.625,7243204.95,5916726.675,0.4496016273944736,0.0,0.0,0.0,110267.85714275,-175792.95,7743813.3,152591.85,676401.3,6092519.625,0.462959823698932,5416118.325,0.41156128157314803,0.0,5312605.725,0.4036955416172232,1665571.275,3050052.3,0.23176809628750633,0.0776785,0.07723225,39378899,39514451,https://find-and-update.company-information.service.gov.uk/search/companies?q=Anglo-Eastern+Plantations+PLC,https://find-and-update.company-information.service.gov.uk/search/companies?q=Anglo-Eastern+Plantations+PLC,1620586243,14:50:43,20210509
62,2003-03-31,AEP.L,USD,2003-03-31,2003-03-31,Q1,13159931.625,7243204.95,5916726.675,0.4496016273944736,0.0,0.0,0.0,110267.85714275,-175792.95,7743813.3,152591.85,676401.3,6092519.625,0.462959823698932,5416118.325,0.41156128157314803,0.0,5312605.725,0.4036955416172232,1665571.275,3050052.3,0.23176809628750633,0.0776785,0.07723225,39378899,39514451,https://find-and-update.company-information.service.gov.uk/search/companies?q=Anglo-Eastern+Plantations+PLC,https://find-and-update.company-information.service.gov.uk/search/companies?q=Anglo-Eastern+Plantations+PLC,1620586243,14:50:43,20210509
63,2003-01-31,AEP.L,USD,2003-01-31,2003-01-31,Q1,13159931.625,7243204.95,5916726.675,0.4496016273944736,0.0,0.0,0.0,110267.85714275,-175792.95,7743813.3,152591.85,676401.3,6092519.625,0.462959823698932,5416118.325,0.41156128157314803,0.0,5312605.725,0.4036955416172232,1665571.275,3050052.3,0.23176809628750633,0.0776785,0.07723225,39378899,39514451,https://find-and-update.company-information.service.gov.uk/search/companies?q=Anglo-Eastern+Plantations+PLC,https://find-and-update.company-information.service.gov.uk/search/companies?q=Anglo-Eastern+Plantations+PLC,1620586243,14:50:43,20210509
64,2002-09-30,AEP.L,USD,2002-09-30,2002-09-30,Q3,7784671.45,4368866.125,3415805.325,0.43878606142074245,0.0,0.0,0.0,168720.30281075,-379936.4,4591837.275,181516.225,602907.55,3795741.7249999996,0.48759176920690717,3192834.175,0.4101437286733533,0.0,3022587.25,0.38827422190052735,1091914.675,1618351.975,0.20788956674594147,0.04127,0.0410205,39226922,39440025,https://find-and-update.company-information.service.gov.uk/search/companies?q=Anglo-Eastern+Plantations+PLC,https://find-and-update.company-information.service.gov.uk/search/companies?q=Anglo-Eastern+Plantations+PLC,1620586243,14:50:43,20210509
65,2002-06-30,AEP.L,USD,2002-06-30,2002-06-30,Q2,7784671.45,4368866.125,3415805.325,0.43878606142074245,0.0,0.0,0.0,168720.30281075,-379936.4,4591837.275,181516.225,602907.55,3795741.7249999996,0.48759176920690717,3192834.175,0.4101437286733533,0.0,3022587.25,0.38827422190052735,1091914.675,1618351.975,0.20788956674594147,0.04127,0.0410205,39226922,39440025,https://find-and-update.company-information.service.gov.uk/search/companies?q=Anglo-Eastern+Plantations+PLC,https://find-and-update.company-information.service.gov.uk/search/companies?q=Anglo-Eastern+Plantations+PLC,1620586243,14:50:43,20210509
66,2002-03-31,AEP.L,USD,2002-03-31,2002-03-31,Q1,7784671.45,4368866.125,3415805.325,0.43878606142074245,0.0,0.0,0.0,168720.30281075,-379936.4,4591837.275,181516.225,602907.55,3795741.7249999996,0.48759176920690717,3192834.175,0.4101437286733533,0.0,3022587.25,0.38827422190052735,1091914.675,1618351.975,0.20788956674594147,0.04127,0.0410205,39226922,39440025,https://find-and-update.company-information.service.gov.uk/search/companies?q=Anglo-Eastern+Plantations+PLC,https://find-and-update.company-information.service.gov.uk/search/companies?q=Anglo-Eastern+Plantations+PLC,1620586243,14:50:43,20210509
67,2002-01-31,AEP.L,USD,2002-01-31,2002-01-31,Q1,7784671.45,4368866.125,3415805.325,0.43878606142074245,0.0,0.0,0.0,168720.30281075,-379936.4,4591837.275,181516.225,602907.55,3795741.7249999996,0.48759176920690717,3192834.175,0.4101437286733533,0.0,3022587.25,0.38827422190052735,1091914.675,1618351.975,0.20788956674594147,0.04127,0.0410205,39226922,39440025,https://find-and-update.company-information.service.gov.uk/search/companies?q=Anglo-Eastern+Plantations+PLC,https://find-and-update.company-information.service.gov.uk/search/companies?q=Anglo-Eastern+Plantations+PLC,1620586243,14:50:43,20210509
68,2001-09-30,AEP.L,USD,2001-09-30,2001-09-30,Q3,4247948.75,2583335.0,1664613.75,0.39186295503211993,0.0,0.0,0.0,-1091.55,294718.5,3406727.55,14190.15,528674.05,1369895.25,0.32248394004282654,841221.2,0.19802997858672375,0.0,839765.8,0.19768736616702356,409695.1,510117.7,0.12008565310492506,0.013,0.013,39227000,39227000,https://find-and-update.company-information.service.gov.uk/search/companies?q=Anglo-Eastern+Plantations+PLC,https://find-and-update.company-information.service.gov.uk/search/companies?q=Anglo-Eastern+Plantations+PLC,1620586243,14:50:43,20210509
69,2001-06-30,AEP.L,USD,2001-06-30,2001-06-30,Q2,4247948.75,2583335.0,1664613.75,0.39186295503211993,0.0,0.0,0.0,-1091.55,294718.5,3406727.55,14190.15,528674.05,1369895.25,0.32248394004282654,841221.2,0.19802997858672375,0.0,839765.8,0.19768736616702356,409695.1,510117.7,0.12008565310492506,0.013,0.013,39227000,39227000,https://find-and-update.company-information.service.gov.uk/search/companies?q=Anglo-Eastern+Plantations+PLC,https://find-and-update.company-information.service.gov.uk/search/companies?q=Anglo-Eastern+Plantations+PLC,1620586243,14:50:43,20210509
70,2001-03-31,AEP.L,USD,2001-03-31,2001-03-31,Q1,4247948.75,2583335.0,1664613.75,0.39186295503211993,0.0,0.0,0.0,-1091.55,294718.5,3406727.55,14190.15,528674.05,1369895.25,0.32248394004282654,841221.2,0.19802997858672375,0.0,839765.8,0.19768736616702356,409695.1,510117.7,0.12008565310492506,0.013,0.013,39227000,39227000,https://find-and-update.company-information.service.gov.uk/search/companies?q=Anglo-Eastern+Plantations+PLC,https://find-and-update.company-information.service.gov.uk/search/companies?q=Anglo-Eastern+Plantations+PLC,1620586243,14:50:43,20210509
71,2001-01-31,AEP.L,USD,2001-01-31,2001-01-31,Q1,4247948.75,2583335.0,1664613.75,0.39186295503211993,0.0,0.0,0.0,-1091.55,294718.5,3406727.55,14190.15,528674.05,1369895.25,0.32248394004282654,841221.2,0.19802997858672375,0.0,839765.8,0.19768736616702356,409695.1,510117.7,0.12008565310492506,0.013,0.013,39227000,39227000,https://find-and-update.company-information.service.gov.uk/search/companies?q=Anglo-Eastern+Plantations+PLC,https://find-and-update.company-information.service.gov.uk/search/companies?q=Anglo-Eastern+Plantations+PLC,1620586243,14:50:43,20210509
72,2000-09-30,AEP.L,USD,2000-09-30,2000-09-30,Q3,4390651.65,2186549.75,2204101.9,0.501998809220039,0.0,0.0,0.0,-1120.35,-115396.05,2626473.85,7095.55,555320.15,2319497.95,0.5282810240707664,1764177.8,0.40180318108360974,0.0,1660732.15,0.37824274900059535,786859.15,743538.95,0.16934592157863398,0.019,0.019,39227000,39227000,https://find-and-update.company-information.service.gov.uk/search/companies?q=Anglo-Eastern+Plantations+PLC,https://find-and-update.company-information.service.gov.uk/search/companies?q=Anglo-Eastern+Plantations+PLC,1620586243,14:50:43,20210509
73,2000-06-30,AEP.L,USD,2000-06-30,2000-06-30,Q2,4390651.65,2186549.75,2204101.9,0.501998809220039,0.0,0.0,0.0,-1120.35,-115396.05,2626473.85,7095.55,555320.15,2319497.95,0.5282810240707664,1764177.8,0.40180318108360974,0.0,1660732.15,0.37824274900059535,786859.15,743538.95,0.16934592157863398,0.019,0.019,39227000,39227000,https://find-and-update.company-information.service.gov.uk/search/companies?q=Anglo-Eastern+Plantations+PLC,https://find-and-update.company-information.service.gov.uk/search/companies?q=Anglo-Eastern+Plantations+PLC,1620586243,14:50:43,20210509
74,2000-03-31,AEP.L,USD,2000-03-31,2000-03-31,Q1,4390651.65,2186549.75,2204101.9,0.501998809220039,0.0,0.0,0.0,-1120.35,-115396.05,2626473.85,7095.55,555320.15,2319497.95,0.5282810240707664,1764177.8,0.40180318108360974,0.0,1660732.15,0.37824274900059535,786859.15,743538.95,0.16934592157863398,0.019,0.019,39227000,39227000,https://find-and-update.company-information.service.gov.uk/search/companies?q=Anglo-Eastern+Plantations+PLC,https://find-and-update.company-information.service.gov.uk/search/companies?q=Anglo-Eastern+Plantations+PLC,1620586243,14:50:43,20210509
75,2000-01-31,AEP.L,USD,2000-01-31,2000-01-31,Q1,4390651.65,2186549.75,2204101.9,0.501998809220039,0.0,0.0,0.0,-1120.35,-115396.05,2626473.85,7095.55,555320.15,2319497.95,0.5282810240707664,1764177.8,0.40180318108360974,0.0,1660732.15,0.37824274900059535,786859.15,743538.95,0.16934592157863398,0.019,0.019,39227000,39227000,https://find-and-update.company-information.service.gov.uk/search/companies?q=Anglo-Eastern+Plantations+PLC,https://find-and-update.company-information.service.gov.uk/search/companies?q=Anglo-Eastern+Plantations+PLC,1620586243,14:50:43,20210509
76,1999-09-30,AEP.L,USD,1999-09-30,1999-09-30,Q3,4908835.275,2208431.925,2700403.35,0.5501108101452844,0.0,0.0,0.0,0.0,-93075.675,2589598.975,12490.675,474242.725,2793479.025,0.5690716572272838,2319236.3,0.47246162685709586,0.0,2307551.475,0.47008126077320855,849768.825,1211595.475,0.24681933842239187,0.03075,0.03075,39304000,39304000,https://find-and-update.company-information.service.gov.uk/search/companies?q=Anglo-Eastern+Plantations+PLC,https://find-and-update.company-information.service.gov.uk/search/companies?q=Anglo-Eastern+Plantations+PLC,1620586243,14:50:43,20210509
77,1999-06-30,AEP.L,USD,1999-06-30,1999-06-30,Q2,4908835.275,2208431.925,2700403.35,0.5501108101452844,0.0,0.0,0.0,0.0,-93075.675,2589598.975,12490.675,474242.725,2793479.025,0.5690716572272838,2319236.3,0.47246162685709586,0.0,2307551.475,0.47008126077320855,849768.825,1211595.475,0.24681933842239187,0.03075,0.03075,39304000,39304000,https://find-and-update.company-information.service.gov.uk/search/companies?q=Anglo-Eastern+Plantations+PLC,https://find-and-update.company-information.service.gov.uk/search/companies?q=Anglo-Eastern+Plantations+PLC,1620586243,14:50:43,20210509
78,1999-03-31,AEP.L,USD,1999-03-31,1999-03-31,Q1,4908835.275,2208431.925,2700403.35,0.5501108101452844,0.0,0.0,0.0,0.0,-93075.675,2589598.975,12490.675,474242.725,2793479.025,0.5690716572272838,2319236.3,0.47246162685709586,0.0,2307551.475,0.47008126077320855,849768.825,1211595.475,0.24681933842239187,0.03075,0.03075,39304000,39304000,https://find-and-update.company-information.service.gov.uk/search/companies?q=Anglo-Eastern+Plantations+PLC,https://find-and-update.company-information.service.gov.uk/search/companies?q=Anglo-Eastern+Plantations+PLC,1620586243,14:50:43,20210509
79,1999-01-31,AEP.L,USD,1999-01-31,1999-01-31,Q1,4908835.275,2208431.925,2700403.35,0.5501108101452844,0.0,0.0,0.0,0.0,-93075.675,2589598.975,12490.675,474242.725,2793479.025,0.5690716572272838,2319236.3,0.47246162685709586,0.0,2307551.475,0.47008126077320855,849768.825,1211595.475,0.24681933842239187,0.03075,0.03075,39304000,39304000,https://find-and-update.company-information.service.gov.uk/search/companies?q=Anglo-Eastern+Plantations+PLC,https://find-and-update.company-information.service.gov.uk/search/companies?q=Anglo-Eastern+Plantations+PLC,1620586243,14:50:43,20210509
80,1998-09-30,AEP.L,USD,1998-09-30,1998-09-30,Q3,3736062.9,1084381.65,2651681.25,0.7097528390113561,0.0,0.0,0.0,25372.95,226692.75,1610974.35,31612.2,299899.95,2424988.5,0.6490759296370519,2125088.55,0.5688042752171009,0.0,2416669.5,0.646849254063683,792384.75,1363484.1,0.3649521264751726,0.03325,0.03325,41005000,41005000,https://find-and-update.company-information.service.gov.uk/search/companies?q=Anglo-Eastern+Plantations+PLC,https://find-and-update.company-information.service.gov.uk/search/companies?q=Anglo-Eastern+Plantations+PLC,1620586243,14:50:43,20210509
81,1998-06-30,AEP.L,USD,1998-06-30,1998-06-30,Q2,3736062.9,1084381.65,2651681.25,0.7097528390113561,0.0,0.0,0.0,25372.95,226692.75,1610974.35,31612.2,299899.95,2424988.5,0.6490759296370519,2125088.55,0.5688042752171009,0.0,2416669.5,0.646849254063683,792384.75,1363484.1,0.3649521264751726,0.03325,0.03325,41005000,41005000,https://find-and-update.company-information.service.gov.uk/search/companies?q=Anglo-Eastern+Plantations+PLC,https://find-and-update.company-information.service.gov.uk/search/companies?q=Anglo-Eastern+Plantations+PLC,1620586243,14:50:43,20210509
82,1998-03-31,AEP.L,USD,1998-03-31,1998-03-31,Q1,3736062.9,1084381.65,2651681.25,0.7097528390113561,0.0,0.0,0.0,25372.95,226692.75,1610974.35,31612.2,299899.95,2424988.5,0.6490759296370519,2125088.55,0.5688042752171009,0.0,2416669.5,0.646849254063683,792384.75,1363484.1,0.3649521264751726,0.03325,0.03325,41005000,41005000,https://find-and-update.company-information.service.gov.uk/search/companies?q=Anglo-Eastern+Plantations+PLC,https://find-and-update.company-information.service.gov.uk/search/companies?q=Anglo-Eastern+Plantations+PLC,1620586243,14:50:43,20210509
83,1998-01-31,AEP.L,USD,1998-01-31,1998-01-31,Q1,3736062.9,1084381.65,2651681.25,0.7097528390113561,0.0,0.0,0.0,25372.95,226692.75,1610974.35,31612.2,299899.95,2424988.5,0.6490759296370519,2125088.55,0.5688042752171009,0.0,2416669.5,0.646849254063683,792384.75,1363484.1,0.3649521264751726,0.03325,0.03325,41005000,41005000,https://find-and-update.company-information.service.gov.uk/search/companies?q=Anglo-Eastern+Plantations+PLC,https://find-and-update.company-information.service.gov.uk/search/companies?q=Anglo-Eastern+Plantations+PLC,1620586243,14:50:43,20210509
84,1997-09-30,AEP.L,USD,1997-09-30,1997-09-30,Q3,6202350.0,0.0,0.0,0.0,0.0,0.0,0.0,30937.5,2399925.0,2852437.5,51975.0,452512.5,3802425.0,0.6130619845703644,3349912.5,0.5401037509976058,0.0,3390337.5,0.5466214418728386,1160362.5,1666500.0,0.2686884809789838,0.03975,0.03975,42021000,42021000,https://find-and-update.company-information.service.gov.uk/search/companies?q=Anglo-Eastern+Plantations+PLC,https://find-and-update.company-information.service.gov.uk/search/companies?q=Anglo-Eastern+Plantations+PLC,1620586243,14:50:43,20210509
85,1997-06-30,AEP.L,USD,1997-06-30,1997-06-30,Q2,6202350.0,0.0,0.0,0.0,0.0,0.0,0.0,30937.5,2399925.0,2852437.5,51975.0,452512.5,3802425.0,0.6130619845703644,3349912.5,0.5401037509976058,0.0,3390337.5,0.5466214418728386,1160362.5,1666500.0,0.2686884809789838,0.03975,0.03975,42021000,42021000,https://find-and-update.company-information.service.gov.uk/search/companies?q=Anglo-Eastern+Plantations+PLC,https://find-and-update.company-information.service.gov.uk/search/companies?q=Anglo-Eastern+Plantations+PLC,1620586243,14:50:43,20210509
86,1997-03-31,AEP.L,USD,1997-03-31,1997-03-31,Q1,6202350.0,0.0,0.0,0.0,0.0,0.0,0.0,30937.5,2399925.0,2852437.5,51975.0,452512.5,3802425.0,0.6130619845703644,3349912.5,0.5401037509976058,0.0,3390337.5,0.5466214418728386,1160362.5,1666500.0,0.2686884809789838,0.03975,0.03975,42021000,42021000,https://find-and-update.company-information.service.gov.uk/search/companies?q=Anglo-Eastern+Plantations+PLC,https://find-and-update.company-information.service.gov.uk/search/companies?q=Anglo-Eastern+Plantations+PLC,1620586243,14:50:43,20210509
87,1997-01-31,AEP.L,USD,1997-01-31,1997-01-31,Q1,6202350.0,0.0,0.0,0.0,0.0,0.0,0.0,30937.5,2399925.0,2852437.5,51975.0,452512.5,3802425.0,0.6130619845703644,3349912.5,0.5401037509976058,0.0,3390337.5,0.5466214418728386,1160362.5,1666500.0,0.2686884809789838,0.03975,0.03975,42021000,42021000,https://find-and-update.company-information.service.gov.uk/search/companies?q=Anglo-Eastern+Plantations+PLC,https://find-and-update.company-information.service.gov.uk/search/companies?q=Anglo-Eastern+Plantations+PLC,1620586243,14:50:43,20210509
88,1996-09-30,AEP.L,USD,1996-09-30,1996-09-30,Q3,4896029.3,0.0,4896029.3,1.0,0.0,0.0,0.0,8128.675,1919650.775,2269611.625,74013.725,349960.85,2976378.525,0.6079168123033905,2626417.675,0.5364383082838168,0.0,2794552.9,0.5707794477455436,823990.95,1598782.025,0.3265466620062915,0.038,0.038,42038000,42038000,https://find-and-update.company-information.service.gov.uk/search/companies?q=Anglo-Eastern+Plantations+PLC,https://find-and-update.company-information.service.gov.uk/search/companies?q=Anglo-Eastern+Plantations+PLC,1620586243,14:50:43,20210509
89,1996-06-30,AEP.L,USD,1996-06-30,1996-06-30,Q2,4896029.3,0.0,4896029.3,1.0,0.0,0.0,0.0,8128.675,1919650.775,2269611.625,74013.725,349960.85,2976378.525,0.6079168123033905,2626417.675,0.5364383082838168,0.0,2794552.9,0.5707794477455436,823990.95,1598782.025,0.3265466620062915,0.038,0.038,42038000,42038000,https://find-and-update.company-information.service.gov.uk/search/companies?q=Anglo-Eastern+Plantations+PLC,https://find-and-update.company-information.service.gov.uk/search/companies?q=Anglo-Eastern+Plantations+PLC,1620586243,14:50:43,20210509
90,1996-03-31,AEP.L,USD,1996-03-31,1996-03-31,Q1,4896029.3,0.0,4896029.3,1.0,0.0,0.0,0.0,8128.675,1919650.775,2269611.625,74013.725,349960.85,2976378.525,0.6079168123033905,2626417.675,0.5364383082838168,0.0,2794552.9,0.5707794477455436,823990.95,1598782.025,0.3265466620062915,0.038,0.038,42038000,42038000,https://find-and-update.company-information.service.gov.uk/search/companies?q=Anglo-Eastern+Plantations+PLC,https://find-and-update.company-information.service.gov.uk/search/companies?q=Anglo-Eastern+Plantations+PLC,1620586243,14:50:43,20210509
91,1996-01-31,AEP.L,USD,1996-01-31,1996-01-31,Q1,4896029.3,0.0,4896029.3,1.0,0.0,0.0,0.0,8128.675,1919650.775,2269611.625,74013.725,349960.85,2976378.525,0.6079168123033905,2626417.675,0.5364383082838168,0.0,2794552.9,0.5707794477455436,823990.95,1598782.025,0.3265466620062915,0.038,0.038,42038000,42038000,https://find-and-update.company-information.service.gov.uk/search/companies?q=Anglo-Eastern+Plantations+PLC,https://find-and-update.company-information.service.gov.uk/search/companies?q=Anglo-Eastern+Plantations+PLC,1620586243,14:50:43,20210509
92,1995-09-30,AEP.L,USD,1995-09-30,1995-09-30,Q3,5764200.0,0.0,5764200.0,1.0,0.0,0.0,0.0,-1950.0,1930110.0,2216370.0,166920.0,286260.0,3834090.0,0.6651556156968876,3547830.0,0.6154939106901218,0.0,3573960.0,0.6200270635994587,1029600.0,2049450.0,0.3555480378890392,0.0675,0.0675,30351000,30351000,https://find-and-update.company-information.service.gov.uk/search/companies?q=Anglo-Eastern+Plantations+PLC,https://find-and-update.company-information.service.gov.uk/search/companies?q=Anglo-Eastern+Plantations+PLC,1620586243,14:50:43,20210509
93,1995-06-30,AEP.L,USD,1995-06-30,1995-06-30,Q2,5764200.0,0.0,5764200.0,1.0,0.0,0.0,0.0,-1950.0,1930110.0,2216370.0,166920.0,286260.0,3834090.0,0.6651556156968876,3547830.0,0.6154939106901218,0.0,3573960.0,0.6200270635994587,1029600.0,2049450.0,0.3555480378890392,0.0675,0.0675,30351000,30351000,https://find-and-update.company-information.service.gov.uk/search/companies?q=Anglo-Eastern+Plantations+PLC,https://find-and-update.company-information.service.gov.uk/search/companies?q=Anglo-Eastern+Plantations+PLC,1620586243,14:50:43,20210509
94,1995-03-31,AEP.L,USD,1995-03-31,1995-03-31,Q1,5764200.0,0.0,5764200.0,1.0,0.0,0.0,0.0,-1950.0,1930110.0,2216370.0,166920.0,286260.0,3834090.0,0.6651556156968876,3547830.0,0.6154939106901218,0.0,3573960.0,0.6200270635994587,1029600.0,2049450.0,0.3555480378890392,0.0675,0.0675,30351000,30351000,https://find-and-update.company-information.service.gov.uk/search/companies?q=Anglo-Eastern+Plantations+PLC,https://find-and-update.company-information.service.gov.uk/search/companies?q=Anglo-Eastern+Plantations+PLC,1620586243,14:50:43,20210509
95,1995-01-31,AEP.L,USD,1995-01-31,1995-01-31,Q1,5764200.0,0.0,5764200.0,1.0,0.0,0.0,0.0,-1950.0,1930110.0,2216370.0,166920.0,286260.0,3834090.0,0.6651556156968876,3547830.0,0.6154939106901218,0.0,3573960.0,0.6200270635994587,1029600.0,2049450.0,0.3555480378890392,0.0675,0.0675,30351000,30351000,https://find-and-update.company-information.service.gov.uk/search/companies?q=Anglo-Eastern+Plantations+PLC,https://find-and-update.company-information.service.gov.uk/search/companies?q=Anglo-Eastern+Plantations+PLC,1620586243,14:50:43,20210509
96,1994-09-30,AEP.L,USD,1994-09-30,1994-09-30,Q3,4984980.0,0.0,4984980.0,1.0,0.0,0.0,0.0,0.0,1973510.0,2246475.0,243320.0,272965.0,3011470.0,0.6041087426629596,2738505.0,0.54935125115848,0.0,2431660.0,0.48779734321902996,86240.0,1864555.0,0.3740345999382144,0.067292,0.06375025,27746378,27746378,https://find-and-update.company-information.service.gov.uk/search/companies?q=Anglo-Eastern+Plantations+PLC,https://find-and-update.company-information.service.gov.uk/search/companies?q=Anglo-Eastern+Plantations+PLC,1620586243,14:50:43,20210509
97,1994-06-30,AEP.L,USD,1994-06-30,1994-06-30,Q2,4984980.0,0.0,4984980.0,1.0,0.0,0.0,0.0,0.0,1973510.0,2246475.0,243320.0,272965.0,3011470.0,0.6041087426629596,2738505.0,0.54935125115848,0.0,2431660.0,0.48779734321902996,86240.0,1864555.0,0.3740345999382144,0.067292,0.06375025,27746378,27746378,https://find-and-update.company-information.service.gov.uk/search/companies?q=Anglo-Eastern+Plantations+PLC,https://find-and-update.company-information.service.gov.uk/search/companies?q=Anglo-Eastern+Plantations+PLC,1620586243,14:50:43,20210509
98,1994-03-31,AEP.L,USD,1994-03-31,1994-03-31,Q1,4984980.0,0.0,4984980.0,1.0,0.0,0.0,0.0,0.0,1973510.0,2246475.0,243320.0,272965.0,3011470.0,0.6041087426629596,2738505.0,0.54935125115848,0.0,2431660.0,0.48779734321902996,86240.0,1864555.0,0.3740345999382144,0.067292,0.06375025,27746378,27746378,https://find-and-update.company-information.service.gov.uk/search/companies?q=Anglo-Eastern+Plantations+PLC,https://find-and-update.company-information.service.gov.uk/search/companies?q=Anglo-Eastern+Plantations+PLC,1620586243,14:50:43,20210509
99,1994-01-31,AEP.L,USD,1994-01-31,1994-01-31,Q1,4984980.0,0.0,4984980.0,1.0,0.0,0.0,0.0,0.0,1973510.0,2246475.0,243320.0,272965.0,3011470.0,0.6041087426629596,2738505.0,0.54935125115848,0.0,2431660.0,0.48779734321902996,86240.0,1864555.0,0.3740345999382144,0.067292,0.06375025,27746378,27746378,https://find-and-update.company-information.service.gov.uk/search/companies?q=Anglo-Eastern+Plantations+PLC,https://find-and-update.company-information.service.gov.uk/search/companies?q=Anglo-Eastern+Plantations+PLC,1620586243,14:50:43,20210509
100,1993-09-30,AEP.L,USD,1993-09-30,1993-09-30,Q3,2963582.036566,0.0,2963582.036566,1.0,0.0,0.0,0.0,0.0,1356058.813088,1633779.0663275,263298.0297025,277720.2532395,1607523.2234780001,0.5424257549288868,1329802.9702385,0.4487147491889195,0.0,1048384.71096375,0.3537559271274798,129060.4106265,717043.37021475,0.24195158472670852,0.025845,0.0251465,27745319,27745319,https://find-and-update.company-information.service.gov.uk/search/companies?q=Anglo-Eastern+Plantations+PLC,https://find-and-update.company-information.service.gov.uk/search/companies?q=Anglo-Eastern+Plantations+PLC,1620586243,14:50:43,20210509
101,1993-06-30,AEP.L,USD,1993-06-30,1993-06-30,Q2,2963582.036566,0.0,2963582.036566,1.0,0.0,0.0,0.0,0.0,1356058.813088,1633779.0663275,263298.0297025,277720.2532395,1607523.2234780001,0.5424257549288868,1329802.9702385,0.4487147491889195,0.0,1048384.71096375,0.3537559271274798,129060.4106265,717043.37021475,0.24195158472670852,0.025845,0.0251465,27745319,27745319,https://find-and-update.company-information.service.gov.uk/search/companies?q=Anglo-Eastern+Plantations+PLC,https://find-and-update.company-information.service.gov.uk/search/companies?q=Anglo-Eastern+Plantations+PLC,1620586243,14:50:43,20210509
102,1993-03-31,AEP.L,USD,1993-03-31,1993-03-31,Q1,2963582.036566,0.0,2963582.036566,1.0,0.0,0.0,0.0,0.0,1356058.813088,1633779.0663275,263298.0297025,277720.2532395,1607523.2234780001,0.5424257549288868,1329802.9702385,0.4487147491889195,0.0,1048384.71096375,0.3537559271274798,129060.4106265,717043.37021475,0.24195158472670852,0.025845,0.0251465,27745319,27745319,https://find-and-update.company-information.service.gov.uk/search/companies?q=Anglo-Eastern+Plantations+PLC,https://find-and-update.company-information.service.gov.uk/search/companies?q=Anglo-Eastern+Plantations+PLC,1620586243,14:50:43,20210509
103,1993-01-31,AEP.L,USD,1993-01-31,1993-01-31,Q1,2963582.036566,0.0,2963582.036566,1.0,0.0,0.0,0.0,0.0,1356058.813088,1633779.0663275,263298.0297025,277720.2532395,1607523.2234780001,0.5424257549288868,1329802.9702385,0.4487147491889195,0.0,1048384.71096375,0.3537559271274798,129060.4106265,717043.37021475,0.24195158472670852,0.025845,0.0251465,27745319,27745319,https://find-and-update.company-information.service.gov.uk/search/companies?q=Anglo-Eastern+Plantations+PLC,https://find-and-update.company-information.service.gov.uk/search/companies?q=Anglo-Eastern+Plantations+PLC,1620586243,14:50:43,20210509
104,1992-09-30,AEP.L,USD,1992-09-30,1992-09-30,Q3,1867426.0233875,0.0,1867426.0233875,1.0,0.0,0.0,0.0,0.0,888401.86249675,1124626.51479525,299546.50933525,236224.6522985,979024.1608905001,0.5242639593907746,742799.508592,0.3977664974618732,0.0,500508.0915475,0.2680203045685211,93276.50797025,340117.99857425,0.1821319796953873,0.01217575,0.01217575,27745319,27745319,https://find-and-update.company-information.service.gov.uk/search/companies?q=Anglo-Eastern+Plantations+PLC,https://find-and-update.company-information.service.gov.uk/search/companies?q=Anglo-Eastern+Plantations+PLC,1620586243,14:50:43,20210509
105,1992-06-30,AEP.L,USD,1992-06-30,1992-06-30,Q2,1867426.0233875,0.0,1867426.0233875,1.0,0.0,0.0,0.0,0.0,888401.86249675,1124626.51479525,299546.50933525,236224.6522985,979024.1608905001,0.5242639593907746,742799.508592,0.3977664974618732,0.0,500508.0915475,0.2680203045685211,93276.50797025,340117.99857425,0.1821319796953873,0.01217575,0.01217575,27745319,27745319,https://find-and-update.company-information.service.gov.uk/search/companies?q=Anglo-Eastern+Plantations+PLC,https://find-and-update.company-information.service.gov.uk/search/companies?q=Anglo-Eastern+Plantations+PLC,1620586243,14:50:43,20210509
106,1992-03-31,AEP.L,USD,1992-03-31,1992-03-31,Q1,1867426.0233875,0.0,1867426.0233875,1.0,0.0,0.0,0.0,0.0,888401.86249675,1124626.51479525,299546.50933525,236224.6522985,979024.1608905001,0.5242639593907746,742799.508592,0.3977664974618732,0.0,500508.0915475,0.2680203045685211,93276.50797025,340117.99857425,0.1821319796953873,0.01217575,0.01217575,27745319,27745319,https://find-and-update.company-information.service.gov.uk/search/companies?q=Anglo-Eastern+Plantations+PLC,https://find-and-update.company-information.service.gov.uk/search/companies?q=Anglo-Eastern+Plantations+PLC,1620586243,14:50:43,20210509
107,1992-01-31,AEP.L,USD,1992-01-31,1992-01-31,Q1,1867426.0233875,0.0,1867426.0233875,1.0,0.0,0.0,0.0,0.0,888401.86249675,1124626.51479525,299546.50933525,236224.6522985,979024.1608905001,0.5242639593907746,742799.508592,0.3977664974618732,0.0,500508.0915475,0.2680203045685211,93276.50797025,340117.99857425,0.1821319796953873,0.01217575,0.01217575,27745319,27745319,https://find-and-update.company-information.service.gov.uk/search/companies?q=Anglo-Eastern+Plantations+PLC,https://find-and-update.company-information.service.gov.uk/search/companies?q=Anglo-Eastern+Plantations+PLC,1620586243,14:50:43,20210509
108,1991-09-30,AEP.L,USD,1991-09-30,1991-09-30,Q3,1577878.8219005,0.0,1577878.8219005,1.0,0.0,0.0,0.0,377044.27229525,1358482.092736,1577878.8219005,194603.49537825,219396.72916425,634332.5474345,2.48746312684425,0.0,0.0,0.0,220332.322892,0.13963830418017614,79525.46686125,121627.18461125,0.07708271568329582,0.0048135,0.0048135,25267680,25267680,https://find-and-update.company-information.service.gov.uk/search/companies?q=Anglo-Eastern+Plantations+PLC,https://find-and-update.company-information.service.gov.uk/search/companies?q=Anglo-Eastern+Plantations+PLC,1620586243,14:50:43,20210509
109,1991-06-30,AEP.L,USD,1991-06-30,1991-06-30,Q2,1577878.8219005,0.0,1577878.8219005,1.0,0.0,0.0,0.0,377044.27229525,1358482.092736,1577878.8219005,194603.49537825,219396.72916425,634332.5474345,2.48746312684425,0.0,0.0,0.0,220332.322892,0.13963830418017614,79525.46686125,121627.18461125,0.07708271568329582,0.0048135,0.0048135,25267680,25267680,https://find-and-update.company-information.service.gov.uk/search/companies?q=Anglo-Eastern+Plantations+PLC,https://find-and-update.company-information.service.gov.uk/search/companies?q=Anglo-Eastern+Plantations+PLC,1620586243,14:50:43,20210509
110,1991-03-31,AEP.L,USD,1991-03-31,1991-03-31,Q1,1577878.8219005,0.0,1577878.8219005,1.0,0.0,0.0,0.0,377044.27229525,1358482.092736,1577878.8219005,194603.49537825,219396.72916425,634332.5474345,2.48746312684425,0.0,0.0,0.0,220332.322892,0.13963830418017614,79525.46686125,121627.18461125,0.07708271568329582,0.0048135,0.0048135,25267680,25267680,https://find-and-update.company-information.service.gov.uk/search/companies?q=Anglo-Eastern+Plantations+PLC,https://find-and-update.company-information.service.gov.uk/search/companies?q=Anglo-Eastern+Plantations+PLC,1620586243,14:50:43,20210509
111,1991-01-31,AEP.L,USD,1991-01-31,1991-01-31,Q1,1577878.8219005,0.0,1577878.8219005,1.0,0.0,0.0,0.0,377044.27229525,1358482.092736,1577878.8219005,194603.49537825,219396.72916425,634332.5474345,2.48746312684425,0.0,0.0,0.0,220332.322892,0.13963830418017614,79525.46686125,121627.18461125,0.07708271568329582,0.0048135,0.0048135,25267680,25267680,https://find-and-update.company-information.service.gov.uk/search/companies?q=Anglo-Eastern+Plantations+PLC,https://find-and-update.company-information.service.gov.uk/search/companies?q=Anglo-Eastern+Plantations+PLC,1620586243,14:50:43,20210509
112,1990-09-30,AEP.L,USD,1990-09-30,1990-09-30,Q3,1172794.25948075,0.0,1172794.25948075,1.0,0.0,0.0,0.0,189035.91682425,1010763.4736315,1172794.25948075,126827.6686855,162030.78584925,402183.557733,2.9160671462838366,0.0,0.0,0.0,113325.10319825,0.09662828947374302,78604.22051625,42436.634389,0.036184210526225336,0.001634,0.001634,25969172,25969172,https://find-and-update.company-information.service.gov.uk/search/companies?q=Anglo-Eastern+Plantations+PLC,https://find-and-update.company-information.service.gov.uk/search/companies?q=Anglo-Eastern+Plantations+PLC,1620586243,14:50:43,20210509
113,1990-06-30,AEP.L,USD,1990-06-30,1990-06-30,Q2,1172794.25948075,0.0,1172794.25948075,1.0,0.0,0.0,0.0,189035.91682425,1010763.4736315,1172794.25948075,126827.6686855,162030.78584925,402183.557733,2.9160671462838366,0.0,0.0,0.0,113325.10319825,0.09662828947374302,78604.22051625,42436.634389,0.036184210526225336,0.001634,0.001634,25969172,25969172,https://find-and-update.company-information.service.gov.uk/search/companies?q=Anglo-Eastern+Plantations+PLC,https://find-and-update.company-information.service.gov.uk/search/companies?q=Anglo-Eastern+Plantations+PLC,1620586243,14:50:43,20210509
114,1990-03-31,AEP.L,USD,1990-03-31,1990-03-31,Q1,1172794.25948075,0.0,1172794.25948075,1.0,0.0,0.0,0.0,189035.91682425,1010763.4736315,1172794.25948075,126827.6686855,162030.78584925,402183.557733,2.9160671462838366,0.0,0.0,0.0,113325.10319825,0.09662828947374302,78604.22051625,42436.634389,0.036184210526225336,0.001634,0.001634,25969172,25969172,https://find-and-update.company-information.service.gov.uk/search/companies?q=Anglo-Eastern+Plantations+PLC,https://find-and-update.company-information.service.gov.uk/search/companies?q=Anglo-Eastern+Plantations+PLC,1620586243,14:50:43,20210509
115,1990-01-31,AEP.L,USD,1990-01-31,1990-01-31,Q1,1172794.25948075,0.0,1172794.25948075,1.0,0.0,0.0,0.0,189035.91682425,1010763.4736315,1172794.25948075,126827.6686855,162030.78584925,402183.557733,2.9160671462838366,0.0,0.0,0.0,113325.10319825,0.09662828947374302,78604.22051625,42436.634389,0.036184210526225336,0.001634,0.001634,25969172,25969172,https://find-and-update.company-information.service.gov.uk/search/companies?q=Anglo-Eastern+Plantations+PLC,https://find-and-update.company-information.service.gov.uk/search/companies?q=Anglo-Eastern+Plantations+PLC,1620586243,14:50:43,20210509
116,1989-09-30,AEP.L,USD,1989-09-30,1989-09-30,Q3,1107589.85879325,0.0,1107589.85879325,1.0,0.0,0.0,0.0,362644.41591775,980423.62002575,1107589.85879325,30086.64955075,127166.23876775,522705.3915275,2.1189562547968834,0.0,0.0,0.0,365452.50320925,0.32995291561031503,159258.664955,167682.92682925,0.15139442231075068,0.0074595,0.0074595,22478926,22478926,https://find-and-update.company-information.service.gov.uk/search/companies?q=Anglo-Eastern+Plantations+PLC,https://find-and-update.company-information.service.gov.uk/search/companies?q=Anglo-Eastern+Plantations+PLC,1620586243,14:50:43,20210509
117,1989-06-30,AEP.L,USD,1989-06-30,1989-06-30,Q2,1107589.85879325,0.0,1107589.85879325,1.0,0.0,0.0,0.0,362644.41591775,980423.62002575,1107589.85879325,30086.64955075,127166.23876775,522705.3915275,2.1189562547968834,0.0,0.0,0.0,365452.50320925,0.32995291561031503,159258.664955,167682.92682925,0.15139442231075068,0.0074595,0.0074595,22478926,22478926,https://find-and-update.company-information.service.gov.uk/search/companies?q=Anglo-Eastern+Plantations+PLC,https://find-and-update.company-information.service.gov.uk/search/companies?q=Anglo-Eastern+Plantations+PLC,1620586243,14:50:43,20210509
118,1989-03-31,AEP.L,USD,1989-03-31,1989-03-31,Q1,1107589.85879325,0.0,1107589.85879325,1.0,0.0,0.0,0.0,362644.41591775,980423.62002575,1107589.85879325,30086.64955075,127166.23876775,522705.3915275,2.1189562547968834,0.0,0.0,0.0,365452.50320925,0.32995291561031503,159258.664955,167682.92682925,0.15139442231075068,0.0074595,0.0074595,22478926,22478926,https://find-and-update.company-information.service.gov.uk/search/companies?q=Anglo-Eastern+Plantations+PLC,https://find-and-update.company-information.service.gov.uk/search/companies?q=Anglo-Eastern+Plantations+PLC,1620586243,14:50:43,20210509
119,1989-01-31,AEP.L,USD,1989-01-31,1989-01-31,Q1,1107589.85879325,0.0,1107589.85879325,1.0,0.0,0.0,0.0,362644.41591775,980423.62002575,1107589.85879325,30086.64955075,127166.23876775,522705.3915275,2.1189562547968834,0.0,0.0,0.0,365452.50320925,0.32995291561031503,159258.664955,167682.92682925,0.15139442231075068,0.0074595,0.0074595,22478926,22478926,https://find-and-update.company-information.service.gov.uk/search/companies?q=Anglo-Eastern+Plantations+PLC,https://find-and-update.company-information.service.gov.uk/search/companies?q=Anglo-Eastern+Plantations+PLC,1620586243,14:50:43,20210509
120,1988-09-30,AEP.L,USD,1988-09-30,1988-09-30,Q3,931598.67377825,0.0,931598.67377825,1.0,0.0,0.0,0.0,338763.15410125,846907.885253,931598.67377825,900.9658355,84690.78852525,450482.91768775,2.0679999999999623,0.0,0.0,0.0,364891.163327,0.3916827852997305,113071.21233975,202266.83004175,0.21711798839453472,0.00937825,0.00937825,21567481,21567481,https://find-and-update.company-information.service.gov.uk/search/companies?q=Anglo-Eastern+Plantations+PLC,https://find-and-update.company-information.service.gov.uk/search/companies?q=Anglo-Eastern+Plantations+PLC,1620586243,14:50:43,20210509
121,1988-06-30,AEP.L,USD,1988-06-30,1988-06-30,Q2,931598.67377825,0.0,931598.67377825,1.0,0.0,0.0,0.0,338763.15410125,846907.885253,931598.67377825,900.9658355,84690.78852525,450482.91768775,2.0679999999999623,0.0,0.0,0.0,364891.163327,0.3916827852997305,113071.21233975,202266.83004175,0.21711798839453472,0.00937825,0.00937825,21567481,21567481,https://find-and-update.company-information.service.gov.uk/search/companies?q=Anglo-Eastern+Plantations+PLC,https://find-and-update.company-information.service.gov.uk/search/companies?q=Anglo-Eastern+Plantations+PLC,1620586243,14:50:43,20210509
122,1988-03-31,AEP.L,USD,1988-03-31,1988-03-31,Q1,931598.67377825,0.0,931598.67377825,1.0,0.0,0.0,0.0,338763.15410125,846907.885253,931598.67377825,900.9658355,84690.78852525,450482.91768775,2.0679999999999623,0.0,0.0,0.0,364891.163327,0.3916827852997305,113071.21233975,202266.83004175,0.21711798839453472,0.00937825,0.00937825,21567481,21567481,https://find-and-update.company-information.service.gov.uk/search/companies?q=Anglo-Eastern+Plantations+PLC,https://find-and-update.company-information.service.gov.uk/search/companies?q=Anglo-Eastern+Plantations+PLC,1620586243,14:50:43,20210509
123,1988-01-31,AEP.L,USD,1988-01-31,1988-01-31,Q1,931598.67377825,0.0,931598.67377825,1.0,0.0,0.0,0.0,338763.15410125,846907.885253,931598.67377825,900.9658355,84690.78852525,450482.91768775,2.0679999999999623,0.0,0.0,0.0,364891.163327,0.3916827852997305,113071.21233975,202266.83004175,0.21711798839453472,0.00937825,0.00937825,21567481,21567481,https://find-and-update.company-information.service.gov.uk/search/companies?q=Anglo-Eastern+Plantations+PLC,https://find-and-update.company-information.service.gov.uk/search/companies?q=Anglo-Eastern+Plantations+PLC,1620586243,14:50:43,20210509
124,1987-09-30,AEP.L,USD,1987-09-30,1987-09-30,Q3,706818.05407225,0.0,0.0,0.0,0.0,0.0,0.0,0.0,613137.72881425,706818.05407225,79628.2764695,93680.325258,373316.0961535,1.893350062735095,0.0,0.0,0.0,200007.494426,0.2829688535453786,91806.718753,82907.0878535,0.1172962226641502,0.003844,0.003844,21567481,21567481,https://find-and-update.company-information.service.gov.uk/search/companies?q=Anglo-Eastern+Plantations+PLC,https://find-and-update.company-information.service.gov.uk/search/companies?q=Anglo-Eastern+Plantations+PLC,1620586243,14:50:43,20210509
125,1987-06-30,AEP.L,USD,1987-06-30,1987-06-30,Q2,706818.05407225,0.0,0.0,0.0,0.0,0.0,0.0,0.0,613137.72881425,706818.05407225,79628.2764695,93680.325258,373316.0961535,1.893350062735095,0.0,0.0,0.0,200007.494426,0.2829688535453786,91806.718753,82907.0878535,0.1172962226641502,0.003844,0.003844,21567481,21567481,https://find-and-update.company-information.service.gov.uk/search/companies?q=Anglo-Eastern+Plantations+PLC,https://find-and-update.company-information.service.gov.uk/search/companies?q=Anglo-Eastern+Plantations+PLC,1620586243,14:50:43,20210509
126,1987-03-31,AEP.L,USD,1987-03-31,1987-03-31,Q1,706818.05407225,0.0,0.0,0.0,0.0,0.0,0.0,0.0,613137.72881425,706818.05407225,79628.2764695,93680.325258,373316.0961535,1.893350062735095,0.0,0.0,0.0,200007.494426,0.2829688535453786,91806.718753,82907.0878535,0.1172962226641502,0.003844,0.003844,21567481,21567481,https://find-and-update.company-information.service.gov.uk/search/companies?q=Anglo-Eastern+Plantations+PLC,https://find-and-update.company-information.service.gov.uk/search/companies?q=Anglo-Eastern+Plantations+PLC,1620586243,14:50:43,20210509
127,1987-01-31,AEP.L,USD,1987-01-31,1987-01-31,Q1,706818.05407225,0.0,0.0,0.0,0.0,0.0,0.0,0.0,613137.72881425,706818.05407225,79628.2764695,93680.325258,373316.0961535,1.893350062735095,0.0,0.0,0.0,200007.494426,0.2829688535453786,91806.718753,82907.0878535,0.1172962226641502,0.003844,0.003844,21567481,21567481,https://find-and-update.company-information.service.gov.uk/search/companies?q=Anglo-Eastern+Plantations+PLC,https://find-and-update.company-information.service.gov.uk/search/companies?q=Anglo-Eastern+Plantations+PLC,1620586243,14:50:43,20210509
128,1986-09-30,AEP.L,USD,1986-09-30,1986-09-30,Q3,514103.6634045,0.0,514103.6634045,1.0,0.0,0.0,0.0,85006.35699725,430575.67783325,514103.6634045,92398.21412725,83527.985571,282368.942373,1.8206806282731551,0.0,0.0,0.0,106442.74267475,0.2070452911575543,62830.7856065,41763.9927855,0.08123652048874787,0.0019365,0.0019365,21567481,21567481,https://find-and-update.company-information.service.gov.uk/search/companies?q=Anglo-Eastern+Plantations+PLC,https://find-and-update.company-information.service.gov.uk/search/companies?q=Anglo-Eastern+Plantations+PLC,1620586243,14:50:43,20210509
129,1986-06-30,AEP.L,USD,1986-06-30,1986-06-30,Q2,514103.6634045,0.0,514103.6634045,1.0,0.0,0.0,0.0,85006.35699725,430575.67783325,514103.6634045,92398.21412725,83527.985571,282368.942373,1.8206806282731551,0.0,0.0,0.0,106442.74267475,0.2070452911575543,62830.7856065,41763.9927855,0.08123652048874787,0.0019365,0.0019365,21567481,21567481,https://find-and-update.company-information.service.gov.uk/search/companies?q=Anglo-Eastern+Plantations+PLC,https://find-and-update.company-information.service.gov.uk/search/companies?q=Anglo-Eastern+Plantations+PLC,1620586243,14:50:43,20210509
130,1986-03-31,AEP.L,USD,1986-03-31,1986-03-31,Q1,514103.6634045,0.0,514103.6634045,1.0,0.0,0.0,0.0,85006.35699725,430575.67783325,514103.6634045,92398.21412725,83527.985571,282368.942373,1.8206806282731551,0.0,0.0,0.0,106442.74267475,0.2070452911575543,62830.7856065,41763.9927855,0.08123652048874787,0.0019365,0.0019365,21567481,21567481,https://find-and-update.company-information.service.gov.uk/search/companies?q=Anglo-Eastern+Plantations+PLC,https://find-and-update.company-information.service.gov.uk/search/companies?q=Anglo-Eastern+Plantations+PLC,1620586243,14:50:43,20210509
131,1986-01-31,AEP.L,USD,1986-01-31,1986-01-31,Q1,514103.6634045,0.0,514103.6634045,1.0,0.0,0.0,0.0,85006.35699725,430575.67783325,514103.6634045,92398.21412725,83527.985571,282368.942373,1.8206806282731551,0.0,0.0,0.0,106442.74267475,0.2070452911575543,62830.7856065,41763.9927855,0.08123652048874787,0.0019365,0.0019365,21567481,21567481,https://find-and-update.company-information.service.gov.uk/search/companies?q=Anglo-Eastern+Plantations+PLC,https://find-and-update.company-information.service.gov.uk/search/companies?q=Anglo-Eastern+Plantations+PLC,1620586243,14:50:43,20210509
132,1985-09-30,AEP.L,USD,1985-09-30,1985-09-30,Q3,383213.5190815,0.0,383213.5190815,1.0,0.0,0.0,0.0,43219.56982125,301456.499503,383213.5190815,143705.0696555,81757.0195785,263279.2128275,1.45554035567776,0.0,0.0,0.0,37817.1235935,0.09868421052613553,32054.514284,2881.30465475,0.0075187969924861075,0.0001335,0.0001335,21567481,21567481,https://find-and-update.company-information.service.gov.uk/search/companies?q=Anglo-Eastern+Plantations+PLC,https://find-and-update.company-information.service.gov.uk/search/companies?q=Anglo-Eastern+Plantations+PLC,1620586243,14:50:43,20210509
133,1985-06-30,AEP.L,USD,1985-06-30,1985-06-30,Q2,383213.5190815,0.0,383213.5190815,1.0,0.0,0.0,0.0,43219.56982125,301456.499503,383213.5190815,143705.0696555,81757.0195785,263279.2128275,1.45554035567776,0.0,0.0,0.0,37817.1235935,0.09868421052613553,32054.514284,2881.30465475,0.0075187969924861075,0.0001335,0.0001335,21567481,21567481,https://find-and-update.company-information.service.gov.uk/search/companies?q=Anglo-Eastern+Plantations+PLC,https://find-and-update.company-information.service.gov.uk/search/companies?q=Anglo-Eastern+Plantations+PLC,1620586243,14:50:43,20210509
134,1985-03-31,AEP.L,USD,1985-03-31,1985-03-31,Q1,383213.5190815,0.0,383213.5190815,1.0,0.0,0.0,0.0,43219.56982125,301456.499503,383213.5190815,143705.0696555,81757.0195785,263279.2128275,1.45554035567776,0.0,0.0,0.0,37817.1235935,0.09868421052613553,32054.514284,2881.30465475,0.0075187969924861075,0.0001335,0.0001335,21567481,21567481,https://find-and-update.company-information.service.gov.uk/search/companies?q=Anglo-Eastern+Plantations+PLC,https://find-and-update.company-information.service.gov.uk/search/companies?q=Anglo-Eastern+Plantations+PLC,1620586243,14:50:43,20210509
135,1985-01-31,AEP.L,USD,1985-01-31,1985-01-31,Q1,383213.5190815,0.0,383213.5190815,1.0,0.0,0.0,0.0,43219.56982125,301456.499503,383213.5190815,143705.0696555,81757.0195785,263279.2128275,1.45554035567776,0.0,0.0,0.0,37817.1235935,0.09868421052613553,32054.514284,2881.30465475,0.0075187969924861075,0.0001335,0.0001335,21567481,21567481,https://find-and-update.company-information.service.gov.uk/search/companies?q=Anglo-Eastern+Plantations+PLC,https://find-and-update.company-information.service.gov.uk/search/companies?q=Anglo-Eastern+Plantations+PLC,1620586243,14:50:43,20210509
