,date,symbol,reportedCurrency,fillingDate,acceptedDate,period,revenue,costOfRevenue,grossProfit,grossProfitRatio,researchAndDevelopmentExpenses,generalAndAdministrativeExpenses,sellingAndMarketingExpenses,otherExpenses,operatingExpenses,costAndExpenses,interestExpense,depreciationAndAmortization,ebitda,ebitdaratio,operatingIncome,operatingIncomeRatio,totalOtherIncomeExpensesNet,incomeBeforeTax,incomeBeforeTaxRatio,incomeTaxExpense,netIncome,netIncomeRatio,eps,epsdiluted,weightedAverageShsOut,weightedAverageShsOutDil,link,finalLink,timestamp,est_time,est_date
0,2019-06-30,EKF.L,GBP,2019-06-30,2019-06-30,Q2,11229250.0,5297500.0,5931750.0,0.5282409778035042,0.0,4570000.0,0.0,0.0,0.0,9783250.0,14500.0,1110250.0,2556250.0,0.22764209542044214,1446000.0,0.12877084400115768,0.0,1379500.0,0.12284881002738385,396500.0,919500.0,0.0818843644945121,0.002025,0.002,454093227.0,458414273.0,https://find-and-update.company-information.service.gov.uk/search/companies?q=EKF+Diagnostics+Holdings+PLC,https://find-and-update.company-information.service.gov.uk/search/companies?q=EKF+Diagnostics+Holdings+PLC,1620591545,16:19:05,20210509
1,2019-03-31,EKF.L,GBP,2019-03-31,2019-03-31,Q1,11229250.0,5297500.0,5931750.0,0.5282409778035042,0.0,4570000.0,0.0,0.0,0.0,9783250.0,14500.0,1110250.0,2556250.0,0.22764209542044214,1446000.0,0.12877084400115768,0.0,1379500.0,0.12284881002738385,396500.0,919500.0,0.0818843644945121,0.002025,0.002,454093227.0,458414273.0,https://find-and-update.company-information.service.gov.uk/search/companies?q=EKF+Diagnostics+Holdings+PLC,https://find-and-update.company-information.service.gov.uk/search/companies?q=EKF+Diagnostics+Holdings+PLC,1620591545,16:19:05,20210509
2,2019-01-31,EKF.L,GBP,2019-01-31,2019-01-31,Q1,11229250.0,5297500.0,5931750.0,0.5282409778035042,0.0,4570000.0,0.0,0.0,0.0,9783250.0,14500.0,1110250.0,2556250.0,0.22764209542044214,1446000.0,0.12877084400115768,0.0,1379500.0,0.12284881002738385,396500.0,919500.0,0.0818843644945121,0.002025,0.002,454093227.0,458414273.0,https://find-and-update.company-information.service.gov.uk/search/companies?q=EKF+Diagnostics+Holdings+PLC,https://find-and-update.company-information.service.gov.uk/search/companies?q=EKF+Diagnostics+Holdings+PLC,1620591545,16:19:05,20210509
3,2018-06-30,EKF.L,GBP,2018-06-30,2018-06-30,Q2,10635750.0,4961750.0,5674000.0,0.5334837693627624,0.0,2646500.0,0.0,0.0,0.0,7586000.0,8750.0,997750.0,4047500.0,0.3805561431962955,3049750.0,0.28674517546952494,0.0,3041250.0,0.2859459840631831,466500.0,2527500.0,0.23764191523869968,0.005525,0.005475,457207272.0,461489617.0,https://find-and-update.company-information.service.gov.uk/search/companies?q=EKF+Diagnostics+Holdings+PLC,https://find-and-update.company-information.service.gov.uk/search/companies?q=EKF+Diagnostics+Holdings+PLC,1620591545,16:19:05,20210509
4,2018-03-31,EKF.L,GBP,2018-03-31,2018-03-31,Q1,10635750.0,4961750.0,5674000.0,0.5334837693627624,0.0,2646500.0,0.0,0.0,0.0,7586000.0,8750.0,997750.0,4047500.0,0.3805561431962955,3049750.0,0.28674517546952494,0.0,3041250.0,0.2859459840631831,466500.0,2527500.0,0.23764191523869968,0.005525,0.005475,457207272.0,461489617.0,https://find-and-update.company-information.service.gov.uk/search/companies?q=EKF+Diagnostics+Holdings+PLC,https://find-and-update.company-information.service.gov.uk/search/companies?q=EKF+Diagnostics+Holdings+PLC,1620591545,16:19:05,20210509
5,2018-01-31,EKF.L,GBP,2018-01-31,2018-01-31,Q1,10635750.0,4961750.0,5674000.0,0.5334837693627624,0.0,2646500.0,0.0,0.0,0.0,7586000.0,8750.0,997750.0,4047500.0,0.3805561431962955,3049750.0,0.28674517546952494,0.0,3041250.0,0.2859459840631831,466500.0,2527500.0,0.23764191523869968,0.005525,0.005475,457207272.0,461489617.0,https://find-and-update.company-information.service.gov.uk/search/companies?q=EKF+Diagnostics+Holdings+PLC,https://find-and-update.company-information.service.gov.uk/search/companies?q=EKF+Diagnostics+Holdings+PLC,1620591545,16:19:05,20210509
6,2017-06-30,EKF.L,GBP,2017-06-30,2017-06-30,Q2,10396000.0,4680250.0,5715750.0,0.5498028087726049,0.0,4546500.0,0.0,0.0,0.0,9213750.0,26500.0,1155750.0,2338000.0,0.22489419007310504,1182250.0,0.11372162370142362,0.0,1076750.0,0.10357348980377068,341750.0,678750.0,0.06528953443632166,0.001475,0.00145,463098526.0,469343547.0,https://find-and-update.company-information.service.gov.uk/search/companies?q=EKF+Diagnostics+Holdings+PLC,https://find-and-update.company-information.service.gov.uk/search/companies?q=EKF+Diagnostics+Holdings+PLC,1620591545,16:19:05,20210509
7,2017-03-31,EKF.L,GBP,2017-03-31,2017-03-31,Q1,10396000.0,4680250.0,5715750.0,0.5498028087726049,0.0,4546500.0,0.0,0.0,0.0,9213750.0,26500.0,1155750.0,2338000.0,0.22489419007310504,1182250.0,0.11372162370142362,0.0,1076750.0,0.10357348980377068,341750.0,678750.0,0.06528953443632166,0.001475,0.00145,463098526.0,469343547.0,https://find-and-update.company-information.service.gov.uk/search/companies?q=EKF+Diagnostics+Holdings+PLC,https://find-and-update.company-information.service.gov.uk/search/companies?q=EKF+Diagnostics+Holdings+PLC,1620591545,16:19:05,20210509
8,2017-01-31,EKF.L,GBP,2017-01-31,2017-01-31,Q1,10396000.0,4680250.0,5715750.0,0.5498028087726049,0.0,4546500.0,0.0,0.0,0.0,9213750.0,26500.0,1155750.0,2338000.0,0.22489419007310504,1182250.0,0.11372162370142362,0.0,1076750.0,0.10357348980377068,341750.0,678750.0,0.06528953443632166,0.001475,0.00145,463098526.0,469343547.0,https://find-and-update.company-information.service.gov.uk/search/companies?q=EKF+Diagnostics+Holdings+PLC,https://find-and-update.company-information.service.gov.uk/search/companies?q=EKF+Diagnostics+Holdings+PLC,1620591545,16:19:05,20210509
9,2016-06-30,EKF.L,GBP,2016-06-30,2016-06-30,Q2,9647250.0,5066750.0,4580500.0,0.4747985177123014,0.0,4683500.0,0.0,0.0,0.0,9729000.0,126250.0,1240250.0,1158500.0,0.12008603488040634,-81750.0,-0.008473917437611755,0.0,-250750.0,-0.025991862966130243,-293000.0,-4500.0,-0.0004664541708777113,-1.0088717242492795e-05,-9.998072127296538e-06,446042831.0,450086771.0,https://find-and-update.company-information.service.gov.uk/search/companies?q=EKF+Diagnostics+Holdings+PLC,https://find-and-update.company-information.service.gov.uk/search/companies?q=EKF+Diagnostics+Holdings+PLC,1620591545,16:19:05,20210509
10,2016-03-31,EKF.L,GBP,2016-03-31,2016-03-31,Q1,9647250.0,5066750.0,4580500.0,0.4747985177123014,0.0,4683500.0,0.0,0.0,0.0,9729000.0,126250.0,1240250.0,1158500.0,0.12008603488040634,-81750.0,-0.008473917437611755,0.0,-250750.0,-0.025991862966130243,-293000.0,-4500.0,-0.0004664541708777113,-1.0088717242492795e-05,-9.998072127296538e-06,446042831.0,450086771.0,https://find-and-update.company-information.service.gov.uk/search/companies?q=EKF+Diagnostics+Holdings+PLC,https://find-and-update.company-information.service.gov.uk/search/companies?q=EKF+Diagnostics+Holdings+PLC,1620591545,16:19:05,20210509
11,2016-01-31,EKF.L,GBP,2016-01-31,2016-01-31,Q1,9647250.0,5066750.0,4580500.0,0.4747985177123014,0.0,4683500.0,0.0,0.0,0.0,9729000.0,126250.0,1240250.0,1158500.0,0.12008603488040634,-81750.0,-0.008473917437611755,0.0,-250750.0,-0.025991862966130243,-293000.0,-4500.0,-0.0004664541708777113,-1.0088717242492795e-05,-9.998072127296538e-06,446042831.0,450086771.0,https://find-and-update.company-information.service.gov.uk/search/companies?q=EKF+Diagnostics+Holdings+PLC,https://find-and-update.company-information.service.gov.uk/search/companies?q=EKF+Diagnostics+Holdings+PLC,1620591545,16:19:05,20210509
12,2015-09-30,EKF.L,GBP,2015-09-30,2015-09-30,Q3,7511250.0,3844000.0,3667250.0,0.48823431519387583,0.0,7289000.0,0.0,0.0,0.0,11098250.0,92500.0,2013000.0,-1574000.0,-0.20955233815942753,-3587000.0,-0.4775503411549343,0.0,-3942500.0,-0.5248793476451988,-551500.0,-9280750.0,-1.235579963388251,-0.02198932460020798,-0.0215643919039102,422057074.0,430373833.0,https://find-and-update.company-information.service.gov.uk/search/companies?q=EKF+Diagnostics+Holdings+PLC,https://find-and-update.company-information.service.gov.uk/search/companies?q=EKF+Diagnostics+Holdings+PLC,1620591545,16:19:05,20210509
13,2015-06-30,EKF.L,GBP,2015-06-30,2015-06-30,Q2,7511250.0,3844000.0,3667250.0,0.48823431519387583,0.0,7289000.0,0.0,0.0,0.0,11098250.0,92500.0,2013000.0,-1574000.0,-0.20955233815942753,-3587000.0,-0.4775503411549343,0.0,-3942500.0,-0.5248793476451988,-551500.0,-9280750.0,-1.235579963388251,-0.02198932460020798,-0.0215643919039102,422057074.0,430373833.0,https://find-and-update.company-information.service.gov.uk/search/companies?q=EKF+Diagnostics+Holdings+PLC,https://find-and-update.company-information.service.gov.uk/search/companies?q=EKF+Diagnostics+Holdings+PLC,1620591545,16:19:05,20210509
14,2015-03-31,EKF.L,GBP,2015-03-31,2015-03-31,Q1,7511250.0,3844000.0,3667250.0,0.48823431519387583,0.0,7289000.0,0.0,0.0,0.0,11098250.0,92500.0,2013000.0,-1574000.0,-0.20955233815942753,-3587000.0,-0.4775503411549343,0.0,-3942500.0,-0.5248793476451988,-551500.0,-9280750.0,-1.235579963388251,-0.02198932460020798,-0.0215643919039102,422057074.0,430373833.0,https://find-and-update.company-information.service.gov.uk/search/companies?q=EKF+Diagnostics+Holdings+PLC,https://find-and-update.company-information.service.gov.uk/search/companies?q=EKF+Diagnostics+Holdings+PLC,1620591545,16:19:05,20210509
15,2015-01-31,EKF.L,GBP,2015-01-31,2015-01-31,Q1,7511250.0,3844000.0,3667250.0,0.48823431519387583,0.0,7289000.0,0.0,0.0,0.0,11098250.0,92500.0,2013000.0,-1574000.0,-0.20955233815942753,-3587000.0,-0.4775503411549343,0.0,-3942500.0,-0.5248793476451988,-551500.0,-9280750.0,-1.235579963388251,-0.02198932460020798,-0.0215643919039102,422057074.0,430373833.0,https://find-and-update.company-information.service.gov.uk/search/companies?q=EKF+Diagnostics+Holdings+PLC,https://find-and-update.company-information.service.gov.uk/search/companies?q=EKF+Diagnostics+Holdings+PLC,1620591545,16:19:05,20210509
16,2014-09-30,EKF.L,GBP,2014-09-30,2014-09-30,Q3,10015500.0,5028250.0,4987250.0,0.4979531725824971,0.0,5698250.0,0.0,0.0,0.0,10633750.0,74500.0,1237500.0,619250.0,0.06182916479456842,-618250.0,-0.06172931955469023,0.0,-1007000.0,-0.10054415655733613,360000.0,-1422250.0,-0.14200489241675404,-0.0037463742288606585,-0.003614252182215457,379633724.0,393511556.0,https://find-and-update.company-information.service.gov.uk/search/companies?q=EKF+Diagnostics+Holdings+PLC,https://find-and-update.company-information.service.gov.uk/search/companies?q=EKF+Diagnostics+Holdings+PLC,1620591545,16:19:05,20210509
17,2014-06-30,EKF.L,GBP,2014-06-30,2014-06-30,Q2,10015500.0,5028250.0,4987250.0,0.4979531725824971,0.0,5698250.0,0.0,0.0,0.0,10633750.0,74500.0,1237500.0,619250.0,0.06182916479456842,-618250.0,-0.06172931955469023,0.0,-1007000.0,-0.10054415655733613,360000.0,-1422250.0,-0.14200489241675404,-0.0037463742288606585,-0.003614252182215457,379633724.0,393511556.0,https://find-and-update.company-information.service.gov.uk/search/companies?q=EKF+Diagnostics+Holdings+PLC,https://find-and-update.company-information.service.gov.uk/search/companies?q=EKF+Diagnostics+Holdings+PLC,1620591545,16:19:05,20210509
18,2014-03-31,EKF.L,GBP,2014-03-31,2014-03-31,Q1,10015500.0,5028250.0,4987250.0,0.4979531725824971,0.0,5698250.0,0.0,0.0,0.0,10633750.0,74500.0,1237500.0,619250.0,0.06182916479456842,-618250.0,-0.06172931955469023,0.0,-1007000.0,-0.10054415655733613,360000.0,-1422250.0,-0.14200489241675404,-0.0037463742288606585,-0.003614252182215457,379633724.0,393511556.0,https://find-and-update.company-information.service.gov.uk/search/companies?q=EKF+Diagnostics+Holdings+PLC,https://find-and-update.company-information.service.gov.uk/search/companies?q=EKF+Diagnostics+Holdings+PLC,1620591545,16:19:05,20210509
19,2014-01-31,EKF.L,GBP,2014-01-31,2014-01-31,Q1,10015500.0,5028250.0,4987250.0,0.4979531725824971,0.0,5698250.0,0.0,0.0,0.0,10633750.0,74500.0,1237500.0,619250.0,0.06182916479456842,-618250.0,-0.06172931955469023,0.0,-1007000.0,-0.10054415655733613,360000.0,-1422250.0,-0.14200489241675404,-0.0037463742288606585,-0.003614252182215457,379633724.0,393511556.0,https://find-and-update.company-information.service.gov.uk/search/companies?q=EKF+Diagnostics+Holdings+PLC,https://find-and-update.company-information.service.gov.uk/search/companies?q=EKF+Diagnostics+Holdings+PLC,1620591545,16:19:05,20210509
20,2013-09-30,EKF.L,GBP,2013-09-30,2013-09-30,Q3,7951000.0,3864750.0,4086250.0,0.5139290655263489,0.0,3609750.0,0.0,0.0,0.0,7350750.0,91000.0,888500.0,1488750.0,0.18724059866683437,600250.0,0.07549364859766067,0.0,151750.0,0.019085649603823418,375000.0,-281500.0,-0.03540435165388001,-0.0010360853015248938,-0.0009832248772841047,271695776.0,286302764.0,https://find-and-update.company-information.service.gov.uk/search/companies?q=EKF+Diagnostics+Holdings+PLC,https://find-and-update.company-information.service.gov.uk/search/companies?q=EKF+Diagnostics+Holdings+PLC,1620591545,16:19:05,20210509
21,2013-06-30,EKF.L,GBP,2013-06-30,2013-06-30,Q2,7951000.0,3864750.0,4086250.0,0.5139290655263489,0.0,3609750.0,0.0,0.0,0.0,7350750.0,91000.0,888500.0,1488750.0,0.18724059866683437,600250.0,0.07549364859766067,0.0,151750.0,0.019085649603823418,375000.0,-281500.0,-0.03540435165388001,-0.0010360853015248938,-0.0009832248772841047,271695776.0,286302764.0,https://find-and-update.company-information.service.gov.uk/search/companies?q=EKF+Diagnostics+Holdings+PLC,https://find-and-update.company-information.service.gov.uk/search/companies?q=EKF+Diagnostics+Holdings+PLC,1620591545,16:19:05,20210509
22,2013-03-31,EKF.L,GBP,2013-03-31,2013-03-31,Q1,7951000.0,3864750.0,4086250.0,0.5139290655263489,0.0,3609750.0,0.0,0.0,0.0,7350750.0,91000.0,888500.0,1488750.0,0.18724059866683437,600250.0,0.07549364859766067,0.0,151750.0,0.019085649603823418,375000.0,-281500.0,-0.03540435165388001,-0.0010360853015248938,-0.0009832248772841047,271695776.0,286302764.0,https://find-and-update.company-information.service.gov.uk/search/companies?q=EKF+Diagnostics+Holdings+PLC,https://find-and-update.company-information.service.gov.uk/search/companies?q=EKF+Diagnostics+Holdings+PLC,1620591545,16:19:05,20210509
23,2013-01-31,EKF.L,GBP,2013-01-31,2013-01-31,Q1,7951000.0,3864750.0,4086250.0,0.5139290655263489,0.0,3609750.0,0.0,0.0,0.0,7350750.0,91000.0,888500.0,1488750.0,0.18724059866683437,600250.0,0.07549364859766067,0.0,151750.0,0.019085649603823418,375000.0,-281500.0,-0.03540435165388001,-0.0010360853015248938,-0.0009832248772841047,271695776.0,286302764.0,https://find-and-update.company-information.service.gov.uk/search/companies?q=EKF+Diagnostics+Holdings+PLC,https://find-and-update.company-information.service.gov.uk/search/companies?q=EKF+Diagnostics+Holdings+PLC,1620591545,16:19:05,20210509
24,2012-09-30,EKF.L,GBP,2012-09-30,2012-09-30,Q3,6515000.0,2936750.0,3578250.0,0.5492325402916347,0.0,3662750.0,0.0,0.0,0.0,6464000.0,36000.0,769750.0,820750.0,0.12597851112816577,51000.0,0.00782808902532617,0.0,-49000.0,-0.007521105141980046,-151500.0,457500.0,0.07022256331542594,0.001775,0.0017,255156200.0,269011446.0,https://find-and-update.company-information.service.gov.uk/search/companies?q=EKF+Diagnostics+Holdings+PLC,https://find-and-update.company-information.service.gov.uk/search/companies?q=EKF+Diagnostics+Holdings+PLC,1620591545,16:19:05,20210509
25,2012-06-30,EKF.L,GBP,2012-06-30,2012-06-30,Q2,6515000.0,2936750.0,3578250.0,0.5492325402916347,0.0,3662750.0,0.0,0.0,0.0,6464000.0,36000.0,769750.0,820750.0,0.12597851112816577,51000.0,0.00782808902532617,0.0,-49000.0,-0.007521105141980046,-151500.0,457500.0,0.07022256331542594,0.001775,0.0017,255156200.0,269011446.0,https://find-and-update.company-information.service.gov.uk/search/companies?q=EKF+Diagnostics+Holdings+PLC,https://find-and-update.company-information.service.gov.uk/search/companies?q=EKF+Diagnostics+Holdings+PLC,1620591545,16:19:05,20210509
26,2012-03-31,EKF.L,GBP,2012-03-31,2012-03-31,Q1,6515000.0,2936750.0,3578250.0,0.5492325402916347,0.0,3662750.0,0.0,0.0,0.0,6464000.0,36000.0,769750.0,820750.0,0.12597851112816577,51000.0,0.00782808902532617,0.0,-49000.0,-0.007521105141980046,-151500.0,457500.0,0.07022256331542594,0.001775,0.0017,255156200.0,269011446.0,https://find-and-update.company-information.service.gov.uk/search/companies?q=EKF+Diagnostics+Holdings+PLC,https://find-and-update.company-information.service.gov.uk/search/companies?q=EKF+Diagnostics+Holdings+PLC,1620591545,16:19:05,20210509
27,2012-01-31,EKF.L,GBP,2012-01-31,2012-01-31,Q1,6515000.0,2936750.0,3578250.0,0.5492325402916347,0.0,3662750.0,0.0,0.0,0.0,6464000.0,36000.0,769750.0,820750.0,0.12597851112816577,51000.0,0.00782808902532617,0.0,-49000.0,-0.007521105141980046,-151500.0,457500.0,0.07022256331542594,0.001775,0.0017,255156200.0,269011446.0,https://find-and-update.company-information.service.gov.uk/search/companies?q=EKF+Diagnostics+Holdings+PLC,https://find-and-update.company-information.service.gov.uk/search/companies?q=EKF+Diagnostics+Holdings+PLC,1620591545,16:19:05,20210509
28,2011-09-30,EKF.L,GBP,2011-09-30,2011-09-30,Q3,5414500.0,2819250.0,2595250.0,0.4793148028442146,67250.0,2324500.0,0.0,0.0,2315250.0,5825250.0,99000.0,580250.0,169500.0,0.03130482962415736,-410750.0,-0.07586111367623972,0.0,-590000.0,-0.10896666358851233,49500.0,-721000.0,-0.13316095669036845,-0.003375,-0.003375,213580118.0,213580118.0,https://find-and-update.company-information.service.gov.uk/search/companies?q=EKF+Diagnostics+Holdings+PLC,https://find-and-update.company-information.service.gov.uk/search/companies?q=EKF+Diagnostics+Holdings+PLC,1620591545,16:19:05,20210509
29,2011-06-30,EKF.L,GBP,2011-06-30,2011-06-30,Q2,5414500.0,2819250.0,2595250.0,0.4793148028442146,67250.0,2324500.0,0.0,0.0,2315250.0,5825250.0,99000.0,580250.0,169500.0,0.03130482962415736,-410750.0,-0.07586111367623972,0.0,-590000.0,-0.10896666358851233,49500.0,-721000.0,-0.13316095669036845,-0.003375,-0.003375,213580118.0,213580118.0,https://find-and-update.company-information.service.gov.uk/search/companies?q=EKF+Diagnostics+Holdings+PLC,https://find-and-update.company-information.service.gov.uk/search/companies?q=EKF+Diagnostics+Holdings+PLC,1620591545,16:19:05,20210509
30,2011-03-31,EKF.L,GBP,2011-03-31,2011-03-31,Q1,5414500.0,2819250.0,2595250.0,0.4793148028442146,67250.0,2324500.0,0.0,0.0,2315250.0,5825250.0,99000.0,580250.0,169500.0,0.03130482962415736,-410750.0,-0.07586111367623972,0.0,-590000.0,-0.10896666358851233,49500.0,-721000.0,-0.13316095669036845,-0.003375,-0.003375,213580118.0,213580118.0,https://find-and-update.company-information.service.gov.uk/search/companies?q=EKF+Diagnostics+Holdings+PLC,https://find-and-update.company-information.service.gov.uk/search/companies?q=EKF+Diagnostics+Holdings+PLC,1620591545,16:19:05,20210509
31,2011-01-31,EKF.L,GBP,2011-01-31,2011-01-31,Q1,5414500.0,2819250.0,2595250.0,0.4793148028442146,67250.0,2324500.0,0.0,0.0,2315250.0,5825250.0,99000.0,580250.0,169500.0,0.03130482962415736,-410750.0,-0.07586111367623972,0.0,-590000.0,-0.10896666358851233,49500.0,-721000.0,-0.13316095669036845,-0.003375,-0.003375,213580118.0,213580118.0,https://find-and-update.company-information.service.gov.uk/search/companies?q=EKF+Diagnostics+Holdings+PLC,https://find-and-update.company-information.service.gov.uk/search/companies?q=EKF+Diagnostics+Holdings+PLC,1620591545,16:19:05,20210509
32,2010-09-30,EKF.L,GBP,2010-09-30,2010-09-30,Q3,1620750.0,893000.0,727750.0,0.4490205151935832,35750.0,596500.0,0.0,0.0,549000.0,1707750.0,46750.0,203750.0,116750.0,0.07203455190498226,-87000.0,-0.053678852383155944,0.0,-522250.0,-0.3222273638747493,-12250.0,-858750.0,-0.5298472929199445,-0.008775,-0.008775,97800087.0,97800087.0,https://find-and-update.company-information.service.gov.uk/search/companies?q=EKF+Diagnostics+Holdings+PLC,https://find-and-update.company-information.service.gov.uk/search/companies?q=EKF+Diagnostics+Holdings+PLC,1620591545,16:19:05,20210509
33,2010-06-30,EKF.L,GBP,2010-06-30,2010-06-30,Q2,1620750.0,893000.0,727750.0,0.4490205151935832,35750.0,596500.0,0.0,0.0,549000.0,1707750.0,46750.0,203750.0,116750.0,0.07203455190498226,-87000.0,-0.053678852383155944,0.0,-522250.0,-0.3222273638747493,-12250.0,-858750.0,-0.5298472929199445,-0.008775,-0.008775,97800087.0,97800087.0,https://find-and-update.company-information.service.gov.uk/search/companies?q=EKF+Diagnostics+Holdings+PLC,https://find-and-update.company-information.service.gov.uk/search/companies?q=EKF+Diagnostics+Holdings+PLC,1620591545,16:19:05,20210509
34,2010-03-31,EKF.L,GBP,2010-03-31,2010-03-31,Q1,1620750.0,893000.0,727750.0,0.4490205151935832,35750.0,596500.0,0.0,0.0,549000.0,1707750.0,46750.0,203750.0,116750.0,0.07203455190498226,-87000.0,-0.053678852383155944,0.0,-522250.0,-0.3222273638747493,-12250.0,-858750.0,-0.5298472929199445,-0.008775,-0.008775,97800087.0,97800087.0,https://find-and-update.company-information.service.gov.uk/search/companies?q=EKF+Diagnostics+Holdings+PLC,https://find-and-update.company-information.service.gov.uk/search/companies?q=EKF+Diagnostics+Holdings+PLC,1620591545,16:19:05,20210509
35,2010-01-31,EKF.L,GBP,2010-01-31,2010-01-31,Q1,1620750.0,893000.0,727750.0,0.4490205151935832,35750.0,596500.0,0.0,0.0,549000.0,1707750.0,46750.0,203750.0,116750.0,0.07203455190498226,-87000.0,-0.053678852383155944,0.0,-522250.0,-0.3222273638747493,-12250.0,-858750.0,-0.5298472929199445,-0.008775,-0.008775,97800087.0,97800087.0,https://find-and-update.company-information.service.gov.uk/search/companies?q=EKF+Diagnostics+Holdings+PLC,https://find-and-update.company-information.service.gov.uk/search/companies?q=EKF+Diagnostics+Holdings+PLC,1620591545,16:19:05,20210509
36,2009-09-30,EKF.L,GBP,2009-09-30,2009-09-30,Q3,0.0,0.0,0.0,0.0,0.0,96500.0,0.0,0.0,201000.0,204500.0,250.0,750.0,-203750.0,0.0,-204500.0,0.0,0.0,-142000.0,0.0,-18750.0,-50750.0,0.0,-0.0015,-0.0015,34293228.0,34293228.0,https://find-and-update.company-information.service.gov.uk/search/companies?q=EKF+Diagnostics+Holdings+PLC,https://find-and-update.company-information.service.gov.uk/search/companies?q=EKF+Diagnostics+Holdings+PLC,1620591545,16:19:05,20210509
37,2009-06-30,EKF.L,GBP,2009-06-30,2009-06-30,Q2,0.0,0.0,0.0,0.0,0.0,96500.0,0.0,0.0,201000.0,204500.0,250.0,750.0,-203750.0,0.0,-204500.0,0.0,0.0,-142000.0,0.0,-18750.0,-50750.0,0.0,-0.0015,-0.0015,34293228.0,34293228.0,https://find-and-update.company-information.service.gov.uk/search/companies?q=EKF+Diagnostics+Holdings+PLC,https://find-and-update.company-information.service.gov.uk/search/companies?q=EKF+Diagnostics+Holdings+PLC,1620591545,16:19:05,20210509
38,2009-03-31,EKF.L,GBP,2009-03-31,2009-03-31,Q1,0.0,0.0,0.0,0.0,0.0,96500.0,0.0,0.0,201000.0,204500.0,250.0,750.0,-203750.0,0.0,-204500.0,0.0,0.0,-142000.0,0.0,-18750.0,-50750.0,0.0,-0.0015,-0.0015,34293228.0,34293228.0,https://find-and-update.company-information.service.gov.uk/search/companies?q=EKF+Diagnostics+Holdings+PLC,https://find-and-update.company-information.service.gov.uk/search/companies?q=EKF+Diagnostics+Holdings+PLC,1620591545,16:19:05,20210509
39,2009-01-31,EKF.L,GBP,2009-01-31,2009-01-31,Q1,0.0,0.0,0.0,0.0,0.0,96500.0,0.0,0.0,201000.0,204500.0,250.0,750.0,-203750.0,0.0,-204500.0,0.0,0.0,-142000.0,0.0,-18750.0,-50750.0,0.0,-0.0015,-0.0015,34293228.0,34293228.0,https://find-and-update.company-information.service.gov.uk/search/companies?q=EKF+Diagnostics+Holdings+PLC,https://find-and-update.company-information.service.gov.uk/search/companies?q=EKF+Diagnostics+Holdings+PLC,1620591545,16:19:05,20210509
40,2008-09-30,EKF.L,GBP,2008-09-30,2008-09-30,Q3,116250.0,0.0,0.0,0.0,0.0,7500.0,0.0,0.0,247000.0,252000.0,0.0,750.0,-135000.0,-1.1612903225806452,-135750.0,-1.167741935483871,0.0,-230750.0,-1.9849462365591397,36500.0,-326750.0,-2.810752688172043,-0.00975,-0.00975,33593353.0,33593353.0,https://find-and-update.company-information.service.gov.uk/search/companies?q=EKF+Diagnostics+Holdings+PLC,https://find-and-update.company-information.service.gov.uk/search/companies?q=EKF+Diagnostics+Holdings+PLC,1620591545,16:19:05,20210509
41,2008-06-30,EKF.L,GBP,2008-06-30,2008-06-30,Q2,116250.0,0.0,0.0,0.0,0.0,7500.0,0.0,0.0,247000.0,252000.0,0.0,750.0,-135000.0,-1.1612903225806452,-135750.0,-1.167741935483871,0.0,-230750.0,-1.9849462365591397,36500.0,-326750.0,-2.810752688172043,-0.00975,-0.00975,33593353.0,33593353.0,https://find-and-update.company-information.service.gov.uk/search/companies?q=EKF+Diagnostics+Holdings+PLC,https://find-and-update.company-information.service.gov.uk/search/companies?q=EKF+Diagnostics+Holdings+PLC,1620591545,16:19:05,20210509
42,2008-03-31,EKF.L,GBP,2008-03-31,2008-03-31,Q1,116250.0,0.0,0.0,0.0,0.0,7500.0,0.0,0.0,247000.0,252000.0,0.0,750.0,-135000.0,-1.1612903225806452,-135750.0,-1.167741935483871,0.0,-230750.0,-1.9849462365591397,36500.0,-326750.0,-2.810752688172043,-0.00975,-0.00975,33593353.0,33593353.0,https://find-and-update.company-information.service.gov.uk/search/companies?q=EKF+Diagnostics+Holdings+PLC,https://find-and-update.company-information.service.gov.uk/search/companies?q=EKF+Diagnostics+Holdings+PLC,1620591545,16:19:05,20210509
43,2008-01-31,EKF.L,GBP,2008-01-31,2008-01-31,Q1,116250.0,0.0,0.0,0.0,0.0,7500.0,0.0,0.0,247000.0,252000.0,0.0,750.0,-135000.0,-1.1612903225806452,-135750.0,-1.167741935483871,0.0,-230750.0,-1.9849462365591397,36500.0,-326750.0,-2.810752688172043,-0.00975,-0.00975,33593353.0,33593353.0,https://find-and-update.company-information.service.gov.uk/search/companies?q=EKF+Diagnostics+Holdings+PLC,https://find-and-update.company-information.service.gov.uk/search/companies?q=EKF+Diagnostics+Holdings+PLC,1620591545,16:19:05,20210509
44,2007-09-30,EKF.L,GBP,2007-09-30,2007-09-30,Q3,85250.0,0.0,0.0,0.0,0.0,0.0,0.0,0.0,409000.0,414000.0,1750.0,750.0,-328000.0,-3.8475073313782993,-328750.0,-3.8563049853372435,0.0,-30000.0,-0.3519061583577713,37500.0,116250.0,1.3636363636363635,0.0035,0.0035,33593353.0,33593353.0,https://find-and-update.company-information.service.gov.uk/search/companies?q=EKF+Diagnostics+Holdings+PLC,https://find-and-update.company-information.service.gov.uk/search/companies?q=EKF+Diagnostics+Holdings+PLC,1620591545,16:19:05,20210509
45,2007-06-30,EKF.L,GBP,2007-06-30,2007-06-30,Q2,85250.0,0.0,0.0,0.0,0.0,0.0,0.0,0.0,409000.0,414000.0,1750.0,750.0,-328000.0,-3.8475073313782993,-328750.0,-3.8563049853372435,0.0,-30000.0,-0.3519061583577713,37500.0,116250.0,1.3636363636363635,0.0035,0.0035,33593353.0,33593353.0,https://find-and-update.company-information.service.gov.uk/search/companies?q=EKF+Diagnostics+Holdings+PLC,https://find-and-update.company-information.service.gov.uk/search/companies?q=EKF+Diagnostics+Holdings+PLC,1620591545,16:19:05,20210509
46,2007-03-31,EKF.L,GBP,2007-03-31,2007-03-31,Q1,85250.0,0.0,0.0,0.0,0.0,0.0,0.0,0.0,409000.0,414000.0,1750.0,750.0,-328000.0,-3.8475073313782993,-328750.0,-3.8563049853372435,0.0,-30000.0,-0.3519061583577713,37500.0,116250.0,1.3636363636363635,0.0035,0.0035,33593353.0,33593353.0,https://find-and-update.company-information.service.gov.uk/search/companies?q=EKF+Diagnostics+Holdings+PLC,https://find-and-update.company-information.service.gov.uk/search/companies?q=EKF+Diagnostics+Holdings+PLC,1620591545,16:19:05,20210509
47,2007-01-31,EKF.L,GBP,2007-01-31,2007-01-31,Q1,85250.0,0.0,0.0,0.0,0.0,0.0,0.0,0.0,409000.0,414000.0,1750.0,750.0,-328000.0,-3.8475073313782993,-328750.0,-3.8563049853372435,0.0,-30000.0,-0.3519061583577713,37500.0,116250.0,1.3636363636363635,0.0035,0.0035,33593353.0,33593353.0,https://find-and-update.company-information.service.gov.uk/search/companies?q=EKF+Diagnostics+Holdings+PLC,https://find-and-update.company-information.service.gov.uk/search/companies?q=EKF+Diagnostics+Holdings+PLC,1620591545,16:19:05,20210509
48,2006-09-30,EKF.L,GBP,2006-09-30,2006-09-30,Q3,769250.0,375750.0,393500.0,0.5115372115697108,0.0,223500.0,0.0,0.0,269000.0,653000.0,1000.0,1250.0,117500.0,0.15274618134546636,116250.0,0.15112122196945077,0.0,145500.0,0.1891452713682158,-3500.0,149000.0,0.19369515762105946,0.004436396206386987,0.004434553505194603,33585819.0,33599775.0,https://find-and-update.company-information.service.gov.uk/search/companies?q=EKF+Diagnostics+Holdings+PLC,https://find-and-update.company-information.service.gov.uk/search/companies?q=EKF+Diagnostics+Holdings+PLC,1620591545,16:19:05,20210509
49,2006-06-30,EKF.L,GBP,2006-06-30,2006-06-30,Q2,769250.0,375750.0,393500.0,0.5115372115697108,0.0,223500.0,0.0,0.0,269000.0,653000.0,1000.0,1250.0,117500.0,0.15274618134546636,116250.0,0.15112122196945077,0.0,145500.0,0.1891452713682158,-3500.0,149000.0,0.19369515762105946,0.004436396206386987,0.004434553505194603,33585819.0,33599775.0,https://find-and-update.company-information.service.gov.uk/search/companies?q=EKF+Diagnostics+Holdings+PLC,https://find-and-update.company-information.service.gov.uk/search/companies?q=EKF+Diagnostics+Holdings+PLC,1620591545,16:19:05,20210509
50,2006-03-31,EKF.L,GBP,2006-03-31,2006-03-31,Q1,769250.0,375750.0,393500.0,0.5115372115697108,0.0,223500.0,0.0,0.0,269000.0,653000.0,1000.0,1250.0,117500.0,0.15274618134546636,116250.0,0.15112122196945077,0.0,145500.0,0.1891452713682158,-3500.0,149000.0,0.19369515762105946,0.004436396206386987,0.004434553505194603,33585819.0,33599775.0,https://find-and-update.company-information.service.gov.uk/search/companies?q=EKF+Diagnostics+Holdings+PLC,https://find-and-update.company-information.service.gov.uk/search/companies?q=EKF+Diagnostics+Holdings+PLC,1620591545,16:19:05,20210509
51,2006-01-31,EKF.L,GBP,2006-01-31,2006-01-31,Q1,769250.0,375750.0,393500.0,0.5115372115697108,0.0,223500.0,0.0,0.0,269000.0,653000.0,1000.0,1250.0,117500.0,0.15274618134546636,116250.0,0.15112122196945077,0.0,145500.0,0.1891452713682158,-3500.0,149000.0,0.19369515762105946,0.004436396206386987,0.004434553505194603,33585819.0,33599775.0,https://find-and-update.company-information.service.gov.uk/search/companies?q=EKF+Diagnostics+Holdings+PLC,https://find-and-update.company-information.service.gov.uk/search/companies?q=EKF+Diagnostics+Holdings+PLC,1620591545,16:19:05,20210509
52,2005-09-30,EKF.L,GBP,2005-09-30,2005-09-30,Q3,815250.0,321500.0,493750.0,0.6056424409690279,0.0,350500.0,0.0,0.0,355750.0,687500.0,19250.0,1500.0,129250.0,0.15854032505366453,127750.0,0.15670039865072063,0.0,228750.0,0.28058877644894203,35500.0,193250.0,0.23704385157927016,0.005795757853146922,0.0057950529230022035,33343353.0,33347409.0,https://find-and-update.company-information.service.gov.uk/search/companies?q=EKF+Diagnostics+Holdings+PLC,https://find-and-update.company-information.service.gov.uk/search/companies?q=EKF+Diagnostics+Holdings+PLC,1620591545,16:19:05,20210509
53,2005-06-30,EKF.L,GBP,2005-06-30,2005-06-30,Q2,815250.0,321500.0,493750.0,0.6056424409690279,0.0,350500.0,0.0,0.0,355750.0,687500.0,19250.0,1500.0,129250.0,0.15854032505366453,127750.0,0.15670039865072063,0.0,228750.0,0.28058877644894203,35500.0,193250.0,0.23704385157927016,0.005795757853146922,0.0057950529230022035,33343353.0,33347409.0,https://find-and-update.company-information.service.gov.uk/search/companies?q=EKF+Diagnostics+Holdings+PLC,https://find-and-update.company-information.service.gov.uk/search/companies?q=EKF+Diagnostics+Holdings+PLC,1620591545,16:19:05,20210509
54,2005-03-31,EKF.L,GBP,2005-03-31,2005-03-31,Q1,815250.0,321500.0,493750.0,0.6056424409690279,0.0,350500.0,0.0,0.0,355750.0,687500.0,19250.0,1500.0,129250.0,0.15854032505366453,127750.0,0.15670039865072063,0.0,228750.0,0.28058877644894203,35500.0,193250.0,0.23704385157927016,0.005795757853146922,0.0057950529230022035,33343353.0,33347409.0,https://find-and-update.company-information.service.gov.uk/search/companies?q=EKF+Diagnostics+Holdings+PLC,https://find-and-update.company-information.service.gov.uk/search/companies?q=EKF+Diagnostics+Holdings+PLC,1620591545,16:19:05,20210509
55,2005-01-31,EKF.L,GBP,2005-01-31,2005-01-31,Q1,815250.0,321500.0,493750.0,0.6056424409690279,0.0,350500.0,0.0,0.0,355750.0,687500.0,19250.0,1500.0,129250.0,0.15854032505366453,127750.0,0.15670039865072063,0.0,228750.0,0.28058877644894203,35500.0,193250.0,0.23704385157927016,0.005795757853146922,0.0057950529230022035,33343353.0,33347409.0,https://find-and-update.company-information.service.gov.uk/search/companies?q=EKF+Diagnostics+Holdings+PLC,https://find-and-update.company-information.service.gov.uk/search/companies?q=EKF+Diagnostics+Holdings+PLC,1620591545,16:19:05,20210509
56,2004-09-30,EKF.L,GBP,2004-09-30,2004-09-30,Q3,558750.0,140250.0,418500.0,0.748993288590604,0.0,490750.0,0.0,0.0,479500.0,631000.0,54000.0,1750.0,-70500.0,-0.1261744966442953,-72250.0,-0.12930648769574943,0.0,-126250.0,-0.22595078299776286,21000.0,-147250.0,-0.26353467561521254,-0.00475,-0.00475,33344000.0,33344000.0,https://find-and-update.company-information.service.gov.uk/search/companies?q=EKF+Diagnostics+Holdings+PLC,https://find-and-update.company-information.service.gov.uk/search/companies?q=EKF+Diagnostics+Holdings+PLC,1620591545,16:19:05,20210509
57,2004-06-30,EKF.L,GBP,2004-06-30,2004-06-30,Q2,558750.0,140250.0,418500.0,0.748993288590604,0.0,490750.0,0.0,0.0,479500.0,631000.0,54000.0,1750.0,-70500.0,-0.1261744966442953,-72250.0,-0.12930648769574943,0.0,-126250.0,-0.22595078299776286,21000.0,-147250.0,-0.26353467561521254,-0.00475,-0.00475,33344000.0,33344000.0,https://find-and-update.company-information.service.gov.uk/search/companies?q=EKF+Diagnostics+Holdings+PLC,https://find-and-update.company-information.service.gov.uk/search/companies?q=EKF+Diagnostics+Holdings+PLC,1620591545,16:19:05,20210509
58,2004-03-31,EKF.L,GBP,2004-03-31,2004-03-31,Q1,558750.0,140250.0,418500.0,0.748993288590604,0.0,490750.0,0.0,0.0,479500.0,631000.0,54000.0,1750.0,-70500.0,-0.1261744966442953,-72250.0,-0.12930648769574943,0.0,-126250.0,-0.22595078299776286,21000.0,-147250.0,-0.26353467561521254,-0.00475,-0.00475,33344000.0,33344000.0,https://find-and-update.company-information.service.gov.uk/search/companies?q=EKF+Diagnostics+Holdings+PLC,https://find-and-update.company-information.service.gov.uk/search/companies?q=EKF+Diagnostics+Holdings+PLC,1620591545,16:19:05,20210509
59,2004-01-31,EKF.L,GBP,2004-01-31,2004-01-31,Q1,558750.0,140250.0,418500.0,0.748993288590604,0.0,490750.0,0.0,0.0,479500.0,631000.0,54000.0,1750.0,-70500.0,-0.1261744966442953,-72250.0,-0.12930648769574943,0.0,-126250.0,-0.22595078299776286,21000.0,-147250.0,-0.26353467561521254,-0.00475,-0.00475,33344000.0,33344000.0,https://find-and-update.company-information.service.gov.uk/search/companies?q=EKF+Diagnostics+Holdings+PLC,https://find-and-update.company-information.service.gov.uk/search/companies?q=EKF+Diagnostics+Holdings+PLC,1620591545,16:19:05,20210509
60,2003-09-30,EKF.L,GBP,2003-09-30,2003-09-30,Q3,318750.0,44000.0,274750.0,0.8619607843137255,0.0,330500.0,0.0,0.0,323750.0,374500.0,41500.0,2250.0,-53500.0,-0.16784313725490196,-55750.0,-0.17490196078431372,0.0,-114500.0,-0.3592156862745098,4250.0,-118750.0,-0.37254901960784315,-0.00425,-0.00425,27558000.0,27558000.0,https://find-and-update.company-information.service.gov.uk/search/companies?q=EKF+Diagnostics+Holdings+PLC,https://find-and-update.company-information.service.gov.uk/search/companies?q=EKF+Diagnostics+Holdings+PLC,1620591545,16:19:05,20210509
61,2003-06-30,EKF.L,GBP,2003-06-30,2003-06-30,Q2,318750.0,44000.0,274750.0,0.8619607843137255,0.0,330500.0,0.0,0.0,323750.0,374500.0,41500.0,2250.0,-53500.0,-0.16784313725490196,-55750.0,-0.17490196078431372,0.0,-114500.0,-0.3592156862745098,4250.0,-118750.0,-0.37254901960784315,-0.00425,-0.00425,27558000.0,27558000.0,https://find-and-update.company-information.service.gov.uk/search/companies?q=EKF+Diagnostics+Holdings+PLC,https://find-and-update.company-information.service.gov.uk/search/companies?q=EKF+Diagnostics+Holdings+PLC,1620591545,16:19:05,20210509
62,2003-03-31,EKF.L,GBP,2003-03-31,2003-03-31,Q1,318750.0,44000.0,274750.0,0.8619607843137255,0.0,330500.0,0.0,0.0,323750.0,374500.0,41500.0,2250.0,-53500.0,-0.16784313725490196,-55750.0,-0.17490196078431372,0.0,-114500.0,-0.3592156862745098,4250.0,-118750.0,-0.37254901960784315,-0.00425,-0.00425,27558000.0,27558000.0,https://find-and-update.company-information.service.gov.uk/search/companies?q=EKF+Diagnostics+Holdings+PLC,https://find-and-update.company-information.service.gov.uk/search/companies?q=EKF+Diagnostics+Holdings+PLC,1620591545,16:19:05,20210509
63,2003-01-31,EKF.L,GBP,2003-01-31,2003-01-31,Q1,318750.0,44000.0,274750.0,0.8619607843137255,0.0,330500.0,0.0,0.0,323750.0,374500.0,41500.0,2250.0,-53500.0,-0.16784313725490196,-55750.0,-0.17490196078431372,0.0,-114500.0,-0.3592156862745098,4250.0,-118750.0,-0.37254901960784315,-0.00425,-0.00425,27558000.0,27558000.0,https://find-and-update.company-information.service.gov.uk/search/companies?q=EKF+Diagnostics+Holdings+PLC,https://find-and-update.company-information.service.gov.uk/search/companies?q=EKF+Diagnostics+Holdings+PLC,1620591545,16:19:05,20210509
64,2002-09-30,EKF.L,GBP,2002-09-30,2002-09-30,Q3,404000.0,0.0,0.0,0.0,0.0,296750.0,0.0,0.0,175000.0,182500.0,23750.0,1750.0,223250.0,0.5525990099009901,221500.0,0.5482673267326733,0.0,83750.0,0.2073019801980198,48000.0,35750.0,0.08849009900990099,0.006,0.006,5958000.0,5958000.0,https://find-and-update.company-information.service.gov.uk/search/companies?q=EKF+Diagnostics+Holdings+PLC,https://find-and-update.company-information.service.gov.uk/search/companies?q=EKF+Diagnostics+Holdings+PLC,1620591545,16:19:05,20210509
65,2002-06-30,EKF.L,GBP,2002-06-30,2002-06-30,Q2,404000.0,0.0,0.0,0.0,0.0,296750.0,0.0,0.0,175000.0,182500.0,23750.0,1750.0,223250.0,0.5525990099009901,221500.0,0.5482673267326733,0.0,83750.0,0.2073019801980198,48000.0,35750.0,0.08849009900990099,0.006,0.006,5958000.0,5958000.0,https://find-and-update.company-information.service.gov.uk/search/companies?q=EKF+Diagnostics+Holdings+PLC,https://find-and-update.company-information.service.gov.uk/search/companies?q=EKF+Diagnostics+Holdings+PLC,1620591545,16:19:05,20210509
66,2002-03-31,EKF.L,GBP,2002-03-31,2002-03-31,Q1,404000.0,0.0,0.0,0.0,0.0,296750.0,0.0,0.0,175000.0,182500.0,23750.0,1750.0,223250.0,0.5525990099009901,221500.0,0.5482673267326733,0.0,83750.0,0.2073019801980198,48000.0,35750.0,0.08849009900990099,0.006,0.006,5958000.0,5958000.0,https://find-and-update.company-information.service.gov.uk/search/companies?q=EKF+Diagnostics+Holdings+PLC,https://find-and-update.company-information.service.gov.uk/search/companies?q=EKF+Diagnostics+Holdings+PLC,1620591545,16:19:05,20210509
67,2002-01-31,EKF.L,GBP,2002-01-31,2002-01-31,Q1,404000.0,0.0,0.0,0.0,0.0,296750.0,0.0,0.0,175000.0,182500.0,23750.0,1750.0,223250.0,0.5525990099009901,221500.0,0.5482673267326733,0.0,83750.0,0.2073019801980198,48000.0,35750.0,0.08849009900990099,0.006,0.006,5958000.0,5958000.0,https://find-and-update.company-information.service.gov.uk/search/companies?q=EKF+Diagnostics+Holdings+PLC,https://find-and-update.company-information.service.gov.uk/search/companies?q=EKF+Diagnostics+Holdings+PLC,1620591545,16:19:05,20210509
68,2001-09-30,EKF.L,GBP,2001-09-30,2001-09-30,Q3,274000.0,0.0,0.0,0.0,0.0,156500.0,0.0,0.0,148500.0,156500.0,41750.0,2250.0,119750.0,0.43704379562043794,117500.0,0.42883211678832117,0.0,75750.0,0.27645985401459855,2250.0,73500.0,0.26824817518248173,0.0005,0.0005,147000000.0,147000000.0,https://find-and-update.company-information.service.gov.uk/search/companies?q=EKF+Diagnostics+Holdings+PLC,https://find-and-update.company-information.service.gov.uk/search/companies?q=EKF+Diagnostics+Holdings+PLC,1620591545,16:19:05,20210509
69,2001-06-30,EKF.L,GBP,2001-06-30,2001-06-30,Q2,274000.0,0.0,0.0,0.0,0.0,156500.0,0.0,0.0,148500.0,156500.0,41750.0,2250.0,119750.0,0.43704379562043794,117500.0,0.42883211678832117,0.0,75750.0,0.27645985401459855,2250.0,73500.0,0.26824817518248173,0.0005,0.0005,147000000.0,147000000.0,https://find-and-update.company-information.service.gov.uk/search/companies?q=EKF+Diagnostics+Holdings+PLC,https://find-and-update.company-information.service.gov.uk/search/companies?q=EKF+Diagnostics+Holdings+PLC,1620591545,16:19:05,20210509
70,2001-03-31,EKF.L,GBP,2001-03-31,2001-03-31,Q1,274000.0,0.0,0.0,0.0,0.0,156500.0,0.0,0.0,148500.0,156500.0,41750.0,2250.0,119750.0,0.43704379562043794,117500.0,0.42883211678832117,0.0,75750.0,0.27645985401459855,2250.0,73500.0,0.26824817518248173,0.0005,0.0005,147000000.0,147000000.0,https://find-and-update.company-information.service.gov.uk/search/companies?q=EKF+Diagnostics+Holdings+PLC,https://find-and-update.company-information.service.gov.uk/search/companies?q=EKF+Diagnostics+Holdings+PLC,1620591545,16:19:05,20210509
71,2001-01-31,EKF.L,GBP,2001-01-31,2001-01-31,Q1,274000.0,0.0,0.0,0.0,0.0,156500.0,0.0,0.0,148500.0,156500.0,41750.0,2250.0,119750.0,0.43704379562043794,117500.0,0.42883211678832117,0.0,75750.0,0.27645985401459855,2250.0,73500.0,0.26824817518248173,0.0005,0.0005,147000000.0,147000000.0,https://find-and-update.company-information.service.gov.uk/search/companies?q=EKF+Diagnostics+Holdings+PLC,https://find-and-update.company-information.service.gov.uk/search/companies?q=EKF+Diagnostics+Holdings+PLC,1620591545,16:19:05,20210509
