,date,symbol,reportedCurrency,fillingDate,acceptedDate,period,revenue,costOfRevenue,grossProfit,grossProfitRatio,researchAndDevelopmentExpenses,generalAndAdministrativeExpenses,sellingAndMarketingExpenses,otherExpenses,operatingExpenses,costAndExpenses,interestExpense,depreciationAndAmortization,ebitda,ebitdaratio,operatingIncome,operatingIncomeRatio,totalOtherIncomeExpensesNet,incomeBeforeTax,incomeBeforeTaxRatio,incomeTaxExpense,netIncome,netIncomeRatio,eps,epsdiluted,weightedAverageShsOut,weightedAverageShsOutDil,link,finalLink,timestamp,est_time,est_date
0,2020-12-31,RNVA,USD,2021-04-15,2021-04-15,Q4,11783526.0,11783526.0,0.0,0.0,0.0,11660899.0,0.0,12734.519,24395.418,36178.944,9840724.0,700993.0,683349.293,0.05799191965121475,-17643.707,-0.0014973198175147234,5371.484,-18951.887,-0.0016083375213836672,-17195298.0,-18339.774,-0.0015563910157282296,-27.644955411785276,-27.644955411785276,663404.0,663404.0,https://www.sec.gov/Archives/edgar/data/931059/000149315221008884/0001493152-21-008884-index.htm,https://www.sec.gov/Archives/edgar/data/931059/000149315221008884/form10-k.htm,1620597355,17:55:55,20210509
1,2020-09-30,RNVA,USD,2020-11-16,2020-11-16,Q3,1950698.0,2805829.0,-855131.0,-0.4383718033237334,0.0,3274508.0,0.0,2859.408,6133916.0,8939745.0,2377980.0,399377.0,393351.115,0.20164634146341462,-6025.885,-0.0030890916994839794,169.101,-4183.218,-0.002144472388857732,0.0,-6192.065,-0.003174281718646351,-9.33377700466081,-9.33377700466081,663404.0,663404.0,https://www.sec.gov/Archives/edgar/data/931059/000149315220021678/0001493152-20-021678-index.htm,https://www.sec.gov/Archives/edgar/data/931059/000149315220021678/form10-q.htm,1620597355,17:55:55,20210509
2,2019-12-31,RNVA,USD,2020-06-29,2020-06-29,Q4,2849108.0,2772798.0,76310.0,0.026783821462717454,0.0,3946712.0,0.0,-2359628.0,4132095.0,6904893.0,2500834.0,185383.0,-3870402.0,-1.3584609639227436,-4055785.0,-1.4235279954287448,-2359628.0,-8916247.0,-3.129487193886648,0.0,-8901822.0,-3.124424205751414,-13.418402662630916,-13.418402662630916,663404.0,663404.0,https://www.sec.gov/Archives/edgar/data/931059/000149315220011988/0001493152-20-011988-index.htm,https://www.sec.gov/Archives/edgar/data/931059/000149315220011988/form10-k.htm,1620597355,17:55:55,20210509
3,2019-09-30,RNVA,USD,2019-10-21 00:00:00,2019-10-18 18:37:53,Q3,3885977.0,3227709.0,658268.0,0.1693957529856713,0.0,3163624.0,0.0,-5784873.0,3363620.0,6591329.0,3637467.0,199996.0,-2505356.0,-0.6447171457782689,-2705352.0,-0.6961832249650474,-5784873.0,-12127692.0,-3.120886201848338,0.0,-12265768.0,-3.156418064234554,-18.489138,-18.489138,663404.0,663404.0,https://www.sec.gov/Archives/edgar/data/931059/000149315219015714/0001493152-19-015714-index.html,https://www.sec.gov/Archives/edgar/data/931059/000149315219015714/form10-k.htm,1620597355,17:55:55,20210509
4,2019-06-30,RNVA,USD,2019-12-12,2019-12-11 18:21:13,Q2,4061189.0,4680333.0,-619144.0,-0.15245387496124904,0.0,4290935.0,0.0,-311463.0,4477171.0,9157504.0,7871798.0,186236.0,-4910079.0,-1.2090249924344816,-5096315.0,-1.2548824986968101,-311463.0,-13279576.0,-3.269873921159542,0.0,-13424827.0,-3.3056395553124958,-25.379472,-25.379472,528964.0,528964.0,https://www.sec.gov/Archives/edgar/data/931059/000149315219019049/form10-q.htm,https://www.sec.gov/Archives/edgar/data/931059/000149315219019049/form10-q.htm,1620597355,17:55:55,20210509
5,2019-03-31,RNVA,USD,2019-11-12,2019-11-12 06:32:09,Q1,5190650.0,4164400.0,1026250.0,0.19771126930153257,0.0,5276136.0,0.0,-884280.0,5499722.0,9664122.0,7719967.0,223586.0,-4249886.0,-0.8187579590224731,-4473472.0,-0.8618327184456668,-739356.0,-12932795.0,-2.4915559708321693,0.0,-13441404.0,-2.5895415795709593,-1000.0,-1000.0,140461.0,140461.0,https://www.sec.gov/Archives/edgar/data/931059/000149315219016805/form10-q.htm,https://www.sec.gov/Archives/edgar/data/931059/000149315219016805/form10-q.htm,1620597355,17:55:55,20210509
6,2018-12-31,RNVA,USD,2019-10-21,2019-10-18 18:37:53,Q4,4615701.0,3700042.0,915659.0,0.19837918444023994,0.0,4582715.0,3011.0,63253.0,5045496.0,8745538.0,4457241.0,459770.0,-3670067.0,-0.7951266773995976,-4129837.0,-0.8947366824670836,-268642.0,-8855720.0,-1.9186078127677682,765994.0,-10172344.0,-2.2038567922835557,-72.4211275727782,-72.4211275727782,140461.0,140461.0,https://www.sec.gov/Archives/edgar/data/931059/000149315219015714/form10-k.htm,https://www.sec.gov/Archives/edgar/data/931059/000149315219015714/form10-k.htm,1620597355,17:55:55,20210509
7,2018-09-30,RNVA,USD,2018-11-14 00:00:00,2018-11-14 16:54:28,Q3,5039112.0,3350286.0,1688826.0,0.3351435729152279,0.0,4348818.0,2758.0,188658.0,4504401.0,7854687.0,9322333.0,152826.0,-2662749.0,-0.5284163162080938,-2815575.0,-0.5587442787538757,109493989.0,97356081.0,19.32008675338036,0.0,97196652.0,19.28844844091578,107682.165761,-800.0,736.0,8195.0,https://www.sec.gov/Archives/edgar/data/931059/000149315218016174/0001493152-18-016174-index.html,https://www.sec.gov/Archives/edgar/data/931059/000149315218016174/form10-q.htm,1620597355,17:55:55,20210509
8,2018-06-30,RNVA,USD,2018-08-13 00:00:00,2018-08-13 16:42:06,Q2,3292217.0,2369813.0,922404.0,0.28017715721655045,0.0,2998055.0,0.0,409092.0,3315789.0,5685602.0,4446090.0,317733.0,-2075652.0,-0.6304724141816898,-2393385.0,-0.726982759641907,52303973.0,45464498.0,13.809690551989739,0.0,45317921.0,13.765168274144749,142509.185535,-2575.02395,318.0,2380.0,https://www.sec.gov/Archives/edgar/data/931059/000149315218011538/0001493152-18-011538-index.html,https://www.sec.gov/Archives/edgar/data/931059/000149315218011538/form10-q.htm,1620597355,17:55:55,20210509
9,2018-03-31,RNVA,USD,2018-04-24 00:00:00,2018-04-24 17:25:34,Q1,1601661.0,2089366.0,-487705.0,-0.30449951643949624,0.0,2892019.0,-1215.0,11969.0,3224319.0,5313685.0,3307014.0,333515.0,-3378509.0,-2.1093783266246726,-3712024.0,-2.317609032123527,-139767263.0,-146786301.0,-91.64629781208383,76.0,-146364584.0,-91.38299802517511,-1478430.141414,-1478430.141414,99.0,99.0,https://www.sec.gov/Archives/edgar/data/931059/000149315218005716/0001493152-18-005716-index.html,https://www.sec.gov/Archives/edgar/data/931059/000149315218005716/form10-k.htm,1620597355,17:55:55,20210509
10,2017-12-31,RNVA,USD,2018-04-24,2018-04-24 17:25:34,Q4,1306997.0,99206.0,1207791.0,0.9240962297541616,0.0,2779178.0,122077.0,-52870.0,3108534.0,3207740.0,4921760.0,207279.0,-1693464.0,-1.2956908087776788,-1900743.0,-1.4542826035560907,-12967787.0,-19790290.0,-15.141802161749414,1012102.0,-24025839.0,-18.382474481578765,-242685.24242424243,-242685.24242424243,99.0,99.0,https://www.sec.gov/Archives/edgar/data/931059/000149315218005716/form10-k.htm,https://www.sec.gov/Archives/edgar/data/931059/000149315218005716/form10-k.htm,1620597355,17:55:55,20210509
11,2017-09-30,RNVA,USD,2017-11-20 00:00:00,2017-11-20 16:17:12,Q3,1414211.0,309347.0,1104864.0,0.781258242228352,0.0,5169478.0,170028.0,40455.0,5791103.0,6100450.0,5331681.0,451597.0,-4234642.0,-2.994349499473558,-4686239.0,-3.313677379118109,-436794.0,-10454714.0,-7.392612559229139,372.0,-10825237.0,-7.654612359824665,-13105517.0,-13105517.0,1.0,1.0,https://www.sec.gov/Archives/edgar/data/931059/000149315217013618/0001493152-17-013618-index.html,https://www.sec.gov/Archives/edgar/data/931059/000149315217013618/form10-q.htm,1620597355,17:55:55,20210509
12,2017-06-30,RNVA,USD,2017-08-14 00:00:00,2017-08-14 15:45:42,Q2,898730.0,248750.0,649980.0,0.723220544546193,0.0,3660458.0,197727.0,50757.0,4330139.0,4578889.0,6135982.0,463500.0,-3216659.0,-3.5791160860325126,-3680159.0,-4.094843835189656,-526495.0,-10342636.0,-11.508056924771623,0.0,-10678209.0,-11.881442702480166,-10574.947125,-10574.947125,1012.0,1012.0,https://www.sec.gov/Archives/edgar/data/931059/000149315217009198/0001493152-17-009198-index.html,https://www.sec.gov/Archives/edgar/data/931059/000149315217009198/form10-q.htm,1620597355,17:55:55,20210509
13,2017-05-23,RNVA,USD,2017-08-14 00:00:00,2017-08-14 15:45:42,Q1,0.0,0.0,0.0,0.0,0.0,0.0,0.0,0.0,0.0,0.0,0.0,0.0,0.0,0.0,0.0,0.0,0.0,0.0,0.0,0.0,0.0,0.0,0.0,0.0,1012.0,1012.0,https://www.sec.gov/Archives/edgar/data/931059/000149315217009198/0001493152-17-009198-index.html,https://www.sec.gov/Archives/edgar/data/931059/000149315217009198/form10-q.htm,1620597355,17:55:55,20210509
14,2017-03-31,RNVA,USD,2017-04-11 00:00:00,2017-04-10 20:51:39,Q1,1176113.0,292304.0,883809.0,0.7514660581083621,0.0,4224239.0,314866.0,-2911.0,5512247.0,5804551.0,45647649.0,592945.0,-4035493.0,-3.431211966877332,-4628438.0,-3.9353684552419708,574630.0,-49701457.0,-42.259083098307734,3250.0,-49704707.0,-42.2618464382249,-37541.319486,-37541.319486,1324.0,1324.0,https://www.sec.gov/Archives/edgar/data/931059/000168316817000881/0001683168-17-000881-index.html,https://www.sec.gov/Archives/edgar/data/931059/000168316817000881/rennova_10k-123116.htm,1620597355,17:55:55,20210509
15,2016-12-31,RNVA,USD,2017-04-11,2017-04-10 20:51:39,Q4,22582.0,404907.0,-382325.0,-16.930519883092728,0.0,4802546.0,422551.0,0.0,6578528.0,6983435.0,1614551.0,915670.0,-6045183.0,-267.69918519174564,-6960853.0,-308.24785227172083,-2657770.0,-11233174.0,-497.4392879284386,-735028.0,-10498146.0,-464.89000088566115,-7929.1132930513595,-7929.1132930513595,1324.0,1324.0,https://www.sec.gov/Archives/edgar/data/931059/000168316817000881/rennova_10k-123116.htm,https://www.sec.gov/Archives/edgar/data/931059/000168316817000881/rennova_10k-123116.htm,1620597355,17:55:55,20210509
16,2016-09-30,RNVA,USD,2016-11-14 00:00:00,2016-11-14 17:26:47,Q3,290004.0,336023.0,-46019.0,-0.15868401815147376,546525.0,7044462.0,570788.0,0.0,8864050.0,9200073.0,1646712.0,702275.0,-8207794.0,-28.302347553826845,-8910069.0,-30.72395208341954,-1452658.0,-12009439.0,-41.4112874305182,0.0,-12009439.0,-41.4112874305182,-130.500653,-130.500653,91807.0,91807.0,https://www.sec.gov/Archives/edgar/data/931059/000168316816000647/0001683168-16-000647-index.html,https://www.sec.gov/Archives/edgar/data/931059/000168316816000647/rennova_10q-093016.htm,1620597355,17:55:55,20210509
17,2016-06-30,RNVA,USD,2016-08-16,2016-08-16 11:11:35,Q2,3053712.0,390103.0,2663609.0,0.8722528516114159,567409.0,5894327.0,590271.0,0.0,7753794.0,8143897.0,2047328.0,701687.0,-4388498.0,-1.4371027785200439,-5090185.0,-1.6668844344194869,1275422.0,-5862091.0,-1.9196607276652153,0.0,-5862091.0,-1.9196607276652153,-180.0009,-180.0009,32837.0,32837.0,https://www.sec.gov/Archives/edgar/data/931059/000101968716007280/rennova_10q-063016.htm,https://www.sec.gov/Archives/edgar/data/931059/000101968716007280/rennova_10q-063016.htm,1620597355,17:55:55,20210509
18,2016-03-31,RNVA,USD,2016-04-19 00:00:00,2016-04-18 21:57:18,Q1,1878813.0,564200.0,1314613.0,0.6997040152479251,0.0,6476814.0,873440.0,0.0,8078809.0,8643009.0,1013413.0,727270.0,-6036926.0,-3.2131595853339316,-6764196.0,-3.6002497321447104,3533598.0,-4244011.0,-2.2588788772485606,0.0,-4244011.0,-2.2588788772485606,-130.500653,-130.500653,32925.0,32925.0,https://www.sec.gov/Archives/edgar/data/931059/000101968716005919/0001019687-16-005919-index.html,https://www.sec.gov/Archives/edgar/data/931059/000101968716005919/rennova_10k-123115.htm,1620597355,17:55:55,20210509
19,2015-12-31,RNVA,USD,2016-04-19,2016-04-18 21:57:18,Q4,18170000.0,9290000.0,8880000.0,0.4887176664832141,-680000.0,26215198.0,3594802.0,31678050.0,51750000.0,61040000.0,2689811.0,2730000.0,-40140000.0,-2.209135938359934,-42870000.0,-2.3593835993395706,10000.0,-42670000.0,-2.348376444689048,-9000000.0,-33660000.0,-1.8525041276829939,48328.05,48328.05,32925.0,32925.0,https://www.sec.gov/Archives/edgar/data/931059/000101968716005919/rennova_10k-123115.htm,https://www.sec.gov/Archives/edgar/data/931059/000101968716005919/rennova_10k-123115.htm,1620597355,17:55:55,20210509
20,2015-09-30,RNVA,USD,2015-10-27 00:00:00,2015-10-27 17:05:41,Q3,116000.0,26000.0,90000.0,0.7758620689655172,521000.0,474000.0,59000.0,0.0,1054000.0,1080000.0,0.0,54000.0,-910000.0,-7.844827586206897,-964000.0,-8.310344827586206,-3000.0,-967000.0,-8.336206896551724,-11000.0,-956000.0,-8.241379310344827,-405.002025,-405.002025,2330.0,2330.0,https://www.sec.gov/Archives/edgar/data/931059/000114036115038672/0001140361-15-038672-index.html,https://www.sec.gov/Archives/edgar/data/931059/000114036115038672/form10q.htm,1620597355,17:55:55,20210509
21,2015-06-30,RNVA,USD,2015-08-14 00:00:00,2015-08-14 15:30:28,Q2,108000.0,26000.0,82000.0,0.7592592592592593,570000.0,753000.0,110000.0,0.0,1433000.0,1459000.0,0.0,70000.0,-1281000.0,-11.86111111111111,-1351000.0,-12.50925925925926,-7000.0,-1358000.0,-12.574074074074074,-13000.0,-1345000.0,-12.453703703703704,-585.002925,-585.002925,2329.0,2329.0,https://www.sec.gov/Archives/edgar/data/931059/000114036115032163/0001140361-15-032163-index.html,https://www.sec.gov/Archives/edgar/data/931059/000114036115032163/form10q.htm,1620597355,17:55:55,20210509
22,2015-03-31,RNVA,USD,2015-06-26 00:00:00,2015-06-26 10:58:24,Q1,164000.0,18000.0,146000.0,0.8902439024390244,533000.0,959000.0,72000.0,0.0,1564000.0,1582000.0,0.0,64000.0,-1354000.0,-8.25609756097561,-1418000.0,-8.646341463414634,-603000.0,-2021000.0,-12.323170731707316,-245000.0,-1776000.0,-10.829268292682928,-762.5590382138257,-762.5590382138257,2329.0,2329.0,https://www.sec.gov/Archives/edgar/data/931059/000114036115025494/0001140361-15-025494-index.html,https://www.sec.gov/Archives/edgar/data/931059/000114036115025494/form10k.htm,1620597355,17:55:55,20210509
23,2014-12-31,RNVA,USD,2015-02-13,2015-02-13 06:12:09,Q4,94000.0,18000.0,76000.0,0.8085106382978723,476000.0,672000.0,68000.0,0.0,1216000.0,1234000.0,0.0,62000.0,-1078000.0,-11.46808510638298,-1140000.0,-12.127659574468085,-4000.0,-1144000.0,-12.170212765957446,-20000.0,-1124000.0,-11.957446808510639,-114.00114,-114.00114,651.0,651.0,https://www.sec.gov/Archives/edgar/data/931059/000114036115006128/form10q.htm,https://www.sec.gov/Archives/edgar/data/931059/000114036115006128/form10q.htm,1620597355,17:55:55,20210509
24,2014-09-30,RNVA,USD,2014-11-14 00:00:00,2014-11-14 07:32:02,Q3,176000.0,18000.0,158000.0,0.8977272727272727,571000.0,553000.0,73000.0,0.0,1197000.0,1215000.0,0.0,63000.0,-976000.0,-5.545454545454546,-1039000.0,-5.903409090909091,2000.0,-1037000.0,-5.892045454545454,-21000.0,-1016000.0,-5.7727272727272725,-105.00105,-105.00105,651.0,651.0,https://www.sec.gov/Archives/edgar/data/931059/000114036114041719/0001140361-14-041719-index.html,https://www.sec.gov/Archives/edgar/data/931059/000114036114041719/form10q.htm,1620597355,17:55:55,20210509
25,2014-06-30,RNVA,USD,2014-08-14 00:00:00,2014-08-14 17:05:38,Q2,64000.0,18000.0,46000.0,0.71875,50000.0,1186000.0,80000.0,0.0,1316000.0,1334000.0,0.0,61000.0,-1209000.0,-18.890625,-1270000.0,-19.84375,7000.0,-1263000.0,-19.734375,-15000.0,-1248000.0,-19.5,-183.00183,-183.00183,650.0,650.0,https://www.sec.gov/Archives/edgar/data/931059/000114036114032932/0001140361-14-032932-index.html,https://www.sec.gov/Archives/edgar/data/931059/000114036114032932/form10q.htm,1620597355,17:55:55,20210509
26,2014-03-31,RNVA,USD,2014-06-09 00:00:00,2014-06-06 21:39:51,Q1,81000.0,18000.0,63000.0,0.7777777777777778,50000.0,924000.0,75000.0,0.0,1049000.0,1067000.0,0.0,63000.0,-923000.0,-11.395061728395062,-986000.0,-12.17283950617284,7000.0,-979000.0,-12.08641975308642,-18000.0,-951000.0,-11.74074074074074,-1463.076923076923,-1463.076923076923,650.0,650.0,https://www.sec.gov/Archives/edgar/data/931059/000114036114024821/0001140361-14-024821-index.html,https://www.sec.gov/Archives/edgar/data/931059/000114036114024821/form10k.htm,1620597355,17:55:55,20210509
27,2013-12-31,RNVA,USD,2014-02-13,2014-02-13 14:04:07,Q4,56000.0,104000.0,-48000.0,-0.8571428571428571,21000.0,895000.0,57000.0,0.0,973000.0,1077000.0,0.0,60000.0,-961000.0,-17.160714285714285,-1021000.0,-18.232142857142858,7000.0,-1014000.0,-18.107142857142858,-20000.0,-1004000.0,-17.928571428571427,-153.00153,-153.00153,436.0,436.0,https://www.sec.gov/Archives/edgar/data/931059/000114036114006844/form10q.htm,https://www.sec.gov/Archives/edgar/data/931059/000114036114006844/form10q.htm,1620597355,17:55:55,20210509
28,2013-09-30,RNVA,USD,2013-11-14 00:00:00,2013-11-14 15:21:26,Q3,251000.0,18000.0,233000.0,0.9282868525896414,27000.0,1015000.0,63000.0,0.0,1105000.0,1123000.0,0.0,61000.0,-811000.0,-3.231075697211155,-872000.0,-3.4741035856573705,16000.0,-856000.0,-3.410358565737052,-20000.0,-563000.0,-2.243027888446215,-87.00087,-87.00087,433.0,433.0,https://www.sec.gov/Archives/edgar/data/931059/000114036113042710/0001140361-13-042710-index.html,https://www.sec.gov/Archives/edgar/data/931059/000114036113042710/form10q.htm,1620597355,17:55:55,20210509
29,2013-06-30,RNVA,USD,2013-08-14 00:00:00,2013-08-14 13:37:26,Q2,270000.0,18000.0,252000.0,0.9333333333333333,130000.0,772000.0,59000.0,0.0,961000.0,979000.0,0.0,59000.0,-650000.0,-2.4074074074074074,-709000.0,-2.6259259259259258,10000.0,-699000.0,-2.588888888888889,-20000.0,-797000.0,-2.9518518518518517,-123.00123,-123.00123,433.0,433.0,https://www.sec.gov/Archives/edgar/data/931059/000114036113032530/0001140361-13-032530-index.html,https://www.sec.gov/Archives/edgar/data/931059/000114036113032530/form10q.htm,1620597355,17:55:55,20210509
30,2013-03-31,RNVA,USD,2013-06-27 00:00:00,2013-06-27 13:53:54,Q1,275000.0,18000.0,257000.0,0.9345454545454546,-156000.0,1187000.0,73000.0,0.0,1104000.0,1122000.0,0.0,84000.0,-763000.0,-2.7745454545454544,-847000.0,-3.08,10000.0,-837000.0,-3.0436363636363635,-31000.0,-813000.0,-2.9563636363636365,-129.00129,-129.00129,433.0,433.0,https://www.sec.gov/Archives/edgar/data/931059/000114036113026490/0001140361-13-026490-index.html,https://www.sec.gov/Archives/edgar/data/931059/000114036113026490/form10k.htm,1620597355,17:55:55,20210509
31,2012-12-31,RNVA,USD,2013-02-13 00:00:00,2013-02-12 18:12:06,Q4,25000.0,18000.0,7000.0,0.28,285000.0,864000.0,127000.0,0.0,1276000.0,1294000.0,0.0,71000.0,-1198000.0,-47.92,-1269000.0,-50.76,9000.0,-1260000.0,-50.4,-52000.0,-1152000.0,-46.08,-183.00183,-183.00183,427.0,427.0,https://www.sec.gov/Archives/edgar/data/931059/000114036113006170/0001140361-13-006170-index.html,https://www.sec.gov/Archives/edgar/data/931059/000114036113006170/form10q.htm,1620597355,17:55:55,20210509
32,2012-09-30,RNVA,USD,2012-11-14 00:00:00,2012-11-14 13:54:10,Q3,75000.0,20000.0,55000.0,0.7333333333333333,328000.0,970000.0,49000.0,0.0,1347000.0,1367000.0,0.0,18000.0,-1274000.0,-16.986666666666668,-1292000.0,-17.226666666666667,11000.0,-1281000.0,-17.08,0.0,-1284000.0,-17.12,-204.00204,-204.00204,427.0,427.0,https://www.sec.gov/Archives/edgar/data/931059/000114036112047142/0001140361-12-047142-index.html,https://www.sec.gov/Archives/edgar/data/931059/000114036112047142/form10q.htm,1620597355,17:55:55,20210509
33,2012-06-30,RNVA,USD,2012-08-14 00:00:00,2012-08-14 16:58:42,Q2,25000.0,0.0,25000.0,1.0,0.0,712000.0,0.0,0.0,712000.0,712000.0,0.0,3000.0,-684000.0,-27.36,-687000.0,-27.48,9000.0,-678000.0,-27.12,0.0,-679000.0,-27.16,-120.0012,-120.0012,375.0,375.0,https://www.sec.gov/Archives/edgar/data/931059/000114036112037093/0001140361-12-037093-index.html,https://www.sec.gov/Archives/edgar/data/931059/000114036112037093/form10q.htm,1620597355,17:55:55,20210509
34,2012-03-31,RNVA,USD,2012-06-14,2012-06-14 16:42:29,Q1,25000.0,0.0,25000.0,1.0,0.0,742000.0,0.0,0.0,742000.0,742000.0,0.0,2000.0,-715000.0,-28.6,-717000.0,-28.68,-2523000.0,-2250000.0,-90.0,0.0,-2227000.0,-89.08,-5938.666666666667,-5938.666666666667,375.0,375.0,https://www.sec.gov/Archives/edgar/data/931059/000114036112030029/form10k.htm,https://www.sec.gov/Archives/edgar/data/931059/000114036112030029/form10k.htm,1620597355,17:55:55,20210509
35,2011-12-31,RNVA,USD,2012-02-15 00:00:00,2012-02-14 17:37:49,Q4,38000.0,0.0,38000.0,1.0,0.0,0.0,0.0,0.0,432000.0,432000.0,0.0,3000.0,-391000.0,-10.289473684210526,-394000.0,-10.368421052631579,189000.0,-583000.0,-15.342105263157896,0.0,2269000.0,59.71052631578947,405.00405,405.00405,375.0,375.0,https://www.sec.gov/Archives/edgar/data/931059/000114036112008387/0001140361-12-008387-index.html,https://www.sec.gov/Archives/edgar/data/931059/000114036112008387/form10q.htm,1620597355,17:55:55,20210509
36,2011-09-30,RNVA,USD,2011-11-10 00:00:00,2011-11-10 13:58:43,Q3,19000.0,0.0,19000.0,1.0,0.0,568000.0,0.0,0.0,568000.0,568000.0,0.0,-1000.0,-550000.0,-28.94736842105263,-549000.0,-28.894736842105264,168000.0,-717000.0,-37.73684210526316,0.0,-476000.0,-25.05263157894737,-84.00084,-84.00084,375.0,375.0,https://www.sec.gov/Archives/edgar/data/931059/000114036111052849/0001140361-11-052849-index.html,https://www.sec.gov/Archives/edgar/data/931059/000114036111052849/form10q.htm,1620597355,17:55:55,20210509
37,2011-06-30,RNVA,USD,2011-08-12 00:00:00,2011-08-12 15:16:41,Q2,19000.0,0.0,19000.0,1.0,0.0,873000.0,0.0,0.0,873000.0,873000.0,0.0,5000.0,-849000.0,-44.68421052631579,-854000.0,-44.94736842105263,138000.0,-992000.0,-52.21052631578947,0.0,-994000.0,-52.31578947368421,-177.00177,-177.00177,375.0,375.0,https://www.sec.gov/Archives/edgar/data/931059/000114036111041489/0001140361-11-041489-index.html,https://www.sec.gov/Archives/edgar/data/931059/000114036111041489/form10q.htm,1620597355,17:55:55,20210509
38,2011-03-31,RNVA,USD,2011-06-29 00:00:00,2011-06-29 16:52:31,Q1,-4831000.0,-2922000.0,-1909000.0,0.39515628234320016,0.0,-748000.0,0.0,0.0,-3000000.0,-6486000.0,0.0,76000.0,1731000.0,-0.35831090871455185,1655000.0,-0.3425791761540054,-1261000.0,710000.0,-0.1469675015524736,-7000.0,-704000.0,0.1457255226661147,-1877.3333333333333,-1877.3333333333333,375.0,375.0,https://www.sec.gov/Archives/edgar/data/931059/000114420411038233/0001144204-11-038233-index.html,https://www.sec.gov/Archives/edgar/data/931059/000114420411038233/v227337_10k.htm,1620597355,17:55:55,20210509
39,2010-12-31,RNVA,USD,2011-02-14,2011-02-14 14:05:23,Q4,1345000.0,420000.0,925000.0,0.6877323420074349,733000.0,554000.0,210000.0,0.0,1497000.0,1917000.0,0.0,344000.0,-228000.0,-0.16951672862453532,-572000.0,-0.42527881040892196,480000.0,-92000.0,-0.06840148698884758,0.0,-92000.0,-0.06840148698884758,-15.00015,-15.00015,375.0,375.0,https://www.sec.gov/Archives/edgar/data/931059/000114420411008225/v211193_10q.htm,https://www.sec.gov/Archives/edgar/data/931059/000114420411008225/v211193_10q.htm,1620597355,17:55:55,20210509
40,2010-09-30,RNVA,USD,2010-11-12 00:00:00,2010-11-12 15:34:34,Q3,3183000.0,1952000.0,1231000.0,0.3867420672321709,542000.0,927000.0,150000.0,0.0,1619000.0,3571000.0,0.0,34000.0,-354000.0,-0.1112158341187559,-388000.0,-0.1218975808985234,527000.0,139000.0,0.043669494187873074,5000.0,134000.0,0.042098649073201384,30.0003,30.0003,375.0,375.0,https://www.sec.gov/Archives/edgar/data/931059/000114420410059746/0001144204-10-059746-index.html,https://www.sec.gov/Archives/edgar/data/931059/000114420410059746/v202268_10q.htm,1620597355,17:55:55,20210509
41,2010-06-30,RNVA,USD,2010-08-16 00:00:00,2010-08-16 06:49:42,Q2,319000.0,550000.0,-231000.0,-0.7241379310344828,1023000.0,1150000.0,158000.0,0.0,2331000.0,2881000.0,0.0,175000.0,-2387000.0,-7.482758620689655,-2562000.0,-8.031347962382446,96000.0,-2466000.0,-7.730407523510972,2000.0,-2468000.0,-7.736677115987461,-435.00435,-435.00435,375.0,375.0,https://www.sec.gov/Archives/edgar/data/931059/000114420410043967/0001144204-10-043967-index.html,https://www.sec.gov/Archives/edgar/data/931059/000114420410043967/v193820_10q.htm,1620597355,17:55:55,20210509
42,2010-03-31,RNVA,USD,2010-06-14 00:00:00,2010-06-14 07:39:00,Q1,3126000.0,1875000.0,1251000.0,0.4001919385796545,3787000.0,1311000.0,530000.0,0.0,5628000.0,7503000.0,0.0,3141000.0,-1236000.0,-0.39539347408829173,-4377000.0,-1.4001919385796544,-967000.0,-5344000.0,-1.709532949456174,50000.0,-5394000.0,-1.7255278310940498,-0.00063899761957394,-0.00063899761957394,8441346000.0,8441346000.0,https://www.sec.gov/Archives/edgar/data/931059/000114420410033227/0001144204-10-033227-index.html,https://www.sec.gov/Archives/edgar/data/931059/000114420410033227/v188142_10k.htm,1620597355,17:55:55,20210509
43,2010-02-12,RNVA,USD,2010-02-16 00:00:00,2010-02-12 19:46:32,Q1,872000.0,479000.0,393000.0,0.4506880733944954,-908000.0,-181000.0,-835000.0,-715000.0,-2759000.0,-3238000.0,0.0,458000.0,-3975000.0,-4.55848623853211,-4433000.0,-5.083715596330276,-715000.0,-4433000.0,-5.083715596330276,50000.0,-4483000.0,-5.14105504587156,-0.00053,-0.00053,8441346000.0,8441346000.0,https://www.sec.gov/Archives/edgar/data/931059/000093105910000003/0000931059-10-000003-index.html,https://www.sec.gov/Archives/edgar/data/931059/000093105910000003/fy2010_10q-q3.htm,1620597355,17:55:55,20210509
44,2009-12-31,RNVA,USD,2010-02-16 00:00:00,2010-02-12 19:46:32,Q4,5072000.0,10608000.0,-5536000.0,-1.0914826498422714,1503000.0,957000.0,539000.0,0.0,2999000.0,13607000.0,0.0,458000.0,-8077000.0,-1.5924684542586751,-8535000.0,-1.6827681388012619,-244000.0,-8779000.0,-1.7308753943217665,0.0,-8779000.0,-1.7308753943217665,-1560.0156,-1560.0156,375.0,375.0,https://www.sec.gov/Archives/edgar/data/931059/000093105910000003/0000931059-10-000003-index.html,https://www.sec.gov/Archives/edgar/data/931059/000093105910000003/fy2010_10q-q3.htm,1620597355,17:55:55,20210509
45,2009-11-12,RNVA,USD,2009-11-13 00:00:00,2009-11-13 13:43:23,Q2,3117000.0,2269000.0,848000.0,0.2720564645492461,1170000.0,143000.0,670000.0,117000.0,2653000.0,4922000.0,0.0,311000.0,-1377000.0,-0.44177093358999037,-1688000.0,-0.5415463586782162,117000.0,-1688000.0,-0.5415463586782162,-50000.0,-1638000.0,-0.5255052935514918,-0.00019,-0.00019,8415000000.0,8415000000.0,https://www.sec.gov/Archives/edgar/data/931059/000093105909000028/0000931059-09-000028-index.html,https://www.sec.gov/Archives/edgar/data/931059/000093105909000028/fy10_10q-q2.htm,1620597355,17:55:55,20210509
46,2009-09-30,RNVA,USD,2009-11-13 00:00:00,2009-11-13 13:43:23,Q3,3117000.0,2269000.0,848000.0,0.2720564645492461,1170000.0,810000.0,670000.0,0.0,2650000.0,4919000.0,0.0,311000.0,-1491000.0,-0.47834456207892206,-1802000.0,-0.5781199871671479,114000.0,-1688000.0,-0.5415463586782162,1000.0,-1689000.0,-0.5418671799807507,-300.003,-300.003,374.0,374.0,https://www.sec.gov/Archives/edgar/data/931059/000093105909000028/0000931059-09-000028-index.html,https://www.sec.gov/Archives/edgar/data/931059/000093105909000028/fy10_10q-q2.htm,1620597355,17:55:55,20210509
47,2009-08-13,RNVA,USD,2009-08-14 00:00:00,2009-08-14 12:15:23,Q1,1083000.0,990000.0,93000.0,0.08587257617728532,1241000.0,456000.0,704000.0,354000.0,3105000.0,4095000.0,0.0,306000.0,-2352000.0,-2.1717451523545708,-2658000.0,-2.4542936288088644,354000.0,-2658000.0,-2.4542936288088644,0.0,-2658000.0,-2.4542936288088644,-0.00031,-0.00031,8574193000.0,8574193000.0,https://www.sec.gov/Archives/edgar/data/931059/000093105909000024/0000931059-09-000024-index.html,https://www.sec.gov/Archives/edgar/data/931059/000093105909000024/fy2010_q1-10q.htm,1620597355,17:55:55,20210509
48,2009-06-30,RNVA,USD,2009-08-14 00:00:00,2009-08-14 12:15:23,Q2,1083000.0,990000.0,93000.0,0.08587257617728532,1241000.0,1160000.0,704000.0,0.0,3105000.0,4095000.0,0.0,306000.0,-2706000.0,-2.4986149584487536,-3012000.0,-2.781163434903047,354000.0,-2658000.0,-2.4542936288088644,-51000.0,-2607000.0,-2.407202216066482,-465.00465,-465.00465,374.0,374.0,https://www.sec.gov/Archives/edgar/data/931059/000093105909000024/0000931059-09-000024-index.html,https://www.sec.gov/Archives/edgar/data/931059/000093105909000024/fy2010_q1-10q.htm,1620597355,17:55:55,20210509
49,2009-06-26,RNVA,USD,2009-08-14 00:00:00,2009-08-14 12:15:23,Q4,8594000.0,4759000.0,3835000.0,0.446241563881778,4068000.0,1494000.0,2400000.0,-10000.0,10362000.0,15121000.0,0.0,314000.0,-6213000.0,-0.7229462415638818,-6527000.0,-0.7594833604840586,-10000.0,-6537000.0,-0.7606469629974401,0.0,-6537000.0,-0.7606469629974401,-0.00091,-0.00091,7184210000.0,7184210000.0,https://www.sec.gov/Archives/edgar/data/931059/000093105909000024/0000931059-09-000024-index.html,https://www.sec.gov/Archives/edgar/data/931059/000093105909000024/fy2010_q1-10q.htm,1620597355,17:55:55,20210509
50,2009-03-31,RNVA,USD,2009-06-26 00:00:00,2009-06-26 17:14:29,Q1,1855000.0,1368000.0,487000.0,0.262533692722372,1787000.0,0.0,0.0,0.0,3598000.0,4966000.0,0.0,314000.0,-2797000.0,-1.5078167115902965,-3111000.0,-1.677088948787062,-136000.0,-3247000.0,-1.7504043126684636,0.0,-3247000.0,-1.7504043126684636,-0.000451963403074242,-0.000451963403074242,7184210000.0,7184210000.0,https://www.sec.gov/Archives/edgar/data/931059/000093105909000017/0000931059-09-000017-index.html,https://www.sec.gov/Archives/edgar/data/931059/000093105909000017/fy2009_10k.htm,1620597355,17:55:55,20210509
51,2009-02-12,RNVA,USD,2009-02-13 00:00:00,2009-02-13 16:03:45,Q1,4476000.0,3113000.0,1363000.0,0.3045129579982127,1142000.0,124000.0,756000.0,50000.0,2778000.0,5891000.0,0.0,314000.0,-1101000.0,-0.24597855227882037,-1415000.0,-0.31613047363717606,50000.0,-1365000.0,-0.3049597855227882,0.0,-1365000.0,-0.3049597855227882,-0.00019,-0.00019,7184210000.0,7184210000.0,https://www.sec.gov/Archives/edgar/data/931059/000093105909000006/0000931059-09-000006-index.html,https://www.sec.gov/Archives/edgar/data/931059/000093105909000006/fy2009_10q-q3.htm,1620597355,17:55:55,20210509
52,2008-12-31,RNVA,USD,2009-02-13 00:00:00,2009-02-13 16:03:45,Q4,4476000.0,3113000.0,1363000.0,0.3045129579982127,1142000.0,0.0,0.0,0.0,2778000.0,5891000.0,0.0,314000.0,-1101000.0,-0.24597855227882037,-1415000.0,-0.31613047363717606,50000.0,-1365000.0,-0.3049597855227882,0.0,-1365000.0,-0.3049597855227882,-285.00285,-285.00285,373.0,373.0,https://www.sec.gov/Archives/edgar/data/931059/000093105909000006/0000931059-09-000006-index.html,https://www.sec.gov/Archives/edgar/data/931059/000093105909000006/fy2009_10q-q3.htm,1620597355,17:55:55,20210509
53,2008-11-12,RNVA,USD,2008-11-14 00:00:00,2008-11-14 15:55:38,Q2,2010000.0,989000.0,1021000.0,0.5079601990049751,1144000.0,632000.0,839000.0,-65000.0,3454000.0,4443000.0,0.0,189000.0,-2244000.0,-1.1164179104477612,-2433000.0,-1.2104477611940299,-65000.0,-2498000.0,-1.2427860696517412,0.0,-2498000.0,-1.2427860696517412,-0.00034,-0.00034,7338000000.0,7338000000.0,https://www.sec.gov/Archives/edgar/data/931059/000093105908000061/0000931059-08-000061-index.html,https://www.sec.gov/Archives/edgar/data/931059/000093105908000061/fy2009_10q2.htm,1620597355,17:55:55,20210509
54,2008-09-30,RNVA,USD,2008-11-14 00:00:00,2008-11-14 15:55:38,Q3,2010000.0,989000.0,1021000.0,0.5079601990049751,1145000.0,0.0,0.0,0.0,3455000.0,4444000.0,0.0,189000.0,-2245000.0,-1.1169154228855722,-2434000.0,-1.210945273631841,-65000.0,-2499000.0,-1.2432835820895523,0.0,-2499000.0,-1.2432835820895523,-510.0051,-510.0051,369.0,369.0,https://www.sec.gov/Archives/edgar/data/931059/000093105908000061/0000931059-08-000061-index.html,https://www.sec.gov/Archives/edgar/data/931059/000093105908000061/fy2009_10q2.htm,1620597355,17:55:55,20210509
55,2008-08-14,RNVA,USD,2008-11-14 00:00:00,2008-11-14 15:55:38,Q1,4729000.0,2402000.0,2327000.0,0.49207020511736094,1136000.0,487000.0,843000.0,190000.0,3309000.0,5711000.0,0.0,185000.0,-797000.0,-0.1685345739056883,-982000.0,-0.20765489532670756,190000.0,-792000.0,-0.16747726792133644,0.0,-792000.0,-0.16747726792133644,-0.00011,-0.00011,7177000000.0,7177000000.0,https://www.sec.gov/Archives/edgar/data/931059/000093105908000061/0000931059-08-000061-index.html,https://www.sec.gov/Archives/edgar/data/931059/000093105908000061/fy2009_10q2.htm,1620597355,17:55:55,20210509
56,2008-06-30,RNVA,USD,2008-08-14 00:00:00,2008-08-14 16:03:18,Q2,4729000.0,2402000.0,2327000.0,0.49207020511736094,1136000.0,0.0,0.0,0.0,3309000.0,5711000.0,0.0,185000.0,-797000.0,-0.1685345739056883,-982000.0,-0.20765489532670756,190000.0,-792000.0,-0.16747726792133644,0.0,-792000.0,-0.16747726792133644,-165.00165,-165.00165,322.0,322.0,https://www.sec.gov/Archives/edgar/data/931059/000093105908000033/0000931059-08-000033-index.html,https://www.sec.gov/Archives/edgar/data/931059/000093105908000033/form10q_q1-fy2009.htm,1620597355,17:55:55,20210509
57,2008-06-27,RNVA,USD,2008-08-14 00:00:00,2008-08-14 16:03:18,Q4,7382000.0,3649000.0,3733000.0,0.5056895150365754,1060000.0,7000.0,955000.0,14964000.0,2977000.0,6626000.0,0.0,168000.0,924000.0,0.12516933080465997,756000.0,0.10241127065835817,14964000.0,15720000.0,2.1295041994039554,504000.0,15216000.0,2.06123001896505,0.0021254365134795363,0.00208781558726674,7159000000.0,7288000000.0,https://www.sec.gov/Archives/edgar/data/931059/000093105908000033/0000931059-08-000033-index.html,https://www.sec.gov/Archives/edgar/data/931059/000093105908000033/form10q_q1-fy2009.htm,1620597355,17:55:55,20210509
58,2008-03-31,RNVA,USD,2008-06-27 00:00:00,2008-06-27 17:13:56,Q1,7382000.0,3649000.0,3733000.0,0.5056895150365754,1060000.0,0.0,0.0,0.0,2977000.0,6626000.0,0.0,168000.0,924000.0,0.12516933080465997,756000.0,0.10241127065835817,14964000.0,0.0,0.0,0.0,15216000.0,2.06123001896505,0.0021254365134795363,0.0021254365134795363,7159000000.0,7159000000.0,https://www.sec.gov/Archives/edgar/data/931059/000093105908000020/0000931059-08-000020-index.html,https://www.sec.gov/Archives/edgar/data/931059/000093105908000020/fy0810k.htm,1620597355,17:55:55,20210509
59,2007-12-31,RNVA,USD,2008-02-14,2008-02-14 16:54:30,Q4,10145000.0,5725000.0,4420000.0,0.4356826022671267,810000.0,0.0,0.0,0.0,2671000.0,8396000.0,0.0,172000.0,1921000.0,0.1893543617545589,1749000.0,0.172400197141449,1085000.0,0.0,0.0,0.0,2834000.0,0.27934943321833416,600.006,585.00585,320.0,320.0,https://www.sec.gov/Archives/edgar/data/931059/000093105908000008/fy200810q_12-312008.htm,https://www.sec.gov/Archives/edgar/data/931059/000093105908000008/fy200810q_12-312008.htm,1620597355,17:55:55,20210509
60,2007-09-30,RNVA,USD,2007-11-14 00:00:00,2007-11-14 14:35:05,Q3,10800000.0,6560000.0,4240000.0,0.3925925925925926,1057000.0,0.0,0.0,0.0,3784000.0,10344000.0,0.0,179000.0,635000.0,0.0587962962962963,456000.0,0.042222222222222223,237000.0,0.0,0.0,0.0,693000.0,0.06416666666666666,150.0015,150.0015,316.0,316.0,https://www.sec.gov/Archives/edgar/data/931059/000114420407061224/0001144204-07-061224-index.html,https://www.sec.gov/Archives/edgar/data/931059/000114420407061224/v094141_10q.htm,1620597355,17:55:55,20210509
61,2007-08-14,RNVA,USD,2007-11-14 00:00:00,2007-11-14 14:35:05,Q1,4598000.0,2977000.0,1621000.0,0.3525445846020009,778000.0,197000.0,1006000.0,728000.0,2987000.0,5964000.0,0.0,215000.0,-423000.0,-0.0919965202261853,-638000.0,-0.13875598086124402,728000.0,-638000.0,-0.13875598086124402,0.0,-638000.0,-0.13875598086124402,-9e-05,-9e-05,7110000000.0,7110000000.0,https://www.sec.gov/Archives/edgar/data/931059/000114420407061224/0001144204-07-061224-index.html,https://www.sec.gov/Archives/edgar/data/931059/000114420407061224/v094141_10q.htm,1620597355,17:55:55,20210509
62,2007-06-30,RNVA,USD,2007-08-14 00:00:00,2007-08-14 16:48:21,Q2,4598000.0,2977000.0,1621000.0,0.3525445846020009,778000.0,0.0,0.0,0.0,2987000.0,5964000.0,0.0,215000.0,-1151000.0,-0.25032622879512834,-1366000.0,-0.29708568943018704,728000.0,0.0,0.0,0.0,-638000.0,-0.13875598086124402,-135.00135,-135.00135,316.0,316.0,https://www.sec.gov/Archives/edgar/data/931059/000093105907000025/0000931059-07-000025-index.html,https://www.sec.gov/Archives/edgar/data/931059/000093105907000025/fy2008_q1-10q.htm,1620597355,17:55:55,20210509
63,2007-03-31,RNVA,USD,2007-06-29 00:00:00,2007-06-29 16:53:59,Q1,6197000.0,4242000.0,1955000.0,0.3154752299499758,1507000.0,0.0,0.0,0.0,3956000.0,8198000.0,0.0,201000.0,-1800000.0,-0.29046312731967083,-2001000.0,-0.32289817653703407,-647000.0,0.0,0.0,0.0,-2005000.0,-0.3235436501533,-0.00028151836826618244,-0.00028151836826618244,7122093000.0,7122093000.0,https://www.sec.gov/Archives/edgar/data/931059/000093105907000012/0000931059-07-000012-index.html,https://www.sec.gov/Archives/edgar/data/931059/000093105907000012/form10kq4final2.htm,1620597355,17:55:55,20210509
64,2007-02-13,RNVA,USD,2007-02-14,2007-02-14 16:30:52,Q3,4377000.0,5703000.0,-1326000.0,-0.3029472241261138,1077000.0,2114000.0,949000.0,0.0,5089000.0,10792000.0,0.0,191000.0,481000.0,0.10989262051633539,290000.0,0.06625542609092987,0.0,-6125000.0,-1.3993602924377428,0.0,-6125000.0,-1.3993602924377428,-0.00086,-0.00086,7122093000.0,7122093000.0,https://www.sec.gov/Archives/edgar/data/931059/000093105907000003/0000931059-07-000003-index.htm,https://www.sec.gov/Archives/edgar/data/931059/000093105907000003/form10-q.htm,1620597355,17:55:55,20210509
65,2006-12-31,RNVA,USD,2006-12-31,2006-12-31,Q4,4377000.0,5703000.0,-1326000.0,-0.3029472241261138,1077000.0,0.0,0.0,0.0,5089000.0,10792000.0,0.0,191000.0,-6224000.0,-1.421978524103267,-6415000.0,-1.4656157185286727,290000.0,0.0,0.0,0.0,-6125000.0,-1.3993602924377428,-1290.0129,-1297.39462,315.0,315.0,,,1620597355,17:55:55,20210509
66,2006-09-30,RNVA,USD,2006-11-14,2006-11-14 17:09:25,Q3,5113000.0,2713000.0,2400000.0,0.4693917465284569,1066000.0,0.0,0.0,0.0,5515000.0,8228000.0,0.0,216000.0,-2899000.0,-0.5669861138274985,-3115000.0,-0.6092313710150596,-166000.0,0.0,0.0,0.0,-3281000.0,-0.6416976334832779,-705.00705,-705.00705,313.0,313.0,https://www.sec.gov/Archives/edgar/data/931059/000114420406047642/v057658_10q.htm,https://www.sec.gov/Archives/edgar/data/931059/000114420406047642/v057658_10q.htm,1620597355,17:55:55,20210509
67,2006-06-30,RNVA,USD,2006-08-14,2006-08-14 16:39:31,Q2,6576000.0,4078000.0,2498000.0,0.3798661800486618,996000.0,0.0,0.0,0.0,4342000.0,8420000.0,0.0,232000.0,-1612000.0,-0.2451338199513382,-1844000.0,-0.28041362530413627,42000.0,0.0,0.0,0.0,-1802000.0,-0.27402676399026765,-390.0039,-390.0039,312.0,312.0,https://www.sec.gov/Archives/edgar/data/931059/000114420406033337/v049941_10q.htm,https://www.sec.gov/Archives/edgar/data/931059/000114420406033337/v049941_10q.htm,1620597355,17:55:55,20210509
68,2006-03-31,RNVA,USD,2006-06-13,2006-06-13 17:15:07,Q1,6053000.0,4836000.0,1217000.0,0.20105732694531636,1327000.0,0.0,0.0,0.0,3568000.0,8404000.0,0.0,243000.0,-2108000.0,-0.34825706261358,-2351000.0,-0.38840244506856103,-260000.0,0.0,0.0,0.0,-1788000.0,-0.29539071534776146,-5730.7692307692305,-5730.7692307692305,312.0,312.0,https://www.sec.gov/Archives/edgar/data/931059/000114420406024650/v045339_10k.htm,https://www.sec.gov/Archives/edgar/data/931059/000114420406024650/v045339_10k.htm,1620597355,17:55:55,20210509
69,2005-12-31,RNVA,USD,2006-02-10,2006-02-10 15:31:57,Q4,6246000.0,4565000.0,1681000.0,0.26913224463656743,1039000.0,0.0,0.0,0.0,2861000.0,7426000.0,0.0,272000.0,-908000.0,-0.14537303874479668,-1180000.0,-0.18892090938200448,-724000.0,0.0,0.0,0.0,-1904000.0,-0.3048350944604547,-360.147659,-408.496031,310.0,310.0,https://www.sec.gov/Archives/edgar/data/931059/000093105906000002/fy06-qtr3_10q.htm,https://www.sec.gov/Archives/edgar/data/931059/000093105906000002/fy06-qtr3_10q.htm,1620597355,17:55:55,20210509
70,2005-09-30,RNVA,USD,2005-11-14,2005-11-14 12:58:54,Q3,6406000.0,3963000.0,2443000.0,0.38136122385263815,1211000.0,0.0,0.0,0.0,5366000.0,9329000.0,0.0,339000.0,-2584000.0,-0.4033718389010303,-2923000.0,-0.4562909772088667,242000.0,0.0,0.0,0.0,-2681000.0,-0.41851389322510146,-720.295318,-769.738731,310.0,310.0,https://www.sec.gov/Archives/edgar/data/931059/000093105905000115/fy06-qtr2_10q.htm,https://www.sec.gov/Archives/edgar/data/931059/000093105905000115/fy06-qtr2_10q.htm,1620597355,17:55:55,20210509
71,2005-06-30,RNVA,USD,2005-08-12,2005-08-12 14:52:13,Q2,3052000.0,2377000.0,675000.0,0.22116644823066842,1176000.0,0.0,0.0,0.0,3060000.0,5437000.0,0.0,339000.0,-2046000.0,-0.6703800786369594,-2385000.0,-0.7814547837483617,-122000.0,0.0,0.0,0.0,-2507000.0,-0.8214285714285714,-900.369148,-900.369148,196.0,196.0,https://www.sec.gov/Archives/edgar/data/931059/000093105905000066/fy06-qtr1_10q.htm,https://www.sec.gov/Archives/edgar/data/931059/000093105905000066/fy06-qtr1_10q.htm,1620597355,17:55:55,20210509
72,2005-03-31,RNVA,USD,2005-06-29,2005-06-29 15:46:19,Q1,3556000.0,3516000.0,40000.0,0.01124859392575928,1529000.0,0.0,0.0,0.0,3892000.0,7408000.0,-1000.0,371000.0,-3481000.0,-0.9789088863892014,-3852000.0,-1.0832395950506186,2000.0,0.0,0.0,0.0,-3849000.0,-1.0823959505061866,-19637.755102040817,-19637.755102040817,196.0,196.0,https://www.sec.gov/Archives/edgar/data/931059/000093105905000038/form10k_fy05u.htm,https://www.sec.gov/Archives/edgar/data/931059/000093105905000038/form10k_fy05u.htm,1620597355,17:55:55,20210509
73,2004-12-31,RNVA,USD,2005-02-14,2005-02-14,Q4,2903000.0,2377000.0,526000.0,0.18119187047881502,1578000.0,0.0,0.0,0.0,3460000.0,5837000.0,2000.0,-1650000.0,-4584000.0,-1.5790561488115742,-2934000.0,-1.0106786083362038,248000.0,0.0,0.0,0.0,-2688000.0,-0.925938684119876,-1080.442977,-1080.442977,189.0,189.0,https://www.sec.gov/Archives/edgar/data/931059/000093105905000003/0000931059-05-000003-index.htm,https://www.sec.gov/Archives/edgar/data/931059/000093105905000003/fy05_10q-qtr3.htm,1620597355,17:55:55,20210509
74,2004-09-30,RNVA,USD,2004-09-30,2004-09-30,Q3,4988000.0,3087000.0,1901000.0,0.3811146752205293,1539000.0,0.0,0.0,0.0,4407000.0,7494000.0,0.0,2393000.0,-113000.0,-0.022654370489174017,-2506000.0,-0.5024057738572574,5000.0,0.0,0.0,0.0,-2501000.0,-0.5014033680834001,-900.369148,-983.484074,172.0,172.0,,,1620597355,17:55:55,20210509
75,2004-06-30,RNVA,USD,2004-06-30,2004-06-30,Q2,3441000.0,2641000.0,800000.0,0.23249055507120023,1126000.0,0.0,0.0,0.0,3377000.0,6018000.0,2066000.0,338000.0,-2239000.0,-0.6506829410055216,-2577000.0,-0.7489102005231038,-1682000.0,0.0,0.0,0.0,-6325000.0,-1.8381284510316769,-2701.107443,-2725.118483,163.0,163.0,,,1620597355,17:55:55,20210509
76,2004-03-31,RNVA,USD,2004-06-29,2004-06-29,Q1,6157000.0,3484000.0,2673000.0,0.43414000324833524,3017000.0,0.0,0.0,0.0,4813000.0,8297000.0,3113000.0,351000.0,-1789000.0,-0.29056358616209194,-2140000.0,-0.3475718694169238,2235000.0,0.0,0.0,0.0,-3018000.0,-0.49017378593470845,-18515.337423312885,-18515.337423312885,163.0,163.0,https://www.sec.gov/Archives/edgar/data/931059/000114420404009198/0001144204-04-009198-index.htm,https://www.sec.gov/Archives/edgar/data/931059/000114420404009198/v04213.txt,1620597355,17:55:55,20210509
77,2003-12-31,RNVA,USD,2003-12-31,2003-12-31,Q4,3276000.0,3331000.0,-55000.0,-0.016788766788766788,951000.0,0.0,0.0,0.0,2355000.0,5686000.0,2055000.0,322000.0,-2088000.0,-0.6373626373626373,-2410000.0,-0.7356532356532357,-2196000.0,0.0,0.0,0.0,-6661000.0,-2.033272283272283,-5222.141057,-5222.141057,134.0,134.0,,,1620597355,17:55:55,20210509
78,2003-09-30,RNVA,USD,2003-09-30,2003-09-30,Q3,3210000.0,2218000.0,992000.0,0.3090342679127726,836000.0,0.0,0.0,0.0,2308000.0,4526000.0,0.0,327000.0,-989000.0,-0.30809968847352026,-1316000.0,-0.40996884735202493,-354000.0,0.0,0.0,0.0,-1670000.0,-0.5202492211838006,-26935.483870967742,-26935.483870967742,62.0,62.0,,,1620597355,17:55:55,20210509
79,2003-06-30,RNVA,USD,2003-06-30,2003-06-30,Q2,3885000.0,2848000.0,1037000.0,0.26692406692406695,703000.0,0.0,0.0,0.0,2351000.0,5199000.0,0.0,338000.0,-976000.0,-0.25122265122265125,-1314000.0,-0.3382239382239382,60000.0,0.0,0.0,0.0,-1254000.0,-0.3227799227799228,-21254.237288135595,-21254.237288135595,59.0,59.0,,,1620597355,17:55:55,20210509
80,2003-03-31,RNVA,USD,2003-06-27,2003-06-27 17:26:21,Q1,4002000.0,2727000.0,1275000.0,0.31859070464767614,1418000.0,0.0,0.0,0.0,3118000.0,5845000.0,0.0,300000.0,-1543000.0,-0.38555722138930537,-1843000.0,-0.460519740129935,148000.0,0.0,0.0,0.0,-1695000.0,-0.4235382308845577,-28728.813559322032,-28728.813559322032,59.0,59.0,https://www.sec.gov/Archives/edgar/data/931059/000114420403003400/k10.htm,https://www.sec.gov/Archives/edgar/data/931059/000114420403003400/k10.htm,1620597355,17:55:55,20210509
81,2002-12-31,RNVA,USD,2003-02-13,2003-02-13 15:51:21,Q4,3701000.0,3613000.0,88000.0,0.023777357470953796,1102000.0,0.0,0.0,0.0,3409000.0,7022000.0,0.0,336000.0,-2985000.0,-0.8065387733045123,-3321000.0,-0.8973250472845177,59000.0,0.0,0.0,0.0,-3262000.0,-0.8813834098892191,-55288.13559322034,-55288.13559322034,59.0,59.0,https://www.sec.gov/Archives/edgar/data/931059/000095014903000298/f87626e10vq.htm,https://www.sec.gov/Archives/edgar/data/931059/000095014903000298/f87626e10vq.htm,1620597355,17:55:55,20210509
82,2002-09-30,RNVA,USD,2002-11-14,2002-11-14 13:16:56,Q3,2675000.0,4307000.0,-1632000.0,-0.6100934579439252,1021000.0,2015000.0,0.0,0.0,3036000.0,7343000.0,0.0,227000.0,-4441000.0,-1.6601869158878504,-4668000.0,-1.7450467289719627,-154000.0,0.0,0.0,0.0,-4822000.0,-1.8026168224299066,-86107.14285714286,-86107.14285714286,56.0,56.0,https://www.sec.gov/Archives/edgar/data/931059/000095014902002312/f86042e10vq.htm,https://www.sec.gov/Archives/edgar/data/931059/000095014902002312/f86042e10vq.htm,1620597355,17:55:55,20210509
83,2002-06-30,RNVA,USD,2002-08-14,2002-08-14 12:55:30,Q2,3722000.0,3519000.0,203000.0,0.05454056958624395,1276000.0,1712000.0,0.0,0.0,2988000.0,6507000.0,0.0,180000.0,-2605000.0,-0.699892530897367,-2785000.0,-0.7482536270822139,-61000.0,0.0,0.0,0.0,-2846000.0,-0.7646426652337452,-53698.11320754717,-53698.11320754717,53.0,53.0,https://www.sec.gov/Archives/edgar/data/931059/000095014902001710/f83858e10vq.htm,https://www.sec.gov/Archives/edgar/data/931059/000095014902001710/f83858e10vq.htm,1620597355,17:55:55,20210509
84,2002-03-31,RNVA,USD,2002-06-26,2002-06-26 15:51:09,Q1,6969000.0,5025000.0,1944000.0,0.27894963409384416,1234000.0,1935000.0,0.0,0.0,3169000.0,8194000.0,0.0,210000.0,-1015000.0,-0.14564499928253694,-1225000.0,-0.17577844740995838,0.0,0.0,0.0,0.0,-1225000.0,-0.17577844740995838,-23113.20754716981,-23113.20754716981,53.0,53.0,https://www.sec.gov/Archives/edgar/data/931059/000095014902001323/f82619e10vk.htm,https://www.sec.gov/Archives/edgar/data/931059/000095014902001323/f82619e10vk.htm,1620597355,17:55:55,20210509
85,2001-12-31,RNVA,USD,2002-02-13,2002-02-13 00:00:00,Q4,2369000.0,1403000.0,966000.0,0.4077669902912621,1270000.0,1956000.0,0.0,0.0,3226000.0,4629000.0,0.0,225000.0,-2035000.0,-0.8590122414520895,-2260000.0,-0.9539890249050232,-282000.0,0.0,0.0,0.0,-2542000.0,-1.0730265934993668,-48884.61538461538,-48884.61538461538,52.0,52.0,https://www.sec.gov/Archives/edgar/data/931059/000095014902000268/f79203e10-q.htm,https://www.sec.gov/Archives/edgar/data/931059/000095014902000268/f79203e10-q.htm,1620597355,17:55:55,20210509
86,2001-09-30,RNVA,USD,2001-09-30,2001-09-30,Q3,4379000.0,2895000.0,1484000.0,0.3388901575702215,1660000.0,2198000.0,0.0,0.0,3858000.0,6753000.0,0.0,221000.0,-2153000.0,-0.4916647636446677,-2374000.0,-0.5421329070564056,-94000.0,-2468000.0,-0.5635989952043846,0.0,-2468000.0,-0.5635989952043846,-53652.17391304348,-53652.17391304348,46.0,46.0,,,1620597355,17:55:55,20210509
87,2001-06-30,RNVA,USD,2001-08-17 00:00:00,2001-08-17 00:00:00,Q2,7889000.0,5607000.0,2282000.0,0.28926353149955636,1765000.0,2895000.0,0.0,0.0,4660000.0,10267000.0,0.0,235000.0,-2143000.0,-0.2716440613512486,-2378000.0,-0.30143237419191277,-117000.0,0.0,0.0,0.0,-2495000.0,-0.3162631512232222,-54239.13043478261,-54239.13043478261,46.0,46.0,https://www.sec.gov/Archives/edgar/data/931059/000095014901501253/0000950149-01-501253-index.html,https://www.sec.gov/Archives/edgar/data/931059/000095014901501253/f75172e10-q.txt,1620597355,17:55:55,20210509
88,2001-03-31,RNVA,USD,2001-03-31,2001-03-31,Q1,5777000.0,4323000.0,1454000.0,0.25168772719404536,2233000.0,2843000.0,0.0,0.0,5403000.0,9726000.0,0.0,327000.0,-3622000.0,-0.6269690150597196,-3949000.0,-0.6835727886446252,-8000.0,0.0,0.0,0.0,-4354000.0,-0.7536783797818937,-94652.17391304347,-94652.17391304347,46.0,46.0,,,1620597355,17:55:55,20210509
89,2000-12-31,RNVA,USD,2000-12-31,2000-12-31,Q4,11468000.0,6819000.0,4649000.0,0.40538890826648066,1925000.0,3048000.0,0.0,0.0,5694000.0,12513000.0,0.0,721000.0,-324000.0,-0.02825252877572375,-1045000.0,-0.09112312521799791,8226000.0,0.0,0.0,0.0,7181000.0,0.6261771886989885,156108.69565217392,156108.69565217392,46.0,46.0,,,1620597355,17:55:55,20210509
90,2000-09-30,RNVA,USD,2000-11-13 00:00:00,2000-11-13 00:00:00,Q3,13276000.0,7619000.0,5657000.0,0.42610726122326004,2313000.0,3170000.0,0.0,0.0,5526000.0,13145000.0,0.0,-43000.0,88000.0,0.006628502561012353,131000.0,0.009867429948779753,31000.0,0.0,0.0,0.0,162000.0,0.012202470623681832,3521.7391304347825,3521.7391304347825,46.0,46.0,https://www.sec.gov/Archives/edgar/data/931059/000095014900002406/0000950149-00-002406-index.html,https://www.sec.gov/Archives/edgar/data/931059/000095014900002406/f67251e10-q.txt,1620597355,17:55:55,20210509
91,2000-06-30,RNVA,USD,2000-07-31 00:00:00,2000-07-31 00:00:00,Q2,7684000.0,4081000.0,3603000.0,0.46889640812077044,2468000.0,3141000.0,0.0,0.0,5966000.0,10047000.0,0.0,357000.0,-2006000.0,-0.2610619469026549,-2363000.0,-0.3075221238938053,73000.0,0.0,0.0,0.0,-2290000.0,-0.2980218636127017,-49782.608695652176,-49782.608695652176,46.0,46.0,https://www.sec.gov/Archives/edgar/data/931059/000095014900001652/0000950149-00-001652-index.html,https://www.sec.gov/Archives/edgar/data/931059/000095014900001652/e10-q.txt,1620597355,17:55:55,20210509
92,2000-03-31,RNVA,USD,2000-03-31,2000-03-31,Q1,8538000.0,4848000.0,3690000.0,0.43218552354181305,2461000.0,2902000.0,0.0,0.0,5722000.0,10570000.0,0.0,359000.0,-1673000.0,-0.1959475286952448,-2032000.0,-0.23799484656828296,-39000.0,0.0,0.0,0.0,-1871000.0,-0.21913797142187866,-40673.913043478264,-40673.913043478264,46.0,46.0,,,1620597355,17:55:55,20210509
93,1999-12-31,RNVA,USD,1999-12-31,1999-12-31,Q4,6500000.0,4000000.0,2500000.0,0.38461538461538464,2500000.0,2600000.0,0.0,0.0,5500000.0,9500000.0,0.0,400000.0,-2600000.0,-0.4,-3000000.0,-0.46153846153846156,0.0,0.0,0.0,0.0,-2900000.0,-0.4461538461538462,-70731.70731707317,-70731.70731707317,41.0,41.0,,,1620597355,17:55:55,20210509
94,1999-09-30,RNVA,USD,1999-09-30,1999-09-30,Q3,4700000.0,2800000.0,1900000.0,0.40425531914893614,2500000.0,3100000.0,0.0,0.0,6000000.0,8800000.0,0.0,400000.0,-3700000.0,-0.7872340425531915,-4100000.0,-0.8723404255319149,100000.0,0.0,0.0,0.0,-4000000.0,-0.851063829787234,-5996428541866.3,-5996428541866.3,39.0,39.0,,,1620597355,17:55:55,20210509
95,1999-06-30,RNVA,USD,1999-06-30,1999-06-30,Q2,6700000.0,4100000.0,2600000.0,0.3880597014925373,2600000.0,3500000.0,0.0,0.0,6500000.0,10600000.0,0.0,400000.0,-3500000.0,-0.5223880597014925,-3900000.0,-0.582089552238806,200000.0,0.0,0.0,0.0,-3800000.0,-0.5671641791044776,-5672297269332.986,-5672297269332.986,39.0,39.0,,,1620597355,17:55:55,20210509
96,1999-03-31,RNVA,USD,1999-03-31,1999-03-31,Q1,6000000.0,4600000.0,1400000.0,0.23333333333333334,2500000.0,3500000.0,0.0,0.0,6200000.0,10800000.0,0.0,200000.0,-4600000.0,-0.7666666666666667,-4800000.0,-0.8,100000.0,0.0,0.0,0.0,-4700000.0,-0.7833333333333333,-120512.82051282052,-120512.82051282052,39.0,39.0,,,1620597355,17:55:55,20210509
97,1998-12-31,RNVA,USD,1998-12-31,1998-12-31,Q4,6500000.0,4000000.0,2500000.0,0.38461538461538464,2100000.0,3600000.0,0.0,0.0,6300000.0,10300000.0,0.0,600000.0,-3200000.0,-0.49230769230769234,-3800000.0,-0.5846153846153846,-100000.0,0.0,0.0,0.0,-3900000.0,-0.6,-5996428541866.3,-5996428541866.3,39.0,39.0,,,1620597355,17:55:55,20210509
98,1998-09-30,RNVA,USD,1998-09-30,1998-09-30,Q3,10000000.0,6700000.0,3300000.0,0.33,2400000.0,3600000.0,0.0,0.0,6600000.0,13300000.0,0.0,600000.0,-2700000.0,-0.27,-3300000.0,-0.33,200000.0,0.0,0.0,0.0,-3100000.0,-0.31,-4699903451733.046,-4699903451733.046,39.0,39.0,,,1620597355,17:55:55,20210509
99,1998-06-30,RNVA,USD,1998-06-30,1998-06-30,Q2,6500000.0,3600000.0,2900000.0,0.4461538461538462,2600000.0,3300000.0,0.0,0.0,6400000.0,10000000.0,0.0,500000.0,-3000000.0,-0.46153846153846156,-3500000.0,-0.5384615384615384,200000.0,0.0,0.0,0.0,-3400000.0,-0.5230769230769231,-5186100360533.017,-5186100360533.017,39.0,39.0,,,1620597355,17:55:55,20210509
100,1998-03-31,RNVA,USD,1998-03-31,1998-03-31,Q1,8400000.0,4300000.0,4100000.0,0.4880952380952381,2600000.0,3200000.0,0.0,0.0,6300000.0,10600000.0,0.0,500000.0,-1700000.0,-0.20238095238095238,-2200000.0,-0.2619047619047619,300000.0,0.0,0.0,0.0,-2000000.0,-0.23809523809523808,-51282.05128205128,-51282.05128205128,39.0,39.0,,,1620597355,17:55:55,20210509
101,1997-12-31,RNVA,USD,1997-12-31,1997-12-31,Q4,12300000.0,7200000.0,5100000.0,0.4146341463414634,2600000.0,3400000.0,0.0,0.0,6500000.0,13700000.0,0.0,500000.0,-900000.0,-0.07317073170731707,-1400000.0,-0.11382113821138211,200000.0,0.0,0.0,0.0,-1200000.0,-0.0975609756097561,-1782721998933.2244,-1782721998933.2244,38.0,38.0,,,1620597355,17:55:55,20210509
102,1997-09-30,RNVA,USD,1997-09-30,1997-09-30,Q3,11700000.0,6200000.0,5500000.0,0.4700854700854701,3000000.0,3200000.0,0.0,0.0,6800000.0,13000000.0,0.0,600000.0,-700000.0,-0.05982905982905983,-1300000.0,-0.1111111111111111,200000.0,0.0,0.0,0.0,-1100000.0,-0.09401709401709402,-1782721998933.2244,-1782721998933.2244,38.0,38.0,,,1620597355,17:55:55,20210509
103,1997-06-30,RNVA,USD,1997-06-30,1997-06-30,Q2,9100000.0,4400000.0,4700000.0,0.5164835164835165,2800000.0,2800000.0,0.0,0.0,6300000.0,10700000.0,0.0,700000.0,-900000.0,-0.0989010989010989,-1600000.0,-0.17582417582417584,400000.0,0.0,0.0,0.0,-1200000.0,-0.13186813186813187,-1944787635199.881,-1944787635199.881,38.0,38.0,,,1620597355,17:55:55,20210509
104,1997-03-31,RNVA,USD,1997-03-31,1997-03-31,Q1,13300000.0,6800000.0,6500000.0,0.48872180451127817,2700000.0,3000000.0,0.0,0.0,6200000.0,13000000.0,0.0,500000.0,800000.0,0.06015037593984962,300000.0,0.022556390977443608,400000.0,500000.0,0.03759398496240601,100000.0,400000.0,0.03007518796992481,10526.315789473685,10526.315789473685,38.0,38.0,,,1620597355,17:55:55,20210509
105,1996-12-31,RNVA,USD,1996-12-31,1996-12-31,Q4,13100000.0,7200000.0,5900000.0,0.45038167938931295,2600000.0,2300000.0,0.0,0.0,5500000.0,12700000.0,0.0,600000.0,1000000.0,0.07633587786259542,400000.0,0.030534351145038167,200000.0,700000.0,0.05343511450381679,200000.0,500000.0,0.03816793893129771,810328181333.2838,810328181333.2838,37.0,37.0,,,1620597355,17:55:55,20210509
106,1996-09-30,RNVA,USD,1996-09-30,1996-09-30,Q3,12800000.0,5900000.0,6900000.0,0.5390625,2700000.0,3300000.0,0.0,0.0,6600000.0,12500000.0,0.0,600000.0,900000.0,0.0703125,300000.0,0.0234375,200000.0,500000.0,0.0390625,100000.0,400000.0,0.03125,810328181333.2838,648262545066.6271,37.0,37.0,,,1620597355,17:55:55,20210509
107,1996-06-30,RNVA,USD,1996-06-30,1996-06-30,Q2,18300000.0,9300000.0,9000000.0,0.4918032786885246,2600000.0,3600000.0,0.0,0.0,6800000.0,16100000.0,0.0,600000.0,2800000.0,0.15300546448087432,2200000.0,0.12021857923497267,200000.0,2300000.0,0.12568306010928962,600000.0,1700000.0,0.09289617486338798,2755115816533.165,2593050180266.5083,37.0,37.0,,,1620597355,17:55:55,20210509
108,1996-03-31,RNVA,USD,1996-03-31,1996-03-31,Q1,17500000.0,9100000.0,8400000.0,0.48,2700000.0,3500000.0,0.0,0.0,6600000.0,15700000.0,0.0,400000.0,2200000.0,0.12571428571428572,1800000.0,0.10285714285714286,300000.0,2200000.0,0.12571428571428572,200000.0,2000000.0,0.11428571428571428,54054.05405405405,54054.05405405405,37.0,37.0,,,1620597355,17:55:55,20210509
109,1995-12-31,RNVA,USD,1995-12-31,1995-12-31,Q4,17200000.0,9900000.0,7300000.0,0.42441860465116277,2500000.0,3000000.0,0.0,0.0,5900000.0,15800000.0,0.0,380000.0,1780000.0,0.10348837209302325,1400000.0,0.08139534883720931,200000.0,1700000.0,0.09883720930232558,200000.0,1500000.0,0.0872093023255814,2430984543999.8516,2430984543999.8516,36.0,36.0,,,1620597355,17:55:55,20210509
110,1995-09-30,RNVA,USD,1995-09-30,1995-09-30,Q3,14300000.0,0.0,0.0,0.0,0.0,0.0,0.0,0.0,0.0,0.0,0.0,360000.0,14660000.0,1.0251748251748252,14300000.0,1.0,0.0,0.0,0.0,0.0,1100000.0,0.07692307692307693,2430984543999.8516,2430984543999.8516,1.0,1.0,,,1620597355,17:55:55,20210509
111,1995-06-30,RNVA,USD,1995-06-30,1995-06-30,Q2,13100000.0,0.0,0.0,0.0,0.0,0.0,0.0,0.0,0.0,0.0,0.0,280000.0,13380000.0,1.0213740458015268,13100000.0,1.0,0.0,0.0,0.0,0.0,1000000.0,0.07633587786259542,2106853271466.5378,2106853271466.5378,1.0,1.0,,,1620597355,17:55:55,20210509
112,1995-03-31,RNVA,USD,1995-03-31,1995-03-31,Q1,11600000.0,0.0,0.0,0.0,0.0,0.0,0.0,0.0,0.0,0.0,0.0,250000.0,-31450000.0,-2.711206896551724,-31700000.0,-2.7327586206896552,0.0,0.0,0.0,0.0,600000.0,0.05172413793103448,600000.0,600000.0,1.0,1.0,,,1620597355,17:55:55,20210509
113,1994-12-31,RNVA,USD,1994-12-31,1994-12-31,Q4,11400000.0,0.0,0.0,0.0,0.0,0.0,0.0,0.0,0.0,0.0,0.0,280000.0,11680000.0,1.024561403508772,11400000.0,1.0,0.0,0.0,0.0,0.0,200000.0,0.017543859649122806,486196908799.9703,486196908799.9703,1.0,1.0,,,1620597355,17:55:55,20210509
114,1994-09-30,RNVA,USD,1994-09-30,1994-09-30,Q3,11600000.0,0.0,0.0,0.0,0.0,0.0,0.0,0.0,0.0,0.0,0.0,270000.0,11870000.0,1.0232758620689655,11600000.0,1.0,0.0,0.0,0.0,0.0,0.0,0.0,162065636266.65677,162065636266.65677,1.0,1.0,,,1620597355,17:55:55,20210509
115,1994-06-30,RNVA,USD,1994-06-30,1994-06-30,Q2,10000000.0,0.0,0.0,0.0,0.0,0.0,0.0,0.0,0.0,0.0,0.0,250000.0,10250000.0,1.025,10000000.0,1.0,0.0,0.0,0.0,0.0,-100000.0,-0.01,-162065636266.65677,-162065636266.65677,1.0,1.0,,,1620597355,17:55:55,20210509
