,date,symbol,reportedCurrency,fillingDate,acceptedDate,period,revenue,costOfRevenue,grossProfit,grossProfitRatio,researchAndDevelopmentExpenses,generalAndAdministrativeExpenses,sellingAndMarketingExpenses,otherExpenses,operatingExpenses,costAndExpenses,interestExpense,depreciationAndAmortization,ebitda,ebitdaratio,operatingIncome,operatingIncomeRatio,totalOtherIncomeExpensesNet,incomeBeforeTax,incomeBeforeTaxRatio,incomeTaxExpense,netIncome,netIncomeRatio,eps,epsdiluted,weightedAverageShsOut,weightedAverageShsOutDil,link,finalLink,timestamp,est_time,est_date
0,2020-12-31,CRAWA,USD,2021-03-17,2021-03-17 09:03:42,Q4,19933941.0,15562250.0,4371691.0,0.21930891638537509,0.0,0.0,0.0,462806.0,2714324.0,18276574.0,211452.0,619511.0,2276878.0,0.11422116680289161,1657367.0,0.08314296706306094,1047913.0,2493828.0,0.12510461428575514,384938.0,2108890.0,0.10579393206792374,0.634370920291904,0.634370920291904,3324380.0,3324380.0,https://www.sec.gov/Archives/edgar/data/47307/000143774921006247/0001437749-21-006247-index.htm,https://www.sec.gov/Archives/edgar/data/47307/000143774921006247/crawa20201231_10k.htm,1620590651,16:04:11,20210509
1,2020-09-30,CRAWA,USD,2020-11-10,2020-11-10 13:28:37,Q3,21277797.0,16425380.0,4852417.0,0.2280507234842028,0.0,0.0,0.0,-13966.0,2726000.0,19151380.0,208030.0,601085.0,2727502.0,0.12818535678294138,2126417.0,0.09993595671581978,-13966.0,1904421.0,0.08950273376515436,478331.0,1426090.0,0.06702244597972243,0.4289792382338962,0.4287699079044727,3324380.0,3326003.0,https://www.sec.gov/Archives/edgar/data/47307/000143774920023331/0001437749-20-023331-index.htm,https://www.sec.gov/Archives/edgar/data/47307/000143774920023331/crawa20200930_10q.htm,1620590651,16:04:11,20210509
2,2020-06-30,CRAWA,USD,2020-08-14,2020-08-14 08:53:17,Q2,18576588.0,15077549.0,3499039.0,0.18835746370646753,0.0,0.0,0.0,12394.0,2968519.0,18046068.0,235289.0,614532.0,1145052.0,0.06163952174640467,530520.0,0.028558527540148922,12394.0,307625.0,0.016559822503465115,78788.0,228837.0,0.012318570019424449,0.06897531848453656,0.06894209077675051,3317665.0,3319264.0,https://www.sec.gov/Archives/edgar/data/47307/000143774920017917/0001437749-20-017917-index.htm,https://www.sec.gov/Archives/edgar/data/47307/000143774920017917/crawa20200630_10q.htm,1620590651,16:04:11,20210509
3,2020-03-31,CRAWA,USD,2020-05-15,2020-05-15 13:55:06,Q1,25281574.0,19073431.0,6208143.0,0.24555998768114676,0.0,0.0,0.0,-71361.0,3069994.0,22143425.0,297421.0,623465.0,3761614.0,0.14878875816830076,3138149.0,0.12412791228900542,-71361.0,2769367.0,0.10954092494399281,693797.0,2075570.0,0.08209813202295078,0.6267807386250909,0.6264629173926862,3311477.0,3313157.0,https://www.sec.gov/Archives/edgar/data/47307/000143774920010970/0001437749-20-010970-index.htm,https://www.sec.gov/Archives/edgar/data/47307/000143774920005100/crawa20191231_10k.htm,1620590651,16:04:11,20210509
4,2019-12-31,CRAWA,USD,2020-03-13,2020-03-13 11:31:38,Q4,21103123.0,16572872.0,4530251.0,0.21467206536207933,0.0,0.0,0.0,-32669.0,1940988.0,18513860.0,184197.0,571937.0,3161200.0,0.14979773372879454,2589263.0,0.12269572612546494,-32669.0,2372397.0,0.11241923766449165,664339.0,1708058.0,0.08093863642836181,0.58,0.51,2959024.0,3352689.0,https://www.sec.gov/Archives/edgar/data/47307/000143774920005100/0001437749-20-005100-index.htm,https://www.sec.gov/Archives/edgar/data/47307/000143774920005100/crawa20191231_10k.htm,1620590651,16:04:11,20210509
5,2019-09-30,CRAWA,USD,2019-11-13,2019-11-13 16:31:06,Q3,22244681.0,17257118.0,4987563.0,0.22421373451028584,0.0,0.0,0.0,-3.0,2428784.0,19685902.0,321994.0,506172.0,3064951.0,0.13778354474941673,2558779.0,0.11502880171668904,-3.0,2236782.0,0.10055356604124824,541914.0,1694868.0,0.07619205687867585,0.59,0.52,2850958.0,3249233.0,https://www.sec.gov/Archives/edgar/data/47307/000143774919022689/0001437749-19-022689-index.htm,https://www.sec.gov/Archives/edgar/data/47307/000143774919022689/hicka20190930_10q.htm,1620590651,16:04:11,20210509
6,2019-06-30,CRAWA,USD,2019-08-14,2019-08-14 06:07:47,Q2,24514636.0,19287703.0,5226933.0,0.2132168309576369,0.0,2435380.0,0.0,-25535.0,2435380.0,21723083.0,284579.0,482420.0,3273973.0,0.13355176882903746,2791553.0,0.11387291249194971,-25535.0,2481439.0,0.10122275525526873,649960.0,1831479.0,0.07470961428919443,0.66,0.57,2755916.0,3212798.0,https://www.sec.gov/Archives/edgar/data/47307/000143774919016640/0001437749-19-016640-index.htm,https://www.sec.gov/Archives/edgar/data/47307/000143774919016640/hicka20190630_10q.htm,1620590651,16:04:11,20210509
7,2019-03-31,CRAWA,USD,2019-05-14,2019-05-14 16:50:04,Q1,21836087.0,17006199.0,4829888.0,0.22118834752765,0.0,0.0,0.0,23874.0,2258817.0,19265016.0,266073.0,494192.0,3065263.0,0.1403760206670728,2571071.0,0.11774412695827782,23874.0,2328872.0,0.10665244189583967,583414.0,1745458.0,0.0799345597038517,0.63,0.55,2755265.0,3178420.0,https://www.sec.gov/Archives/edgar/data/47307/000143774919009852/0001437749-19-009852-index.htm,https://www.sec.gov/Archives/edgar/data/47307/000143774919006018/hicka20181231_10k.htm,1620590651,16:04:11,20210509
8,2018-12-31,CRAWA,USD,2019-03-29,2019-03-29 14:32:25,Q4,21135277.0,16786551.0,4348726.0,0.20575675445370317,0.0,0.0,0.0,82544.0,1965576.0,18752127.0,295649.0,484448.0,2867598.0,0.13567827854823006,2383150.0,0.11275697971689702,82544.0,2170045.0,0.1026740742503635,821791.0,1348254.0,0.06379164086659475,0.5,0.43,2720654.0,3138795.0,https://www.sec.gov/Archives/edgar/data/47307/000143774919006018/0001437749-19-006018-index.htm,https://www.sec.gov/Archives/edgar/data/47307/000143774919006018/hicka20181231_10k.htm,1620590651,16:04:11,20210509
9,2018-09-30,CRAWA,USD,2018-11-14,2018-11-14 16:04:48,Q3,19771137.0,15320915.0,4450222.0,0.22508680203874973,0.0,0.0,0.0,-97412.0,1978943.0,17299858.0,286684.0,467131.0,2938410.0,0.14862119462325307,2471279.0,0.12499427827544769,-97412.0,2087183.0,0.10556717097251413,590104.0,1497079.0,0.07572043024131592,0.55,0.48,2720654.0,3092520.0,https://www.sec.gov/Archives/edgar/data/47307/000143774918020814/0001437749-18-020814-index.htm,https://www.sec.gov/Archives/edgar/data/47307/000143774918020814/hicka20180930_10q.htm,1620590651,16:04:11,20210509
10,2018-06-30,CRAWA,USD,2018-08-14,2018-08-14 16:35:03,Q2,13593192.0,10106614.0,3486578.0,0.256494427504592,97389.0,0.0,0.0,-49450.0,1669633.0,11776247.0,80755.0,294949.0,2111894.0,0.1553640969685413,1816945.0,0.1336658085900648,-1210024.0,526166.0,0.03870805326666467,131541.0,394625.0,0.02903107673311758,0.14,0.13,2721832.0,3076076.0,https://www.sec.gov/Archives/edgar/data/47307/000143774918015615/0001437749-18-015615-index.htm,https://www.sec.gov/Archives/edgar/data/47307/000143774918015615/hicka20180630_10q.htm,1620590651,16:04:11,20210509
11,2018-03-31,CRAWA,USD,2018-05-15,2018-05-15 13:17:51,Q1,11878700.0,8860259.0,3018441.0,0.2541053313914822,123029.0,0.0,0.0,-58816.0,2375356.0,11235615.0,85933.0,359981.0,1003066.0,0.08444240531371278,643085.0,0.0541376581612466,-58816.0,498336.0,0.04195206546170877,124584.0,373752.0,0.03146404909628158,0.13,0.11,2911057.0,3269853.0,https://www.sec.gov/Archives/edgar/data/47307/000143774918009929/0001437749-18-009929-index.htm,https://www.sec.gov/Archives/edgar/data/47307/000143774918002484/hicka20180122_10kt.htm,1620590651,16:04:11,20210509
12,2017-12-31,CRAWA,USD,2018-02-14,2018-02-14 12:18:18,Q4,11754219.0,8528387.0,3225832.0,0.2744403520131793,121579.0,0.0,0.0,0.0,1934887.0,10463274.0,98228.0,360241.0,1651186.0,0.14047602822441882,1290945.0,0.10982822423165674,-14726.0,1177991.0,0.10021856832852953,667729.0,510262.0,0.04341096588382435,0.18,0.16,2888502.0,3256012.0,https://www.sec.gov/Archives/edgar/data/47307/000143774918002484/0001437749-18-002484-index.htm,https://www.sec.gov/Archives/edgar/data/47307/000143774917021035/hicka20170930_10k.htm,1620590651,16:04:11,20210509
13,2017-09-30,CRAWA,USD,2017-12-21,2017-12-21 17:27:43,Q4,10892868.0,7858489.0,3034379.0,0.27856566333127325,159791.0,0.0,0.0,0.0,1351378.0,9209867.0,116992.0,367179.0,2050180.0,0.18821305830567303,1683001.0,0.15450485583778303,-271706.0,1294303.0,0.11882114058483037,726864.0,567439.0,0.05209270873382474,0.2,0.18,2888502.0,3161975.0,https://www.sec.gov/Archives/edgar/data/47307/000143774917021035/0001437749-17-021035-index.htm,https://www.sec.gov/Archives/edgar/data/47307/000143774917021035/hicka20170930_10k.htm,1620590651,16:04:11,20210509
14,2017-06-30,CRAWA,USD,2017-08-14,2017-08-14 10:58:55,Q3,7220626.0,4191480.0,3029146.0,0.4195129341971181,179840.0,0.0,0.0,0.0,1988760.0,6180240.0,66695.0,178439.0,1218825.0,0.16879769150209414,1040386.0,0.14408529121990254,5205.0,978896.0,0.1355694090789358,37373.0,941523.0,0.1303935420557719,0.33,0.31,2880719.0,3044440.0,https://www.sec.gov/Archives/edgar/data/47307/000143774917014627/0001437749-17-014627-index.htm,https://www.sec.gov/Archives/edgar/data/47307/000143774917014627/hicka20170630_10q.htm,1620590651,16:04:11,20210509
15,2017-03-31,CRAWA,USD,2017-05-15,2017-05-15 13:05:04,Q2,3346315.0,1968801.0,1377514.0,0.411651025082815,217316.0,0.0,0.0,0.0,1111618.0,3080419.0,48192.0,104217.0,370113.0,0.11060315600892325,265896.0,0.07945934557864397,3563.0,221267.0,0.06612258559041811,8127.0,213140.0,0.0636939439353438,0.07407142258903844,0.0718918997318136,2877493.0,2964729.0,https://www.sec.gov/Archives/edgar/data/47307/000143774917009148/0001437749-17-009148-index.htm,https://www.sec.gov/Archives/edgar/data/47307/000143774917009148/hicka20170331_10q.htm,1620590651,16:04:11,20210509
16,2016-12-31,CRAWA,USD,2017-02-14,2017-02-14 17:31:31,Q1,2356926.0,1773688.0,583238.0,0.24745706908065845,239010.0,0.0,0.0,0.0,890584.0,2664272.0,50769.0,71037.0,-236309.0,-0.10026152709079539,-307346.0,-0.1304012090324431,52409.0,-305706.0,-0.12970538744109913,8000.0,-313706.0,-0.13309963910619171,-0.11,-0.11,2853107.0,2853107.0,https://www.sec.gov/Archives/edgar/data/47307/000143774917002475/0001437749-17-002475-index.htm,https://www.sec.gov/Archives/edgar/data/47307/000143774916043896/hicka20160901_10k.htm,1620590651,16:04:11,20210509
17,2016-09-30,CRAWA,USD,2016-12-29,2016-12-29 09:23:07,Q4,2692040.0,2130320.0,561720.0,0.2086596038691847,272268.0,0.0,0.0,0.0,-1340823.0,789497.0,51207.0,58922.0,1961465.0,0.7286165881636232,1902543.0,0.7067290976359936,1640.0,1852976.0,0.6883166669143104,-3299600.0,5152576.0,1.9140042495653853,1.805952598342789,1.805952598342789,2853107.0,2853107.0,https://www.sec.gov/Archives/edgar/data/47307/000143774916043896/0001437749-16-043896-index.htm,https://www.sec.gov/Archives/edgar/data/47307/000143774916043896/hicka20160901_10k.htm,1620590651,16:04:11,20210509
18,2016-06-30,CRAWA,USD,2016-08-15,2016-08-15 14:03:06,Q3,1530244.0,769430.0,760814.0,0.4971847626914401,258406.0,0.0,0.0,0.0,765732.0,1535162.0,4843.0,31500.0,26582.0,0.017371085918324137,-4918.0,-0.003213866546772933,1666.0,-8095.0,-0.005290006038252723,0.0,-8095.0,-0.005290006038252723,-0.01,-0.01,1638215.0,1638215.0,https://www.sec.gov/Archives/edgar/data/47307/000004730716000038/0000047307-16-000038-index.htm,https://www.sec.gov/Archives/edgar/data/47307/000004730716000038/r10qfy16q3.htm,1620590651,16:04:11,20210509
19,2016-03-31,CRAWA,USD,2016-05-16,2016-05-16 13:58:34,Q2,1046624.0,694544.0,352080.0,0.3363958785581068,272710.0,0.0,0.0,0.0,815620.0,1510164.0,3162.0,31500.0,-432040.0,-0.4127938973308466,-463540.0,-0.44289066560675083,2258.0,-464444.0,-0.44375439508362124,0.0,-464444.0,-0.44375439508362124,-0.28,-0.28,1638215.0,1638215.0,https://www.sec.gov/Archives/edgar/data/47307/000004730716000031/0000047307-16-000031-index.htm,https://www.sec.gov/Archives/edgar/data/47307/000004730716000031/r10qfy16q2.htm,1620590651,16:04:11,20210509
20,2015-12-31,CRAWA,USD,2016-02-16,2016-01-12 17:36:05,Q1,1376872.0,740521.0,636351.0,0.4621715017808482,246773.0,0.0,0.0,0.0,684998.0,1425519.0,174.0,31500.0,-17147.0,-0.012453590457210256,-48647.0,-0.035331534085957156,1632.0,-47189.0,-0.0342726121237123,0.0,-47189.0,-0.0342726121237123,-0.03,-0.03,1638215.0,1638215.0,https://www.sec.gov/Archives/edgar/data/47307/000004730716000027/0000047307-16-000027-index.htm,https://www.sec.gov/Archives/edgar/data/47307/000004730716000024/r10kfy15.htm,1620590651,16:04:11,20210509
21,2015-09-30,CRAWA,USD,2016-01-13,2016-01-12 17:36:05,Q4,1794910.0,662179.0,1132731.0,0.6310795527352346,273175.0,0.0,0.0,0.0,818263.0,1480442.0,187.0,19546.0,334014.0,0.18608955323665252,314468.0,0.17519987074560842,1030.0,315311.0,0.1756695321771008,0.0,315311.0,0.1756695321771008,0.19,0.19,1638215.0,1638215.0,https://www.sec.gov/Archives/edgar/data/47307/000004730716000024/0000047307-16-000024-index.htm,https://www.sec.gov/Archives/edgar/data/47307/000004730716000024/r10kfy15.htm,1620590651,16:04:11,20210509
22,2015-06-30,CRAWA,USD,2015-08-14,2015-08-14 08:16:12,Q3,1804614.0,996820.0,807794.0,0.44762702716481195,245794.0,0.0,0.0,0.0,699697.0,1696517.0,171.0,16380.0,124477.0,0.06897707764652164,108097.0,0.059900344339565134,1705.0,109631.0,0.060750387617518206,0.0,109631.0,0.060750387617518206,0.07,0.07,1638215.0,1638215.0,https://www.sec.gov/Archives/edgar/data/47307/000004730715000015/0000047307-15-000015-index.htm,https://www.sec.gov/Archives/edgar/data/47307/000004730715000015/r10qfy15q3.htm,1620590651,16:04:11,20210509
23,2015-03-31,CRAWA,USD,2015-05-14,2015-05-14 08:24:04,Q2,1091182.0,709191.0,381991.0,0.3500708406113737,260507.0,0.0,0.0,0.0,661077.0,1370268.0,171.0,16380.0,-262706.0,-0.2407536048065309,-279086.0,-0.25576484949348505,2594.0,-276663.0,-0.2535443216621975,0.0,-276663.0,-0.2535443216621975,-0.17,-0.17,1638215.0,1638215.0,https://www.sec.gov/Archives/edgar/data/47307/000004730715000011/0000047307-15-000011-index.htm,https://www.sec.gov/Archives/edgar/data/47307/000004730715000011/r10qfy15q2.htm,1620590651,16:04:11,20210509
24,2014-12-31,CRAWA,USD,2015-02-17,2015-02-17 14:46:08,Q1,1162218.0,800113.0,362105.0,0.3115637513788291,235938.0,0.0,0.0,0.0,635337.0,1435450.0,128.0,16380.0,-256852.0,-0.22100156769211973,-273232.0,-0.23509530914165844,2704.0,-270656.0,-0.2328788574948934,0.0,-270656.0,-0.2328788574948934,-0.17,-0.17,1638215.0,1638215.0,https://www.sec.gov/Archives/edgar/data/47307/000004730715000007/0000047307-15-000007-index.htm,https://www.sec.gov/Archives/edgar/data/47307/000004730715000003/r10kfy14.htm,1620590651,16:04:11,20210509
25,2014-09-30,CRAWA,USD,2015-01-13,2015-01-13 14:03:26,Q4,2008715.0,1227822.0,780893.0,0.3887525109336068,238165.0,0.0,0.0,0.0,540898.0,1768720.0,3901.0,13055.0,253050.0,0.12597605932150654,239995.0,0.11947687949758926,3313.0,239407.0,0.11918415504439406,0.0,239407.0,0.11918415504439406,0.15,0.14,1638215.0,1710050.0,https://www.sec.gov/Archives/edgar/data/47307/000004730715000003/0000047307-15-000003-index.htm,https://www.sec.gov/Archives/edgar/data/47307/000004730715000003/r10kfy14.htm,1620590651,16:04:11,20210509
26,2014-06-30,CRAWA,USD,2014-08-14,2014-08-14 13:56:36,Q3,2130412.0,1005498.0,1124914.0,0.5280265037936324,243600.0,0.0,0.0,0.0,740432.0,1745930.0,2691.0,16380.0,400862.0,0.1881617264641769,384482.0,0.18047307281408478,5120.0,386911.0,0.18161322786390613,0.0,386911.0,0.18161322786390613,0.24,0.23,1638215.0,1666121.0,https://www.sec.gov/Archives/edgar/data/47307/000004730714000017/0000047307-14-000017-index.htm,https://www.sec.gov/Archives/edgar/data/47307/000004730714000017/r10qfy14q3.htm,1620590651,16:04:11,20210509
27,2014-03-31,CRAWA,USD,2014-05-14,2014-05-14 15:01:31,Q2,1116467.0,688436.0,428031.0,0.38337989389744614,253154.0,0.0,0.0,0.0,727699.0,1416135.0,0.0,16380.0,-283288.0,-0.2537361158010044,-299668.0,-0.2684073958298812,2013.0,-297655.0,-0.2666043868739515,0.0,-297655.0,-0.2666043868739515,-0.18,-0.18,1638215.0,1638215.0,https://www.sec.gov/Archives/edgar/data/47307/000004730714000011/0000047307-14-000011-index.htm,https://www.sec.gov/Archives/edgar/data/47307/000004730714000011/r10qfy14q2.htm,1620590651,16:04:11,20210509
28,2013-12-31,CRAWA,USD,2014-02-14,2014-02-14 13:24:01,Q1,1050242.0,689404.0,360838.0,0.3435760519956353,231056.0,0.0,0.0,0.0,685053.0,1374457.0,0.0,16380.0,-307835.0,-0.29310863591438924,-324215.0,-0.30870504131428755,3928.0,-320287.0,-0.30496495093511783,0.0,-320287.0,-0.30496495093511783,-0.2,-0.2,1638215.0,1638215.0,https://www.sec.gov/Archives/edgar/data/47307/000004730714000006/0000047307-14-000006-index.htm,https://www.sec.gov/Archives/edgar/data/47307/000004730713000013/r10kfy13.htm,1620590651,16:04:11,20210509
29,2013-09-30,CRAWA,USD,2013-12-30,2013-12-30 08:29:24,Q4,1423000.0,695732.0,727268.0,0.5110808151791989,227315.0,0.0,0.0,0.0,700294.0,1396026.0,22750.0,-13016.0,13958.0,0.009808854532677443,26974.0,0.01895572733661279,5123.0,9347.0,0.006568517217146873,0.0,9347.0,0.006568517217146873,0.01,0.01,1638215.0,1638215.0,https://www.sec.gov/Archives/edgar/data/47307/000004730713000013/0000047307-13-000013-index.htm,https://www.sec.gov/Archives/edgar/data/47307/000004730713000013/r10kfy13.htm,1620590651,16:04:11,20210509
30,2013-06-30,CRAWA,USD,2013-08-14,2013-08-14 09:45:39,Q3,1339931.0,767739.0,572192.0,0.42703094413070525,234813.0,0.0,0.0,0.0,688434.0,1456173.0,22750.0,25733.0,-90509.0,-0.06754750804332461,-116242.0,-0.0867522282863819,5215.0,-133777.0,-0.09983872303872364,0.0,-133777.0,-0.09983872303872364,-0.08,-0.08,1638215.0,1638215.0,https://www.sec.gov/Archives/edgar/data/47307/000004730713000011/0000047307-13-000011-index.htm,https://www.sec.gov/Archives/edgar/data/47307/000004730713000011/r10qfy13q3.htm,1620590651,16:04:11,20210509
31,2013-03-31,CRAWA,USD,2013-05-15,2013-05-15 08:48:00,Q2,1964338.0,1108161.0,856177.0,0.43586032546333675,246098.0,0.0,0.0,0.0,714853.0,1823014.0,22823.0,25734.0,167058.0,0.08504544533578233,141324.0,0.07194484859530284,930.0,119431.0,0.06079961798835028,0.0,119431.0,0.06079961798835028,0.08,0.08,1638215.0,1638215.0,https://www.sec.gov/Archives/edgar/data/47307/000004730713000009/0000047307-13-000009-index.htm,https://www.sec.gov/Archives/edgar/data/47307/000004730713000009/r10qfy13q2.htm,1620590651,16:04:11,20210509
32,2012-12-31,CRAWA,USD,2013-02-14,2013-01-14 10:17:08,Q1,1738903.0,926402.0,812501.0,0.4672491795114506,231147.0,0.0,0.0,0.0,645842.0,1572244.0,22855.0,25735.0,192394.0,0.1106410190792701,166659.0,0.09584145866675714,22855.0,143804.0,0.08269811484596898,0.0,143804.0,0.08269811484596898,0.09,0.09,1528541.0,1528541.0,https://www.sec.gov/Archives/edgar/data/47307/000004730713000006/0000047307-13-000006-index.htm,https://www.sec.gov/Archives/edgar/data/47307/000004730713000003/r10kfy12.htm,1620590651,16:04:11,20210509
33,2012-09-30,CRAWA,USD,2013-01-14,2013-01-14 10:17:08,Q4,1129447.0,646901.0,482546.0,0.4272409418060343,231338.0,0.0,0.0,0.0,693360.0,1340261.0,172.0,3763.0,-207051.0,-0.18332068702648288,-210814.0,-0.18665240600045863,-5916.0,-205070.0,-0.18156673132957987,0.0,-205070.0,-0.18156673132957987,-0.14,-0.14,1451884.0,1451884.0,https://www.sec.gov/Archives/edgar/data/47307/000004730713000003/0000047307-13-000003-index.htm,https://www.sec.gov/Archives/edgar/data/47307/000004730713000003/r10kfy12.htm,1620590651,16:04:11,20210509
34,2012-06-30,CRAWA,USD,2012-08-14,2012-08-14 08:43:08,Q3,1271803.0,792614.0,479189.0,0.3767792653421953,233490.0,0.0,0.0,0.0,652512.0,1445126.0,223.0,27497.0,-145826.0,-0.11466083976842326,-173323.0,-0.13628132658910225,-2571.0,-170975.0,-0.13443512871097174,0.0,-170975.0,-0.13443512871097174,-0.12,-0.12,1394278.0,1394278.0,https://www.sec.gov/Archives/edgar/data/47307/000004730712000021/0000047307-12-000021-index.htm,https://www.sec.gov/Archives/edgar/data/47307/000004730712000021/r10qfy12q3.htm,1620590651,16:04:11,20210509
35,2012-03-31,CRAWA,USD,2012-05-15,2012-05-15 09:25:38,Q2,1178538.0,775857.0,402681.0,0.34167841851514336,248493.0,0.0,0.0,0.0,625896.0,1401753.0,1566.0,27498.0,-195717.0,-0.16606761937247674,-223215.0,-0.18939991752493343,1566.0,-224781.0,-0.19072868248626687,0.0,-224781.0,-0.19072868248626687,-0.16,-0.16,1394278.0,1394278.0,https://www.sec.gov/Archives/edgar/data/47307/000004730712000018/0000047307-12-000018-index.htm,https://www.sec.gov/Archives/edgar/data/47307/000004730712000018/r10qfy12q2.htm,1620590651,16:04:11,20210509
36,2011-12-31,CRAWA,USD,2012-02-14,2012-01-13 14:32:30,Q1,1181501.0,788789.0,392712.0,0.33238397597632163,224737.0,0.0,349641.0,0.0,571857.0,1360646.0,3995.0,27499.0,-151646.0,-0.12835029339797427,-179145.0,-0.15162492456629323,0.0,-183140.0,-0.15500621666845818,0.0,-183140.0,-0.15500621666845818,-0.15,-0.15,1251273.0,1251273.0,https://www.sec.gov/Archives/edgar/data/47307/000004730712000007/0000047307-12-000007-index.htm,https://www.sec.gov/Archives/edgar/data/47307/000004730712000004/r10kfy11.htm,1620590651,16:04:11,20210509
37,2011-09-30,CRAWA,USD,2012-01-13,2012-01-13 14:32:30,Q4,1366530.0,783676.0,582854.0,0.4265211887042363,231907.0,0.0,0.0,0.0,615565.0,1399241.0,-3438.0,26430.0,-6281.0,-0.004596313289865572,-32711.0,-0.023937271775958082,-2399.0,-14923.0,-0.010920360328715798,0.0,-14923.0,-0.010920360328715798,-0.011926254302618214,-0.011926254302618214,1251273.0,1251273.0,https://www.sec.gov/Archives/edgar/data/47307/000004730712000004/0000047307-12-000004-index.htm,https://www.sec.gov/Archives/edgar/data/47307/000004730712000004/r10kfy11.htm,1620590651,16:04:11,20210509
38,2011-06-30,CRAWA,USD,2011-08-12,2011-08-12 13:36:50,Q3,1276544.0,792645.0,483899.0,0.379069581620375,233205.0,0.0,0.0,0.0,602802.0,1395447.0,7046.0,27498.0,-91405.0,-0.07160348566128547,-118903.0,-0.09314445878872957,0.0,-125949.0,-0.09866404918279355,0.0,-125949.0,-0.09866404918279355,-0.1,-0.1,1248095.0,1248095.0,https://www.sec.gov/Archives/edgar/data/47307/000004730711000012/0000047307-11-000012-index.htm,https://www.sec.gov/Archives/edgar/data/47307/000004730711000012/r10qfy11q3.htm,1620590651,16:04:11,20210509
39,2011-03-31,CRAWA,USD,2011-05-16,2011-05-16 15:48:03,Q2,1312896.0,760171.0,552725.0,0.42099678877839525,266668.0,0.0,0.0,0.0,766406.0,1526577.0,0.0,27498.0,-186183.0,-0.1418109279028956,-213681.0,-0.16275546577946767,0.0,-213681.0,-0.16275546577946767,0.0,-213681.0,-0.16275546577946767,-0.17,-0.17,1248095.0,1248095.0,https://www.sec.gov/Archives/edgar/data/47307/000004730711000010/0000047307-11-000010-index.htm,https://www.sec.gov/Archives/edgar/data/47307/000004730711000010/r10qfy11q2.htm,1620590651,16:04:11,20210509
40,2010-12-31,CRAWA,USD,2011-02-14,2011-02-14 15:10:54,Q1,1112643.0,690025.0,422618.0,0.37983252489792324,255334.0,0.0,0.0,0.0,740600.0,1430625.0,0.0,27498.0,-290484.0,-0.2610756549944591,-317982.0,-0.2857897816280694,0.0,-317982.0,-0.2857897816280694,0.0,-317982.0,-0.2857897816280694,-0.25,-0.25,1248095.0,1248095.0,https://www.sec.gov/Archives/edgar/data/47307/000004730711000004/0000047307-11-000004-index.htm,https://www.sec.gov/Archives/edgar/data/47307/000004730710000009/r10kfy10.htm,1620590651,16:04:11,20210509
41,2010-09-30,CRAWA,USD,2010-12-22,2010-12-22 15:44:16,Q4,837880.0,566732.0,271148.0,0.3236119730749033,269432.0,0.0,0.0,0.0,818320.0,1385052.0,0.0,32394.0,-514778.0,-0.6143815343485941,-547172.0,-0.6530433952355946,19446.0,-527184.0,-0.6291879505418437,0.0,-527184.0,-0.6291879505418437,-0.42239092376782217,-0.42239092376782217,1248095.0,1248095.0,https://www.sec.gov/Archives/edgar/data/47307/000004730710000009/0000047307-10-000009-index.htm,https://www.sec.gov/Archives/edgar/data/47307/000004730710000009/r10kfy10.htm,1620590651,16:04:11,20210509
42,2010-06-30,CRAWA,USD,2010-08-13,2010-08-13 14:15:10,Q3,1390355.0,748006.0,642349.0,0.4620035890114395,262378.0,0.0,537407.0,0.0,793828.0,1541834.0,0.0,33135.0,-118344.0,-0.08511782961905413,-151479.0,-0.10894987251457362,0.0,-151479.0,-0.10894987251457362,0.0,-151479.0,-0.10894987251457362,-0.12,-0.12,1248095.0,1248095.0,https://www.sec.gov/Archives/edgar/data/47307/000004730710000007/0000047307-10-000007-index.htm,https://www.sec.gov/Archives/edgar/data/47307/000004730710000007/r10qfy10q3.htm,1620590651,16:04:11,20210509
43,2010-03-31,CRAWA,USD,2010-05-14,2010-05-14 13:50:03,Q2,1394060.0,865814.0,528246.0,0.37892630159390556,283439.0,0.0,585072.0,0.0,863788.0,1729602.0,0.0,33135.0,-302407.0,-0.21692538341247866,-335542.0,-0.24069408777240578,0.0,-335542.0,-0.24069408777240578,0.0,-335542.0,-0.24069408777240578,-0.27,-0.27,1248095.0,1248095.0,https://www.sec.gov/Archives/edgar/data/47307/000004730710000005/0000047307-10-000005-index.htm,https://www.sec.gov/Archives/edgar/data/47307/000004730710000005/r10qfy10q2.htm,1620590651,16:04:11,20210509
44,2009-12-31,CRAWA,USD,2010-02-16,2010-02-16 12:39:02,Q1,1636717.0,760175.0,876542.0,0.5355489067444158,254458.0,0.0,564722.0,0.0,811291.0,1571466.0,542.0,33136.0,98387.0,0.060112407948350266,65251.0,0.039867002053501,542.0,64709.0,0.03953585134143532,0.0,64709.0,0.03953585134143532,0.051846213629571467,0.05116428012303021,1248095.0,1264730.0,https://www.sec.gov/Archives/edgar/data/47307/000004730710000003/0000047307-10-000003-index.htm,https://www.sec.gov/Archives/edgar/data/47307/000004730709000014/r10kfy09.htm,1620590651,16:04:11,20210509
45,2009-09-30,CRAWA,USD,2009-12-28,2009-12-28 16:18:08,Q4,2047624.0,1339361.0,708263.0,0.3458950471375604,237788.0,0.0,0.0,0.0,756400.0,2095761.0,649.0,38918.0,-9219.0,-0.004502291436318386,-48137.0,-0.023508710583583704,649.0,-48786.0,-0.02382566330537247,0.0,-48786.0,-0.02382566330537247,-0.039088370676911614,-0.039088370676911614,1248095.0,1248095.0,https://www.sec.gov/Archives/edgar/data/47307/000004730709000014/0000047307-09-000014-index.htm,https://www.sec.gov/Archives/edgar/data/47307/000004730709000014/r10kfy09.htm,1620590651,16:04:11,20210509
46,2009-06-30,CRAWA,USD,2009-08-14,2009-08-14 09:40:05,Q3,1521033.0,903685.0,617348.0,0.4058741657807556,291698.0,0.0,0.0,0.0,851577.0,1755262.0,632.0,42858.0,-191371.0,-0.12581646815026368,-234229.0,-0.1539933716099519,632.0,-234861.0,-0.15440887870282893,0.0,-234861.0,-0.15440887870282893,-0.19,-0.19,1248095.0,1248095.0,https://www.sec.gov/Archives/edgar/data/47307/000004730709000012/0000047307-09-000012-index.htm,https://www.sec.gov/Archives/edgar/data/47307/000004730709000012/r10qfy09q3.htm,1620590651,16:04:11,20210509
47,2009-03-31,CRAWA,USD,2009-05-15,2009-05-15 15:13:18,Q2,1335056.0,965416.0,369640.0,0.27687228101293127,337574.0,0.0,640840.0,0.0,968745.0,1934161.0,948.0,42858.0,-556247.0,-0.4166469421507412,-599105.0,-0.44874896633549455,948.0,-600053.0,-0.44945904890880983,1645200.0,-2245253.0,-1.6817669071559544,-1.8,-1.8,1248095.0,1248095.0,https://www.sec.gov/Archives/edgar/data/47307/000004730709000008/0000047307-09-000008-index.htm,https://www.sec.gov/Archives/edgar/data/47307/000004730709000008/r10qsbfy09q2.htm,1620590651,16:04:11,20210509
48,2008-12-31,CRAWA,USD,2009-02-17,2009-02-17 10:16:52,Q1,1159063.0,876612.0,282451.0,0.24368908333714387,450469.0,0.0,790977.0,0.0,1241446.0,2118058.0,1597.0,42858.0,-916137.0,-0.7904117377571366,-958995.0,-0.8273881575030866,15239.0,-945353.0,-0.8156183054760613,200000.0,-1145353.0,-0.9881714798936727,-0.92,-0.92,1248095.0,1248095.0,https://www.sec.gov/Archives/edgar/data/47307/000004730709000005/0000047307-09-000005-index.htm,https://www.sec.gov/Archives/edgar/data/47307/000004730708000021/r10kfy08.htm,1620590651,16:04:11,20210509
49,2008-09-30,CRAWA,USD,2008-12-29,2008-12-29 11:23:35,Q4,1424630.0,886981.0,537649.0,0.37739553427907596,451102.0,0.0,0.0,0.0,1265596.0,2152577.0,1604.0,30521.0,-697426.0,-0.48954886531941627,-727947.0,-0.5109726736064802,10283.0,-719268.0,-0.5048805654801598,149207.0,-868475.0,-0.609614426201891,-0.6958404608623542,-0.6958404608623542,1248095.0,1248095.0,https://www.sec.gov/Archives/edgar/data/47307/000004730708000021/0000047307-08-000021-index.htm,https://www.sec.gov/Archives/edgar/data/47307/000004730708000021/r10kfy08.htm,1620590651,16:04:11,20210509
50,2008-06-30,CRAWA,USD,2008-08-14,2008-08-14 14:39:41,Q3,1704816.0,1267204.0,437612.0,0.2566916312376233,497986.0,0.0,0.0,0.0,1312311.0,2579515.0,1580.0,55323.0,-819376.0,-0.4806243019774568,-874699.0,-0.5130753113532487,18822.0,-857457.0,-0.5029616099332714,-321800.0,-535657.0,-0.31420223648769136,-0.43,-0.43,1244104.0,1244104.0,https://www.sec.gov/Archives/edgar/data/47307/000004730708000019/0000047307-08-000019-index.htm,https://www.sec.gov/Archives/edgar/data/47307/000004730708000019/r10qfy08q3.htm,1620590651,16:04:11,20210509
51,2008-03-31,CRAWA,USD,2008-05-15,2008-05-15 10:11:39,Q2,1699468.0,1261384.0,438084.0,0.2577771396695907,507033.0,0.0,0.0,0.0,1219413.0,2480797.0,3004.0,55322.0,-726007.0,-0.42719662859200647,-781329.0,-0.45974916856333864,37477.0,-746856.0,-0.43946458538789784,-272400.0,-474456.0,-0.2791791313516936,-0.38,-0.38,1239203.0,1239203.0,https://www.sec.gov/Archives/edgar/data/47307/000004730708000017/0000047307-08-000017-index.htm,https://www.sec.gov/Archives/edgar/data/47307/000004730708000017/r10qsbfy08q2.htm,1620590651,16:04:11,20210509
52,2007-12-31,CRAWA,USD,2008-02-12,2008-02-12 08:51:01,Q1,7241412.0,3927333.0,3314079.0,0.4576564625793975,464730.0,0.0,0.0,0.0,1577913.0,5505246.0,3786.0,55324.0,1791490.0,0.2473951212829763,1736166.0,0.23975517481949654,21509.0,1753889.0,0.242202625675766,645000.0,1108889.0,0.15313159919639982,0.9,0.85,1232099.0,1304575.0,https://www.sec.gov/Archives/edgar/data/47307/000004730708000003/0000047307-08-000003-index.htm,https://www.sec.gov/Archives/edgar/data/47307/000004730707000011/r10kfy07.htm,1620590651,16:04:11,20210509
53,2007-09-30,CRAWA,USD,2007-12-26,2007-12-26 14:46:35,Q4,5970244.0,3495671.0,2474573.0,0.4144843996325778,577641.0,0.0,0.0,0.0,1443537.0,4939208.0,43298.0,32107.0,1063143.0,0.1780736264715479,1031036.0,0.17269578931782353,31689.0,1019427.0,0.17075131267666782,568000.0,481153.0,0.08059184850736419,0.39051488557331837,0.39051488557331837,1232099.0,1232099.0,https://www.sec.gov/Archives/edgar/data/47307/000004730707000011/0000047307-07-000011-index.htm,https://www.sec.gov/Archives/edgar/data/47307/000004730707000011/r10kfy07.htm,1620590651,16:04:11,20210509
54,2007-06-30,CRAWA,USD,2007-08-14,2007-08-14 08:34:28,Q3,2817235.0,1708901.0,1108334.0,0.39341198018624646,468191.0,0.0,0.0,0.0,1302301.0,3011202.0,4387.0,63018.0,-130949.0,-0.046481390441336985,-193967.0,-0.0688501314231862,245375.0,47021.0,0.016690478430091915,15700.0,31321.0,0.011117638393673229,0.02,0.02,1566050.0,1566050.0,https://www.sec.gov/Archives/edgar/data/47307/000004730707000007/0000047307-07-000007-index.htm,https://www.sec.gov/Archives/edgar/data/47307/000004730707000007/r10qfy07q3.htm,1620590651,16:04:11,20210509
55,2007-03-31,CRAWA,USD,2007-05-15,2007-05-15 14:43:22,Q2,1540952.0,1153678.0,387274.0,0.25132126114246256,511092.0,0.0,0.0,0.0,1527552.0,2681230.0,0.0,63018.0,-1077260.0,-0.6990873174505111,-1140278.0,-0.7399828158177543,16162.0,-1124116.0,-0.7294944943126067,-382700.0,-741416.0,-0.4811415280943209,-0.61,-0.61,1215436.0,1215436.0,https://www.sec.gov/Archives/edgar/data/47307/000004730707000005/0000047307-07-000005-index.htm,https://www.sec.gov/Archives/edgar/data/47307/000004730707000005/r10qsbfy07q2.htm,1620590651,16:04:11,20210509
56,2006-12-31,CRAWA,USD,2007-02-15,2007-02-15 12:19:18,Q1,2191630.0,1434134.0,757496.0,0.34563133375615407,463388.0,0.0,0.0,0.0,1377520.0,2811654.0,1792.0,63017.0,-557007.0,-0.25415193257986063,-620024.0,-0.28290541742903685,52935.0,-568881.0,-0.25956981789809414,-193000.0,-390744.0,-0.17828921852684987,-0.32,-0.32,1221075.0,1221075.0,https://www.sec.gov/Archives/edgar/data/47307/000004730707000003/0000047307-07-000003-index.htm,https://www.sec.gov/Archives/edgar/data/47307/000004730706000013/r10kfy06.htm,1620590651,16:04:11,20210509
57,2006-09-30,CRAWA,USD,2006-12-22,2006-12-22 10:27:33,Q4,5339935.0,2792660.0,2547275.0,0.47702359672917366,530449.0,0.0,0.0,0.0,1892963.0,4685623.0,28393.0,36313.0,690625.0,0.1293320986116872,654312.0,0.12253182857094702,7888.0,633807.0,0.11869189418972328,122700.0,511107.0,0.09571408640741881,0.41857134082673053,0.41857134082673053,1221075.0,1221075.0,https://www.sec.gov/Archives/edgar/data/47307/000004730706000013/0000047307-06-000013-index.htm,https://www.sec.gov/Archives/edgar/data/47307/000004730706000013/r10kfy06.htm,1620590651,16:04:11,20210509
58,2006-06-30,CRAWA,USD,2006-08-14,2006-08-14 13:59:55,Q3,4221159.0,2220860.0,2000299.0,0.47387435536069594,469835.0,0.0,0.0,0.0,1561353.0,3782213.0,5766.0,66992.0,505938.0,0.119857603089578,438946.0,0.10398708032556936,12295.0,445475.0,0.10553381192227064,151500.0,293975.0,0.06964319515090524,0.24,0.24,1224896.0,1224896.0,https://www.sec.gov/Archives/edgar/data/47307/000004730706000010/0000047307-06-000010-index.htm,https://www.sec.gov/Archives/edgar/data/47307/000004730706000010/r10qfy06q3.htm,1620590651,16:04:11,20210509
59,2006-03-31,CRAWA,USD,2006-05-12,2006-05-12 10:57:20,Q2,3613401.0,2297366.0,1316035.0,0.36420950788467704,456570.0,0.0,0.0,0.0,1547337.0,3844703.0,16374.0,66993.0,-164309.0,-0.04547211892618616,-231302.0,-0.06401226988092382,87204.0,-160472.0,-0.044410238442951666,-54500.0,-105972.0,-0.02932749506628243,-0.09,-0.09,1177467.0,1177467.0,https://www.sec.gov/Archives/edgar/data/47307/000004730706000008/0000047307-06-000008-index.htm,https://www.sec.gov/Archives/edgar/data/47307/000004730706000008/r10qsbfy06q2.htm,1620590651,16:04:11,20210509
60,2005-12-31,CRAWA,USD,2006-02-15,2006-02-15 14:53:40,Q1,2703224.0,1475273.0,1227951.0,0.4542542534395966,383328.0,0.0,0.0,0.0,1247327.0,2722600.0,14049.0,66993.0,47617.0,0.01761489243954626,-19376.0,-0.007167737486793547,191728.0,158303.0,0.0585608147900433,53800.0,104503.0,0.03865865351890927,0.09,0.08,1161144.0,1306288.0,https://www.sec.gov/Archives/edgar/data/47307/000004730706000003/0000047307-06-000003-index.htm,https://www.sec.gov/Archives/edgar/data/47307/000004730705000010/r10kfy05.htm,1620590651,16:04:11,20210509
61,2005-09-30,CRAWA,USD,2005-12-22,2005-12-22 13:40:06,Q4,2002600.0,1457140.0,545460.0,0.2723759113152901,447272.0,0.0,0.0,0.0,1446563.0,2903703.0,0.0,29850.0,-871253.0,-0.43506092080295616,-901103.0,-0.4499665434934585,64641.0,-846167.0,-0.42253420553280735,-354300.0,-491867.0,-0.2456142015380006,-0.42360551318355,-0.42360551318355,1161144.0,1161144.0,https://www.sec.gov/Archives/edgar/data/47307/000004730705000010/0000047307-05-000010-index.htm,https://www.sec.gov/Archives/edgar/data/47307/000004730705000010/r10kfy05.htm,1620590651,16:04:11,20210509
62,2005-06-30,CRAWA,USD,2005-08-12,2005-08-12 08:48:34,Q3,2761122.0,1645279.0,1115843.0,0.4041266557580578,526482.0,0.0,0.0,0.0,1639051.0,3284330.0,9192.0,79110.0,-444098.0,-0.16083968763422984,-523208.0,-0.18949108369713472,12863.0,-519537.0,-0.1881615517170194,-177000.0,-342537.0,-0.12405717675640555,-0.28,-0.28,1223346.0,1223346.0,https://www.sec.gov/Archives/edgar/data/47307/000004730705000008/0000047307-05-000008-index.htm,https://www.sec.gov/Archives/edgar/data/47307/000004730705000008/r10qfy05q3.htm,1620590651,16:04:11,20210509
63,2005-03-31,CRAWA,USD,2005-05-13,2005-05-13 13:13:51,Q2,2842081.0,1583196.0,1258885.0,0.4429447999546811,553459.0,0.0,0.0,0.0,1692022.0,3275218.0,2052.0,82605.0,-350532.0,-0.12333638626063086,-433137.0,-0.15240135661158144,47679.0,-387510.0,-0.13634727511284864,-131900.0,-255610.0,-0.08993761965264185,-0.21,-0.21,1217190.0,1217190.0,https://www.sec.gov/Archives/edgar/data/47307/000004730705000005/0000047307-05-000005-index.htm,https://www.sec.gov/Archives/edgar/data/47307/000004730705000005/r10qsbfy05q2.htm,1620590651,16:04:11,20210509
64,2004-12-31,CRAWA,USD,2005-02-11,2005-02-11 09:22:20,Q1,2064891.0,1347815.0,717076.0,0.34727063075000086,532188.0,0.0,0.0,0.0,1525397.0,2873212.0,516.0,75615.0,-732706.0,-0.35484003756130467,-808321.0,-0.39145940391042433,75979.0,-732858.0,-0.35491364919504226,-249100.0,-483758.0,-0.23427774153696249,-0.4,-0.4,1209395.0,1209395.0,https://www.sec.gov/Archives/edgar/data/47307/000004730705000003/0000047307-05-000003-index.htm,https://www.sec.gov/Archives/edgar/data/47307/000004730704000022/r10kfy04.htm,1620590651,16:04:11,20210509
65,2004-09-30,CRAWA,USD,2004-12-22,2004-12-22 10:42:53,Q4,2490458.0,1290281.0,1200177.0,0.48191015467837645,524703.0,0.0,0.0,0.0,1435377.0,2725658.0,0.0,53707.0,-181493.0,-0.07287535063831632,-235200.0,-0.0944404603490603,218.0,-235395.0,-0.094518759200115,-183900.0,-51495.0,-0.02067691966698495,-0.04257914081007446,-0.04257914081007446,1209395.0,1209395.0,https://www.sec.gov/Archives/edgar/data/47307/000004730704000022/0000047307-04-000022-index.htm,https://www.sec.gov/Archives/edgar/data/47307/000004730704000022/r10kfy04.htm,1620590651,16:04:11,20210509
66,2004-06-30,CRAWA,USD,2004-08-11,2004-08-11 15:25:39,Q3,3788528.0,1908132.0,1880396.0,0.49633947538463485,553683.0,0.0,0.0,0.0,1763568.0,3671700.0,337.0,75615.0,192443.0,0.050796245929817595,116828.0,0.030837306732324533,17186.0,133677.0,0.03528468048804179,45800.0,87877.0,0.023195552467871427,0.07,0.07,1255386.0,1255386.0,https://www.sec.gov/Archives/edgar/data/47307/000004730704000010/0000047307-04-000010-index.htm,https://www.sec.gov/Archives/edgar/data/47307/000004730704000010/r10qfy04q3.htm,1620590651,16:04:11,20210509
67,2004-03-31,CRAWA,USD,2004-05-11,2004-05-11 07:53:21,Q2,5871643.0,3002952.0,2868691.0,0.4885669990494994,541906.0,0.0,0.0,0.0,2204469.0,5207421.0,304.0,75614.0,739836.0,0.1260015297251553,664222.0,0.11312370319517041,19960.0,-683878.0,-0.1164713181642685,232500.0,451378.0,0.07687422413113332,0.37,0.36,1219941.0,1253828.0,https://www.sec.gov/Archives/edgar/data/47307/000004730704000007/0000047307-04-000007-index.htm,https://www.sec.gov/Archives/edgar/data/47307/000004730704000007/r10qsbfy04q2.htm,1620590651,16:04:11,20210509
68,2003-12-31,CRAWA,USD,2004-02-13,2004-02-13 08:47:35,Q1,3570409.0,1848130.0,1722279.0,0.4823758286515634,507349.0,0.0,0.0,0.0,1477224.0,3325354.0,504.0,75616.0,320671.0,0.08981351996367923,245055.0,0.06863499391806373,16159.0,260710.0,0.07301964564843971,88700.0,172010.0,0.04817655344247676,0.14,0.14,1228643.0,1228643.0,https://www.sec.gov/Archives/edgar/data/47307/000004730704000003/0000047307-04-000003-index.htm,https://www.sec.gov/Archives/edgar/data/47307/000004730703000012/r10kfy03.htm,1620590651,16:04:11,20210509
69,2003-09-30,CRAWA,USD,2003-12-22,2003-12-22 08:53:14,Q4,2788586.0,1446715.0,1341871.0,0.48120122528048265,497520.0,0.0,0.0,0.0,1586571.0,3033286.0,1136.0,25171.0,-219529.0,-0.0787241275685957,-244700.0,-0.08775056605749294,741.0,-245095.0,-0.08789221490748358,-144400.0,-100695.0,-0.036109698607107686,-0.08195627208228916,-0.08195627208228916,1228643.0,1228643.0,https://www.sec.gov/Archives/edgar/data/47307/000004730703000012/0000047307-03-000012-index.htm,https://www.sec.gov/Archives/edgar/data/47307/000004730703000012/r10kfy03.htm,1620590651,16:04:11,20210509
70,2003-06-30,CRAWA,USD,2003-08-14,2003-08-14 09:08:38,Q3,2887656.0,1562904.0,1324752.0,0.45876378626817044,485027.0,0.0,0.0,0.0,1571940.0,3134844.0,0.0,96174.0,-151014.0,-0.052296395415520405,-247188.0,-0.08560160905592633,15232.0,-232353.0,-0.08046422427048097,-78600.0,-153753.0,-0.05324491559936502,-0.13,-0.13,1182715.0,1182715.0,https://www.sec.gov/Archives/edgar/data/47307/000004730703000009/0000047307-03-000009-index.htm,https://www.sec.gov/Archives/edgar/data/47307/000004730703000009/r10qfy03q3.htm,1620590651,16:04:11,20210509
71,2003-03-31,CRAWA,USD,2003-05-15,2003-05-15 08:25:44,Q2,2913756.0,1565876.0,1347880.0,0.46259192602263194,504825.0,0.0,0.0,0.0,1551434.0,3117310.0,0.0,96174.0,-107380.0,-0.03685277696553864,-203554.0,-0.0698596588046494,18581.0,185720.0,0.06373903648761255,-63000.0,-122720.0,-0.04211745938918701,-0.1,-0.1,1227200.0,1227200.0,https://www.sec.gov/Archives/edgar/data/47307/000004730703000008/0000047307-03-000008-index.htm,https://www.sec.gov/Archives/edgar/data/47307/000004730703000008/r10qfy03q2.htm,1620590651,16:04:11,20210509
72,2002-12-31,CRAWA,USD,2003-02-14,2003-02-14 10:36:19,Q1,2447948.0,1536307.0,911641.0,0.3724102799569272,474529.0,0.0,0.0,0.0,1468507.0,3004814.0,963.0,96174.0,-460692.0,-0.1881951740804952,-556866.0,-0.2274827733268844,15341.0,-542488.0,-0.22160928255011952,-185000.0,-1396030.0,-0.5702858067246527,-1.14,-1.14,1224588.0,1224588.0,https://www.sec.gov/Archives/edgar/data/47307/000004730703000004/0000047307-03-000004-index.htm,https://www.sec.gov/Archives/edgar/data/47307/000004730702000011/r10k_fy02.htm,1620590651,16:04:11,20210509
73,2002-09-30,CRAWA,USD,2002-12-20,2002-12-20 12:21:28,Q4,3040677.0,1617320.0,1423357.0,0.4681052936566429,458138.0,991980.0,0.0,0.0,1450118.0,3067438.0,1775.0,90025.0,63264.0,0.020805892898193394,-26761.0,-0.008801000566650124,-880.0,-29416.0,-0.009674161379192858,-81800.0,52384.0,0.01722774237447779,0.04277683596442232,0.04277683596442232,1224588.0,1224588.0,https://www.sec.gov/Archives/edgar/data/47307/000004730702000011/0000047307-02-000011-index.htm,https://www.sec.gov/Archives/edgar/data/47307/000004730702000011/r10k_fy02.htm,1620590651,16:04:11,20210509
74,2002-06-30,CRAWA,USD,2002-08-13,2002-08-13 10:26:09,Q3,3513353.0,1684119.0,1829234.0,0.5206519242444468,477526.0,982369.0,0.0,0.0,1459895.0,3144014.0,1782.0,126125.0,495464.0,0.1410231195100521,369339.0,0.10512436410460321,10734.0,378291.0,0.10767235743177529,128700.0,249591.0,0.07104068392786037,0.2,0.2,1247955.0,1247955.0,https://www.sec.gov/Archives/edgar/data/47307/000004730702000009/0000047307-02-000009-index.htm,https://www.sec.gov/Archives/edgar/data/47307/000004730702000009/r10qfy02q3.htm,1620590651,16:04:11,20210509
75,2002-03-31,CRAWA,USD,2002-05-15,2002-05-15 10:04:23,Q2,3252795.0,1555034.0,1697761.0,0.5219391323461823,476330.0,1002184.0,0.0,0.0,1478514.0,3033548.0,1921.0,126122.0,345369.0,0.10617607319243912,219247.0,0.0674026491063839,10955.0,228271.0,0.07017687865358868,77300.0,150981.0,0.04641577474141469,0.12,0.12,1258175.0,1258175.0,https://www.sec.gov/Archives/edgar/data/47307/000004730702000007/0000047307-02-000007-index.htm,https://www.sec.gov/Archives/edgar/data/47307/000004730702000007/r10qfy02q2.htm,1620590651,16:04:11,20210509
76,2001-12-31,CRAWA,USD,2002-02-14,2002-02-14 00:00:00,Q1,2584817.0,1527666.0,1057151.0,0.40898485269943674,462864.0,917640.0,0.0,0.0,1380504.0,2908170.0,2228.0,126123.0,-197230.0,-0.07630327408091173,-323353.0,-0.12509705716110656,10041.0,315540.0,0.12207440604112399,-107000.0,-208540.0,-0.08067882561898966,-0.17,-0.17,1226706.0,1226706.0,https://www.sec.gov/Archives/edgar/data/47307/000004730702000004/0000047307-02-000004-index.htm,https://www.sec.gov/Archives/edgar/data/47307/000004730701500005/r10k_fy01.htm,1620590651,16:04:11,20210509
77,2001-09-30,CRAWA,USD,2001-12-20,2001-12-20 00:00:00,Q4,3612836.0,1956787.0,1656049.0,0.45837923448504164,531119.0,1003397.0,0.0,0.0,1509992.0,3466779.0,2813.0,0.0,126848.0,0.03511036758933979,146057.0,0.0404272433069201,19209.0,137929.0,0.03817748715967179,-35300.0,173229.0,0.047948204679094206,0.14121476539610958,0.14121476539610958,1226706.0,1226706.0,https://www.sec.gov/Archives/edgar/data/47307/000004730701500005/0000047307-01-500005-index.htm,https://www.sec.gov/Archives/edgar/data/47307/000004730701500005/r10k_fy01.htm,1620590651,16:04:11,20210509
78,2001-06-30,CRAWA,USD,2001-08-13 00:00:00,2001-08-13 00:00:00,Q3,3727618.0,2291062.0,1436556.0,0.3853817639039193,538550.0,1111404.0,0.0,0.0,1649201.0,3940263.0,5572.0,0.0,-218970.0,-0.058742607209215106,-212645.0,-0.057045813170770183,6325.0,-212645.0,-0.057045813170770183,-75000.0,-137645.0,-0.03692572575837975,-0.11,-0.11,1251318.0,1251318.0,https://www.sec.gov/Archives/edgar/data/47307/000004730701500003/0000047307-01-500003-index.html,https://www.sec.gov/Archives/edgar/data/47307/000004730701500003/r10qfy01q3.htm,1620590651,16:04:11,20210509
79,2001-03-31,CRAWA,USD,2001-05-15 00:00:00,2001-05-15 00:00:00,Q2,4166399.0,2640191.0,1526208.0,0.36631345197615495,683281.0,1221028.0,0.0,0.0,2055184.0,4695375.0,22319.0,150875.0,-378101.0,-0.09075006978448295,-528976.0,-0.12696239606432316,8168.0,-543127.0,-0.1303588542527972,-190000.0,-353127.0,-0.08475592472060405,-0.29,-0.29,1217679.0,1217679.0,https://www.sec.gov/Archives/edgar/data/47307/000095015201501936/0000950152-01-501936-index.html,https://www.sec.gov/Archives/edgar/data/47307/000095015201501936/l87945ae10-q.txt,1620590651,16:04:11,20210509
80,2000-12-31,CRAWA,USD,2001-02-14 00:00:00,2001-02-14 00:00:00,Q1,3754296.0,2294736.0,1459560.0,0.3887706243727186,590734.0,1234341.0,0.0,0.0,1977997.0,4272733.0,18353.0,152922.0,-365515.0,-0.09735913204499592,-518437.0,-0.13809166885083116,7227.0,-529563.0,-0.1410552071546836,-185000.0,-344563.0,-0.09177832541706887,-0.28,-0.28,1230582.0,1230582.0,https://www.sec.gov/Archives/edgar/data/47307/000095015201000998/0000950152-01-000998-index.html,https://www.sec.gov/Archives/edgar/data/47307/000095015201000998/l86234ae10-q.txt,1620590651,16:04:11,20210509
81,2000-09-30,CRAWA,USD,2000-09-30,2000-09-30,Q4,4304977.0,2439562.0,1865415.0,0.43331590389449237,627639.0,1324671.0,0.0,0.0,2073112.0,4512674.0,18852.0,120802.0,-86895.0,-0.020184776829237416,-207697.0,-0.048245786214421126,-3442.0,-229991.0,-0.053424443382624344,-212300.0,-17691.0,-0.004109429620646057,-0.014376124467934685,-0.014376124467934685,1230582.0,1230582.0,,,1620590651,16:04:11,20210509
82,2000-06-30,CRAWA,USD,2000-08-14 00:00:00,2000-08-14 00:00:00,Q3,4193247.0,2291025.0,1902222.0,0.45363938732919856,650871.0,1315809.0,0.0,0.0,2143922.0,4434947.0,0.0,177242.0,-64458.0,-0.015371858609807627,-241700.0,-0.057640296409918135,-425474.0,-684257.0,-0.16318070459479253,-239400.0,-444857.0,-0.10608890914367791,-0.37,-0.37,1202316.0,1202316.0,https://www.sec.gov/Archives/edgar/data/47307/000095015200006044/0000950152-00-006044-index.html,https://www.sec.gov/Archives/edgar/data/47307/000095015200006044/e10-q.txt,1620590651,16:04:11,20210509
83,2000-03-31,CRAWA,USD,2000-05-15 00:00:00,2000-05-15 00:00:00,Q2,4395783.0,2291805.0,2103978.0,0.47863554684114296,753172.0,1428945.0,0.0,0.0,2335943.0,4627748.0,9485.0,153826.0,-78139.0,-0.017775900220734282,-231965.0,-0.05276989332730938,-27097.0,-268547.0,-0.06109196018092795,-94100.0,-174447.0,-0.03968507999598706,-0.15,-0.15,1162980.0,1162980.0,https://www.sec.gov/Archives/edgar/data/47307/000095015200004029/0000950152-00-004029-index.html,https://www.sec.gov/Archives/edgar/data/47307/0000950152-00-004029.txt,1620590651,16:04:11,20210509
84,1999-12-31,CRAWA,USD,1999-12-31,1999-12-31,Q1,5400000.0,2800000.0,2600000.0,0.48148148148148145,700000.0,1300000.0,0.0,0.0,2200000.0,5000000.0,0.0,200000.0,600000.0,0.1111111111111111,400000.0,0.07407407407407407,0.0,500000.0,0.09259259259259259,300000.0,200000.0,0.037037037037037035,0.19,0.19,1052632.0,1052632.0,,,1620590651,16:04:11,20210509
85,1999-09-30,CRAWA,USD,1999-09-30,1999-09-30,Q4,5300000.0,3200000.0,2100000.0,0.39622641509433965,700000.0,1300000.0,0.0,0.0,2000000.0,5200000.0,0.0,0.0,100000.0,0.018867924528301886,100000.0,0.018867924528301886,0.0,100000.0,0.018867924528301886,-100000.0,200000.0,0.03773584905660377,0.1899999240000304,0.1899999240000304,1052632.0,1052632.0,,,1620590651,16:04:11,20210509
86,1999-06-30,CRAWA,USD,1999-08-16 00:00:00,1999-08-16 00:00:00,Q3,5100000.0,2800000.0,2300000.0,0.45098039215686275,700000.0,1200000.0,0.0,0.0,2200000.0,5000000.0,0.0,300000.0,400000.0,0.0784313725490196,100000.0,0.0196078431372549,0.0,0.0,0.0,0.0,0.0,0.0,0.01,0.01,1282051.0,1282051.0,https://www.sec.gov/Archives/edgar/data/47307/000095015299006881/0000950152-99-006881-index.html,https://www.sec.gov/Archives/edgar/data/47307/0000950152-99-006881.txt,1620590651,16:04:11,20210509
87,1999-03-31,CRAWA,USD,1999-05-17 00:00:00,1999-05-17 00:00:00,Q2,4600000.0,2800000.0,1800000.0,0.391304347826087,700000.0,1300000.0,0.0,0.0,2200000.0,5000000.0,0.0,200000.0,-200000.0,-0.043478260869565216,-400000.0,-0.08695652173913043,100000.0,-300000.0,-0.06521739130434782,-100000.0,-200000.0,-0.043478260869565216,-0.18,-0.18,1111111.0,1111111.0,https://www.sec.gov/Archives/edgar/data/47307/000095015299004564/0000950152-99-004564-index.html,https://www.sec.gov/Archives/edgar/data/47307/0000950152-99-004564.txt,1620590651,16:04:11,20210509
88,1998-12-31,CRAWA,USD,1998-12-31,1998-12-31,Q1,3800000.0,2100000.0,1700000.0,0.4473684210526316,700000.0,1200000.0,0.0,0.0,2100000.0,4200000.0,0.0,200000.0,-200000.0,-0.05263157894736842,-400000.0,-0.10526315789473684,100000.0,-300000.0,-0.07894736842105263,-100000.0,-200000.0,-0.05263157894736842,-0.21,-0.21,952381.0,952381.0,,,1620590651,16:04:11,20210509
89,1998-09-30,CRAWA,USD,1998-09-30,1998-09-30,Q4,5100000.0,2700000.0,2400000.0,0.47058823529411764,700000.0,1400000.0,0.0,0.0,2200000.0,4900000.0,0.0,100000.0,300000.0,0.058823529411764705,200000.0,0.0392156862745098,0.0,0.0,0.0,-100000.0,100000.0,0.0196078431372549,0.10499999475000026,0.10499999475000026,952381.0,952381.0,,,1620590651,16:04:11,20210509
90,1998-06-30,CRAWA,USD,1998-08-13 00:00:00,1998-08-13 00:00:00,Q3,4900000.0,2400000.0,2500000.0,0.5102040816326531,800000.0,1400000.0,0.0,0.0,2400000.0,4800000.0,0.0,200000.0,300000.0,0.061224489795918366,100000.0,0.02040816326530612,0.0,0.0,0.0,0.0,100000.0,0.02040816326530612,0.05,0.05,2000000.0,2000000.0,https://www.sec.gov/Archives/edgar/data/47307/000095015298006674/0000950152-98-006674-index.html,https://www.sec.gov/Archives/edgar/data/47307/0000950152-98-006674.txt,1620590651,16:04:11,20210509
91,1998-03-31,CRAWA,USD,1998-05-15 00:00:00,1998-05-15 00:00:00,Q2,6000000.0,3200000.0,2800000.0,0.4666666666666667,800000.0,1100000.0,0.0,0.0,2100000.0,5300000.0,0.0,200000.0,900000.0,0.15,700000.0,0.11666666666666667,0.0,800000.0,0.13333333333333333,300000.0,500000.0,0.08333333333333333,0.45,0.44,1111111.0,1136364.0,https://www.sec.gov/Archives/edgar/data/47307/000095015298004543/0000950152-98-004543-index.html,https://www.sec.gov/Archives/edgar/data/47307/0000950152-98-004543.txt,1620590651,16:04:11,20210509
92,1997-12-31,CRAWA,USD,1997-12-31,1997-12-31,Q1,4800000.0,2500000.0,2300000.0,0.4791666666666667,800000.0,900000.0,0.0,0.0,1900000.0,4400000.0,0.0,200000.0,600000.0,0.125,400000.0,0.08333333333333333,0.0,500000.0,0.10416666666666667,200000.0,300000.0,0.0625,0.24,0.24,1250000.0,1250000.0,,,1620590651,16:04:11,20210509
93,1997-09-30,CRAWA,USD,1997-09-30,1997-09-30,Q4,7400000.0,3800000.0,3600000.0,0.4864864864864865,800000.0,1000000.0,0.0,0.0,1900000.0,5700000.0,0.0,100000.0,1800000.0,0.24324324324324326,1700000.0,0.22972972972972974,0.0,1600000.0,0.21621621621621623,500000.0,1100000.0,0.14864864864864866,0.88,0.88,1250000.0,1250000.0,,,1620590651,16:04:11,20210509
94,1997-06-30,CRAWA,USD,1997-08-13 00:00:00,1997-08-13 00:00:00,Q3,4300000.0,2600000.0,1700000.0,0.3953488372093023,800000.0,900000.0,0.0,0.0,2100000.0,4700000.0,0.0,200000.0,-200000.0,-0.046511627906976744,-400000.0,-0.09302325581395349,100000.0,-300000.0,-0.06976744186046512,-100000.0,-200000.0,-0.046511627906976744,-0.2,-0.1899999240000304,1000000.0,1052632.0,https://www.sec.gov/Archives/edgar/data/47307/000091205797027504/0000912057-97-027504-index.html,https://www.sec.gov/Archives/edgar/data/47307/0000912057-97-027504.txt,1620590651,16:04:11,20210509
95,1997-03-31,CRAWA,USD,1997-05-13 00:00:00,1997-05-13 00:00:00,Q2,4800000.0,3000000.0,1800000.0,0.375,900000.0,900000.0,0.0,0.0,2000000.0,5000000.0,0.0,200000.0,0.0,0.0,-200000.0,-0.041666666666666664,0.0,0.0,0.0,0.0,-100000.0,-0.020833333333333332,-0.06,-0.06,1666667.0,1666667.0,https://www.sec.gov/Archives/edgar/data/47307/000095015297003789/0000950152-97-003789-index.html,https://www.sec.gov/Archives/edgar/data/47307/0000950152-97-003789.txt,1620590651,16:04:11,20210509
96,1996-12-31,CRAWA,USD,1997-02-14 00:00:00,1997-02-14 00:00:00,Q1,4700000.0,3100000.0,1600000.0,0.3404255319148936,800000.0,900000.0,0.0,0.0,1900000.0,5000000.0,0.0,200000.0,-100000.0,-0.02127659574468085,-300000.0,-0.06382978723404255,0.0,-300000.0,-0.06382978723404255,-100000.0,-200000.0,-0.0425531914893617,-0.16,-0.16,1250000.0,1250000.0,https://www.sec.gov/Archives/edgar/data/47307/000095015297000968/0000950152-97-000968-index.html,https://www.sec.gov/Archives/edgar/data/47307/0000950152-97-000968.txt,1620590651,16:04:11,20210509
97,1996-09-30,CRAWA,USD,1996-12-20 00:00:00,1996-12-20 00:00:00,Q4,6300000.0,3700000.0,2600000.0,0.4126984126984127,900000.0,1100000.0,0.0,0.0,2200000.0,5900000.0,100000.0,200000.0,600000.0,0.09523809523809523,400000.0,0.06349206349206349,100000.0,200000.0,0.031746031746031744,0.0,200000.0,0.031746031746031744,0.16,0.16,1250000.0,1250000.0,https://www.sec.gov/Archives/edgar/data/47307/000095015296006733/0000950152-96-006733-index.html,https://www.sec.gov/Archives/edgar/data/47307/0000950152-96-006733.txt,1620590651,16:04:11,20210509
98,1996-06-30,CRAWA,USD,1996-08-09 00:00:00,1996-08-09 00:00:00,Q3,6100000.0,3900000.0,2200000.0,0.36065573770491804,900000.0,1000000.0,0.0,0.0,2100000.0,6000000.0,0.0,200000.0,300000.0,0.04918032786885246,100000.0,0.01639344262295082,100000.0,200000.0,0.03278688524590164,100000.0,100000.0,0.01639344262295082,0.11,0.11,909091.0,909091.0,https://www.sec.gov/Archives/edgar/data/47307/000091205796016764/0000912057-96-016764-index.html,https://www.sec.gov/Archives/edgar/data/47307/0000912057-96-016764.txt,1620590651,16:04:11,20210509
99,1996-03-31,CRAWA,USD,1996-05-08 00:00:00,1996-05-08 00:00:00,Q2,6600000.0,3900000.0,2700000.0,0.4090909090909091,1000000.0,1000000.0,0.0,0.0,2200000.0,6100000.0,0.0,200000.0,700000.0,0.10606060606060606,500000.0,0.07575757575757576,100000.0,600000.0,0.09090909090909091,200000.0,400000.0,0.06060606060606061,0.31,0.31,1290323.0,1290323.0,https://www.sec.gov/Archives/edgar/data/47307/000091205796008412/0000912057-96-008412-index.html,https://www.sec.gov/Archives/edgar/data/47307/0000912057-96-008412.txt,1620590651,16:04:11,20210509
100,1995-12-31,CRAWA,USD,1996-02-15 00:00:00,1996-02-15 00:00:00,Q1,7200000.0,4800000.0,2400000.0,0.3333333333333333,800000.0,1000000.0,0.0,0.0,1900000.0,6700000.0,100000.0,100000.0,600000.0,0.08333333333333333,500000.0,0.06944444444444445,100000.0,500000.0,0.06944444444444445,200000.0,300000.0,0.041666666666666664,0.25,0.25,1200000.0,1200000.0,https://www.sec.gov/Archives/edgar/data/47307/000091205796002623/0000912057-96-002623-index.html,https://www.sec.gov/Archives/edgar/data/47307/0000912057-96-002623.txt,1620590651,16:04:11,20210509
101,1995-09-30,CRAWA,USD,1995-12-22,1995-12-22,Q4,8400000.0,4900000.0,3500000.0,0.4166666666666667,1400000.0,1200000.0,0.0,0.0,2800000.0,7700000.0,0.0,200000.0,900000.0,0.10714285714285714,700000.0,0.08333333333333333,0.0,700000.0,0.08333333333333333,200000.0,500000.0,0.05952380952380952,0.4166666666666667,0.4166666666666667,1200000.0,1200000.0,https://www.sec.gov/Archives/edgar/data/47307/0000912057-95-011478-index.html,https://www.sec.gov/Archives/edgar/data/47307/,1620590651,16:04:11,20210509
102,1995-06-30,CRAWA,USD,1995-08-04 00:00:00,1995-08-04 00:00:00,Q3,7000000.0,4100000.0,2900000.0,0.4142857142857143,800000.0,1100000.0,0.0,0.0,2200000.0,6300000.0,100000.0,100000.0,800000.0,0.11428571428571428,700000.0,0.1,0.0,600000.0,0.08571428571428572,200000.0,400000.0,0.05714285714285714,0.33,0.33,1212121.0,1212121.0,https://www.sec.gov/Archives/edgar/data/47307/000091205795005920/0000912057-95-005920-index.html,https://www.sec.gov/Archives/edgar/data/47307/0000912057-95-005920.txt,1620590651,16:04:11,20210509
103,1995-03-31,CRAWA,USD,1995-05-15 00:00:00,1995-05-15 00:00:00,Q2,9400000.0,6300000.0,3100000.0,0.32978723404255317,900000.0,1000000.0,0.0,0.0,2000000.0,8300000.0,0.0,100000.0,1200000.0,0.1276595744680851,1100000.0,0.11702127659574468,100000.0,1200000.0,0.1276595744680851,500000.0,700000.0,0.07446808510638298,0.59,0.59,1186441.0,1186441.0,https://www.sec.gov/Archives/edgar/data/47307/000091205795003725/0000912057-95-003725-index.html,https://www.sec.gov/Archives/edgar/data/47307/0000912057-95-003725.txt,1620590651,16:04:11,20210509
104,1994-12-31,CRAWA,USD,1994-12-31,1994-12-31,Q1,4700000.0,2900000.0,1800000.0,0.3829787234042553,500000.0,800000.0,0.0,0.0,1500000.0,4400000.0,0.0,200000.0,500000.0,0.10638297872340426,300000.0,0.06382978723404255,0.0,300000.0,0.06382978723404255,100000.0,200000.0,0.0425531914893617,0.28,0.28,1196000.0,1196000.0,,,1620590651,16:04:11,20210509
105,1994-09-30,CRAWA,USD,1994-09-30,1994-09-30,Q4,7500000.0,4100000.0,3400000.0,0.4533333333333333,600000.0,1400000.0,0.0,0.0,2100000.0,6200000.0,0.0,100000.0,1400000.0,0.18666666666666668,1300000.0,0.17333333333333334,0.0,1400000.0,0.18666666666666668,500000.0,900000.0,0.12,0.7525083612040134,0.7525083612040134,1196000.0,1196000.0,,,1620590651,16:04:11,20210509
106,1994-06-30,CRAWA,USD,1994-06-30,1994-06-30,Q3,5200000.0,3200000.0,2000000.0,0.38461538461538464,500000.0,800000.0,0.0,0.0,1500000.0,4700000.0,0.0,200000.0,700000.0,0.1346153846153846,500000.0,0.09615384615384616,0.0,500000.0,0.09615384615384616,200000.0,300000.0,0.057692307692307696,0.28,0.28,1071429.0,1071429.0,,,1620590651,16:04:11,20210509
107,1994-03-31,CRAWA,USD,1994-03-31,1994-03-31,Q2,5800000.0,3700000.0,2100000.0,0.3620689655172414,600000.0,900000.0,0.0,0.0,1600000.0,5300000.0,0.0,100000.0,600000.0,0.10344827586206896,500000.0,0.08620689655172414,-200000.0,300000.0,0.05172413793103448,100000.0,200000.0,0.034482758620689655,0.16,0.16,1250000.0,1250000.0,,,1620590651,16:04:11,20210509
108,1993-12-31,CRAWA,USD,1993-12-31,1993-12-31,Q1,4000000.0,3000000.0,1000000.0,0.25,0.0,600000.0,0.0,0.0,700000.0,3700000.0,0.0,100000.0,400000.0,0.1,300000.0,0.075,0.0,300000.0,0.075,100000.0,200000.0,0.05,0.19,0.19,1052632.0,1052632.0,,,1620590651,16:04:11,20210509
109,1993-06-30,CRAWA,USD,1993-06-30,1993-06-30,Q3,5800000.0,4200000.0,1600000.0,0.27586206896551724,0.0,800000.0,0.0,0.0,800000.0,5000000.0,0.0,0.0,700000.0,0.1206896551724138,800000.0,0.13793103448275862,100000.0,800000.0,0.13793103448275862,300000.0,500000.0,0.08620689655172414,0.44,0.44,1136364.0,1136364.0,,,1620590651,16:04:11,20210509
110,1993-03-31,CRAWA,USD,1993-03-31,1993-03-31,Q1,3800000.0,2900000.0,900000.0,0.23684210526315788,0.0,800000.0,0.0,0.0,800000.0,3700000.0,0.0,100000.0,200000.0,0.05263157894736842,100000.0,0.02631578947368421,100000.0,200000.0,0.05263157894736842,100000.0,100000.0,0.02631578947368421,0.08,0.08,1250000.0,1250000.0,,,1620590651,16:04:11,20210509
111,1992-12-31,CRAWA,USD,1992-12-31,1992-12-31,Q1,4100000.0,3200000.0,900000.0,0.21951219512195122,0.0,600000.0,0.0,0.0,700000.0,3900000.0,0.0,100000.0,300000.0,0.07317073170731707,200000.0,0.04878048780487805,0.0,200000.0,0.04878048780487805,100000.0,100000.0,0.024390243902439025,0.09,0.09,1111111.0,1111111.0,,,1620590651,16:04:11,20210509
112,1992-06-30,CRAWA,USD,1992-06-30,1992-06-30,Q3,6000000.0,4400000.0,1600000.0,0.26666666666666666,0.0,800000.0,0.0,0.0,800000.0,5200000.0,0.0,0.0,700000.0,0.11666666666666667,800000.0,0.13333333333333333,100000.0,800000.0,0.13333333333333333,300000.0,500000.0,0.08333333333333333,0.38,0.38,1315789.0,1315789.0,,,1620590651,16:04:11,20210509
113,1992-03-31,CRAWA,USD,1992-03-31,1992-03-31,Q1,3400000.0,2600000.0,800000.0,0.23529411764705882,0.0,600000.0,0.0,0.0,600000.0,3200000.0,0.0,0.0,200000.0,0.058823529411764705,200000.0,0.058823529411764705,0.0,300000.0,0.08823529411764706,100000.0,200000.0,0.058823529411764705,0.13,0.13,1538462.0,1538462.0,,,1620590651,16:04:11,20210509
114,1991-12-31,CRAWA,USD,1991-12-31,1991-12-31,Q1,2600000.0,2000000.0,600000.0,0.23076923076923078,0.0,600000.0,0.0,0.0,600000.0,2600000.0,0.0,0.0,0.0,0.0,0.0,0.0,0.0,0.0,0.0,0.0,0.0,0.0,0.02,0.02,1220000.0,1220000.0,,,1620590651,16:04:11,20210509
115,1991-06-30,CRAWA,USD,1991-06-30,1991-06-30,Q3,2900000.0,2200000.0,700000.0,0.2413793103448276,0.0,500000.0,0.0,0.0,500000.0,2700000.0,0.0,0.0,200000.0,0.06896551724137931,200000.0,0.06896551724137931,0.0,200000.0,0.06896551724137931,100000.0,100000.0,0.034482758620689655,0.11,0.11,909091.0,909091.0,,,1620590651,16:04:11,20210509
116,1991-03-31,CRAWA,USD,1991-03-31,1991-03-31,Q1,2900000.0,2100000.0,800000.0,0.27586206896551724,0.0,600000.0,0.0,0.0,600000.0,2700000.0,0.0,0.0,200000.0,0.06896551724137931,200000.0,0.06896551724137931,0.0,200000.0,0.06896551724137931,100000.0,100000.0,0.034482758620689655,0.1,0.1,1000000.0,1000000.0,,,1620590651,16:04:11,20210509
117,1990-12-31,CRAWA,USD,1990-12-31,1990-12-31,Q1,1500000.0,1200000.0,300000.0,0.2,0.0,500000.0,0.0,0.0,500000.0,1700000.0,0.0,0.0,-200000.0,-0.13333333333333333,-200000.0,-0.13333333333333333,0.0,-200000.0,-0.13333333333333333,-100000.0,-100000.0,-0.06666666666666667,-0.07,-0.07,1428571.0,1428571.0,,,1620590651,16:04:11,20210509
118,1990-06-30,CRAWA,USD,1990-06-30,1990-06-30,Q3,2500000.0,1600000.0,900000.0,0.36,0.0,700000.0,0.0,0.0,700000.0,2300000.0,0.0,0.0,200000.0,0.08,200000.0,0.08,0.0,200000.0,0.08,100000.0,100000.0,0.04,0.09,0.09,1111111.0,1111111.0,,,1620590651,16:04:11,20210509
119,1990-03-31,CRAWA,USD,1990-03-31,1990-03-31,Q1,2900000.0,1600000.0,1300000.0,0.4482758620689655,0.0,800000.0,0.0,0.0,800000.0,2400000.0,0.0,0.0,500000.0,0.1724137931034483,500000.0,0.1724137931034483,0.0,500000.0,0.1724137931034483,200000.0,300000.0,0.10344827586206896,0.24,0.24,1250000.0,1250000.0,,,1620590651,16:04:11,20210509
120,1989-12-31,CRAWA,USD,1989-12-31,1989-12-31,Q1,1700000.0,1100000.0,600000.0,0.35294117647058826,0.0,500000.0,0.0,0.0,500000.0,1600000.0,0.0,0.0,100000.0,0.058823529411764705,100000.0,0.058823529411764705,0.0,0.0,0.0,0.0,0.0,0.0,0.02,0.02,2592000.0,2592000.0,,,1620590651,16:04:11,20210509
