,date,symbol,reportedCurrency,fillingDate,acceptedDate,period,revenue,costOfRevenue,grossProfit,grossProfitRatio,researchAndDevelopmentExpenses,generalAndAdministrativeExpenses,sellingAndMarketingExpenses,otherExpenses,operatingExpenses,costAndExpenses,interestExpense,depreciationAndAmortization,ebitda,ebitdaratio,operatingIncome,operatingIncomeRatio,totalOtherIncomeExpensesNet,incomeBeforeTax,incomeBeforeTaxRatio,incomeTaxExpense,netIncome,netIncomeRatio,eps,epsdiluted,weightedAverageShsOut,weightedAverageShsOutDil,link,finalLink,timestamp,est_time,est_date
0,2019-09-30,0363.HK,HKD,2019-09-30,2019-09-30,Q3,8086368250,4953322250.0,3133046000.0,0.387447850894003,0.0,619635000.0,269883000.0,178629750.0,0.0,5842840250.0,473951750.0,440371250.0,2683899250,0.3319041585819444,2243528000,0.2774456876855689,0.0,2226550250,0.2753461357637281,893161250,837382750,0.10355486222136866,0.77025,0.77025,1087211600,1087211600,https://www1.hkexnews.hk/search/titlesearch.xhtml,https://www1.hkexnews.hk/search/titlesearch.xhtml,1620584692,14:24:52,20210509
1,2019-06-30,0363.HK,HKD,2019-06-30,2019-06-30,Q2,8086368250,4953322250.0,3133046000.0,0.387447850894003,0.0,619635000.0,269883000.0,178629750.0,0.0,5842840250.0,473951750.0,440371250.0,2683899250,0.3319041585819444,2243528000,0.2774456876855689,0.0,2226550250,0.2753461357637281,893161250,837382750,0.10355486222136866,0.77025,0.77025,1087211600,1087211600,https://www1.hkexnews.hk/search/titlesearch.xhtml,https://www1.hkexnews.hk/search/titlesearch.xhtml,1620584692,14:24:52,20210509
2,2019-03-31,0363.HK,HKD,2019-03-31,2019-03-31,Q1,8086368250,4953322250.0,3133046000.0,0.387447850894003,0.0,619635000.0,269883000.0,178629750.0,0.0,5842840250.0,473951750.0,440371250.0,2683899250,0.3319041585819444,2243528000,0.2774456876855689,0.0,2226550250,0.2753461357637281,893161250,837382750,0.10355486222136866,0.77025,0.77025,1087211600,1087211600,https://www1.hkexnews.hk/search/titlesearch.xhtml,https://www1.hkexnews.hk/search/titlesearch.xhtml,1620584692,14:24:52,20210509
3,2019-01-31,0363.HK,HKD,2019-01-31,2019-01-31,Q1,8086368250,4953322250.0,3133046000.0,0.387447850894003,0.0,619635000.0,269883000.0,178629750.0,0.0,5842840250.0,473951750.0,440371250.0,2683899250,0.3319041585819444,2243528000,0.2774456876855689,0.0,2226550250,0.2753461357637281,893161250,837382750,0.10355486222136866,0.77025,0.77025,1087211600,1087211600,https://www1.hkexnews.hk/search/titlesearch.xhtml,https://www1.hkexnews.hk/search/titlesearch.xhtml,1620584692,14:24:52,20210509
4,2018-09-30,0363.HK,HKD,2018-09-30,2018-09-30,Q3,7603220750,4691155500.0,2912065250.0,0.38300416964744843,0.0,563717500.0,282725250.0,248071000.0,0.0,5537598250.0,492362250.0,413383000.0,2479005500,0.326046761170258,2065622500,0.27167730201704327,0.0,2130795750,0.2802490970685022,857378000,833255000,0.10959237241664987,0.7665,0.76625,1087211600,1087329814,https://www1.hkexnews.hk/search/titlesearch.xhtml,https://www1.hkexnews.hk/search/titlesearch.xhtml,1620584692,14:24:52,20210509
5,2018-06-30,0363.HK,HKD,2018-06-30,2018-06-30,Q2,7603220750,4691155500.0,2912065250.0,0.38300416964744843,0.0,563717500.0,282725250.0,248071000.0,0.0,5537598250.0,492362250.0,413383000.0,2479005500,0.326046761170258,2065622500,0.27167730201704327,0.0,2130795750,0.2802490970685022,857378000,833255000,0.10959237241664987,0.7665,0.76625,1087211600,1087329814,https://www1.hkexnews.hk/search/titlesearch.xhtml,https://www1.hkexnews.hk/search/titlesearch.xhtml,1620584692,14:24:52,20210509
6,2018-03-31,0363.HK,HKD,2018-03-31,2018-03-31,Q1,7603220750,4691155500.0,2912065250.0,0.38300416964744843,0.0,563717500.0,282725250.0,248071000.0,0.0,5537598250.0,492362250.0,413383000.0,2479005500,0.326046761170258,2065622500,0.27167730201704327,0.0,2130795750,0.2802490970685022,857378000,833255000,0.10959237241664987,0.7665,0.76625,1087211600,1087329814,https://www1.hkexnews.hk/search/titlesearch.xhtml,https://www1.hkexnews.hk/search/titlesearch.xhtml,1620584692,14:24:52,20210509
7,2018-01-31,0363.HK,HKD,2018-01-31,2018-01-31,Q1,7603220750,4691155500.0,2912065250.0,0.38300416964744843,0.0,563717500.0,282725250.0,248071000.0,0.0,5537598250.0,492362250.0,413383000.0,2479005500,0.326046761170258,2065622500,0.27167730201704327,0.0,2130795750,0.2802490970685022,857378000,833255000,0.10959237241664987,0.7665,0.76625,1087211600,1087329814,https://www1.hkexnews.hk/search/titlesearch.xhtml,https://www1.hkexnews.hk/search/titlesearch.xhtml,1620584692,14:24:52,20210509
8,2017-09-30,0363.HK,HKD,2017-09-30,2017-09-30,Q3,7376071750,4419508000.0,2956563750.0,0.40083175031479323,0.0,594730500.0,270150500.0,277110000.0,0.0,5284389000.0,445332250.0,382713250.0,2474396000,0.3354625719306486,2091682750,0.28357679004410447,0.0,2348215250,0.3183558036837155,1058806000,787618000,0.10678014350931443,0.7245,0.72425,1086991283,1087871856,https://www1.hkexnews.hk/search/titlesearch.xhtml,https://www1.hkexnews.hk/search/titlesearch.xhtml,1620584692,14:24:52,20210509
9,2017-06-30,0363.HK,HKD,2017-06-30,2017-06-30,Q2,7376071750,4419508000.0,2956563750.0,0.40083175031479323,0.0,594730500.0,270150500.0,277110000.0,0.0,5284389000.0,445332250.0,382713250.0,2474396000,0.3354625719306486,2091682750,0.28357679004410447,0.0,2348215250,0.3183558036837155,1058806000,787618000,0.10678014350931443,0.7245,0.72425,1086991283,1087871856,https://www1.hkexnews.hk/search/titlesearch.xhtml,https://www1.hkexnews.hk/search/titlesearch.xhtml,1620584692,14:24:52,20210509
10,2017-03-31,0363.HK,HKD,2017-03-31,2017-03-31,Q1,7376071750,4419508000.0,2956563750.0,0.40083175031479323,0.0,594730500.0,270150500.0,277110000.0,0.0,5284389000.0,445332250.0,382713250.0,2474396000,0.3354625719306486,2091682750,0.28357679004410447,0.0,2348215250,0.3183558036837155,1058806000,787618000,0.10678014350931443,0.7245,0.72425,1086991283,1087871856,https://www1.hkexnews.hk/search/titlesearch.xhtml,https://www1.hkexnews.hk/search/titlesearch.xhtml,1620584692,14:24:52,20210509
11,2017-01-31,0363.HK,HKD,2017-01-31,2017-01-31,Q1,7376071750,4419508000.0,2956563750.0,0.40083175031479323,0.0,594730500.0,270150500.0,277110000.0,0.0,5284389000.0,445332250.0,382713250.0,2474396000,0.3354625719306486,2091682750,0.28357679004410447,0.0,2348215250,0.3183558036837155,1058806000,787618000,0.10678014350931443,0.7245,0.72425,1086991283,1087871856,https://www1.hkexnews.hk/search/titlesearch.xhtml,https://www1.hkexnews.hk/search/titlesearch.xhtml,1620584692,14:24:52,20210509
12,2016-09-30,0363.HK,HKD,2016-09-30,2016-09-30,Q3,5532939500,3615147000.0,1917792500.0,0.3466136761480945,0.0,576908750.0,267564000.0,222595000.0,0.0,4459619750.0,356745500.0,345202500.0,1418522250,0.25637769037597463,1073319750,0.19398725577968096,0.0,1874817500,0.33884655706067274,664842500,725757500,0.13117032998463113,0.66825,0.65975,1086074031,1100706329,https://www1.hkexnews.hk/search/titlesearch.xhtml,https://www1.hkexnews.hk/search/titlesearch.xhtml,1620584692,14:24:52,20210509
13,2016-06-30,0363.HK,HKD,2016-06-30,2016-06-30,Q2,5532939500,3615147000.0,1917792500.0,0.3466136761480945,0.0,576908750.0,267564000.0,222595000.0,0.0,4459619750.0,356745500.0,345202500.0,1418522250,0.25637769037597463,1073319750,0.19398725577968096,0.0,1874817500,0.33884655706067274,664842500,725757500,0.13117032998463113,0.66825,0.65975,1086074031,1100706329,https://www1.hkexnews.hk/search/titlesearch.xhtml,https://www1.hkexnews.hk/search/titlesearch.xhtml,1620584692,14:24:52,20210509
14,2016-03-31,0363.HK,HKD,2016-03-31,2016-03-31,Q1,5532939500,3615147000.0,1917792500.0,0.3466136761480945,0.0,576908750.0,267564000.0,222595000.0,0.0,4459619750.0,356745500.0,345202500.0,1418522250,0.25637769037597463,1073319750,0.19398725577968096,0.0,1874817500,0.33884655706067274,664842500,725757500,0.13117032998463113,0.66825,0.65975,1086074031,1100706329,https://www1.hkexnews.hk/search/titlesearch.xhtml,https://www1.hkexnews.hk/search/titlesearch.xhtml,1620584692,14:24:52,20210509
15,2016-01-31,0363.HK,HKD,2016-01-31,2016-01-31,Q1,5532939500,3615147000.0,1917792500.0,0.3466136761480945,0.0,576908750.0,267564000.0,222595000.0,0.0,4459619750.0,356745500.0,345202500.0,1418522250,0.25637769037597463,1073319750,0.19398725577968096,0.0,1874817500,0.33884655706067274,664842500,725757500,0.13117032998463113,0.66825,0.65975,1086074031,1100706329,https://www1.hkexnews.hk/search/titlesearch.xhtml,https://www1.hkexnews.hk/search/titlesearch.xhtml,1620584692,14:24:52,20210509
16,2015-09-30,0363.HK,HKD,2015-09-30,2015-09-30,Q3,4923420500,3108197500.0,1815223000.0,0.3686914412449637,0.0,448120500.0,223239000.0,-25450500.0,0.0,3779557000.0,403381500.0,310502750.0,1454366250,0.29539752901463523,1143863500,0.23233105927068387,0.0,1426597250,0.289757344512824,517756250,692542000,0.14066277702666266,0.63825,0.613,1085105421,1190206145,https://www1.hkexnews.hk/search/titlesearch.xhtml,https://www1.hkexnews.hk/search/titlesearch.xhtml,1620584692,14:24:52,20210509
17,2015-06-30,0363.HK,HKD,2015-06-30,2015-06-30,Q2,4923420500,3108197500.0,1815223000.0,0.3686914412449637,0.0,448120500.0,223239000.0,-25450500.0,0.0,3779557000.0,403381500.0,310502750.0,1454366250,0.29539752901463523,1143863500,0.23233105927068387,0.0,1426597250,0.289757344512824,517756250,692542000,0.14066277702666266,0.63825,0.613,1085105421,1190206145,https://www1.hkexnews.hk/search/titlesearch.xhtml,https://www1.hkexnews.hk/search/titlesearch.xhtml,1620584692,14:24:52,20210509
18,2015-03-31,0363.HK,HKD,2015-03-31,2015-03-31,Q1,4923420500,3108197500.0,1815223000.0,0.3686914412449637,0.0,448120500.0,223239000.0,-25450500.0,0.0,3779557000.0,403381500.0,310502750.0,1454366250,0.29539752901463523,1143863500,0.23233105927068387,0.0,1426597250,0.289757344512824,517756250,692542000,0.14066277702666266,0.63825,0.613,1085105421,1190206145,https://www1.hkexnews.hk/search/titlesearch.xhtml,https://www1.hkexnews.hk/search/titlesearch.xhtml,1620584692,14:24:52,20210509
19,2015-01-31,0363.HK,HKD,2015-01-31,2015-01-31,Q1,4923420500,3108197500.0,1815223000.0,0.3686914412449637,0.0,448120500.0,223239000.0,-25450500.0,0.0,3779557000.0,403381500.0,310502750.0,1454366250,0.29539752901463523,1143863500,0.23233105927068387,0.0,1426597250,0.289757344512824,517756250,692542000,0.14066277702666266,0.63825,0.613,1085105421,1190206145,https://www1.hkexnews.hk/search/titlesearch.xhtml,https://www1.hkexnews.hk/search/titlesearch.xhtml,1620584692,14:24:52,20210509
20,2014-09-30,0363.HK,HKD,2014-09-30,2014-09-30,Q3,4991766500,3097913500.0,1893853000.0,0.3793953503233775,0.0,471721750.0,202880500.0,142156250.0,0.0,3772515750.0,339798750.0,289867500.0,1509118250,0.3023214827857032,1219250750,0.24425236036180778,0.0,1689724750,0.33850236183924065,616725500,767250750,0.1537032531469571,0.7085,0.6585,1082760696,1191636182,https://www1.hkexnews.hk/search/titlesearch.xhtml,https://www1.hkexnews.hk/search/titlesearch.xhtml,1620584692,14:24:52,20210509
21,2014-06-30,0363.HK,HKD,2014-06-30,2014-06-30,Q2,4991766500,3097913500.0,1893853000.0,0.3793953503233775,0.0,471721750.0,202880500.0,142156250.0,0.0,3772515750.0,339798750.0,289867500.0,1509118250,0.3023214827857032,1219250750,0.24425236036180778,0.0,1689724750,0.33850236183924065,616725500,767250750,0.1537032531469571,0.7085,0.6585,1082760696,1191636182,https://www1.hkexnews.hk/search/titlesearch.xhtml,https://www1.hkexnews.hk/search/titlesearch.xhtml,1620584692,14:24:52,20210509
22,2014-03-31,0363.HK,HKD,2014-03-31,2014-03-31,Q1,4991766500,3097913500.0,1893853000.0,0.3793953503233775,0.0,471721750.0,202880500.0,142156250.0,0.0,3772515750.0,339798750.0,289867500.0,1509118250,0.3023214827857032,1219250750,0.24425236036180778,0.0,1689724750,0.33850236183924065,616725500,767250750,0.1537032531469571,0.7085,0.6585,1082760696,1191636182,https://www1.hkexnews.hk/search/titlesearch.xhtml,https://www1.hkexnews.hk/search/titlesearch.xhtml,1620584692,14:24:52,20210509
23,2014-01-31,0363.HK,HKD,2014-01-31,2014-01-31,Q1,4991766500,3097913500.0,1893853000.0,0.3793953503233775,0.0,471721750.0,202880500.0,142156250.0,0.0,3772515750.0,339798750.0,289867500.0,1509118250,0.3023214827857032,1219250750,0.24425236036180778,0.0,1689724750,0.33850236183924065,616725500,767250750,0.1537032531469571,0.7085,0.6585,1082760696,1191636182,https://www1.hkexnews.hk/search/titlesearch.xhtml,https://www1.hkexnews.hk/search/titlesearch.xhtml,1620584692,14:24:52,20210509
24,2013-09-30,0363.HK,HKD,2013-09-30,2013-09-30,Q3,5391931000,3815341000.0,1576590000.0,0.29239802957419153,0.0,495537750.0,218055500.0,200447750.0,0.0,4528934250.0,299889250.0,262999500.0,1125996250,0.20882987004099274,862996750,0.16005337419933602,0.0,1208438250,0.22411975412890112,347383250,675604500,0.12529917389521492,0.625,0.5935,1081075132,1163904769,https://www1.hkexnews.hk/search/titlesearch.xhtml,https://www1.hkexnews.hk/search/titlesearch.xhtml,1620584692,14:24:52,20210509
25,2013-06-30,0363.HK,HKD,2013-06-30,2013-06-30,Q2,5391931000,3815341000.0,1576590000.0,0.29239802957419153,0.0,495537750.0,218055500.0,200447750.0,0.0,4528934250.0,299889250.0,262999500.0,1125996250,0.20882987004099274,862996750,0.16005337419933602,0.0,1208438250,0.22411975412890112,347383250,675604500,0.12529917389521492,0.625,0.5935,1081075132,1163904769,https://www1.hkexnews.hk/search/titlesearch.xhtml,https://www1.hkexnews.hk/search/titlesearch.xhtml,1620584692,14:24:52,20210509
26,2013-03-31,0363.HK,HKD,2013-03-31,2013-03-31,Q1,5391931000,3815341000.0,1576590000.0,0.29239802957419153,0.0,495537750.0,218055500.0,200447750.0,0.0,4528934250.0,299889250.0,262999500.0,1125996250,0.20882987004099274,862996750,0.16005337419933602,0.0,1208438250,0.22411975412890112,347383250,675604500,0.12529917389521492,0.625,0.5935,1081075132,1163904769,https://www1.hkexnews.hk/search/titlesearch.xhtml,https://www1.hkexnews.hk/search/titlesearch.xhtml,1620584692,14:24:52,20210509
27,2013-01-31,0363.HK,HKD,2013-01-31,2013-01-31,Q1,5391931000,3815341000.0,1576590000.0,0.29239802957419153,0.0,495537750.0,218055500.0,200447750.0,0.0,4528934250.0,299889250.0,262999500.0,1125996250,0.20882987004099274,862996750,0.16005337419933602,0.0,1208438250,0.22411975412890112,347383250,675604500,0.12529917389521492,0.625,0.5935,1081075132,1163904769,https://www1.hkexnews.hk/search/titlesearch.xhtml,https://www1.hkexnews.hk/search/titlesearch.xhtml,1620584692,14:24:52,20210509
28,2012-09-30,0363.HK,HKD,2012-09-30,2012-09-30,Q3,4821727500,3425969500.0,1395758000.0,0.28947260084689563,0.0,456987750.0,174733750.0,342376750.0,0.0,4057691000.0,257928750.0,230128750.0,994165250,0.20618445360091378,764036500,0.15845700529530132,0.0,1486935250,0.30838226548472514,405312750,859552500,0.17826650303236755,0.796,0.7955,1079963999,1080599015,https://www1.hkexnews.hk/search/titlesearch.xhtml,https://www1.hkexnews.hk/search/titlesearch.xhtml,1620584692,14:24:52,20210509
29,2012-06-30,0363.HK,HKD,2012-06-30,2012-06-30,Q2,4821727500,3425969500.0,1395758000.0,0.28947260084689563,0.0,456987750.0,174733750.0,342376750.0,0.0,4057691000.0,257928750.0,230128750.0,994165250,0.20618445360091378,764036500,0.15845700529530132,0.0,1486935250,0.30838226548472514,405312750,859552500,0.17826650303236755,0.796,0.7955,1079963999,1080599015,https://www1.hkexnews.hk/search/titlesearch.xhtml,https://www1.hkexnews.hk/search/titlesearch.xhtml,1620584692,14:24:52,20210509
30,2012-03-31,0363.HK,HKD,2012-03-31,2012-03-31,Q1,4821727500,3425969500.0,1395758000.0,0.28947260084689563,0.0,456987750.0,174733750.0,342376750.0,0.0,4057691000.0,257928750.0,230128750.0,994165250,0.20618445360091378,764036500,0.15845700529530132,0.0,1486935250,0.30838226548472514,405312750,859552500,0.17826650303236755,0.796,0.7955,1079963999,1080599015,https://www1.hkexnews.hk/search/titlesearch.xhtml,https://www1.hkexnews.hk/search/titlesearch.xhtml,1620584692,14:24:52,20210509
31,2012-01-31,0363.HK,HKD,2012-01-31,2012-01-31,Q1,4821727500,3425969500.0,1395758000.0,0.28947260084689563,0.0,456987750.0,174733750.0,342376750.0,0.0,4057691000.0,257928750.0,230128750.0,994165250,0.20618445360091378,764036500,0.15845700529530132,0.0,1486935250,0.30838226548472514,405312750,859552500,0.17826650303236755,0.796,0.7955,1079963999,1080599015,https://www1.hkexnews.hk/search/titlesearch.xhtml,https://www1.hkexnews.hk/search/titlesearch.xhtml,1620584692,14:24:52,20210509
32,2011-09-30,0363.HK,HKD,2011-09-30,2011-09-30,Q3,3742283000,2415089250.0,1327193750.0,0.35464815194361304,0.0,392397250.0,220525000.0,-9200750.0,0.0,2912535500.0,0.0,207061750.0,1036809250,0.2770526039853213,829747500,0.22172227487873045,0.0,1579251500,0.4220021575065274,509365750,1022117000,0.27312659144164136,0.9475,0.9475,1079785000,1079785000,https://www1.hkexnews.hk/search/titlesearch.xhtml,https://www1.hkexnews.hk/search/titlesearch.xhtml,1620584692,14:24:52,20210509
33,2011-06-30,0363.HK,HKD,2011-06-30,2011-06-30,Q2,3742283000,2415089250.0,1327193750.0,0.35464815194361304,0.0,392397250.0,220525000.0,-9200750.0,0.0,2912535500.0,0.0,207061750.0,1036809250,0.2770526039853213,829747500,0.22172227487873045,0.0,1579251500,0.4220021575065274,509365750,1022117000,0.27312659144164136,0.9475,0.9475,1079785000,1079785000,https://www1.hkexnews.hk/search/titlesearch.xhtml,https://www1.hkexnews.hk/search/titlesearch.xhtml,1620584692,14:24:52,20210509
34,2011-03-31,0363.HK,HKD,2011-03-31,2011-03-31,Q1,3742283000,2415089250.0,1327193750.0,0.35464815194361304,0.0,392397250.0,220525000.0,-9200750.0,0.0,2912535500.0,0.0,207061750.0,1036809250,0.2770526039853213,829747500,0.22172227487873045,0.0,1579251500,0.4220021575065274,509365750,1022117000,0.27312659144164136,0.9475,0.9475,1079785000,1079785000,https://www1.hkexnews.hk/search/titlesearch.xhtml,https://www1.hkexnews.hk/search/titlesearch.xhtml,1620584692,14:24:52,20210509
35,2011-01-31,0363.HK,HKD,2011-01-31,2011-01-31,Q1,3742283000,2415089250.0,1327193750.0,0.35464815194361304,0.0,392397250.0,220525000.0,-9200750.0,0.0,2912535500.0,0.0,207061750.0,1036809250,0.2770526039853213,829747500,0.22172227487873045,0.0,1579251500,0.4220021575065274,509365750,1022117000,0.27312659144164136,0.9475,0.9475,1079785000,1079785000,https://www1.hkexnews.hk/search/titlesearch.xhtml,https://www1.hkexnews.hk/search/titlesearch.xhtml,1620584692,14:24:52,20210509
36,2010-09-30,0363.HK,HKD,2010-09-30,2010-09-30,Q3,3178073750,2201469500.0,976604250.0,0.3072943949145296,0.0,338726250.0,209898000.0,20647500.0,0.0,2426016750.0,103566000.0,192337000.0,944394000,0.29715924622579953,752057000,0.2366392535730173,0.0,718473750,0.2260720821850028,179964750,1319438000,0.41516909417221676,1.2219645798937724,1.2219645708402365,1079767795,1079767803,https://www1.hkexnews.hk/search/titlesearch.xhtml,https://www1.hkexnews.hk/search/titlesearch.xhtml,1620584692,14:24:52,20210509
37,2010-06-30,0363.HK,HKD,2010-06-30,2010-06-30,Q2,3178073750,2201469500.0,976604250.0,0.3072943949145296,0.0,338726250.0,209898000.0,20647500.0,0.0,2426016750.0,103566000.0,192337000.0,944394000,0.29715924622579953,752057000,0.2366392535730173,0.0,718473750,0.2260720821850028,179964750,1319438000,0.41516909417221676,1.2219645798937724,1.2219645708402365,1079767795,1079767803,https://www1.hkexnews.hk/search/titlesearch.xhtml,https://www1.hkexnews.hk/search/titlesearch.xhtml,1620584692,14:24:52,20210509
38,2010-03-31,0363.HK,HKD,2010-03-31,2010-03-31,Q1,3178073750,2201469500.0,976604250.0,0.3072943949145296,0.0,338726250.0,209898000.0,20647500.0,0.0,2426016750.0,103566000.0,192337000.0,944394000,0.29715924622579953,752057000,0.2366392535730173,0.0,718473750,0.2260720821850028,179964750,1319438000,0.41516909417221676,1.2219645798937724,1.2219645708402365,1079767795,1079767803,https://www1.hkexnews.hk/search/titlesearch.xhtml,https://www1.hkexnews.hk/search/titlesearch.xhtml,1620584692,14:24:52,20210509
39,2010-01-31,0363.HK,HKD,2010-01-31,2010-01-31,Q1,3178073750,2201469500.0,976604250.0,0.3072943949145296,0.0,338726250.0,209898000.0,20647500.0,0.0,2426016750.0,103566000.0,192337000.0,944394000,0.29715924622579953,752057000,0.2366392535730173,0.0,718473750,0.2260720821850028,179964750,1319438000,0.41516909417221676,1.2219645798937724,1.2219645708402365,1079767795,1079767803,https://www1.hkexnews.hk/search/titlesearch.xhtml,https://www1.hkexnews.hk/search/titlesearch.xhtml,1620584692,14:24:52,20210509
40,2009-09-30,0363.HK,HKD,2009-09-30,2009-09-30,Q3,1729471250,1061788500.0,667682750.0,0.38606178044301115,0.0,167100750.0,122535500.0,247044000.0,0.0,935081000.0,59599500.0,134599000.0,928989250,0.5371521787367093,794390250,0.4593255019417062,0.0,953778750,0.5514857503413254,274749000,715032000,0.4134396567737105,0.6629028056169559,0.6624238873348883,1078637764,1079417596,https://www1.hkexnews.hk/search/titlesearch.xhtml,https://www1.hkexnews.hk/search/titlesearch.xhtml,1620584692,14:24:52,20210509
41,2009-06-30,0363.HK,HKD,2009-06-30,2009-06-30,Q2,1729471250,1061788500.0,667682750.0,0.38606178044301115,0.0,167100750.0,122535500.0,247044000.0,0.0,935081000.0,59599500.0,134599000.0,928989250,0.5371521787367093,794390250,0.4593255019417062,0.0,953778750,0.5514857503413254,274749000,715032000,0.4134396567737105,0.6629028056169559,0.6624238873348883,1078637764,1079417596,https://www1.hkexnews.hk/search/titlesearch.xhtml,https://www1.hkexnews.hk/search/titlesearch.xhtml,1620584692,14:24:52,20210509
42,2009-03-31,0363.HK,HKD,2009-03-31,2009-03-31,Q1,1729471250,1061788500.0,667682750.0,0.38606178044301115,0.0,167100750.0,122535500.0,247044000.0,0.0,935081000.0,59599500.0,134599000.0,928989250,0.5371521787367093,794390250,0.4593255019417062,0.0,953778750,0.5514857503413254,274749000,715032000,0.4134396567737105,0.6629028056169559,0.6624238873348883,1078637764,1079417596,https://www1.hkexnews.hk/search/titlesearch.xhtml,https://www1.hkexnews.hk/search/titlesearch.xhtml,1620584692,14:24:52,20210509
43,2009-01-31,0363.HK,HKD,2009-01-31,2009-01-31,Q1,1729471250,1061788500.0,667682750.0,0.38606178044301115,0.0,167100750.0,122535500.0,247044000.0,0.0,935081000.0,59599500.0,134599000.0,928989250,0.5371521787367093,794390250,0.4593255019417062,0.0,953778750,0.5514857503413254,274749000,715032000,0.4134396567737105,0.6629028056169559,0.6624238873348883,1078637764,1079417596,https://www1.hkexnews.hk/search/titlesearch.xhtml,https://www1.hkexnews.hk/search/titlesearch.xhtml,1620584692,14:24:52,20210509
44,2008-09-30,0363.HK,HKD,2008-09-30,2008-09-30,Q3,3183163000,2021056500.0,1162106500.0,0.3650791681104612,0.0,334706500.0,349904500.0,491935500.0,0.0,2549552500.0,80556000.0,146001000.0,779611500,0.24491724112148827,633610500,0.19905059841421882,0.0,847896750,0.2663692528469324,133455250,525386500,0.16505171114391565,0.49,0.4875,1074822708,1076736920,https://www1.hkexnews.hk/search/titlesearch.xhtml,https://www1.hkexnews.hk/search/titlesearch.xhtml,1620584692,14:24:52,20210509
45,2008-06-30,0363.HK,HKD,2008-06-30,2008-06-30,Q2,3183163000,2021056500.0,1162106500.0,0.3650791681104612,0.0,334706500.0,349904500.0,491935500.0,0.0,2549552500.0,80556000.0,146001000.0,779611500,0.24491724112148827,633610500,0.19905059841421882,0.0,847896750,0.2663692528469324,133455250,525386500,0.16505171114391565,0.49,0.4875,1074822708,1076736920,https://www1.hkexnews.hk/search/titlesearch.xhtml,https://www1.hkexnews.hk/search/titlesearch.xhtml,1620584692,14:24:52,20210509
46,2008-03-31,0363.HK,HKD,2008-03-31,2008-03-31,Q1,3183163000,2021056500.0,1162106500.0,0.3650791681104612,0.0,334706500.0,349904500.0,491935500.0,0.0,2549552500.0,80556000.0,146001000.0,779611500,0.24491724112148827,633610500,0.19905059841421882,0.0,847896750,0.2663692528469324,133455250,525386500,0.16505171114391565,0.49,0.4875,1074822708,1076736920,https://www1.hkexnews.hk/search/titlesearch.xhtml,https://www1.hkexnews.hk/search/titlesearch.xhtml,1620584692,14:24:52,20210509
47,2008-01-31,0363.HK,HKD,2008-01-31,2008-01-31,Q1,3183163000,2021056500.0,1162106500.0,0.3650791681104612,0.0,334706500.0,349904500.0,491935500.0,0.0,2549552500.0,80556000.0,146001000.0,779611500,0.24491724112148827,633610500,0.19905059841421882,0.0,847896750,0.2663692528469324,133455250,525386500,0.16505171114391565,0.49,0.4875,1074822708,1076736920,https://www1.hkexnews.hk/search/titlesearch.xhtml,https://www1.hkexnews.hk/search/titlesearch.xhtml,1620584692,14:24:52,20210509
48,2007-09-30,0363.HK,HKD,2007-09-30,2007-09-30,Q3,1988449500,1231830500.0,756619000.0,0.38050702318565294,0.0,207995750.0,0.0,370250000.0,0.0,1708976750.0,0.0,80460500.0,359933250,0.18101201463753544,279472750,0.14054807527171295,0.0,649722750,0.3267484288637956,70473250,579249500,0.29130712145317245,0.495,0.4925,1013768687,1018914721,https://www1.hkexnews.hk/search/titlesearch.xhtml,https://www1.hkexnews.hk/search/titlesearch.xhtml,1620584692,14:24:52,20210509
49,2007-06-30,0363.HK,HKD,2007-06-30,2007-06-30,Q2,1988449500,1231830500.0,756619000.0,0.38050702318565294,0.0,207995750.0,0.0,370250000.0,0.0,1708976750.0,0.0,80460500.0,359933250,0.18101201463753544,279472750,0.14054807527171295,0.0,649722750,0.3267484288637956,70473250,579249500,0.29130712145317245,0.495,0.4925,1013768687,1018914721,https://www1.hkexnews.hk/search/titlesearch.xhtml,https://www1.hkexnews.hk/search/titlesearch.xhtml,1620584692,14:24:52,20210509
50,2007-03-31,0363.HK,HKD,2007-03-31,2007-03-31,Q1,1988449500,1231830500.0,756619000.0,0.38050702318565294,0.0,207995750.0,0.0,370250000.0,0.0,1708976750.0,0.0,80460500.0,359933250,0.18101201463753544,279472750,0.14054807527171295,0.0,649722750,0.3267484288637956,70473250,579249500,0.29130712145317245,0.495,0.4925,1013768687,1018914721,https://www1.hkexnews.hk/search/titlesearch.xhtml,https://www1.hkexnews.hk/search/titlesearch.xhtml,1620584692,14:24:52,20210509
51,2007-01-31,0363.HK,HKD,2007-01-31,2007-01-31,Q1,1988449500,1231830500.0,756619000.0,0.38050702318565294,0.0,207995750.0,0.0,370250000.0,0.0,1708976750.0,0.0,80460500.0,359933250,0.18101201463753544,279472750,0.14054807527171295,0.0,649722750,0.3267484288637956,70473250,579249500,0.29130712145317245,0.495,0.4925,1013768687,1018914721,https://www1.hkexnews.hk/search/titlesearch.xhtml,https://www1.hkexnews.hk/search/titlesearch.xhtml,1620584692,14:24:52,20210509
52,2006-09-30,0363.HK,HKD,2006-09-30,2006-09-30,Q3,1712755750,1076769500.0,635986250.0,0.3713233775452221,0.0,198044750.0,0.0,-44348000.0,0.0,1234229750.0,0.0,78995500.0,557521500,0.32551138713152766,478526000,0.279389515989072,0.0,434178000,0.2534967405597675,59110500,314444500,0.18358980841255387,0.325,0.3225,967521538,975021705,https://www1.hkexnews.hk/search/titlesearch.xhtml,https://www1.hkexnews.hk/search/titlesearch.xhtml,1620584692,14:24:52,20210509
53,2006-06-30,0363.HK,HKD,2006-06-30,2006-06-30,Q2,1712755750,1076769500.0,635986250.0,0.3713233775452221,0.0,198044750.0,0.0,-44348000.0,0.0,1234229750.0,0.0,78995500.0,557521500,0.32551138713152766,478526000,0.279389515989072,0.0,434178000,0.2534967405597675,59110500,314444500,0.18358980841255387,0.325,0.3225,967521538,975021705,https://www1.hkexnews.hk/search/titlesearch.xhtml,https://www1.hkexnews.hk/search/titlesearch.xhtml,1620584692,14:24:52,20210509
54,2006-03-31,0363.HK,HKD,2006-03-31,2006-03-31,Q1,1712755750,1076769500.0,635986250.0,0.3713233775452221,0.0,198044750.0,0.0,-44348000.0,0.0,1234229750.0,0.0,78995500.0,557521500,0.32551138713152766,478526000,0.279389515989072,0.0,434178000,0.2534967405597675,59110500,314444500,0.18358980841255387,0.325,0.3225,967521538,975021705,https://www1.hkexnews.hk/search/titlesearch.xhtml,https://www1.hkexnews.hk/search/titlesearch.xhtml,1620584692,14:24:52,20210509
55,2006-01-31,0363.HK,HKD,2006-01-31,2006-01-31,Q1,1712755750,1076769500.0,635986250.0,0.3713233775452221,0.0,198044750.0,0.0,-44348000.0,0.0,1234229750.0,0.0,78995500.0,557521500,0.32551138713152766,478526000,0.279389515989072,0.0,434178000,0.2534967405597675,59110500,314444500,0.18358980841255387,0.325,0.3225,967521538,975021705,https://www1.hkexnews.hk/search/titlesearch.xhtml,https://www1.hkexnews.hk/search/titlesearch.xhtml,1620584692,14:24:52,20210509
56,2005-09-30,0363.HK,HKD,2005-09-30,2005-09-30,Q3,1506321250,929926250.0,576395000.0,0.38265077917476104,0.0,179169000.0,0.0,37225000.0,0.0,1181145500.0,0.0,71662750.0,396838500,0.26344878292064194,325175750,0.21587410388056333,0.0,362400750,0.24058662785245843,48510500,256985000,0.17060437805016693,0.2675,0.265,960691589,969754717,https://www1.hkexnews.hk/search/titlesearch.xhtml,https://www1.hkexnews.hk/search/titlesearch.xhtml,1620584692,14:24:52,20210509
57,2005-06-30,0363.HK,HKD,2005-06-30,2005-06-30,Q2,1506321250,929926250.0,576395000.0,0.38265077917476104,0.0,179169000.0,0.0,37225000.0,0.0,1181145500.0,0.0,71662750.0,396838500,0.26344878292064194,325175750,0.21587410388056333,0.0,362400750,0.24058662785245843,48510500,256985000,0.17060437805016693,0.2675,0.265,960691589,969754717,https://www1.hkexnews.hk/search/titlesearch.xhtml,https://www1.hkexnews.hk/search/titlesearch.xhtml,1620584692,14:24:52,20210509
58,2005-03-31,0363.HK,HKD,2005-03-31,2005-03-31,Q1,1506321250,929926250.0,576395000.0,0.38265077917476104,0.0,179169000.0,0.0,37225000.0,0.0,1181145500.0,0.0,71662750.0,396838500,0.26344878292064194,325175750,0.21587410388056333,0.0,362400750,0.24058662785245843,48510500,256985000,0.17060437805016693,0.2675,0.265,960691589,969754717,https://www1.hkexnews.hk/search/titlesearch.xhtml,https://www1.hkexnews.hk/search/titlesearch.xhtml,1620584692,14:24:52,20210509
59,2005-01-31,0363.HK,HKD,2005-01-31,2005-01-31,Q1,1506321250,929926250.0,576395000.0,0.38265077917476104,0.0,179169000.0,0.0,37225000.0,0.0,1181145500.0,0.0,71662750.0,396838500,0.26344878292064194,325175750,0.21587410388056333,0.0,362400750,0.24058662785245843,48510500,256985000,0.17060437805016693,0.2675,0.265,960691589,969754717,https://www1.hkexnews.hk/search/titlesearch.xhtml,https://www1.hkexnews.hk/search/titlesearch.xhtml,1620584692,14:24:52,20210509
60,2004-09-30,0363.HK,HKD,2004-09-30,2004-09-30,Q3,857234750,376262750.0,480972000.0,0.5610738482078567,0.0,99746000.0,0.0,208444500.0,0.0,412395750.0,0.0,44781750.0,489620750,0.5711629749027323,444839000,0.518923200441886,0.0,434262000,0.5065846898997036,57994750,345765000,0.40334925759834167,0.3625,0.3575,953834483,967174825,https://www1.hkexnews.hk/search/titlesearch.xhtml,https://www1.hkexnews.hk/search/titlesearch.xhtml,1620584692,14:24:52,20210509
61,2004-06-30,0363.HK,HKD,2004-06-30,2004-06-30,Q2,857234750,376262750.0,480972000.0,0.5610738482078567,0.0,99746000.0,0.0,208444500.0,0.0,412395750.0,0.0,44781750.0,489620750,0.5711629749027323,444839000,0.518923200441886,0.0,434262000,0.5065846898997036,57994750,345765000,0.40334925759834167,0.3625,0.3575,953834483,967174825,https://www1.hkexnews.hk/search/titlesearch.xhtml,https://www1.hkexnews.hk/search/titlesearch.xhtml,1620584692,14:24:52,20210509
62,2004-03-31,0363.HK,HKD,2004-03-31,2004-03-31,Q1,857234750,376262750.0,480972000.0,0.5610738482078567,0.0,99746000.0,0.0,208444500.0,0.0,412395750.0,0.0,44781750.0,489620750,0.5711629749027323,444839000,0.518923200441886,0.0,434262000,0.5065846898997036,57994750,345765000,0.40334925759834167,0.3625,0.3575,953834483,967174825,https://www1.hkexnews.hk/search/titlesearch.xhtml,https://www1.hkexnews.hk/search/titlesearch.xhtml,1620584692,14:24:52,20210509
63,2004-01-31,0363.HK,HKD,2004-01-31,2004-01-31,Q1,857234750,376262750.0,480972000.0,0.5610738482078567,0.0,99746000.0,0.0,208444500.0,0.0,412395750.0,0.0,44781750.0,489620750,0.5711629749027323,444839000,0.518923200441886,0.0,434262000,0.5065846898997036,57994750,345765000,0.40334925759834167,0.3625,0.3575,953834483,967174825,https://www1.hkexnews.hk/search/titlesearch.xhtml,https://www1.hkexnews.hk/search/titlesearch.xhtml,1620584692,14:24:52,20210509
64,2003-09-30,0363.HK,HKD,2003-09-30,2003-09-30,Q3,706494500,298622500.0,407872000.0,0.5773180116759579,0.0,75390250.0,0.0,145307500.0,0.0,324199500.0,0.0,28870750.0,411165750,0.5819801144948757,382295000,0.5411153236153997,0.0,411663500,0.5826846493497119,60476000,314791500,0.44556822452262546,0.335,0.3325,939676119,946741353,https://www1.hkexnews.hk/search/titlesearch.xhtml,https://www1.hkexnews.hk/search/titlesearch.xhtml,1620584692,14:24:52,20210509
65,2003-06-30,0363.HK,HKD,2003-06-30,2003-06-30,Q2,706494500,298622500.0,407872000.0,0.5773180116759579,0.0,75390250.0,0.0,145307500.0,0.0,324199500.0,0.0,28870750.0,411165750,0.5819801144948757,382295000,0.5411153236153997,0.0,411663500,0.5826846493497119,60476000,314791500,0.44556822452262546,0.335,0.3325,939676119,946741353,https://www1.hkexnews.hk/search/titlesearch.xhtml,https://www1.hkexnews.hk/search/titlesearch.xhtml,1620584692,14:24:52,20210509
66,2003-03-31,0363.HK,HKD,2003-03-31,2003-03-31,Q1,706494500,298622500.0,407872000.0,0.5773180116759579,0.0,75390250.0,0.0,145307500.0,0.0,324199500.0,0.0,28870750.0,411165750,0.5819801144948757,382295000,0.5411153236153997,0.0,411663500,0.5826846493497119,60476000,314791500,0.44556822452262546,0.335,0.3325,939676119,946741353,https://www1.hkexnews.hk/search/titlesearch.xhtml,https://www1.hkexnews.hk/search/titlesearch.xhtml,1620584692,14:24:52,20210509
67,2003-01-31,0363.HK,HKD,2003-01-31,2003-01-31,Q1,706494500,298622500.0,407872000.0,0.5773180116759579,0.0,75390250.0,0.0,145307500.0,0.0,324199500.0,0.0,28870750.0,411165750,0.5819801144948757,382295000,0.5411153236153997,0.0,411663500,0.5826846493497119,60476000,314791500,0.44556822452262546,0.335,0.3325,939676119,946741353,https://www1.hkexnews.hk/search/titlesearch.xhtml,https://www1.hkexnews.hk/search/titlesearch.xhtml,1620584692,14:24:52,20210509
68,2002-09-30,0363.HK,HKD,2002-09-30,2002-09-30,Q3,845009250,386326500.0,458682750.0,0.5428138804397703,0.0,67404000.0,0.0,73175000.0,0.0,394640500.0,0.0,26954000.0,477322750,0.564872810563908,450368750,0.532974934889766,0.0,362955500,0.4295284341561941,45594000,281585750,0.3332339261374949,0.305,0.3025,923231967,930861983,https://www1.hkexnews.hk/search/titlesearch.xhtml,https://www1.hkexnews.hk/search/titlesearch.xhtml,1620584692,14:24:52,20210509
69,2002-06-30,0363.HK,HKD,2002-06-30,2002-06-30,Q2,845009250,386326500.0,458682750.0,0.5428138804397703,0.0,67404000.0,0.0,73175000.0,0.0,394640500.0,0.0,26954000.0,477322750,0.564872810563908,450368750,0.532974934889766,0.0,362955500,0.4295284341561941,45594000,281585750,0.3332339261374949,0.305,0.3025,923231967,930861983,https://www1.hkexnews.hk/search/titlesearch.xhtml,https://www1.hkexnews.hk/search/titlesearch.xhtml,1620584692,14:24:52,20210509
70,2002-03-31,0363.HK,HKD,2002-03-31,2002-03-31,Q1,845009250,386326500.0,458682750.0,0.5428138804397703,0.0,67404000.0,0.0,73175000.0,0.0,394640500.0,0.0,26954000.0,477322750,0.564872810563908,450368750,0.532974934889766,0.0,362955500,0.4295284341561941,45594000,281585750,0.3332339261374949,0.305,0.3025,923231967,930861983,https://www1.hkexnews.hk/search/titlesearch.xhtml,https://www1.hkexnews.hk/search/titlesearch.xhtml,1620584692,14:24:52,20210509
71,2002-01-31,0363.HK,HKD,2002-01-31,2002-01-31,Q1,845009250,386326500.0,458682750.0,0.5428138804397703,0.0,67404000.0,0.0,73175000.0,0.0,394640500.0,0.0,26954000.0,477322750,0.564872810563908,450368750,0.532974934889766,0.0,362955500,0.4295284341561941,45594000,281585750,0.3332339261374949,0.305,0.3025,923231967,930861983,https://www1.hkexnews.hk/search/titlesearch.xhtml,https://www1.hkexnews.hk/search/titlesearch.xhtml,1620584692,14:24:52,20210509
72,2001-09-30,0363.HK,HKD,2001-09-30,2001-09-30,Q3,799854500,384820250.0,415034250.0,0.5188871851067913,0.0,70241250.0,0.0,99951250.0,0.0,393492000.0,0.0,0.0,406362500,1.968327540065828,406362500,0.5080455257800013,0.0,372492250,0.46570001168962605,27213500,300633500,0.37586023458016427,0.335,0.33,897413433,911010606,https://www1.hkexnews.hk/search/titlesearch.xhtml,https://www1.hkexnews.hk/search/titlesearch.xhtml,1620584692,14:24:52,20210509
73,2001-06-30,0363.HK,HKD,2001-06-30,2001-06-30,Q2,799854500,384820250.0,415034250.0,0.5188871851067913,0.0,70241250.0,0.0,99951250.0,0.0,393492000.0,0.0,0.0,406362500,1.968327540065828,406362500,0.5080455257800013,0.0,372492250,0.46570001168962605,27213500,300633500,0.37586023458016427,0.335,0.33,897413433,911010606,https://www1.hkexnews.hk/search/titlesearch.xhtml,https://www1.hkexnews.hk/search/titlesearch.xhtml,1620584692,14:24:52,20210509
74,2001-03-31,0363.HK,HKD,2001-03-31,2001-03-31,Q1,799854500,384820250.0,415034250.0,0.5188871851067913,0.0,70241250.0,0.0,99951250.0,0.0,393492000.0,0.0,0.0,406362500,1.968327540065828,406362500,0.5080455257800013,0.0,372492250,0.46570001168962605,27213500,300633500,0.37586023458016427,0.335,0.33,897413433,911010606,https://www1.hkexnews.hk/search/titlesearch.xhtml,https://www1.hkexnews.hk/search/titlesearch.xhtml,1620584692,14:24:52,20210509
75,2001-01-31,0363.HK,HKD,2001-01-31,2001-01-31,Q1,799854500,384820250.0,415034250.0,0.5188871851067913,0.0,70241250.0,0.0,99951250.0,0.0,393492000.0,0.0,0.0,406362500,1.968327540065828,406362500,0.5080455257800013,0.0,372492250,0.46570001168962605,27213500,300633500,0.37586023458016427,0.335,0.33,897413433,911010606,https://www1.hkexnews.hk/search/titlesearch.xhtml,https://www1.hkexnews.hk/search/titlesearch.xhtml,1620584692,14:24:52,20210509
76,2000-09-30,0363.HK,HKD,2000-09-30,2000-09-30,Q3,740130250,347008750.0,393121500.0,0.5311517803791967,0.0,70636250.0,0.0,37478000.0,0.0,352451000.0,0.0,0.0,387679250,1.9091304216049736,387679250,0.523798682731857,0.0,328641750,0.44403231728469417,20075000,283667250,0.3832666615099167,0.3175,0.3125,893440157,907735200,https://www1.hkexnews.hk/search/titlesearch.xhtml,https://www1.hkexnews.hk/search/titlesearch.xhtml,1620584692,14:24:52,20210509
77,2000-06-30,0363.HK,HKD,2000-06-30,2000-06-30,Q2,740130250,347008750.0,393121500.0,0.5311517803791967,0.0,70636250.0,0.0,37478000.0,0.0,352451000.0,0.0,0.0,387679250,1.9091304216049736,387679250,0.523798682731857,0.0,328641750,0.44403231728469417,20075000,283667250,0.3832666615099167,0.3175,0.3125,893440157,907735200,https://www1.hkexnews.hk/search/titlesearch.xhtml,https://www1.hkexnews.hk/search/titlesearch.xhtml,1620584692,14:24:52,20210509
78,2000-03-31,0363.HK,HKD,2000-03-31,2000-03-31,Q1,740130250,347008750.0,393121500.0,0.5311517803791967,0.0,70636250.0,0.0,37478000.0,0.0,352451000.0,0.0,0.0,387679250,1.9091304216049736,387679250,0.523798682731857,0.0,328641750,0.44403231728469417,20075000,283667250,0.3832666615099167,0.3175,0.3125,893440157,907735200,https://www1.hkexnews.hk/search/titlesearch.xhtml,https://www1.hkexnews.hk/search/titlesearch.xhtml,1620584692,14:24:52,20210509
79,2000-01-31,0363.HK,HKD,2000-01-31,2000-01-31,Q1,740130250,347008750.0,393121500.0,0.5311517803791967,0.0,70636250.0,0.0,37478000.0,0.0,352451000.0,0.0,0.0,387679250,1.9091304216049736,387679250,0.523798682731857,0.0,328641750,0.44403231728469417,20075000,283667250,0.3832666615099167,0.3175,0.3125,893440157,907735200,https://www1.hkexnews.hk/search/titlesearch.xhtml,https://www1.hkexnews.hk/search/titlesearch.xhtml,1620584692,14:24:52,20210509
80,1999-09-30,0363.HK,HKD,1999-09-30,1999-09-30,Q3,825147500,411662750.0,413484750.0,0.5011040450343727,0.0,73936750.0,0.0,0.0,0.0,610739750.0,0.0,0.0,214407750,3.8484966145113693,214407750,0.2598417252673007,0.0,282452750,0.3423057695745306,10814750,252813000,0.3063852220360602,0.285,0.28,887063158,902903571,https://www1.hkexnews.hk/search/titlesearch.xhtml,https://www1.hkexnews.hk/search/titlesearch.xhtml,1620584692,14:24:52,20210509
81,1999-06-30,0363.HK,HKD,1999-06-30,1999-06-30,Q2,825147500,411662750.0,413484750.0,0.5011040450343727,0.0,73936750.0,0.0,0.0,0.0,610739750.0,0.0,0.0,214407750,3.8484966145113693,214407750,0.2598417252673007,0.0,282452750,0.3423057695745306,10814750,252813000,0.3063852220360602,0.285,0.28,887063158,902903571,https://www1.hkexnews.hk/search/titlesearch.xhtml,https://www1.hkexnews.hk/search/titlesearch.xhtml,1620584692,14:24:52,20210509
82,1999-03-31,0363.HK,HKD,1999-03-31,1999-03-31,Q1,825147500,411662750.0,413484750.0,0.5011040450343727,0.0,73936750.0,0.0,0.0,0.0,610739750.0,0.0,0.0,214407750,3.8484966145113693,214407750,0.2598417252673007,0.0,282452750,0.3423057695745306,10814750,252813000,0.3063852220360602,0.285,0.28,887063158,902903571,https://www1.hkexnews.hk/search/titlesearch.xhtml,https://www1.hkexnews.hk/search/titlesearch.xhtml,1620584692,14:24:52,20210509
83,1999-01-31,0363.HK,HKD,1999-01-31,1999-01-31,Q1,825147500,411662750.0,413484750.0,0.5011040450343727,0.0,73936750.0,0.0,0.0,0.0,610739750.0,0.0,0.0,214407750,3.8484966145113693,214407750,0.2598417252673007,0.0,282452750,0.3423057695745306,10814750,252813000,0.3063852220360602,0.285,0.28,887063158,902903571,https://www1.hkexnews.hk/search/titlesearch.xhtml,https://www1.hkexnews.hk/search/titlesearch.xhtml,1620584692,14:24:52,20210509
84,1998-09-30,0363.HK,HKD,1998-09-30,1998-09-30,Q3,889443000,0.0,0.0,0.0,0.0,0.0,0.0,48070750.0,0.0,0.0,0.0,0.0,889443000,1.0,889443000,1.0,0.0,318073250,0.35760948143950766,-16997750,288586250,0.32445727269763214,0.3425,0.3375,842587591,855070370,https://www1.hkexnews.hk/search/titlesearch.xhtml,https://www1.hkexnews.hk/search/titlesearch.xhtml,1620584692,14:24:52,20210509
85,1998-06-30,0363.HK,HKD,1998-06-30,1998-06-30,Q2,889443000,0.0,0.0,0.0,0.0,0.0,0.0,48070750.0,0.0,0.0,0.0,0.0,889443000,1.0,889443000,1.0,0.0,318073250,0.35760948143950766,-16997750,288586250,0.32445727269763214,0.3425,0.3375,842587591,855070370,https://www1.hkexnews.hk/search/titlesearch.xhtml,https://www1.hkexnews.hk/search/titlesearch.xhtml,1620584692,14:24:52,20210509
86,1998-03-31,0363.HK,HKD,1998-03-31,1998-03-31,Q1,889443000,0.0,0.0,0.0,0.0,0.0,0.0,48070750.0,0.0,0.0,0.0,0.0,889443000,1.0,889443000,1.0,0.0,318073250,0.35760948143950766,-16997750,288586250,0.32445727269763214,0.3425,0.3375,842587591,855070370,https://www1.hkexnews.hk/search/titlesearch.xhtml,https://www1.hkexnews.hk/search/titlesearch.xhtml,1620584692,14:24:52,20210509
87,1998-01-31,0363.HK,HKD,1998-01-31,1998-01-31,Q1,889443000,0.0,0.0,0.0,0.0,0.0,0.0,48070750.0,0.0,0.0,0.0,0.0,889443000,1.0,889443000,1.0,0.0,318073250,0.35760948143950766,-16997750,288586250,0.32445727269763214,0.3425,0.3375,842587591,855070370,https://www1.hkexnews.hk/search/titlesearch.xhtml,https://www1.hkexnews.hk/search/titlesearch.xhtml,1620584692,14:24:52,20210509
88,1997-09-30,0363.HK,HKD,1997-09-30,1997-09-30,Q3,889211500,0.0,0.0,0.0,0.0,0.0,0.0,0.0,0.0,0.0,0.0,0.0,889211500,1.0,889211500,1.0,0.0,279126000,0.31390282289421584,-20575250,253893000,0.285525996908497,0.32,0.32,793415625,793415625,https://www1.hkexnews.hk/search/titlesearch.xhtml,https://www1.hkexnews.hk/search/titlesearch.xhtml,1620584692,14:24:52,20210509
89,1997-06-30,0363.HK,HKD,1997-06-30,1997-06-30,Q2,889211500,0.0,0.0,0.0,0.0,0.0,0.0,0.0,0.0,0.0,0.0,0.0,889211500,1.0,889211500,1.0,0.0,279126000,0.31390282289421584,-20575250,253893000,0.285525996908497,0.32,0.32,793415625,793415625,https://www1.hkexnews.hk/search/titlesearch.xhtml,https://www1.hkexnews.hk/search/titlesearch.xhtml,1620584692,14:24:52,20210509
90,1997-03-31,0363.HK,HKD,1997-03-31,1997-03-31,Q1,889211500,0.0,0.0,0.0,0.0,0.0,0.0,0.0,0.0,0.0,0.0,0.0,889211500,1.0,889211500,1.0,0.0,279126000,0.31390282289421584,-20575250,253893000,0.285525996908497,0.32,0.32,793415625,793415625,https://www1.hkexnews.hk/search/titlesearch.xhtml,https://www1.hkexnews.hk/search/titlesearch.xhtml,1620584692,14:24:52,20210509
91,1997-01-31,0363.HK,HKD,1997-01-31,1997-01-31,Q1,889211500,0.0,0.0,0.0,0.0,0.0,0.0,0.0,0.0,0.0,0.0,0.0,889211500,1.0,889211500,1.0,0.0,279126000,0.31390282289421584,-20575250,253893000,0.285525996908497,0.32,0.32,793415625,793415625,https://www1.hkexnews.hk/search/titlesearch.xhtml,https://www1.hkexnews.hk/search/titlesearch.xhtml,1620584692,14:24:52,20210509
