,date,symbol,reportedCurrency,fillingDate,acceptedDate,period,revenue,costOfRevenue,grossProfit,grossProfitRatio,researchAndDevelopmentExpenses,generalAndAdministrativeExpenses,sellingAndMarketingExpenses,otherExpenses,operatingExpenses,costAndExpenses,interestExpense,depreciationAndAmortization,ebitda,ebitdaratio,operatingIncome,operatingIncomeRatio,totalOtherIncomeExpensesNet,incomeBeforeTax,incomeBeforeTaxRatio,incomeTaxExpense,netIncome,netIncomeRatio,eps,epsdiluted,weightedAverageShsOut,weightedAverageShsOutDil,link,finalLink,timestamp,est_time,est_date
0,2021-03-31,GIL.TO,USD,2021-03-31,2021-03-31,Q1,589585000.0,401071000.0,188514000.0,0.31974015621157253,0.0,0.0,0.0,0.0,73386000.0,474457000.0,7100000.0,35626000.0,150754000.0,0.25569510757566766,115128000.0,0.17467879949455972,-1792000.0,102988000.0,0.17467879949455972,4447000.0,98541000.0,0.16713620597538947,0.5,0.5,198418000,198582000,https://www.sedar.com/ModifyCompanyDocumentSearchForm.do?lang=EN&company_search=Gildan Activewear Inc&document_selection=0&industry_group=A&FromDate=13&FromMonth=05&FromYear=2000&ToDate=13&ToMonth=11&ToYear=2020&Variable=Issuer,https://www.sedar.com/ModifyCompanyDocumentSearchForm.do?lang=EN&company_search=Gildan Activewear Inc&document_selection=0&industry_group=A&FromDate=13&FromMonth=05&FromYear=2000&ToDate=13&ToMonth=11&ToYear=2020&Variable=Issuer,1620592555,16:35:55,20210509
1,2020-12-31,GIL.TO,USD,2020-12-31,2020-12-31,Q4,690155000.0,534648000.0,155507000.0,0.22532184799066876,0.0,71934000.0,0.0,0.0,71934000.0,606582000.0,7812000.0,39561000.0,123134000.0,0.1784149937332918,83573000.0,0.12109308778462809,-6356000.0,65694000.0,0.09518731299490694,-1658000.0,67352000.0,0.09758967188530113,0.34,0.34,198094118,198403000,https://www.sedar.com/ModifyCompanyDocumentSearchForm.do?lang=EN&company_search=Gildan Activewear Inc&document_selection=0&industry_group=A&FromDate=13&FromMonth=05&FromYear=2000&ToDate=13&ToMonth=11&ToYear=2020&Variable=Issuer,https://www.sedar.com/ModifyCompanyDocumentSearchForm.do?lang=EN&company_search=Gildan Activewear Inc&document_selection=0&industry_group=A&FromDate=13&FromMonth=05&FromYear=2000&ToDate=13&ToMonth=11&ToYear=2020&Variable=Issuer,1620592555,16:35:55,20210509
2,2020-09-30,GIL.TO,USD,2020-09-30,2020-09-30,Q3,602314000.0,466823000.0,135491000.0,0.22495077318475082,0.0,61490000.0,0.0,0.0,61490000.0,528313000.0,8311000.0,33438000.0,107439000.0,0.17837705914190938,74001000.0,0.12286116543862503,-4998000.0,57308000.0,0.09514638544015248,953000.0,56355000.0,0.09356415424512796,0.28425225843223695,0.2841848878489592,198257000,198304000,https://www.sedar.com/ModifyCompanyDocumentSearchForm.do?lang=EN&company_search=Gildan Activewear Inc&document_selection=0&industry_group=A&FromDate=13&FromMonth=05&FromYear=2000&ToDate=13&ToMonth=11&ToYear=2020&Variable=Issuer,https://www.sedar.com/ModifyCompanyDocumentSearchForm.do?lang=EN&company_search=Gildan Activewear Inc&document_selection=0&industry_group=A&FromDate=13&FromMonth=05&FromYear=2000&ToDate=13&ToMonth=11&ToYear=2020&Variable=Issuer,1620592555,16:35:55,20210509
3,2020-06-30,GIL.TO,USD,2020-06-30,2020-06-30,Q2,229704000.0,378189000.0,-148485000.0,-0.6464188695016195,0.0,64934000.0,0.0,0.0,64934000.0,443123000.0,9611000.0,43906000.0,-169513000.0,-0.7379627694772403,-213419000.0,-0.9291044126353917,-22907000.0,-252188000.0,-1.0978824922508967,-2494000.0,-249694000.0,-1.0870250409222304,-1.26,-1.26,198201000,198201000,https://www.sedar.com/ModifyCompanyDocumentSearchForm.do?lang=EN&company_search=Gildan Activewear Inc&document_selection=0&industry_group=A&FromDate=13&FromMonth=05&FromYear=2000&ToDate=13&ToMonth=11&ToYear=2020&Variable=Issuer,https://www.sedar.com/ModifyCompanyDocumentSearchForm.do?lang=EN&company_search=Gildan Activewear Inc&document_selection=0&industry_group=A&FromDate=13&FromMonth=05&FromYear=2000&ToDate=13&ToMonth=11&ToYear=2020&Variable=Issuer,1620592555,16:35:55,20210509
4,2020-03-31,GIL.TO,USD,2020-03-31,2020-03-31,Q1,459103000.0,352557000.0,106546000.0,0.232074283984204,0.0,73948000.0,0.0,0.0,73948000.0,426505000.0,7940000.0,30285000.0,62883000.0,0.13696926397780018,32598000.0,0.07100367455668989,-123564000.0,-100187000.0,-0.21822336164215872,-892000.0,-99295000.0,-0.2162804425150783,-0.5,-0.5,198624000,198624000,https://www.sedar.com/ModifyCompanyDocumentSearchForm.do?lang=EN&company_search=Gildan Activewear Inc&document_selection=0&industry_group=A&FromDate=13&FromMonth=05&FromYear=2000&ToDate=13&ToMonth=11&ToYear=2020&Variable=Issuer,https://www.sedar.com/ModifyCompanyDocumentSearchForm.do?lang=EN&company_search=Gildan Activewear Inc&document_selection=0&industry_group=A&FromDate=13&FromMonth=05&FromYear=2000&ToDate=13&ToMonth=11&ToYear=2020&Variable=Issuer,1620592555,16:35:55,20210509
5,2019-12-31,GIL.TO,USD,2019-12-31,2019-12-31,Q4,658673000.0,540458000.0,118215000.0,0.17947448885865977,0.0,76496000.0,0.0,0.0,76496000.0,616954000.0,7531000.0,32977000.0,74696000.0,0.11340376787875016,41719000.0,0.06333795373425054,-17135000.0,14752000.0,0.022396545782201488,-17760000.0,32512000.0,0.04935984927270436,0.16398916557801238,0.16398916557801238,198257000,198257000,https://www.sedar.com/ModifyCompanyDocumentSearchForm.do?lang=EN&company_search=Gildan Activewear Inc&document_selection=0&industry_group=A&FromDate=13&FromMonth=05&FromYear=2000&ToDate=13&ToMonth=11&ToYear=2020&Variable=Issuer,https://www.sedar.com/ModifyCompanyDocumentSearchForm.do?lang=EN&company_search=Gildan Activewear Inc&document_selection=0&industry_group=A&FromDate=13&FromMonth=05&FromYear=2000&ToDate=13&ToMonth=11&ToYear=2020&Variable=Issuer,1620592555,16:35:55,20210509
6,2019-09-30,GIL.TO,USD,2019-09-30,2019-09-30,Q3,739658000.0,536944000.0,202714000.0,0.27406450007976657,0.0,78972000.0,0.0,0.0,78972000.0,615916000.0,8445000.0,39687000.0,163429000.0,0.2209521157075297,123742000.0,0.1672962369094906,-5346000.0,107967000.0,0.145968812613397,3084000.0,104883000.0,0.141799318063213,0.5149299895917205,0.5134703788742944,203684000,204263000,https://www.sedar.com/ModifyCompanyDocumentSearchForm.do?lang=EN&company_search=Gildan Activewear Inc&document_selection=0&industry_group=A&FromDate=13&FromMonth=05&FromYear=2000&ToDate=13&ToMonth=11&ToYear=2020&Variable=Issuer,https://www.sedar.com/ModifyCompanyDocumentSearchForm.do?lang=EN&company_search=Gildan Activewear Inc&document_selection=0&industry_group=A&FromDate=13&FromMonth=05&FromYear=2000&ToDate=13&ToMonth=11&ToYear=2020&Variable=Issuer,1620592555,16:35:55,20210509
7,2019-06-30,GIL.TO,USD,2019-06-30,2019-06-30,Q2,801635000.0,578843000.0,222792000.0,0.2779219969187972,0.0,92030000.0,0.0,0.0,92030000.0,670873000.0,8315000.0,44065000.0,174827000.0,0.21808803258340767,130762000.0,0.1631191252876933,-17078000.0,103510000.0,0.12912360363507083,3824000.0,99686000.0,0.12435335283514318,0.48636807181889147,0.48504281821720513,204960000,205520000,https://www.sedar.com/ModifyCompanyDocumentSearchForm.do?lang=EN&company_search=Gildan Activewear Inc&document_selection=0&industry_group=A&FromDate=13&FromMonth=05&FromYear=2000&ToDate=13&ToMonth=11&ToYear=2020&Variable=Issuer,https://www.sedar.com/ModifyCompanyDocumentSearchForm.do?lang=EN&company_search=Gildan Activewear Inc&document_selection=0&industry_group=A&FromDate=13&FromMonth=05&FromYear=2000&ToDate=13&ToMonth=11&ToYear=2020&Variable=Issuer,1620592555,16:35:55,20210509
8,2019-03-31,GIL.TO,USD,2019-03-31,2019-03-31,Q1,623935000.0,463195000.0,160740000.0,0.2576229895742345,0.0,92989000.0,0.0,0.0,92989000.0,556184000.0,7796000.0,40065000.0,107816000.0,0.17280005128739373,67751000.0,0.10858663162028095,-34493000.0,23596000.0,0.03781804194347167,868000.0,22728000.0,0.03642687138884659,0.1100123429899078,0.10976687578782654,206595000,207057000,https://www.sedar.com/ModifyCompanyDocumentSearchForm.do?lang=EN&company_search=Gildan Activewear Inc&document_selection=0&industry_group=A&FromDate=13&FromMonth=05&FromYear=2000&ToDate=13&ToMonth=11&ToYear=2020&Variable=Issuer,https://www.sedar.com/ModifyCompanyDocumentSearchForm.do?lang=EN&company_search=Gildan Activewear Inc&document_selection=0&industry_group=A&FromDate=13&FromMonth=05&FromYear=2000&ToDate=13&ToMonth=11&ToYear=2020&Variable=Issuer,1620592555,16:35:55,20210509
9,2018-12-31,GIL.TO,USD,2018-12-31,2018-12-31,Q4,742748000.0,547360000.0,195388000.0,0.26306095741758984,0.0,95474000.0,0.0,0.0,95474000.0,642834000.0,7097000.0,37985000.0,137899000.0,0.18566054704960497,99914000.0,0.13451937938574052,-21209000.0,69508000.0,0.09358221092483587,9956000.0,59552000.0,0.0801779338348942,0.29,0.29,205351724,205351724,https://www.sedar.com/ModifyCompanyDocumentSearchForm.do?lang=EN&company_search=Gildan Activewear Inc&document_selection=0&industry_group=A&FromDate=13&FromMonth=05&FromYear=2000&ToDate=13&ToMonth=11&ToYear=2020&Variable=Issuer,https://www.sedar.com/ModifyCompanyDocumentSearchForm.do?lang=EN&company_search=Gildan Activewear Inc&document_selection=0&industry_group=A&FromDate=13&FromMonth=05&FromYear=2000&ToDate=13&ToMonth=11&ToYear=2020&Variable=Issuer,1620592555,16:35:55,20210509
10,2018-09-30,GIL.TO,USD,2018-09-30,2018-09-30,Q3,754356000.0,535514000.0,218842000.0,0.29010440693783834,0.0,88063000.0,0.0,0.0,88063000.0,623577000.0,7314000.0,36697000.0,167476000.0,0.22201188828616727,130779000.0,0.1733650955251897,-3097000.0,118527000.0,0.15712342713519878,4212000.0,114315000.0,0.15153985651337035,0.5497869434317979,0.5491662703388243,207926000,208161000,https://www.sedar.com/ModifyCompanyDocumentSearchForm.do?lang=EN&company_search=Gildan Activewear Inc&document_selection=0&industry_group=A&FromDate=13&FromMonth=05&FromYear=2000&ToDate=13&ToMonth=11&ToYear=2020&Variable=Issuer,https://www.sedar.com/ModifyCompanyDocumentSearchForm.do?lang=EN&company_search=Gildan Activewear Inc&document_selection=0&industry_group=A&FromDate=13&FromMonth=05&FromYear=2000&ToDate=13&ToMonth=11&ToYear=2020&Variable=Issuer,1620592555,16:35:55,20210509
11,2018-06-30,GIL.TO,USD,2018-06-30,2018-06-30,Q2,764193000.0,548252000.0,215941000.0,0.2825739047596615,0.0,91934000.0,0.0,0.0,91934000.0,640186000.0,6077000.0,41953000.0,165960000.0,0.2171702698140391,124007000.0,0.1622718344711349,-3132000.0,113007000.0,0.14787756496068402,3979000.0,109028000.0,0.14267076510776727,0.51,0.51,213725490,213725490,https://www.sedar.com/ModifyCompanyDocumentSearchForm.do?lang=EN&company_search=Gildan Activewear Inc&document_selection=0&industry_group=A&FromDate=13&FromMonth=05&FromYear=2000&ToDate=13&ToMonth=11&ToYear=2020&Variable=Issuer,https://www.sedar.com/ModifyCompanyDocumentSearchForm.do?lang=EN&company_search=Gildan Activewear Inc&document_selection=0&industry_group=A&FromDate=13&FromMonth=05&FromYear=2000&ToDate=13&ToMonth=11&ToYear=2020&Variable=Issuer,1620592555,16:35:55,20210509
12,2018-03-31,GIL.TO,USD,2018-03-31,2018-03-31,Q1,647268000.0,471486000.0,175782000.0,0.2715752980218395,0.0,93075000.0,0.0,0.0,93075000.0,564561000.0,4568000.0,41441000.0,124148000.0,0.19180308620231495,82707000.0,0.12777860175383304,-5307000.0,71092000.0,0.10983394822546456,3213000.0,67879000.0,0.1048700074775827,0.3106007568373898,0.3101622115604295,218541000,218850000,https://www.sedar.com/ModifyCompanyDocumentSearchForm.do?lang=EN&company_search=Gildan Activewear Inc&document_selection=0&industry_group=A&FromDate=13&FromMonth=05&FromYear=2000&ToDate=13&ToMonth=11&ToYear=2020&Variable=Issuer,https://www.sedar.com/ModifyCompanyDocumentSearchForm.do?lang=EN&company_search=Gildan Activewear Inc&document_selection=0&industry_group=A&FromDate=13&FromMonth=05&FromYear=2000&ToDate=13&ToMonth=11&ToYear=2020&Variable=Issuer,1620592555,16:35:55,20210509
13,2017-12-31,GIL.TO,USD,2017-12-31,2017-12-31,Q4,653695000.0,476724000.0,176971000.0,0.270724114457048,0.0,103930000.0,0.0,0.0,103930000.0,580654000.0,4569000.0,40976000.0,114017000.0,0.1744192628060487,73041000.0,0.11173559534645362,-10173000.0,56130000.0,0.08586573248992267,1181000.0,54949000.0,0.08405907954015251,0.2771604533509536,0.2771604533509536,198257000,198257000,https://www.sedar.com/ModifyCompanyDocumentSearchForm.do?lang=EN&company_search=Gildan Activewear Inc&document_selection=0&industry_group=A&FromDate=13&FromMonth=05&FromYear=2000&ToDate=13&ToMonth=11&ToYear=2020&Variable=Issuer,https://www.sedar.com/ModifyCompanyDocumentSearchForm.do?lang=EN&company_search=Gildan Activewear Inc&document_selection=0&industry_group=A&FromDate=13&FromMonth=05&FromYear=2000&ToDate=13&ToMonth=11&ToYear=2020&Variable=Issuer,1620592555,16:35:55,20210509
14,2017-09-30,GIL.TO,USD,2017-09-30,2017-09-30,Q3,716395000.0,494159000.0,222236000.0,0.310214337062654,0.0,94842000.0,0.0,0.0,94842000.0,589001000.0,4334000.0,40406000.0,167800000.0,0.2342283237599369,127394000.0,0.17782647840925747,-2161000.0,118888000.0,0.1659531403764683,2741000.0,116147000.0,0.16212703885426336,0.5196408278676056,0.5185643232817508,223514000,223978000,https://www.sedar.com/ModifyCompanyDocumentSearchForm.do?lang=EN&company_search=Gildan Activewear Inc&document_selection=0&industry_group=A&FromDate=13&FromMonth=05&FromYear=2000&ToDate=13&ToMonth=11&ToYear=2020&Variable=Issuer,https://www.sedar.com/ModifyCompanyDocumentSearchForm.do?lang=EN&company_search=Gildan Activewear Inc&document_selection=0&industry_group=A&FromDate=13&FromMonth=05&FromYear=2000&ToDate=13&ToMonth=11&ToYear=2020&Variable=Issuer,1620592555,16:35:55,20210509
15,2017-06-30,GIL.TO,USD,2017-06-30,2017-06-30,Q2,715368000.0,502102000.0,213266000.0,0.2981206875342481,0.0,89346000.0,0.0,0.0,89346000.0,591448000.0,4798000.0,41520000.0,165440000.0,0.2312655863835117,123920000.0,0.17322552867894567,-3667000.0,113543000.0,0.15871970789859205,5825000.0,107718000.0,0.15057704566041533,0.4780434116921329,0.47692164649939567,225331000,225861000,https://www.sedar.com/ModifyCompanyDocumentSearchForm.do?lang=EN&company_search=Gildan Activewear Inc&document_selection=0&industry_group=A&FromDate=13&FromMonth=05&FromYear=2000&ToDate=13&ToMonth=11&ToYear=2020&Variable=Issuer,https://www.sedar.com/ModifyCompanyDocumentSearchForm.do?lang=EN&company_search=Gildan Activewear Inc&document_selection=0&industry_group=A&FromDate=13&FromMonth=05&FromYear=2000&ToDate=13&ToMonth=11&ToYear=2020&Variable=Issuer,1620592555,16:35:55,20210509
16,2017-03-31,GIL.TO,USD,2017-03-31,2017-03-31,Q1,665358000.0,476612000.0,188746000.0,0.2836758557047484,0.0,89205000.0,0.0,0.0,89205000.0,565817000.0,3736000.0,39248000.0,138789000.0,0.2085929679961765,99541000.0,0.14960517495844342,-5617000.0,88255000.0,0.13264287796945404,4735000.0,83520000.0,0.12552640833957057,0.36356354961998205,0.36282282412737027,229726000,230195000,https://www.sedar.com/ModifyCompanyDocumentSearchForm.do?lang=EN&company_search=Gildan Activewear Inc&document_selection=0&industry_group=A&FromDate=13&FromMonth=05&FromYear=2000&ToDate=13&ToMonth=11&ToYear=2020&Variable=Issuer,https://www.sedar.com/ModifyCompanyDocumentSearchForm.do?lang=EN&company_search=Gildan Activewear Inc&document_selection=0&industry_group=A&FromDate=13&FromMonth=05&FromYear=2000&ToDate=13&ToMonth=11&ToYear=2020&Variable=Issuer,1620592555,16:35:55,20210509
17,2016-12-31,GIL.TO,USD,2016-12-31,2016-12-31,Q4,587887000.0,431025000.0,156862000.0,0.26682338612692574,0.0,86784000.0,0.0,0.0,86784000.0,517809000.0,4001000.0,32613000.0,102691000.0,0.1746781269189487,70078000.0,0.1192031802029982,-57000.0,63995000.0,0.10885595361013256,-10296000.0,74291000.0,0.12636952339480206,0.32,0.32,232159375,232159375,https://www.sedar.com/ModifyCompanyDocumentSearchForm.do?lang=EN&company_search=Gildan Activewear Inc&document_selection=0&industry_group=A&FromDate=13&FromMonth=05&FromYear=2000&ToDate=13&ToMonth=11&ToYear=2020&Variable=Issuer,https://www.sedar.com/ModifyCompanyDocumentSearchForm.do?lang=EN&company_search=Gildan Activewear Inc&document_selection=0&industry_group=A&FromDate=13&FromMonth=05&FromYear=2000&ToDate=13&ToMonth=11&ToYear=2020&Variable=Issuer,1620592555,16:35:55,20210509
18,2016-09-30,GIL.TO,USD,2016-09-30,2016-09-30,Q3,715026000.0,497587000.0,217439000.0,0.3040994313493495,0.0,86812000.0,0.0,0.0,86812000.0,584399000.0,3899000.0,33595000.0,164222000.0,0.22967276714413182,130627000.0,0.1826884616783166,-1817000.0,122684000.0,0.17157977472147867,8286000.0,114398000.0,0.15999138492865994,0.4932564115831048,0.4915798294050663,231924000,232715000,https://www.sedar.com/ModifyCompanyDocumentSearchForm.do?lang=EN&company_search=Gildan Activewear Inc&document_selection=0&industry_group=A&FromDate=13&FromMonth=05&FromYear=2000&ToDate=13&ToMonth=11&ToYear=2020&Variable=Issuer,https://www.sedar.com/ModifyCompanyDocumentSearchForm.do?lang=EN&company_search=Gildan Activewear Inc&document_selection=0&industry_group=A&FromDate=13&FromMonth=05&FromYear=2000&ToDate=13&ToMonth=11&ToYear=2020&Variable=Issuer,1620592555,16:35:55,20210509
19,2016-06-30,GIL.TO,USD,2016-06-30,2016-06-30,Q2,688867000.0,499835000.0,189032000.0,0.27441000947933347,0.0,83599000.0,0.0,0.0,83599000.0,583434000.0,3055000.0,39689000.0,145122000.0,0.21066766153698754,105433000.0,0.1530527663540277,-1555000.0,99725000.0,0.14476669661923128,5010000.0,94715000.0,0.13749388488634234,0.4021936678329993,0.40087272296336424,235496000,236272000,https://www.sedar.com/ModifyCompanyDocumentSearchForm.do?lang=EN&company_search=Gildan Activewear Inc&document_selection=0&industry_group=A&FromDate=13&FromMonth=05&FromYear=2000&ToDate=13&ToMonth=11&ToYear=2020&Variable=Issuer,https://www.sedar.com/ModifyCompanyDocumentSearchForm.do?lang=EN&company_search=Gildan Activewear Inc&document_selection=0&industry_group=A&FromDate=13&FromMonth=05&FromYear=2000&ToDate=13&ToMonth=11&ToYear=2020&Variable=Issuer,1620592555,16:35:55,20210509
20,2016-03-31,GIL.TO,USD,2016-03-31,2016-03-31,Q1,593290000.0,436920000.0,156370000.0,0.263564192890492,0.0,79238000.0,0.0,0.0,79238000.0,516158000.0,1949000.0,34700000.0,111832000.0,0.18849466534072712,77132000.0,0.13000724772033911,-8751000.0,65434000.0,0.11029007736520083,2200000.0,63234000.0,0.10658194137774107,0.260611530805277,0.2598426167533028,242637000,243355000,https://www.sedar.com/ModifyCompanyDocumentSearchForm.do?lang=EN&company_search=Gildan Activewear Inc&document_selection=0&industry_group=A&FromDate=13&FromMonth=05&FromYear=2000&ToDate=13&ToMonth=11&ToYear=2020&Variable=Issuer,https://www.sedar.com/ModifyCompanyDocumentSearchForm.do?lang=EN&company_search=Gildan Activewear Inc&document_selection=0&industry_group=A&FromDate=13&FromMonth=05&FromYear=2000&ToDate=13&ToMonth=11&ToYear=2020&Variable=Issuer,1620592555,16:35:55,20210509
21,2015-09-30,GIL.TO,USD,2015-09-30,2015-09-30,Q3,674508000.0,462553000.0,211955000.0,0.31423645086492674,0.0,78414000.0,0.0,0.0,78414000.0,540967000.0,2344000.0,30245000.0,163786000.0,0.24282291685198693,133541000.0,0.19798282600058117,-5808000.0,124395000.0,0.18442331299258127,1325000.0,123070000.0,0.18245891820408358,0.51,0.5,242257000,244063000,https://www.sedar.com/ModifyCompanyDocumentSearchForm.do?lang=EN&company_search=Gildan Activewear Inc&document_selection=0&industry_group=A&FromDate=13&FromMonth=05&FromYear=2000&ToDate=13&ToMonth=11&ToYear=2020&Variable=Issuer,https://www.sedar.com/ModifyCompanyDocumentSearchForm.do?lang=EN&company_search=Gildan Activewear Inc&document_selection=0&industry_group=A&FromDate=13&FromMonth=05&FromYear=2000&ToDate=13&ToMonth=11&ToYear=2020&Variable=Issuer,1620592555,16:35:55,20210509
22,2015-06-30,GIL.TO,USD,2015-06-30,2015-06-30,Q2,714153000.0,523548000.0,190605000.0,0.266896589386308,0.0,80131000.0,0.0,0.0,80131000.0,603679000.0,2211000.0,35517000.0,145991000.0,0.20442538223601944,110474000.0,0.15469234183711333,-5826000.0,101467000.0,0.14208019850088147,2037000.0,99430000.0,0.13922786853797436,0.4111123974596454,0.40781923554913885,241856000,243809000,https://www.sedar.com/ModifyCompanyDocumentSearchForm.do?lang=EN&company_search=Gildan Activewear Inc&document_selection=0&industry_group=A&FromDate=13&FromMonth=05&FromYear=2000&ToDate=13&ToMonth=11&ToYear=2020&Variable=Issuer,https://www.sedar.com/ModifyCompanyDocumentSearchForm.do?lang=EN&company_search=Gildan Activewear Inc&document_selection=0&industry_group=A&FromDate=13&FromMonth=05&FromYear=2000&ToDate=13&ToMonth=11&ToYear=2020&Variable=Issuer,1620592555,16:35:55,20210509
23,2015-03-31,GIL.TO,USD,2015-03-31,2015-03-31,Q1,636191000.0,496263000.0,139928000.0,0.2199465254931302,0.0,77066000.0,0.0,0.0,77066000.0,573329000.0,1466000.0,29415000.0,92277000.0,0.1450460632105767,62862000.0,0.09880994858462318,-2014000.0,58426000.0,0.09183719983464085,2397000.0,56029000.0,0.08806946341586096,0.2321387139542592,0.23008627876129817,241360000,243513000,https://www.sedar.com/ModifyCompanyDocumentSearchForm.do?lang=EN&company_search=Gildan Activewear Inc&document_selection=0&industry_group=A&FromDate=13&FromMonth=05&FromYear=2000&ToDate=13&ToMonth=11&ToYear=2020&Variable=Issuer,https://www.sedar.com/ModifyCompanyDocumentSearchForm.do?lang=EN&company_search=Gildan Activewear Inc&document_selection=0&industry_group=A&FromDate=13&FromMonth=05&FromYear=2000&ToDate=13&ToMonth=11&ToYear=2020&Variable=Issuer,1620592555,16:35:55,20210509
24,2014-12-31,GIL.TO,USD,2014-12-31,2014-12-31,Q4,390620000.0,347771000.0,42849000.0,0.1096948440940044,0.0,79557000.0,0.0,0.0,79557000.0,427328000.0,1014000.0,21454000.0,-15254000.0,-0.03905073984947007,-36708000.0,-0.09397368286314065,-4535000.0,-43092000.0,-0.11031693205673032,-1863000.0,-41229000.0,-0.10554759100916491,-0.17,-0.17,243852000,243852000,https://www.sedar.com/ModifyCompanyDocumentSearchForm.do?lang=EN&company_search=Gildan Activewear Inc&document_selection=0&industry_group=A&FromDate=13&FromMonth=05&FromYear=2000&ToDate=13&ToMonth=11&ToYear=2020&Variable=Issuer,https://www.sedar.com/ModifyCompanyDocumentSearchForm.do?lang=EN&company_search=Gildan Activewear Inc&document_selection=0&industry_group=A&FromDate=13&FromMonth=05&FromYear=2000&ToDate=13&ToMonth=11&ToYear=2020&Variable=Issuer,1620592555,16:35:55,20210509
25,2014-09-30,GIL.TO,USD,2014-09-30,2014-09-30,Q3,666001000.0,473934000.0,192067000.0,0.2883884558731894,0.0,72172000.0,0.0,0.0,72172000.0,546106000.0,1039000.0,24254000.0,144149000.0,0.2164396149555331,119895000.0,0.18002225221884052,-330000.0,117725000.0,0.17676399885285457,-4952000.0,122677000.0,0.1841994231239893,0.505,0.5,243968000,246558000,https://www.sedar.com/ModifyCompanyDocumentSearchForm.do?lang=EN&company_search=Gildan Activewear Inc&document_selection=0&industry_group=A&FromDate=13&FromMonth=05&FromYear=2000&ToDate=13&ToMonth=11&ToYear=2020&Variable=Issuer,https://www.sedar.com/ModifyCompanyDocumentSearchForm.do?lang=EN&company_search=Gildan Activewear Inc&document_selection=0&industry_group=A&FromDate=13&FromMonth=05&FromYear=2000&ToDate=13&ToMonth=11&ToYear=2020&Variable=Issuer,1620592555,16:35:55,20210509
26,2014-06-30,GIL.TO,USD,2014-06-30,2014-06-30,Q2,693783000.0,499593000.0,194190000.0,0.27990019934186916,0.0,71752000.0,0.0,0.0,71752000.0,571345000.0,661000.0,25703000.0,148141000.0,0.2135264196441827,122438000.0,0.1764788125393675,216000.0,121074000.0,0.17451277993263023,5075000.0,115999000.0,0.16719781257251906,0.475,0.47,243584000,246428000,https://www.sedar.com/ModifyCompanyDocumentSearchForm.do?lang=EN&company_search=Gildan Activewear Inc&document_selection=0&industry_group=A&FromDate=13&FromMonth=05&FromYear=2000&ToDate=13&ToMonth=11&ToYear=2020&Variable=Issuer,https://www.sedar.com/ModifyCompanyDocumentSearchForm.do?lang=EN&company_search=Gildan Activewear Inc&document_selection=0&industry_group=A&FromDate=13&FromMonth=05&FromYear=2000&ToDate=13&ToMonth=11&ToYear=2020&Variable=Issuer,1620592555,16:35:55,20210509
27,2014-03-31,GIL.TO,USD,2014-03-31,2014-03-31,Q1,548795000.0,395568000.0,153227000.0,0.27920626098998713,0.0,69279000.0,0.0,0.0,69279000.0,464847000.0,503000.0,24111000.0,108059000.0,0.1969023041390683,83948000.0,0.1529678659608779,1266000.0,83842000.0,0.15277471551307864,4655000.0,79187000.0,0.14429249537623337,0.325,0.32,243220000,246314000,https://www.sedar.com/ModifyCompanyDocumentSearchForm.do?lang=EN&company_search=Gildan Activewear Inc&document_selection=0&industry_group=A&FromDate=13&FromMonth=05&FromYear=2000&ToDate=13&ToMonth=11&ToYear=2020&Variable=Issuer,https://www.sedar.com/ModifyCompanyDocumentSearchForm.do?lang=EN&company_search=Gildan Activewear Inc&document_selection=0&industry_group=A&FromDate=13&FromMonth=05&FromYear=2000&ToDate=13&ToMonth=11&ToYear=2020&Variable=Issuer,1620592555,16:35:55,20210509
28,2013-12-31,GIL.TO,USD,2013-12-31,2013-12-31,Q4,451415000.0,332216000.0,119199000.0,0.26405635612463035,0.0,72812000.0,0.0,0.0,72812000.0,405028000.0,181000.0,21550000.0,67937000.0,0.15049787889192873,46387000.0,0.10275910193502653,-1613000.0,43883000.0,0.09721209973084634,2194000.0,41689000.0,0.09235182703277472,0.17131714774146886,0.16940412528647822,243344000,246092000,https://www.sedar.com/ModifyCompanyDocumentSearchForm.do?lang=EN&company_search=Gildan Activewear Inc&document_selection=0&industry_group=A&FromDate=13&FromMonth=05&FromYear=2000&ToDate=13&ToMonth=11&ToYear=2020&Variable=Issuer,https://www.sedar.com/ModifyCompanyDocumentSearchForm.do?lang=EN&company_search=Gildan Activewear Inc&document_selection=0&industry_group=A&FromDate=13&FromMonth=05&FromYear=2000&ToDate=13&ToMonth=11&ToYear=2020&Variable=Issuer,1620592555,16:35:55,20210509
29,2013-09-30,GIL.TO,USD,2013-09-30,2013-09-30,Q3,626165000.0,449253000.0,176912000.0,0.2825325593094472,0.0,69722000.0,0.0,0.0,69722000.0,518975000.0,716000.0,24681000.0,131871000.0,0.2106010396620699,107190000.0,0.17118491132528965,-6032000.0,99456000.0,0.15883353429207955,2676000.0,96780000.0,0.1545599003457555,0.4,0.395,243110000,245858000,https://www.sedar.com/ModifyCompanyDocumentSearchForm.do?lang=EN&company_search=Gildan Activewear Inc&document_selection=0&industry_group=A&FromDate=13&FromMonth=05&FromYear=2000&ToDate=13&ToMonth=11&ToYear=2020&Variable=Issuer,https://www.sedar.com/ModifyCompanyDocumentSearchForm.do?lang=EN&company_search=Gildan Activewear Inc&document_selection=0&industry_group=A&FromDate=13&FromMonth=05&FromYear=2000&ToDate=13&ToMonth=11&ToYear=2020&Variable=Issuer,1620592555,16:35:55,20210509
30,2013-06-30,GIL.TO,USD,2013-06-30,2013-06-30,Q2,614322000.0,421020000.0,193302000.0,0.31465908757947786,0.0,69861000.0,0.0,0.0,69861000.0,490881000.0,1122000.0,27771000.0,151212000.0,0.2461445300672937,123441000.0,0.2009385957201598,-1073000.0,120385000.0,0.19596400584709647,4555000.0,115830000.0,0.1885493275513493,0.475,0.47,242892000,245518000,https://www.sedar.com/ModifyCompanyDocumentSearchForm.do?lang=EN&company_search=Gildan Activewear Inc&document_selection=0&industry_group=A&FromDate=13&FromMonth=05&FromYear=2000&ToDate=13&ToMonth=11&ToYear=2020&Variable=Issuer,https://www.sedar.com/ModifyCompanyDocumentSearchForm.do?lang=EN&company_search=Gildan Activewear Inc&document_selection=0&industry_group=A&FromDate=13&FromMonth=05&FromYear=2000&ToDate=13&ToMonth=11&ToYear=2020&Variable=Issuer,1620592555,16:35:55,20210509
31,2013-03-31,GIL.TO,USD,2013-03-31,2013-03-31,Q1,523040000.0,371840000.0,151200000.0,0.2890792291220557,0.0,73552000.0,0.0,0.0,73552000.0,445392000.0,1166000.0,24074000.0,101722000.0,0.19448225757112267,77648000.0,0.14845518507188743,-361000.0,75250000.0,0.14387044967880086,2970000.0,72280000.0,0.13819210767818904,0.3,0.295,242730000,245258000,https://www.sedar.com/ModifyCompanyDocumentSearchForm.do?lang=EN&company_search=Gildan Activewear Inc&document_selection=0&industry_group=A&FromDate=13&FromMonth=05&FromYear=2000&ToDate=13&ToMonth=11&ToYear=2020&Variable=Issuer,https://www.sedar.com/ModifyCompanyDocumentSearchForm.do?lang=EN&company_search=Gildan Activewear Inc&document_selection=0&industry_group=A&FromDate=13&FromMonth=05&FromYear=2000&ToDate=13&ToMonth=11&ToYear=2020&Variable=Issuer,1620592555,16:35:55,20210509
32,2012-12-31,GIL.TO,USD,2012-12-31,2012-12-31,Q4,420776000.0,308153000.0,112623000.0,0.267655474646843,0.0,69428000.0,0.0,0.0,69428000.0,377581000.0,1098000.0,18752000.0,61947000.0,0.1472208490978573,43195000.0,0.10265556970929901,-5513000.0,35628000.0,0.08467212958914007,340000.0,35288000.0,0.08386409871285434,0.1452719114075172,0.14404323582957115,242910000,244982000,https://www.sedar.com/ModifyCompanyDocumentSearchForm.do?lang=EN&company_search=Gildan Activewear Inc&document_selection=0&industry_group=A&FromDate=13&FromMonth=05&FromYear=2000&ToDate=13&ToMonth=11&ToYear=2020&Variable=Issuer,https://www.sedar.com/ModifyCompanyDocumentSearchForm.do?lang=EN&company_search=Gildan Activewear Inc&document_selection=0&industry_group=A&FromDate=13&FromMonth=05&FromYear=2000&ToDate=13&ToMonth=11&ToYear=2020&Variable=Issuer,1620592555,16:35:55,20210509
33,2012-09-30,GIL.TO,USD,2012-09-30,2012-09-30,Q3,561652000.0,401457000.0,160195000.0,0.28522109776160326,0.0,64058000.0,0.0,0.0,64058000.0,465515000.0,-961000.0,22601000.0,118738000.0,0.21140848781807953,96137000.0,0.17116826789542278,-9476000.0,84362000.0,0.15020332875161133,-4654000.0,89016000.0,0.1584895985414456,0.36640241041219035,0.36385932211703537,242946000,244644000,https://www.sedar.com/ModifyCompanyDocumentSearchForm.do?lang=EN&company_search=Gildan Activewear Inc&document_selection=0&industry_group=A&FromDate=13&FromMonth=05&FromYear=2000&ToDate=13&ToMonth=11&ToYear=2020&Variable=Issuer,https://www.sedar.com/ModifyCompanyDocumentSearchForm.do?lang=EN&company_search=Gildan Activewear Inc&document_selection=0&industry_group=A&FromDate=13&FromMonth=05&FromYear=2000&ToDate=13&ToMonth=11&ToYear=2020&Variable=Issuer,1620592555,16:35:55,20210509
34,2012-06-30,GIL.TO,USD,2012-06-30,2012-06-30,Q2,600239000.0,456751000.0,143488000.0,0.23905144450793767,0.0,57204000.0,0.0,0.0,57204000.0,513955000.0,3419000.0,29958000.0,116242000.0,0.1936595256222938,86284000.0,0.14374940648641624,-3555000.0,78900000.0,0.13144764002339068,258000.0,78642000.0,0.13101781123852332,0.325,0.32,243054000,244094000,https://www.sedar.com/ModifyCompanyDocumentSearchForm.do?lang=EN&company_search=Gildan Activewear Inc&document_selection=0&industry_group=A&FromDate=13&FromMonth=05&FromYear=2000&ToDate=13&ToMonth=11&ToYear=2020&Variable=Issuer,https://www.sedar.com/ModifyCompanyDocumentSearchForm.do?lang=EN&company_search=Gildan Activewear Inc&document_selection=0&industry_group=A&FromDate=13&FromMonth=05&FromYear=2000&ToDate=13&ToMonth=11&ToYear=2020&Variable=Issuer,1620592555,16:35:55,20210509
35,2012-03-31,GIL.TO,USD,2012-03-31,2012-03-31,Q1,482565000.0,396472000.0,86093000.0,0.17840705397200377,0.0,53939000.0,0.0,0.0,53939000.0,450411000.0,2775000.0,20576000.0,52730000.0,0.10927025374819972,32154000.0,0.06663143825184172,-1553000.0,27380000.0,0.056738470465118686,510000.0,26870000.0,0.05568161802037031,0.11,0.11,243036000,243036000,https://www.sedar.com/ModifyCompanyDocumentSearchForm.do?lang=EN&company_search=Gildan Activewear Inc&document_selection=0&industry_group=A&FromDate=13&FromMonth=05&FromYear=2000&ToDate=13&ToMonth=11&ToYear=2020&Variable=Issuer,https://www.sedar.com/ModifyCompanyDocumentSearchForm.do?lang=EN&company_search=Gildan Activewear Inc&document_selection=0&industry_group=A&FromDate=13&FromMonth=05&FromYear=2000&ToDate=13&ToMonth=11&ToYear=2020&Variable=Issuer,1620592555,16:35:55,20210509
36,2011-12-31,GIL.TO,USD,2011-12-31,2011-12-31,Q4,303797000.0,297448000.0,6349000.0,0.020898823885686823,0.0,50834000.0,0.0,0.0,50834000.0,348282000.0,1996000.0,22053000.0,-22432000.0,-0.07383878050145327,-44485000.0,-0.1464300174129435,-34000.0,-46515000.0,-0.15311211104783787,-451000.0,-46064000.0,-0.15162756709249928,-0.19,-0.19,242868000,242868000,https://www.sedar.com/ModifyCompanyDocumentSearchForm.do?lang=EN&company_search=Gildan Activewear Inc&document_selection=0&industry_group=A&FromDate=13&FromMonth=05&FromYear=2000&ToDate=13&ToMonth=11&ToYear=2020&Variable=Issuer,https://www.sedar.com/ModifyCompanyDocumentSearchForm.do?lang=EN&company_search=Gildan Activewear Inc&document_selection=0&industry_group=A&FromDate=13&FromMonth=05&FromYear=2000&ToDate=13&ToMonth=11&ToYear=2020&Variable=Issuer,1620592555,16:35:55,20210509
37,2011-09-30,GIL.TO,USD,2011-09-30,2011-09-30,Q3,481755000.0,383304000.0,98451000.0,0.20435906217890837,0.0,53291000.0,0.0,0.0,53291000.0,436595000.0,2511000.0,23973000.0,69133000.0,0.14350240267355813,45160000.0,0.09374059428547706,-3372000.0,39583000.0,0.08216417058463327,-8951000.0,48534000.0,0.1007441541862565,0.19964952117681903,0.19867696061174198,243096000,244286000,https://www.sedar.com/ModifyCompanyDocumentSearchForm.do?lang=EN&company_search=Gildan Activewear Inc&document_selection=0&industry_group=A&FromDate=13&FromMonth=05&FromYear=2000&ToDate=13&ToMonth=11&ToYear=2020&Variable=Issuer,https://www.sedar.com/ModifyCompanyDocumentSearchForm.do?lang=EN&company_search=Gildan Activewear Inc&document_selection=0&industry_group=A&FromDate=13&FromMonth=05&FromYear=2000&ToDate=13&ToMonth=11&ToYear=2020&Variable=Issuer,1620592555,16:35:55,20210509
38,2011-06-30,GIL.TO,USD,2011-06-30,2011-06-30,Q2,529777000.0,379957000.0,149820000.0,0.28279823397391735,0.0,56485000.0,0.0,0.0,56485000.0,436442000.0,1632000.0,21879000.0,115214000.0,0.21747640988566888,93335000.0,0.17617790126789196,288000.0,91100000.0,0.17195914507424823,-2982000.0,94082000.0,0.17758792850576752,0.38669450632557606,0.38398935562339803,243298000,245012000,https://www.sedar.com/ModifyCompanyDocumentSearchForm.do?lang=EN&company_search=Gildan Activewear Inc&document_selection=0&industry_group=A&FromDate=13&FromMonth=05&FromYear=2000&ToDate=13&ToMonth=11&ToYear=2020&Variable=Issuer,https://www.sedar.com/ModifyCompanyDocumentSearchForm.do?lang=EN&company_search=Gildan Activewear Inc&document_selection=0&industry_group=A&FromDate=13&FromMonth=05&FromYear=2000&ToDate=13&ToMonth=11&ToYear=2020&Variable=Issuer,1620592555,16:35:55,20210509
39,2011-03-31,GIL.TO,USD,2011-03-31,2011-03-31,Q1,383229000.0,275641000.0,107588000.0,0.28074075813677984,0.0,47715000.0,0.0,0.0,47715000.0,323356000.0,0.0,18269000.0,78142000.0,0.20390419305428348,59873000.0,0.15623295731794828,-4400000.0,56446000.0,0.14729052342072232,-4972000.0,61418000.0,0.16026448937841342,0.255,0.25,243030000,244546000,https://www.sedar.com/ModifyCompanyDocumentSearchForm.do?lang=EN&company_search=Gildan Activewear Inc&document_selection=0&industry_group=A&FromDate=13&FromMonth=05&FromYear=2000&ToDate=13&ToMonth=11&ToYear=2020&Variable=Issuer,https://www.sedar.com/ModifyCompanyDocumentSearchForm.do?lang=EN&company_search=Gildan Activewear Inc&document_selection=0&industry_group=A&FromDate=13&FromMonth=05&FromYear=2000&ToDate=13&ToMonth=11&ToYear=2020&Variable=Issuer,1620592555,16:35:55,20210509
40,2010-12-31,GIL.TO,USD,2010-12-31,2010-12-31,Q4,331280000.0,249391000.0,81889000.0,0.24718968848104322,0.0,41641000.0,0.0,0.0,41641000.0,291032000.0,410000.0,15687000.0,55935000.0,0.16884508572808501,40248000.0,0.1214923931417532,1159000.0,37033000.0,0.11178761168799807,1163000.0,35870000.0,0.10827698623520889,0.15,0.145,242788000,244322000,https://www.sedar.com/ModifyCompanyDocumentSearchForm.do?lang=EN&company_search=Gildan Activewear Inc&document_selection=0&industry_group=A&FromDate=13&FromMonth=05&FromYear=2000&ToDate=13&ToMonth=11&ToYear=2020&Variable=Issuer,https://www.sedar.com/ModifyCompanyDocumentSearchForm.do?lang=EN&company_search=Gildan Activewear Inc&document_selection=0&industry_group=A&FromDate=13&FromMonth=05&FromYear=2000&ToDate=13&ToMonth=11&ToYear=2020&Variable=Issuer,1620592555,16:35:55,20210509
41,2010-09-30,GIL.TO,USD,2010-09-30,2010-09-30,Q3,368935000.0,268268000.0,100667000.0,0.27285836258419505,0.0,42045000.0,0.0,0.0,42045000.0,310313000.0,811000.0,17675000.0,76297000.0,0.20680336644666406,58622000.0,0.15889519834117122,-3743000.0,54280000.0,0.14712618753981055,-2536000.0,56816000.0,0.1540000271050456,0.28657752311393797,0.28657752311393797,198257000,198257000,https://www.sedar.com/ModifyCompanyDocumentSearchForm.do?lang=EN&company_search=Gildan Activewear Inc&document_selection=0&industry_group=A&FromDate=13&FromMonth=05&FromYear=2000&ToDate=13&ToMonth=11&ToYear=2020&Variable=Issuer,https://www.sedar.com/ModifyCompanyDocumentSearchForm.do?lang=EN&company_search=Gildan Activewear Inc&document_selection=0&industry_group=A&FromDate=13&FromMonth=05&FromYear=2000&ToDate=13&ToMonth=11&ToYear=2020&Variable=Issuer,1620592555,16:35:55,20210509
42,2010-06-30,GIL.TO,USD,2010-06-30,2010-06-30,Q2,395324000.0,288190000.0,107134000.0,0.2710030253665348,0.0,39927000.0,0.0,0.0,39927000.0,328117000.0,433000.0,18842000.0,86049000.0,0.21766702755208386,67207000.0,0.17000485677570804,-3924000.0,62850000.0,0.1589835173174409,-1837000.0,64687000.0,0.16363033865892282,0.266719718960285,0.2648978689249619,242528000,244196000,https://www.sedar.com/ModifyCompanyDocumentSearchForm.do?lang=EN&company_search=Gildan Activewear Inc&document_selection=0&industry_group=A&FromDate=13&FromMonth=05&FromYear=2000&ToDate=13&ToMonth=11&ToYear=2020&Variable=Issuer,https://www.sedar.com/ModifyCompanyDocumentSearchForm.do?lang=EN&company_search=Gildan Activewear Inc&document_selection=0&industry_group=A&FromDate=13&FromMonth=05&FromYear=2000&ToDate=13&ToMonth=11&ToYear=2020&Variable=Issuer,1620592555,16:35:55,20210509
43,2010-03-31,GIL.TO,USD,2010-03-31,2010-03-31,Q1,326789000.0,236071000.0,90718000.0,0.27760420332385727,0.0,38703000.0,0.0,0.0,38703000.0,274774000.0,509000.0,19302000.0,71317000.0,0.2182356199260073,52015000.0,0.15916998430179718,-1438000.0,50068000.0,0.15321201142021304,1303000.0,48765000.0,0.14922472910654888,0.20140672883918026,0.19998933718288373,242122000,243838000,https://www.sedar.com/ModifyCompanyDocumentSearchForm.do?lang=EN&company_search=Gildan Activewear Inc&document_selection=0&industry_group=A&FromDate=13&FromMonth=05&FromYear=2000&ToDate=13&ToMonth=11&ToYear=2020&Variable=Issuer,https://www.sedar.com/ModifyCompanyDocumentSearchForm.do?lang=EN&company_search=Gildan Activewear Inc&document_selection=0&industry_group=A&FromDate=13&FromMonth=05&FromYear=2000&ToDate=13&ToMonth=11&ToYear=2020&Variable=Issuer,1620592555,16:35:55,20210509
44,2009-12-31,GIL.TO,USD,2009-12-31,2009-12-31,Q4,220415000.0,154677000.0,65738000.0,0.29824648957648076,0.0,33999000.0,0.0,0.0,33999000.0,188676000.0,847000.0,13378000.0,45117000.0,0.20469115078374883,31739000.0,0.14399655195880498,-1586000.0,29143000.0,0.1322187691400313,1166000.0,27977000.0,0.12692874804346346,0.11562941716193988,0.11488395394293786,241954000,243524000,https://www.sedar.com/ModifyCompanyDocumentSearchForm.do?lang=EN&company_search=Gildan Activewear Inc&document_selection=0&industry_group=A&FromDate=13&FromMonth=05&FromYear=2000&ToDate=13&ToMonth=11&ToYear=2020&Variable=Issuer,https://www.sedar.com/ModifyCompanyDocumentSearchForm.do?lang=EN&company_search=Gildan Activewear Inc&document_selection=0&industry_group=A&FromDate=13&FromMonth=05&FromYear=2000&ToDate=13&ToMonth=11&ToYear=2020&Variable=Issuer,1620592555,16:35:55,20210509
45,2009-09-30,GIL.TO,USD,2009-09-30,2009-09-30,Q3,301720000.0,224064000.0,77656000.0,0.2573777011799019,0.0,34151000.0,0.0,0.0,34151000.0,258215000.0,-504000.0,14553000.0,58058000.0,0.1924234389500199,43505000.0,0.14418997746254805,-2282000.0,41639000.0,0.13800543550311548,-746000.0,42385000.0,0.14047792655442132,0.21378816384793475,0.21378816384793475,198257000,198257000,https://www.sedar.com/ModifyCompanyDocumentSearchForm.do?lang=EN&company_search=Gildan Activewear Inc&document_selection=0&industry_group=A&FromDate=13&FromMonth=05&FromYear=2000&ToDate=13&ToMonth=11&ToYear=2020&Variable=Issuer,https://www.sedar.com/ModifyCompanyDocumentSearchForm.do?lang=EN&company_search=Gildan Activewear Inc&document_selection=0&industry_group=A&FromDate=13&FromMonth=05&FromYear=2000&ToDate=13&ToMonth=11&ToYear=2020&Variable=Issuer,1620592555,16:35:55,20210509
46,2009-06-30,GIL.TO,USD,2009-06-30,2009-06-30,Q2,307797000.0,232747000.0,75050000.0,0.24382953700003573,0.0,36213000.0,0.0,0.0,36213000.0,268960000.0,454000.0,16292000.0,55129000.0,0.17910830839806754,38837000.0,0.1261773181674935,-2385000.0,35699000.0,0.11598228702683912,-5807000.0,41506000.0,0.1348486177578079,0.17163864329961706,0.17083048657013739,241822000,242966000,https://www.sedar.com/ModifyCompanyDocumentSearchForm.do?lang=EN&company_search=Gildan Activewear Inc&document_selection=0&industry_group=A&FromDate=13&FromMonth=05&FromYear=2000&ToDate=13&ToMonth=11&ToYear=2020&Variable=Issuer,https://www.sedar.com/ModifyCompanyDocumentSearchForm.do?lang=EN&company_search=Gildan Activewear Inc&document_selection=0&industry_group=A&FromDate=13&FromMonth=05&FromYear=2000&ToDate=13&ToMonth=11&ToYear=2020&Variable=Issuer,1620592555,16:35:55,20210509
47,2009-03-31,GIL.TO,USD,2009-03-31,2009-03-31,Q1,244807000.0,206070000.0,38737000.0,0.1582348543955034,0.0,30942000.0,0.0,0.0,30942000.0,237012000.0,21000.0,16274791.290058,24069791.290058002,0.09832149934461842,7795000.0,0.0318414097636097,-255000.0,7519000.0,0.03071399102149857,430000.0,7089000.0,0.02895750530009354,0.029342130315648307,0.029250358976051757,241598000,242356000,https://www.sedar.com/ModifyCompanyDocumentSearchForm.do?lang=EN&company_search=Gildan Activewear Inc&document_selection=0&industry_group=A&FromDate=13&FromMonth=05&FromYear=2000&ToDate=13&ToMonth=11&ToYear=2020&Variable=Issuer,https://www.sedar.com/ModifyCompanyDocumentSearchForm.do?lang=EN&company_search=Gildan Activewear Inc&document_selection=0&industry_group=A&FromDate=13&FromMonth=05&FromYear=2000&ToDate=13&ToMonth=11&ToYear=2020&Variable=Issuer,1620592555,16:35:55,20210509
48,2008-12-31,GIL.TO,USD,2008-12-31,2008-12-31,Q4,183568899.753492,144768962.202136,38799937.551356,0.21136443920216894,0.0,33401468.364832,0.0,0.0,33401468.364832,178170430.566968,0.0,15850208.709942,21248677.896466002,0.11575314731961721,5398469.186524,0.02940840847100684,-922857.847165,4675147.904684,0.025468082616184363,336219.391947,4338928.512736,0.023636512059300837,0.017992952455093594,0.017869203482208752,241146000,242816000,https://www.sedar.com/ModifyCompanyDocumentSearchForm.do?lang=EN&company_search=Gildan Activewear Inc&document_selection=0&industry_group=A&FromDate=13&FromMonth=05&FromYear=2000&ToDate=13&ToMonth=11&ToYear=2020&Variable=Issuer,https://www.sedar.com/ModifyCompanyDocumentSearchForm.do?lang=EN&company_search=Gildan Activewear Inc&document_selection=0&industry_group=A&FromDate=13&FromMonth=05&FromYear=2000&ToDate=13&ToMonth=11&ToYear=2020&Variable=Issuer,1620592555,16:35:55,20210509
49,2008-09-30,GIL.TO,USD,2008-09-30,2008-09-30,Q3,324800500.88426,221397514.835921,103402986.04834,0.3183584562426115,0.0,38367209.078404,0.0,0.0,54054113.774808,275451628.610729,0.0,15686903.713893,65035775.987424,0.2002329916683194,49348872.273531,0.15193594880297326,-1790354.883081,46756938.101788,0.14395586821600823,25324819.217921,21432118.883867,0.06598548593834884,0.10810270953291434,0.10810270953291434,198257000,198257000,https://www.sedar.com/ModifyCompanyDocumentSearchForm.do?lang=EN&company_search=Gildan Activewear Inc&document_selection=0&industry_group=A&FromDate=13&FromMonth=05&FromYear=2000&ToDate=13&ToMonth=11&ToYear=2020&Variable=Issuer,https://www.sedar.com/ModifyCompanyDocumentSearchForm.do?lang=EN&company_search=Gildan Activewear Inc&document_selection=0&industry_group=A&FromDate=13&FromMonth=05&FromYear=2000&ToDate=13&ToMonth=11&ToYear=2020&Variable=Issuer,1620592555,16:35:55,20210509
50,2008-06-30,GIL.TO,USD,2008-06-30,2008-06-30,Q2,380739626.645706,260394492.041658,120345134.604048,0.31608250410991273,0.0,43889038.121438,0.0,0.0,59213653.959521,319608146.001179,0.0,15338352.86825,76469833.512777,0.20084548116641232,61131480.644527,0.16055980614125143,-2288793.476125,57453813.126351,0.15090053439542334,3447689.133425,54006123.992926,0.1418452932486088,0.224283,0.219297,240794800,246269861,https://www.sedar.com/ModifyCompanyDocumentSearchForm.do?lang=EN&company_search=Gildan Activewear Inc&document_selection=0&industry_group=A&FromDate=13&FromMonth=05&FromYear=2000&ToDate=13&ToMonth=11&ToYear=2020&Variable=Issuer,https://www.sedar.com/ModifyCompanyDocumentSearchForm.do?lang=EN&company_search=Gildan Activewear Inc&document_selection=0&industry_group=A&FromDate=13&FromMonth=05&FromYear=2000&ToDate=13&ToMonth=11&ToYear=2020&Variable=Issuer,1620592555,16:35:55,20210509
51,2008-03-31,GIL.TO,USD,2008-03-31,2008-03-31,Q1,293591974.157194,193979001.262994,99612972.8942,0.33929051766539625,0.0,36574694.452541,0.0,0.0,51641916.836685,245620918.099679,0.0,15022806.227107,62993862.284622,0.2145626169293512,47971056.057515,0.1633936220335182,-816524.822695,45207665.403672,0.1539812712300748,3545934.129991,41661731.273681,0.14190350874978147,0.174449,0.169465,240928000,243298000,https://www.sedar.com/ModifyCompanyDocumentSearchForm.do?lang=EN&company_search=Gildan Activewear Inc&document_selection=0&industry_group=A&FromDate=13&FromMonth=05&FromYear=2000&ToDate=13&ToMonth=11&ToYear=2020&Variable=Issuer,https://www.sedar.com/ModifyCompanyDocumentSearchForm.do?lang=EN&company_search=Gildan Activewear Inc&document_selection=0&industry_group=A&FromDate=13&FromMonth=05&FromYear=2000&ToDate=13&ToMonth=11&ToYear=2020&Variable=Issuer,1620592555,16:35:55,20210509
52,2007-12-31,GIL.TO,USD,2007-12-31,2007-12-31,Q4,251177106.937292,172034209.835403,79142897.101888,0.3150880192343586,0.0,32700750.277694,0.0,0.0,32339716.247602,204373926.083005,0.0,12883937.19075,59687118.045037,0.23762961032885166,46803180.854287,0.1863353767585663,-825366.050692,29638973.038473,0.11800029628445621,2085980.006059,27552992.022619,0.10969547487262755,0.11439612059744828,0.11324140207889048,240856000,243312000,https://www.sedar.com/ModifyCompanyDocumentSearchForm.do?lang=EN&company_search=Gildan Activewear Inc&document_selection=0&industry_group=A&FromDate=13&FromMonth=05&FromYear=2000&ToDate=13&ToMonth=11&ToYear=2020&Variable=Issuer,https://www.sedar.com/ModifyCompanyDocumentSearchForm.do?lang=EN&company_search=Gildan Activewear Inc&document_selection=0&industry_group=A&FromDate=13&FromMonth=05&FromYear=2000&ToDate=13&ToMonth=11&ToYear=2020&Variable=Issuer,1620592555,16:35:55,20210509
53,2007-09-30,GIL.TO,USD,2007-09-30,2007-09-30,Q3,256056337.717238,173538310.944105,82518026.773133,0.32226512145251923,0.0,28039541.099108,0.0,0.0,33404837.95209,206943148.896195,0.0,10910139.03241,60023327.853452995,0.2344145370060573,49113188.821043,0.19180618319738096,-5710790.042273,36406469.234382,0.14218148068096453,-4610347.11132,41016816.345702,0.160186686693132,0.20688710282967057,0.20688710282967057,198257000,198257000,https://www.sedar.com/ModifyCompanyDocumentSearchForm.do?lang=EN&company_search=Gildan Activewear Inc&document_selection=0&industry_group=A&FromDate=13&FromMonth=05&FromYear=2000&ToDate=13&ToMonth=11&ToYear=2020&Variable=Issuer,https://www.sedar.com/ModifyCompanyDocumentSearchForm.do?lang=EN&company_search=Gildan Activewear Inc&document_selection=0&industry_group=A&FromDate=13&FromMonth=05&FromYear=2000&ToDate=13&ToMonth=11&ToYear=2020&Variable=Issuer,1620592555,16:35:55,20210509
54,2007-06-30,GIL.TO,USD,2007-06-30,2007-06-30,Q2,291116702.677313,196887374.354157,94229328.323156,0.3236823152246406,0.0,28381906.998591,0.0,0.0,31731231.564115,228618605.918271,0.0,10993046.647202,73491143.40624401,0.2524456437242109,62498096.759042,0.21468399505856497,-4581237.200564,49058869.891968,0.16851959863789429,-3249493.658995,52308363.550963,0.17968176703671987,0.219845,0.214847,240718000,243198000,https://www.sedar.com/ModifyCompanyDocumentSearchForm.do?lang=EN&company_search=Gildan Activewear Inc&document_selection=0&industry_group=A&FromDate=13&FromMonth=05&FromYear=2000&ToDate=13&ToMonth=11&ToYear=2020&Variable=Issuer,https://www.sedar.com/ModifyCompanyDocumentSearchForm.do?lang=EN&company_search=Gildan Activewear Inc&document_selection=0&industry_group=A&FromDate=13&FromMonth=05&FromYear=2000&ToDate=13&ToMonth=11&ToYear=2020&Variable=Issuer,1620592555,16:35:55,20210509
55,2007-03-31,GIL.TO,USD,2007-03-31,2007-03-31,Q1,232040738.557559,153324375.866852,78716362.690707,0.33923509802646556,0.0,28528534.153953,0.0,0.0,37999726.941748,191324102.808599,0.0,11597646.509819,52314282.258779004,0.2254530070192918,40716635.74896,0.17547192791260666,-16352428.051318,23101714.632455,0.09955887391180876,1964210.298197,21137504.334258,0.09109393663222945,0.0878386981975482,0.08696557309532783,240640000,243056000,https://www.sedar.com/ModifyCompanyDocumentSearchForm.do?lang=EN&company_search=Gildan Activewear Inc&document_selection=0&industry_group=A&FromDate=13&FromMonth=05&FromYear=2000&ToDate=13&ToMonth=11&ToYear=2020&Variable=Issuer,https://www.sedar.com/ModifyCompanyDocumentSearchForm.do?lang=EN&company_search=Gildan Activewear Inc&document_selection=0&industry_group=A&FromDate=13&FromMonth=05&FromYear=2000&ToDate=13&ToMonth=11&ToYear=2020&Variable=Issuer,1620592555,16:35:55,20210509
56,2006-12-31,GIL.TO,USD,2006-12-31,2006-12-31,Q4,185726657.515443,131878329.615649,53848327.899794,0.2899332202503917,0.0,26095620.2814,0.0,0.0,26095620.2814,157973949.897049,0.0,8769167.81057,36521875.428964,0.1966431524560616,27752707.618394,0.14942770192311455,-1390234.214139,16686805.078929,0.08984604203918066,1084402.024708,15602402.196294,0.08400733855341512,0.06485975072870351,0.06423490792888314,240556000,242896000,https://www.sedar.com/ModifyCompanyDocumentSearchForm.do?lang=EN&company_search=Gildan Activewear Inc&document_selection=0&industry_group=A&FromDate=13&FromMonth=05&FromYear=2000&ToDate=13&ToMonth=11&ToYear=2020&Variable=Issuer,https://www.sedar.com/ModifyCompanyDocumentSearchForm.do?lang=EN&company_search=Gildan Activewear Inc&document_selection=0&industry_group=A&FromDate=13&FromMonth=05&FromYear=2000&ToDate=13&ToMonth=11&ToYear=2020&Variable=Issuer,1620592555,16:35:55,20210509
57,2006-09-30,GIL.TO,USD,2006-09-30,2006-09-30,Q3,235305788.393703,163192804.446358,72112983.947345,0.3064649809068395,0.0,23655516.544715,0.0,0.0,56070217.422379,219263021.868737,0.0,9077570.200946,25120336.725911997,0.10675613590891264,16042766.524966,0.06817837603775377,0.0,17914225.789382,0.07613168342212104,1122578.500817,16791646.39299,0.07136095761866672,0.08469636074887646,0.08469636074887646,198257000,198257000,https://www.sedar.com/ModifyCompanyDocumentSearchForm.do?lang=EN&company_search=Gildan Activewear Inc&document_selection=0&industry_group=A&FromDate=13&FromMonth=05&FromYear=2000&ToDate=13&ToMonth=11&ToYear=2020&Variable=Issuer,https://www.sedar.com/ModifyCompanyDocumentSearchForm.do?lang=EN&company_search=Gildan Activewear Inc&document_selection=0&industry_group=A&FromDate=13&FromMonth=05&FromYear=2000&ToDate=13&ToMonth=11&ToYear=2020&Variable=Issuer,1620592555,16:35:55,20210509
58,2006-06-30,GIL.TO,USD,2006-06-30,2006-06-30,Q2,234207241.967331,158398358.463472,75808883.503859,0.32368291803049115,0.0,22002635.971998,0.0,0.0,22002635.971998,180400994.435469,0.0,8170729.921872,61976977.453733,0.26462451345709465,53806247.531861,0.22973776165028367,0.0,44676024.053132,0.19075423833121158,1797012.206067,42879011.847065,0.18308149435040139,0.17843355962791502,0.17681483434387732,240308000,242508000,https://www.sedar.com/ModifyCompanyDocumentSearchForm.do?lang=EN&company_search=Gildan Activewear Inc&document_selection=0&industry_group=A&FromDate=13&FromMonth=05&FromYear=2000&ToDate=13&ToMonth=11&ToYear=2020&Variable=Issuer,https://www.sedar.com/ModifyCompanyDocumentSearchForm.do?lang=EN&company_search=Gildan Activewear Inc&document_selection=0&industry_group=A&FromDate=13&FromMonth=05&FromYear=2000&ToDate=13&ToMonth=11&ToYear=2020&Variable=Issuer,1620592555,16:35:55,20210509
59,2006-03-31,GIL.TO,USD,2006-03-31,2006-03-31,Q1,184079161.091096,122572203.636987,61506957.454109,0.33413319079431697,0.0,20739366.958312,0.0,0.0,28463794.819008,151035998.455996,0.0,7726638.399069,40769801.034169,0.22147971987982434,33043162.6351,0.17950517831156235,0.0,32182778.349631,0.1748311876198989,1117798.078573,31064979.413278,0.16875880588082834,0.130091,0.127586,240216000,242588000,https://www.sedar.com/ModifyCompanyDocumentSearchForm.do?lang=EN&company_search=Gildan Activewear Inc&document_selection=0&industry_group=A&FromDate=13&FromMonth=05&FromYear=2000&ToDate=13&ToMonth=11&ToYear=2020&Variable=Issuer,https://www.sedar.com/ModifyCompanyDocumentSearchForm.do?lang=EN&company_search=Gildan Activewear Inc&document_selection=0&industry_group=A&FromDate=13&FromMonth=05&FromYear=2000&ToDate=13&ToMonth=11&ToYear=2020&Variable=Issuer,1620592555,16:35:55,20210509
60,2005-12-31,GIL.TO,USD,2005-12-31,2005-12-31,Q4,120468071.293267,77516712.588256,42951358.705011,0.3565372819861155,0.0,18086732.391941,0.0,0.0,18086732.391941,95603444.980196,0.0,7439762.355778,32304388.668848,0.2681572662536144,24864626.31307,0.20640013612021438,0.0,16966262.269675,0.14083617416246666,749984.501464,16216277.768211,0.1346105868063095,0.06760162484663582,0.06694412790919187,239880000,242236000,https://www.sedar.com/ModifyCompanyDocumentSearchForm.do?lang=EN&company_search=Gildan Activewear Inc&document_selection=0&industry_group=A&FromDate=13&FromMonth=05&FromYear=2000&ToDate=13&ToMonth=11&ToYear=2020&Variable=Issuer,https://www.sedar.com/ModifyCompanyDocumentSearchForm.do?lang=EN&company_search=Gildan Activewear Inc&document_selection=0&industry_group=A&FromDate=13&FromMonth=05&FromYear=2000&ToDate=13&ToMonth=11&ToYear=2020&Variable=Issuer,1620592555,16:35:55,20210509
61,2005-09-30,GIL.TO,USD,2005-09-30,2005-09-30,Q3,179062414.521457,121147431.844623,57914982.676834,0.3234346126271746,0.0,20966521.186575,0.0,0.0,34645526.717016,155792958.561639,0.0,7139187.194988,30408643.154806003,0.1698214739037943,23269455.959818,0.1299516485467118,1194502.40402,30245229.775465,0.16890886820830134,1249394.71354,28995835.061925,0.16193144239351492,0.14625377697597058,0.14625377697597058,198257000,198257000,https://www.sedar.com/ModifyCompanyDocumentSearchForm.do?lang=EN&company_search=Gildan Activewear Inc&document_selection=0&industry_group=A&FromDate=13&FromMonth=05&FromYear=2000&ToDate=13&ToMonth=11&ToYear=2020&Variable=Issuer,https://www.sedar.com/ModifyCompanyDocumentSearchForm.do?lang=EN&company_search=Gildan Activewear Inc&document_selection=0&industry_group=A&FromDate=13&FromMonth=05&FromYear=2000&ToDate=13&ToMonth=11&ToYear=2020&Variable=Issuer,1620592555,16:35:55,20210509
62,2005-06-30,GIL.TO,USD,2005-06-30,2005-06-30,Q2,199291593.743878,136358250.342846,62933343.401032,0.315785238196808,0.0,19171574.805721,0.0,0.0,19171574.805721,155529825.148567,0.0,6084375.390777,49846143.986088,0.25011664089629576,43761768.595311,0.2195866256734941,0.0,36441422.320904,0.182854788986921,2227365.63704,34214056.683863,0.17167837358877067,0.14299709393750418,0.1419199298318525,239264000,241080000,https://www.sedar.com/ModifyCompanyDocumentSearchForm.do?lang=EN&company_search=Gildan Activewear Inc&document_selection=0&industry_group=A&FromDate=13&FromMonth=05&FromYear=2000&ToDate=13&ToMonth=11&ToYear=2020&Variable=Issuer,https://www.sedar.com/ModifyCompanyDocumentSearchForm.do?lang=EN&company_search=Gildan Activewear Inc&document_selection=0&industry_group=A&FromDate=13&FromMonth=05&FromYear=2000&ToDate=13&ToMonth=11&ToYear=2020&Variable=Issuer,1620592555,16:35:55,20210509
63,2005-03-31,GIL.TO,USD,2005-03-31,2005-03-31,Q1,165251280.482764,115592231.958337,49659048.524428,0.30050628581729827,0.0,18277288.583946,0.0,0.0,30158276.432173,145750508.39051,0.0,6495719.500632,25996491.592886,0.15731491772372366,19500772.092254,0.1180067835800399,-11880987.021576,11600105.811358,0.07019676808233816,-2705858.477308,14305964.288667,0.08657097389426363,0.05999213419496025,0.059522868424703765,238464000,240344000,https://www.sedar.com/ModifyCompanyDocumentSearchForm.do?lang=EN&company_search=Gildan Activewear Inc&document_selection=0&industry_group=A&FromDate=13&FromMonth=05&FromYear=2000&ToDate=13&ToMonth=11&ToYear=2020&Variable=Issuer,https://www.sedar.com/ModifyCompanyDocumentSearchForm.do?lang=EN&company_search=Gildan Activewear Inc&document_selection=0&industry_group=A&FromDate=13&FromMonth=05&FromYear=2000&ToDate=13&ToMonth=11&ToYear=2020&Variable=Issuer,1620592555,16:35:55,20210509
64,2004-12-31,GIL.TO,USD,2004-12-31,2004-12-31,Q4,108754338.92891,76434565.857554,32319773.071356,0.29718145859433365,0.0,16296631.839886,0.0,0.0,16296631.839886,92731197.69744,0.0,5869063.503419,21892204.73489,0.20129959825511318,16023141.231471,0.14733335137961648,0.0,8955312.193255,0.08234441293518288,583912.023558,8371400.169697,0.07697532118851069,0.03522842112887574,0.035015058431056546,237632000,239080000,https://www.sedar.com/ModifyCompanyDocumentSearchForm.do?lang=EN&company_search=Gildan Activewear Inc&document_selection=0&industry_group=A&FromDate=13&FromMonth=05&FromYear=2000&ToDate=13&ToMonth=11&ToYear=2020&Variable=Issuer,https://www.sedar.com/ModifyCompanyDocumentSearchForm.do?lang=EN&company_search=Gildan Activewear Inc&document_selection=0&industry_group=A&FromDate=13&FromMonth=05&FromYear=2000&ToDate=13&ToMonth=11&ToYear=2020&Variable=Issuer,1620592555,16:35:55,20210509
65,2004-09-30,GIL.TO,USD,2004-09-30,2004-09-30,Q3,144765115.533082,99959311.48335,44805804.049732,0.3095069132141361,0.0,20624007.196943,0.0,0.0,42876134.156402,142835445.639752,0.0,6541612.092526,8471281.985856,0.05851742634723437,1929669.89333,0.013329660852507164,0.0,16450279.166793,0.1136342765051968,-272761.000195,16723040.166988,0.11551843899275871,0.08435031381988026,0.08435031381988026,198257000,198257000,https://www.sedar.com/ModifyCompanyDocumentSearchForm.do?lang=EN&company_search=Gildan Activewear Inc&document_selection=0&industry_group=A&FromDate=13&FromMonth=05&FromYear=2000&ToDate=13&ToMonth=11&ToYear=2020&Variable=Issuer,https://www.sedar.com/ModifyCompanyDocumentSearchForm.do?lang=EN&company_search=Gildan Activewear Inc&document_selection=0&industry_group=A&FromDate=13&FromMonth=05&FromYear=2000&ToDate=13&ToMonth=11&ToYear=2020&Variable=Issuer,1620592555,16:35:55,20210509
66,2004-06-30,GIL.TO,USD,2004-06-30,2004-06-30,Q2,168563274.475682,117536627.261544,51026647.214138,0.30271509243550815,0.0,15641459.389721,0.0,0.0,15641459.389721,133178086.651265,0.0,5526196.44592,40911384.270337,0.24270639258517215,35385187.824417,0.20992228547103772,0.0,28236492.994089,0.16751272234072895,1987583.635873,26248909.358217,0.15572140159156575,0.111885,0.110624,237024000,238872000,https://www.sedar.com/ModifyCompanyDocumentSearchForm.do?lang=EN&company_search=Gildan Activewear Inc&document_selection=0&industry_group=A&FromDate=13&FromMonth=05&FromYear=2000&ToDate=13&ToMonth=11&ToYear=2020&Variable=Issuer,https://www.sedar.com/ModifyCompanyDocumentSearchForm.do?lang=EN&company_search=Gildan Activewear Inc&document_selection=0&industry_group=A&FromDate=13&FromMonth=05&FromYear=2000&ToDate=13&ToMonth=11&ToYear=2020&Variable=Issuer,1620592555,16:35:55,20210509
67,2004-03-31,GIL.TO,USD,2004-03-31,2004-03-31,Q1,141415082.899895,103865847.073718,37549235.826177,0.26552497128440944,0.0,15155938.74407,0.0,0.0,15155938.74407,119021785.817788,0.0,5285057.950767,27678355.032874,0.19572420752648406,22393297.082107,0.1583515465458432,0.0,15387014.383551,0.1088074487389946,1049341.834322,14337672.549229,0.10138715231230574,0.06059673615950855,0.06000833953839232,236608000,238928000,https://www.sedar.com/ModifyCompanyDocumentSearchForm.do?lang=EN&company_search=Gildan Activewear Inc&document_selection=0&industry_group=A&FromDate=13&FromMonth=05&FromYear=2000&ToDate=13&ToMonth=11&ToYear=2020&Variable=Issuer,https://www.sedar.com/ModifyCompanyDocumentSearchForm.do?lang=EN&company_search=Gildan Activewear Inc&document_selection=0&industry_group=A&FromDate=13&FromMonth=05&FromYear=2000&ToDate=13&ToMonth=11&ToYear=2020&Variable=Issuer,1620592555,16:35:55,20210509
68,2003-12-31,GIL.TO,USD,2003-12-31,2003-12-31,Q4,77441493.094381,56481558.796086,20959934.298295,0.2706550901949979,0.0,11321344.571512,0.0,0.0,17799056.887497,74280615.683583,0.0,4899260.470245,8060137.881043,0.10408035226309224,3160877.410798,0.04081632835960063,0.0,3160877.410798,0.04081632835960063,307942.040609,2852935.370189,0.0368398807434151,0.01207888230841434,0.011970224264018024,236192000,238336000,https://www.sedar.com/ModifyCompanyDocumentSearchForm.do?lang=EN&company_search=Gildan Activewear Inc&document_selection=0&industry_group=A&FromDate=13&FromMonth=05&FromYear=2000&ToDate=13&ToMonth=11&ToYear=2020&Variable=Issuer,https://www.sedar.com/ModifyCompanyDocumentSearchForm.do?lang=EN&company_search=Gildan Activewear Inc&document_selection=0&industry_group=A&FromDate=13&FromMonth=05&FromYear=2000&ToDate=13&ToMonth=11&ToYear=2020&Variable=Issuer,1620592555,16:35:55,20210509
69,2003-09-30,GIL.TO,USD,2003-09-30,2003-09-30,Q3,110132142.499249,76596982.697773,33535159.801475,0.3044992954868165,0.0,11540384.055828,0.0,0.0,11540384.055828,88137366.753602,0.0,4822515.759226,26817291.504873,0.2435010424414096,21994775.745647,0.19971259294984645,0.0,15634988.027936,0.14196571203581748,1182225.50583,14452761.782554,0.13123109615934836,0.07289912478527366,0.07289912478527366,198257000,198257000,https://www.sedar.com/ModifyCompanyDocumentSearchForm.do?lang=EN&company_search=Gildan Activewear Inc&document_selection=0&industry_group=A&FromDate=13&FromMonth=05&FromYear=2000&ToDate=13&ToMonth=11&ToYear=2020&Variable=Issuer,https://www.sedar.com/ModifyCompanyDocumentSearchForm.do?lang=EN&company_search=Gildan Activewear Inc&document_selection=0&industry_group=A&FromDate=13&FromMonth=05&FromYear=2000&ToDate=13&ToMonth=11&ToYear=2020&Variable=Issuer,1620592555,16:35:55,20210509
70,2003-06-30,GIL.TO,USD,2003-06-30,2003-06-30,Q2,151484808.980089,104952088.375477,46532720.604612,0.3071774715755704,0.0,13975560.884349,0.0,0.0,13975560.884349,118927649.259826,0.0,5040079.349441,37597239.069704,0.2481914808675353,32557159.720263,0.2149202942490575,0.0,26364630.506763,0.17404141500570092,3162953.421729,23201677.085035,0.1531617410435168,0.098947,0.098012,234984000,238144000,https://www.sedar.com/ModifyCompanyDocumentSearchForm.do?lang=EN&company_search=Gildan Activewear Inc&document_selection=0&industry_group=A&FromDate=13&FromMonth=05&FromYear=2000&ToDate=13&ToMonth=11&ToYear=2020&Variable=Issuer,https://www.sedar.com/ModifyCompanyDocumentSearchForm.do?lang=EN&company_search=Gildan Activewear Inc&document_selection=0&industry_group=A&FromDate=13&FromMonth=05&FromYear=2000&ToDate=13&ToMonth=11&ToYear=2020&Variable=Issuer,1620592555,16:35:55,20210509
71,2003-03-31,GIL.TO,USD,2003-03-31,2003-03-31,Q1,117901006.962896,82996215.372876,34904791.59002,0.29605168343477084,0.0,14066408.453583,0.0,0.0,14065407.622396,97061622.995272,0.0,4108811.94797,24948195.915595,0.21160290788225677,20839383.967625,0.1767532314137338,0.0,15204412.786657,0.12895914274457299,1277126.68111,13926285.27436,0.11811845914719513,0.059689,0.058837,233280000,237720000,https://www.sedar.com/ModifyCompanyDocumentSearchForm.do?lang=EN&company_search=Gildan Activewear Inc&document_selection=0&industry_group=A&FromDate=13&FromMonth=05&FromYear=2000&ToDate=13&ToMonth=11&ToYear=2020&Variable=Issuer,https://www.sedar.com/ModifyCompanyDocumentSearchForm.do?lang=EN&company_search=Gildan Activewear Inc&document_selection=0&industry_group=A&FromDate=13&FromMonth=05&FromYear=2000&ToDate=13&ToMonth=11&ToYear=2020&Variable=Issuer,1620592555,16:35:55,20210509
72,2002-12-31,GIL.TO,USD,2002-12-31,2002-12-31,Q4,64965433.745577,45887473.242246,19077960.503332,0.29366325141530936,0.0,10077809.32599,0.0,0.0,10077809.32599,55965282.568236,0.0,3492894.029765,12493045.207106,0.19230296000227284,9000151.177341,0.1385375369398461,0.0,4063713.626922,0.06255193558526295,369882.678761,3693830.312963,0.05685839530340217,0.015951936055290206,0.015598945578391048,231560000,236800000,https://www.sedar.com/ModifyCompanyDocumentSearchForm.do?lang=EN&company_search=Gildan Activewear Inc&document_selection=0&industry_group=A&FromDate=13&FromMonth=05&FromYear=2000&ToDate=13&ToMonth=11&ToYear=2020&Variable=Issuer,https://www.sedar.com/ModifyCompanyDocumentSearchForm.do?lang=EN&company_search=Gildan Activewear Inc&document_selection=0&industry_group=A&FromDate=13&FromMonth=05&FromYear=2000&ToDate=13&ToMonth=11&ToYear=2020&Variable=Issuer,1620592555,16:35:55,20210509
73,2002-09-30,GIL.TO,USD,2002-09-30,2002-09-30,Q3,87846613.43858,63175247.337166,24671366.101414,0.2808459556459004,0.0,8350763.408104,0.0,0.0,8350763.408104,71526010.74527,0.0,2712826.434856,19033429.128166,0.21666662359697753,16320602.69331,0.1857852232940195,0.0,12045043.816673,0.1371144924681083,1092885.375848,10953157.451705,0.12468502794775524,0.05524726719210418,0.05524726719210418,198257000,198257000,https://www.sedar.com/ModifyCompanyDocumentSearchForm.do?lang=EN&company_search=Gildan Activewear Inc&document_selection=0&industry_group=A&FromDate=13&FromMonth=05&FromYear=2000&ToDate=13&ToMonth=11&ToYear=2020&Variable=Issuer,https://www.sedar.com/ModifyCompanyDocumentSearchForm.do?lang=EN&company_search=Gildan Activewear Inc&document_selection=0&industry_group=A&FromDate=13&FromMonth=05&FromYear=2000&ToDate=13&ToMonth=11&ToYear=2020&Variable=Issuer,1620592555,16:35:55,20210509
74,2002-06-30,GIL.TO,USD,2002-06-30,2002-06-30,Q2,129063705.901747,90640075.832509,38423630.069238,0.2977105747954344,0.0,12906470.820969,0.0,0.0,12905471.150676,103545546.983185,0.0,3297686.113896,28815845.032458,0.22326838386614117,25518158.918562,0.19771754375306982,0.0,20349974.282888,0.15767387229977675,2068472.799209,18280502.472799,0.14163937371142504,0.080244,0.077765,228560000,236080000,https://www.sedar.com/ModifyCompanyDocumentSearchForm.do?lang=EN&company_search=Gildan Activewear Inc&document_selection=0&industry_group=A&FromDate=13&FromMonth=05&FromYear=2000&ToDate=13&ToMonth=11&ToYear=2020&Variable=Issuer,https://www.sedar.com/ModifyCompanyDocumentSearchForm.do?lang=EN&company_search=Gildan Activewear Inc&document_selection=0&industry_group=A&FromDate=13&FromMonth=05&FromYear=2000&ToDate=13&ToMonth=11&ToYear=2020&Variable=Issuer,1620592555,16:35:55,20210509
75,2002-03-31,GIL.TO,USD,2002-03-31,2002-03-31,Q1,98237766.631137,72157783.560098,26079983.071039,0.26547817570979676,0.0,9864537.588564,0.0,0.0,9864537.588564,82022321.148661,0.0,2551338.919434,18766784.401909,0.19103431445438385,16215445.482475,0.16506325457663065,0.0,11457009.843877,0.11662530854244439,1167879.490877,10290129.161703,0.10474718140061509,0.045514,0.043953,227960000,227960000,https://www.sedar.com/ModifyCompanyDocumentSearchForm.do?lang=EN&company_search=Gildan Activewear Inc&document_selection=0&industry_group=A&FromDate=13&FromMonth=05&FromYear=2000&ToDate=13&ToMonth=11&ToYear=2020&Variable=Issuer,https://www.sedar.com/ModifyCompanyDocumentSearchForm.do?lang=EN&company_search=Gildan Activewear Inc&document_selection=0&industry_group=A&FromDate=13&FromMonth=05&FromYear=2000&ToDate=13&ToMonth=11&ToYear=2020&Variable=Issuer,1620592555,16:35:55,20210509
76,2001-12-31,GIL.TO,USD,2001-12-31,2001-12-31,Q4,55487459.013304,40482686.968429,15004772.044875,0.2704173575740307,0.0,8238325.858365,0.0,0.0,8239325.870928,48722012.839357,0.0,2522793.628061,9288239.802008,0.16739349696624234,6765446.173947,0.12192748225008603,0.0,1961839.344715,0.03535644593573149,207983.140492,1753856.204224,0.0316081549851379,0.007771980485252411,0.007534264400577359,225664000,232784000,https://www.sedar.com/ModifyCompanyDocumentSearchForm.do?lang=EN&company_search=Gildan Activewear Inc&document_selection=0&industry_group=A&FromDate=13&FromMonth=05&FromYear=2000&ToDate=13&ToMonth=11&ToYear=2020&Variable=Issuer,https://www.sedar.com/ModifyCompanyDocumentSearchForm.do?lang=EN&company_search=Gildan Activewear Inc&document_selection=0&industry_group=A&FromDate=13&FromMonth=05&FromYear=2000&ToDate=13&ToMonth=11&ToYear=2020&Variable=Issuer,1620592555,16:35:55,20210509
77,2001-09-30,GIL.TO,USD,2001-09-30,2001-09-30,Q3,62688201.049988,68225452.084065,-5537251.034077,-0.0883300356579312,0.0,20922736.920663,0.0,0.0,13016084.816445,81241536.90051,0.0,2371445.549555,-16181890.300967,-0.25813295053822727,-18553335.850522,-0.2959621673578963,0.0,-28931998.619484,-0.46152223440601564,-3251504.643371,-25680493.341998,-0.4096543354549319,-0.1295313322707294,-0.1295313322707294,198257000,198257000,https://www.sedar.com/ModifyCompanyDocumentSearchForm.do?lang=EN&company_search=Gildan Activewear Inc&document_selection=0&industry_group=A&FromDate=13&FromMonth=05&FromYear=2000&ToDate=13&ToMonth=11&ToYear=2020&Variable=Issuer,https://www.sedar.com/ModifyCompanyDocumentSearchForm.do?lang=EN&company_search=Gildan Activewear Inc&document_selection=0&industry_group=A&FromDate=13&FromMonth=05&FromYear=2000&ToDate=13&ToMonth=11&ToYear=2020&Variable=Issuer,1620592555,16:35:55,20210509
78,2001-06-30,GIL.TO,USD,2001-06-30,2001-06-30,Q2,100271534.85299,72963100.099108,27308434.753882,0.27234483638770873,0.0,9943788.569541,0.0,0.0,12856555.004955,85819655.104063,0.0,3111005.531016,17562885.279942002,0.17515325067768517,14451879.748926,0.14412744125353397,0.0,11943941.856624,0.1191159771727364,1253469.441691,10690472.414932,0.10661522665036996,0.047228,0.045573,225515680,225515680,https://www.sedar.com/ModifyCompanyDocumentSearchForm.do?lang=EN&company_search=Gildan Activewear Inc&document_selection=0&industry_group=A&FromDate=13&FromMonth=05&FromYear=2000&ToDate=13&ToMonth=11&ToYear=2020&Variable=Issuer,https://www.sedar.com/ModifyCompanyDocumentSearchForm.do?lang=EN&company_search=Gildan Activewear Inc&document_selection=0&industry_group=A&FromDate=13&FromMonth=05&FromYear=2000&ToDate=13&ToMonth=11&ToYear=2020&Variable=Issuer,1620592555,16:35:55,20210509
79,2001-03-31,GIL.TO,USD,2001-03-31,2001-03-31,Q1,96304051.395939,68454493.654822,27849557.741117,0.28918365673545665,0.0,9837376.269036,0.0,0.0,12491286.80203,80945780.456853,0.0,2545345.839053,17903616.778139,0.18590720243462122,15358270.939086,0.15947689340651802,0.0,13194527.918782,0.1370090637675747,1322453.680203,11872074.238579,0.12327699682922817,0.052452,0.051206,225515680,225515680,https://www.sedar.com/ModifyCompanyDocumentSearchForm.do?lang=EN&company_search=Gildan Activewear Inc&document_selection=0&industry_group=A&FromDate=13&FromMonth=05&FromYear=2000&ToDate=13&ToMonth=11&ToYear=2020&Variable=Issuer,https://www.sedar.com/ModifyCompanyDocumentSearchForm.do?lang=EN&company_search=Gildan Activewear Inc&document_selection=0&industry_group=A&FromDate=13&FromMonth=05&FromYear=2000&ToDate=13&ToMonth=11&ToYear=2020&Variable=Issuer,1620592555,16:35:55,20210509
80,2000-12-31,GIL.TO,USD,2000-12-31,2000-12-31,Q4,57434661.553851,40643421.807269,16791239.746582,0.2923537684789604,0.0,7196960.320107,0.0,0.0,9447260.42014,50090682.227409,0.0,2250300.100033,9594279.426475,0.16704685231720848,7343979.326442,0.12786667715550568,-1998266.755585,3528470.823608,0.06143451929806689,354047.349116,3174423.474491,0.05527016941702784,0.023791,0.022538,224886832,224886832,https://www.sedar.com/ModifyCompanyDocumentSearchForm.do?lang=EN&company_search=Gildan Activewear Inc&document_selection=0&industry_group=A&FromDate=13&FromMonth=05&FromYear=2000&ToDate=13&ToMonth=11&ToYear=2020&Variable=Issuer,https://www.sedar.com/ModifyCompanyDocumentSearchForm.do?lang=EN&company_search=Gildan Activewear Inc&document_selection=0&industry_group=A&FromDate=13&FromMonth=05&FromYear=2000&ToDate=13&ToMonth=11&ToYear=2020&Variable=Issuer,1620592555,16:35:55,20210509
81,2000-09-30,GIL.TO,USD,2000-09-30,2000-09-30,Q3,79068069.923554,56174603.368724,22893466.55483,0.2895412342423973,0.0,7949235.86282,0.0,0.0,9407612.075683,65582215.444408,0.0,1458376.212863,14944230.692009,0.1890046223014884,13485854.479146,0.17056005657131423,23088.98691,11990522.127025,0.15164809433969859,1158505.821488,10832016.305536,0.13699608850967024,0.05463623632727218,0.05463623632727218,198257000,198257000,https://www.sedar.com/ModifyCompanyDocumentSearchForm.do?lang=EN&company_search=Gildan Activewear Inc&document_selection=0&industry_group=A&FromDate=13&FromMonth=05&FromYear=2000&ToDate=13&ToMonth=11&ToYear=2020&Variable=Issuer,https://www.sedar.com/ModifyCompanyDocumentSearchForm.do?lang=EN&company_search=Gildan Activewear Inc&document_selection=0&industry_group=A&FromDate=13&FromMonth=05&FromYear=2000&ToDate=13&ToMonth=11&ToYear=2020&Variable=Issuer,1620592555,16:35:55,20210509
82,2000-06-30,GIL.TO,USD,2000-06-30,2000-06-30,Q2,99102424.467475,71118177.092124,27984247.37535,0.28237702080168897,0.0,8646969.584445,0.0,0.0,10425523.410863,81543700.502988,0.0,1719678.642906,19278402.607393,0.19453008047971715,17558723.964487,0.17717754191018506,-1583712.655707,14251412.753604,0.143804884998361,1442826.857509,12808585.896094,0.12924593888515537,0.058772,0.055018,237592240,237592240,https://www.sedar.com/ModifyCompanyDocumentSearchForm.do?lang=EN&company_search=Gildan Activewear Inc&document_selection=0&industry_group=A&FromDate=13&FromMonth=05&FromYear=2000&ToDate=13&ToMonth=11&ToYear=2020&Variable=Issuer,https://www.sedar.com/ModifyCompanyDocumentSearchForm.do?lang=EN&company_search=Gildan Activewear Inc&document_selection=0&industry_group=A&FromDate=13&FromMonth=05&FromYear=2000&ToDate=13&ToMonth=11&ToYear=2020&Variable=Issuer,1620592555,16:35:55,20210509
83,2000-03-31,GIL.TO,USD,2000-03-31,2000-03-31,Q1,82673794.869677,59421041.761328,23252753.108348,0.2812590512507926,0.0,9139395.128533,0.0,0.0,10741484.571853,70162526.333182,0.0,1567057.601451,14078326.137946,0.17028764870583715,12511268.536495,0.15133294118429136,0.0,10274333.23695,0.12427557308994906,1109983.20184,9164350.035111,0.11084951464435909,0.041231,0.039982,221511104,221511104,https://www.sedar.com/ModifyCompanyDocumentSearchForm.do?lang=EN&company_search=Gildan Activewear Inc&document_selection=0&industry_group=A&FromDate=13&FromMonth=05&FromYear=2000&ToDate=13&ToMonth=11&ToYear=2020&Variable=Issuer,https://www.sedar.com/ModifyCompanyDocumentSearchForm.do?lang=EN&company_search=Gildan Activewear Inc&document_selection=0&industry_group=A&FromDate=13&FromMonth=05&FromYear=2000&ToDate=13&ToMonth=11&ToYear=2020&Variable=Issuer,1620592555,16:35:55,20210509
84,1999-12-31,GIL.TO,USD,1999-12-31,1999-12-31,Q4,47448485.49709,33663451.699544,13785033.797546,0.2905263182402615,0.0,6792625.299483,0.0,0.0,8290998.598386,41954450.297929,0.0,1498373.298903,6992408.498063,0.1473684233502425,5494035.19916,0.11578947445007381,0.0,4195445.098838,0.0884210540101497,399566.397161,3795878.701677,0.07999999708968161,0.017537,0.016284,216444291,233100912,https://www.sedar.com/ModifyCompanyDocumentSearchForm.do?lang=EN&company_search=Gildan Activewear Inc&document_selection=0&industry_group=A&FromDate=13&FromMonth=05&FromYear=2000&ToDate=13&ToMonth=11&ToYear=2020&Variable=Issuer,https://www.sedar.com/ModifyCompanyDocumentSearchForm.do?lang=EN&company_search=Gildan Activewear Inc&document_selection=0&industry_group=A&FromDate=13&FromMonth=05&FromYear=2000&ToDate=13&ToMonth=11&ToYear=2020&Variable=Issuer,1620592555,16:35:55,20210509
85,1999-09-30,GIL.TO,USD,1999-09-30,1999-09-30,Q3,67131919.960525,48571122.379963,18560797.580562,0.27648244816290285,0.0,8071798.846075,0.0,0.0,9186222.27139,57757344.651353,0.0,1114424.106263,10488999.415435001,0.15624459156840376,9374575.309172,0.13964408160357175,-1702.096077,7752047.924481,0.11547484310056033,717300.360406,7034747.564075,0.10478990572907167,0.03548297192066358,0.03548297192066358,198257000,198257000,https://www.sedar.com/ModifyCompanyDocumentSearchForm.do?lang=EN&company_search=Gildan Activewear Inc&document_selection=0&industry_group=A&FromDate=13&FromMonth=05&FromYear=2000&ToDate=13&ToMonth=11&ToYear=2020&Variable=Issuer,https://www.sedar.com/ModifyCompanyDocumentSearchForm.do?lang=EN&company_search=Gildan Activewear Inc&document_selection=0&industry_group=A&FromDate=13&FromMonth=05&FromYear=2000&ToDate=13&ToMonth=11&ToYear=2020&Variable=Issuer,1620592555,16:35:55,20210509
86,1999-06-30,GIL.TO,USD,1999-06-30,1999-06-30,Q2,76908604.163699,57308351.818311,19600252.345388,0.2548512296968634,0.0,7362531.45838,0.0,0.0,8456961.544462,65765313.362774,0.0,1181049.77359,12324340.574515,0.1602465772006835,11143290.800925,0.14489004087509694,0.0,9153417.177123,0.11901681582518475,2586835.303934,6566581.87319,0.08538162855241935,0.033883,0.032629,193798959,201252765,https://www.sedar.com/ModifyCompanyDocumentSearchForm.do?lang=EN&company_search=Gildan Activewear Inc&document_selection=0&industry_group=A&FromDate=13&FromMonth=05&FromYear=2000&ToDate=13&ToMonth=11&ToYear=2020&Variable=Issuer,https://www.sedar.com/ModifyCompanyDocumentSearchForm.do?lang=EN&company_search=Gildan Activewear Inc&document_selection=0&industry_group=A&FromDate=13&FromMonth=05&FromYear=2000&ToDate=13&ToMonth=11&ToYear=2020&Variable=Issuer,1620592555,16:35:55,20210509
87,1999-03-31,GIL.TO,USD,1999-03-31,1999-03-31,Q1,51615523.068563,38511582.658485,13103940.410078,0.2538759588403571,0.0,6101835.014381,0.0,0.0,7402226.006972,45913808.665456,0.0,1294082.971347,6995797.374453999,0.1355366943615237,5701714.403107,0.11046510941162371,-400120.611274,3300992.723562,0.06395348777493075,1200361.171122,2100631.552439,0.040697670536994184,0.013784,0.013784,152394760,152394760,https://www.sedar.com/ModifyCompanyDocumentSearchForm.do?lang=EN&company_search=Gildan Activewear Inc&document_selection=0&industry_group=A&FromDate=13&FromMonth=05&FromYear=2000&ToDate=13&ToMonth=11&ToYear=2020&Variable=Issuer,https://www.sedar.com/ModifyCompanyDocumentSearchForm.do?lang=EN&company_search=Gildan Activewear Inc&document_selection=0&industry_group=A&FromDate=13&FromMonth=05&FromYear=2000&ToDate=13&ToMonth=11&ToYear=2020&Variable=Issuer,1620592555,16:35:55,20210509
88,1998-12-31,GIL.TO,USD,1998-12-31,1998-12-31,Q4,29275648.274517,21529170.728537,7746477.54598,0.2646048167180272,0.0,4627765.646325,0.0,0.0,5734405.017222,27263575.745759,0.0,1106639.370898,3118711.8996559996,0.10652921740321233,2012072.528758,0.0687285388146096,0.0,1006036.264379,0.0343642694073048,402414.375772,603621.888607,0.020618566084236737,0.003743,0.003743,161248785,161248785,https://www.sedar.com/ModifyCompanyDocumentSearchForm.do?lang=EN&company_search=Gildan Activewear Inc&document_selection=0&industry_group=A&FromDate=13&FromMonth=05&FromYear=2000&ToDate=13&ToMonth=11&ToYear=2020&Variable=Issuer,https://www.sedar.com/ModifyCompanyDocumentSearchForm.do?lang=EN&company_search=Gildan Activewear Inc&document_selection=0&industry_group=A&FromDate=13&FromMonth=05&FromYear=2000&ToDate=13&ToMonth=11&ToYear=2020&Variable=Issuer,1620592555,16:35:55,20210509
89,1998-09-30,GIL.TO,USD,1998-09-30,1998-09-30,Q3,39185049.909833,28417150.096976,10767899.812856,0.2747961234612063,0.0,4127729.660218,0.0,0.0,5133340.669612,33550490.766588,0.0,1005611.009394,6640170.152638,0.16945672311040574,5634559.143244,0.143793593633527,199181.116322,4426780.101759,0.112971148740279,1409013.153482,3017766.948277,0.07701322201250352,0.015221490026970043,0.015221490026970043,198257000,198257000,https://www.sedar.com/ModifyCompanyDocumentSearchForm.do?lang=EN&company_search=Gildan Activewear Inc&document_selection=0&industry_group=A&FromDate=13&FromMonth=05&FromYear=2000&ToDate=13&ToMonth=11&ToYear=2020&Variable=Issuer,https://www.sedar.com/ModifyCompanyDocumentSearchForm.do?lang=EN&company_search=Gildan Activewear Inc&document_selection=0&industry_group=A&FromDate=13&FromMonth=05&FromYear=2000&ToDate=13&ToMonth=11&ToYear=2020&Variable=Issuer,1620592555,16:35:55,20210509
90,1998-06-30,GIL.TO,USD,1998-06-30,1998-06-30,Q2,51129208.358859,38722121.026479,12407087.33238,0.24266144011655252,0.0,4202400.789599,0.0,0.0,4902801.034647,43624922.061126,0.0,601793.43968,8106079.737412999,0.15854107657054078,7504286.297733,0.14677102459836452,-700400.245048,5903372.132598,0.11545987747676795,2101200.054455,3802172.078143,0.07436399271932419,0.025026,0.025026,151931756,151931756,https://www.sedar.com/ModifyCompanyDocumentSearchForm.do?lang=EN&company_search=Gildan Activewear Inc&document_selection=0&industry_group=A&FromDate=13&FromMonth=05&FromYear=2000&ToDate=13&ToMonth=11&ToYear=2020&Variable=Issuer,https://www.sedar.com/ModifyCompanyDocumentSearchForm.do?lang=EN&company_search=Gildan Activewear Inc&document_selection=0&industry_group=A&FromDate=13&FromMonth=05&FromYear=2000&ToDate=13&ToMonth=11&ToYear=2020&Variable=Issuer,1620592555,16:35:55,20210509
91,1998-03-31,GIL.TO,USD,1998-03-31,1998-03-31,Q1,30077516.731243,23782222.613596,6295294.117647,0.20930232285791622,0.0,2997759.070095,0.0,0.0,3597311.025009,27379533.638605,0.0,0.0,3297535.047552,0.1096345511837647,2697983.092638,0.08970099216453836,0.0,1898581.19056,0.0631229368941835,699477.280733,1199103.909827,0.03986711803841943,0.010039,0.00962,119447579,124652362,https://www.sedar.com/ModifyCompanyDocumentSearchForm.do?lang=EN&company_search=Gildan Activewear Inc&document_selection=0&industry_group=A&FromDate=13&FromMonth=05&FromYear=2000&ToDate=13&ToMonth=11&ToYear=2020&Variable=Issuer,https://www.sedar.com/ModifyCompanyDocumentSearchForm.do?lang=EN&company_search=Gildan Activewear Inc&document_selection=0&industry_group=A&FromDate=13&FromMonth=05&FromYear=2000&ToDate=13&ToMonth=11&ToYear=2020&Variable=Issuer,1620592555,16:35:55,20210509
92,1997-12-31,GIL.TO,USD,1997-12-31,1997-12-31,Q4,22278067.085954,0.0,0.0,0.0,0.0,0.0,0.0,0.0,0.0,0.0,0.0,0.0,22278067.085954,1.0,22278067.085954,1.0,0.0,0.0,0.0,0.0,199803.633823,0.008968625197693803,0.00188,0.00188,106289591,106289591,https://www.sedar.com/ModifyCompanyDocumentSearchForm.do?lang=EN&company_search=Gildan Activewear Inc&document_selection=0&industry_group=A&FromDate=13&FromMonth=05&FromYear=2000&ToDate=13&ToMonth=11&ToYear=2020&Variable=Issuer,https://www.sedar.com/ModifyCompanyDocumentSearchForm.do?lang=EN&company_search=Gildan Activewear Inc&document_selection=0&industry_group=A&FromDate=13&FromMonth=05&FromYear=2000&ToDate=13&ToMonth=11&ToYear=2020&Variable=Issuer,1620592555,16:35:55,20210509
93,1997-09-30,GIL.TO,USD,1997-09-30,1997-09-30,Q3,25891313.13036,0.0,0.0,0.0,0.0,0.0,0.0,0.0,0.0,0.0,0.0,0.0,-52387415.695469,-2.0233587779694275,-52387415.695469,-2.0233587779694275,0.0,0.0,0.0,0.0,1399546.495198,0.054054674173976136,0.007059253873497531,0.007059253873497531,198257000,198257000,https://www.sedar.com/ModifyCompanyDocumentSearchForm.do?lang=EN&company_search=Gildan Activewear Inc&document_selection=0&industry_group=A&FromDate=13&FromMonth=05&FromYear=2000&ToDate=13&ToMonth=11&ToYear=2020&Variable=Issuer,https://www.sedar.com/ModifyCompanyDocumentSearchForm.do?lang=EN&company_search=Gildan Activewear Inc&document_selection=0&industry_group=A&FromDate=13&FromMonth=05&FromYear=2000&ToDate=13&ToMonth=11&ToYear=2020&Variable=Issuer,1620592555,16:35:55,20210509
94,1997-06-30,GIL.TO,USD,1997-06-30,1997-06-30,Q2,24494006.229176,0.0,0.0,0.0,0.0,0.0,0.0,0.0,0.0,0.0,0.0,0.0,24494006.229176,1.0,24494006.229176,1.0,0.0,0.0,0.0,0.0,1399657.395335,0.05714285291835192,0.0121,0.0121,115675965,115675965,https://www.sedar.com/ModifyCompanyDocumentSearchForm.do?lang=EN&company_search=Gildan Activewear Inc&document_selection=0&industry_group=A&FromDate=13&FromMonth=05&FromYear=2000&ToDate=13&ToMonth=11&ToYear=2020&Variable=Issuer,https://www.sedar.com/ModifyCompanyDocumentSearchForm.do?lang=EN&company_search=Gildan Activewear Inc&document_selection=0&industry_group=A&FromDate=13&FromMonth=05&FromYear=2000&ToDate=13&ToMonth=11&ToYear=2020&Variable=Issuer,1620592555,16:35:55,20210509
95,1997-03-31,GIL.TO,USD,1997-03-31,1997-03-31,Q1,21373443.727806,0.0,0.0,0.0,0.0,0.0,0.0,0.0,0.0,0.0,0.0,0.0,21373443.727806,1.0,21373443.727806,1.0,0.0,0.0,0.0,0.0,1003448.075948,0.04694835744426875,0.008986,0.008986,111665968,111665968,https://www.sedar.com/ModifyCompanyDocumentSearchForm.do?lang=EN&company_search=Gildan Activewear Inc&document_selection=0&industry_group=A&FromDate=13&FromMonth=05&FromYear=2000&ToDate=13&ToMonth=11&ToYear=2020&Variable=Issuer,https://www.sedar.com/ModifyCompanyDocumentSearchForm.do?lang=EN&company_search=Gildan Activewear Inc&document_selection=0&industry_group=A&FromDate=13&FromMonth=05&FromYear=2000&ToDate=13&ToMonth=11&ToYear=2020&Variable=Issuer,1620592555,16:35:55,20210509
96,1996-12-31,GIL.TO,USD,1996-12-31,1996-12-31,Q4,15400294.804437,0.0,0.0,0.0,0.0,0.0,0.0,0.0,0.0,0.0,0.0,0.0,15400294.804437,1.0,15400294.804437,1.0,0.0,0.0,0.0,0.0,300005.837712,0.01948052563419532,0.002299,0.002299,130516825,130516825,https://www.sedar.com/ModifyCompanyDocumentSearchForm.do?lang=EN&company_search=Gildan Activewear Inc&document_selection=0&industry_group=A&FromDate=13&FromMonth=05&FromYear=2000&ToDate=13&ToMonth=11&ToYear=2020&Variable=Issuer,https://www.sedar.com/ModifyCompanyDocumentSearchForm.do?lang=EN&company_search=Gildan Activewear Inc&document_selection=0&industry_group=A&FromDate=13&FromMonth=05&FromYear=2000&ToDate=13&ToMonth=11&ToYear=2020&Variable=Issuer,1620592555,16:35:55,20210509
