,date,symbol,reportedCurrency,fillingDate,acceptedDate,period,revenue,costOfRevenue,grossProfit,grossProfitRatio,researchAndDevelopmentExpenses,generalAndAdministrativeExpenses,sellingAndMarketingExpenses,otherExpenses,operatingExpenses,costAndExpenses,interestExpense,depreciationAndAmortization,ebitda,ebitdaratio,operatingIncome,operatingIncomeRatio,totalOtherIncomeExpensesNet,incomeBeforeTax,incomeBeforeTaxRatio,incomeTaxExpense,netIncome,netIncomeRatio,eps,epsdiluted,weightedAverageShsOut,weightedAverageShsOutDil,link,finalLink,timestamp,est_time,est_date
0,2019-06-30,ALTA.PA,EUR,2019-06-30,2019-06-30,Q2,777450000,597475000.0,179975000,0.23149398675155958,0.0,0.0,33025000.0,525000.0,9775000.0,707100000.0,17250000.0,7475000.0,77825000,0.10010290050807126,70350000,0.09048813428516303,0.0,68100000,0.08759405749565888,9225000.0,58425000,0.07514952730079105,3.605,3.565,16203050.0,16393265.0,https://www.infogreffe.com/recherche-entreprise-dirigeants/resultats-entreprise-dirigeants.html?ga_cat=globale&ga_q=A.L.T.A#phrase=A.L.T.A,https://www.infogreffe.com/recherche-entreprise-dirigeants/resultats-entreprise-dirigeants.html?ga_cat=globale&ga_q=A.L.T.A#phrase=A.L.T.A,1620586928,15:02:08,20210509
1,2019-03-31,ALTA.PA,EUR,2019-03-31,2019-03-31,Q1,777450000,597475000.0,179975000,0.23149398675155958,0.0,0.0,33025000.0,525000.0,9775000.0,707100000.0,17250000.0,7475000.0,77825000,0.10010290050807126,70350000,0.09048813428516303,0.0,68100000,0.08759405749565888,9225000.0,58425000,0.07514952730079105,3.605,3.565,16203050.0,16393265.0,https://www.infogreffe.com/recherche-entreprise-dirigeants/resultats-entreprise-dirigeants.html?ga_cat=globale&ga_q=A.L.T.A#phrase=A.L.T.A,https://www.infogreffe.com/recherche-entreprise-dirigeants/resultats-entreprise-dirigeants.html?ga_cat=globale&ga_q=A.L.T.A#phrase=A.L.T.A,1620586928,15:02:08,20210509
2,2019-01-31,ALTA.PA,EUR,2019-01-31,2019-01-31,Q1,777450000,597475000.0,179975000,0.23149398675155958,0.0,0.0,33025000.0,525000.0,9775000.0,707100000.0,17250000.0,7475000.0,77825000,0.10010290050807126,70350000,0.09048813428516303,0.0,68100000,0.08759405749565888,9225000.0,58425000,0.07514952730079105,3.605,3.565,16203050.0,16393265.0,https://www.infogreffe.com/recherche-entreprise-dirigeants/resultats-entreprise-dirigeants.html?ga_cat=globale&ga_q=A.L.T.A#phrase=A.L.T.A,https://www.infogreffe.com/recherche-entreprise-dirigeants/resultats-entreprise-dirigeants.html?ga_cat=globale&ga_q=A.L.T.A#phrase=A.L.T.A,1620586928,15:02:08,20210509
3,2018-06-30,ALTA.PA,EUR,2018-06-30,2018-06-30,Q2,601400000,450975000.0,150425000,0.2501247090123046,0.0,0.0,27925000.0,-50000.0,8000000.0,543175000.0,13325000.0,2825000.0,61050000,0.10151313601596275,58225000,0.0968157632191553,0.0,81050000,0.13476887263052878,9100000.0,63825000,0.10612736947123379,4.0425,3.99,15791325.0,15992352.0,https://www.infogreffe.com/recherche-entreprise-dirigeants/resultats-entreprise-dirigeants.html?ga_cat=globale&ga_q=A.L.T.A#phrase=A.L.T.A,https://www.infogreffe.com/recherche-entreprise-dirigeants/resultats-entreprise-dirigeants.html?ga_cat=globale&ga_q=A.L.T.A#phrase=A.L.T.A,1620586928,15:02:08,20210509
4,2018-03-31,ALTA.PA,EUR,2018-03-31,2018-03-31,Q1,601400000,450975000.0,150425000,0.2501247090123046,0.0,0.0,27925000.0,-50000.0,8000000.0,543175000.0,13325000.0,2825000.0,61050000,0.10151313601596275,58225000,0.0968157632191553,0.0,81050000,0.13476887263052878,9100000.0,63825000,0.10612736947123379,4.0425,3.99,15791325.0,15992352.0,https://www.infogreffe.com/recherche-entreprise-dirigeants/resultats-entreprise-dirigeants.html?ga_cat=globale&ga_q=A.L.T.A#phrase=A.L.T.A,https://www.infogreffe.com/recherche-entreprise-dirigeants/resultats-entreprise-dirigeants.html?ga_cat=globale&ga_q=A.L.T.A#phrase=A.L.T.A,1620586928,15:02:08,20210509
5,2018-01-31,ALTA.PA,EUR,2018-01-31,2018-01-31,Q1,601400000,450975000.0,150425000,0.2501247090123046,0.0,0.0,27925000.0,-50000.0,8000000.0,543175000.0,13325000.0,2825000.0,61050000,0.10151313601596275,58225000,0.0968157632191553,0.0,81050000,0.13476887263052878,9100000.0,63825000,0.10612736947123379,4.0425,3.99,15791325.0,15992352.0,https://www.infogreffe.com/recherche-entreprise-dirigeants/resultats-entreprise-dirigeants.html?ga_cat=globale&ga_q=A.L.T.A#phrase=A.L.T.A,https://www.infogreffe.com/recherche-entreprise-dirigeants/resultats-entreprise-dirigeants.html?ga_cat=globale&ga_q=A.L.T.A#phrase=A.L.T.A,1620586928,15:02:08,20210509
6,2017-06-30,ALTA.PA,EUR,2017-06-30,2017-06-30,Q2,484875000,347800000.0,137075000,0.28270172724929105,0.0,0.0,20400000.0,-75000.0,5650000.0,423525000.0,12600000.0,2975000.0,64325000,0.13266305748904356,61350000,0.1265274555297757,0.0,124625000,0.25702500644496,5625000.0,80750000,0.1665377674658417,5.23,5.1725,15436934.0,15608950.0,https://www.infogreffe.com/recherche-entreprise-dirigeants/resultats-entreprise-dirigeants.html?ga_cat=globale&ga_q=A.L.T.A#phrase=A.L.T.A,https://www.infogreffe.com/recherche-entreprise-dirigeants/resultats-entreprise-dirigeants.html?ga_cat=globale&ga_q=A.L.T.A#phrase=A.L.T.A,1620586928,15:02:08,20210509
7,2017-03-31,ALTA.PA,EUR,2017-03-31,2017-03-31,Q1,484875000,347800000.0,137075000,0.28270172724929105,0.0,0.0,20400000.0,-75000.0,5650000.0,423525000.0,12600000.0,2975000.0,64325000,0.13266305748904356,61350000,0.1265274555297757,0.0,124625000,0.25702500644496,5625000.0,80750000,0.1665377674658417,5.23,5.1725,15436934.0,15608950.0,https://www.infogreffe.com/recherche-entreprise-dirigeants/resultats-entreprise-dirigeants.html?ga_cat=globale&ga_q=A.L.T.A#phrase=A.L.T.A,https://www.infogreffe.com/recherche-entreprise-dirigeants/resultats-entreprise-dirigeants.html?ga_cat=globale&ga_q=A.L.T.A#phrase=A.L.T.A,1620586928,15:02:08,20210509
8,2017-01-31,ALTA.PA,EUR,2017-01-31,2017-01-31,Q1,484875000,347800000.0,137075000,0.28270172724929105,0.0,0.0,20400000.0,-75000.0,5650000.0,423525000.0,12600000.0,2975000.0,64325000,0.13266305748904356,61350000,0.1265274555297757,0.0,124625000,0.25702500644496,5625000.0,80750000,0.1665377674658417,5.23,5.1725,15436934.0,15608950.0,https://www.infogreffe.com/recherche-entreprise-dirigeants/resultats-entreprise-dirigeants.html?ga_cat=globale&ga_q=A.L.T.A#phrase=A.L.T.A,https://www.infogreffe.com/recherche-entreprise-dirigeants/resultats-entreprise-dirigeants.html?ga_cat=globale&ga_q=A.L.T.A#phrase=A.L.T.A,1620586928,15:02:08,20210509
9,2016-06-30,ALTA.PA,EUR,2016-06-30,2016-06-30,Q2,395450000,282000000.0,113450000,0.28688835503856364,0.0,0.0,15475000.0,-75000.0,4525000.0,345200000.0,12450000.0,2600000.0,52850000,0.13364521431280818,50250000,0.12707042609685168,0.0,74075000,0.18731824503729927,7225000.0,41950000,0.10608167909975977,2.9975,2.97,13994904.0,14120403.0,https://www.infogreffe.com/recherche-entreprise-dirigeants/resultats-entreprise-dirigeants.html?ga_cat=globale&ga_q=A.L.T.A#phrase=A.L.T.A,https://www.infogreffe.com/recherche-entreprise-dirigeants/resultats-entreprise-dirigeants.html?ga_cat=globale&ga_q=A.L.T.A#phrase=A.L.T.A,1620586928,15:02:08,20210509
10,2016-03-31,ALTA.PA,EUR,2016-03-31,2016-03-31,Q1,395450000,282000000.0,113450000,0.28688835503856364,0.0,0.0,15475000.0,-75000.0,4525000.0,345200000.0,12450000.0,2600000.0,52850000,0.13364521431280818,50250000,0.12707042609685168,0.0,74075000,0.18731824503729927,7225000.0,41950000,0.10608167909975977,2.9975,2.97,13994904.0,14120403.0,https://www.infogreffe.com/recherche-entreprise-dirigeants/resultats-entreprise-dirigeants.html?ga_cat=globale&ga_q=A.L.T.A#phrase=A.L.T.A,https://www.infogreffe.com/recherche-entreprise-dirigeants/resultats-entreprise-dirigeants.html?ga_cat=globale&ga_q=A.L.T.A#phrase=A.L.T.A,1620586928,15:02:08,20210509
11,2016-01-31,ALTA.PA,EUR,2016-01-31,2016-01-31,Q1,395450000,282000000.0,113450000,0.28688835503856364,0.0,0.0,15475000.0,-75000.0,4525000.0,345200000.0,12450000.0,2600000.0,52850000,0.13364521431280818,50250000,0.12707042609685168,0.0,74075000,0.18731824503729927,7225000.0,41950000,0.10608167909975977,2.9975,2.97,13994904.0,14120403.0,https://www.infogreffe.com/recherche-entreprise-dirigeants/resultats-entreprise-dirigeants.html?ga_cat=globale&ga_q=A.L.T.A#phrase=A.L.T.A,https://www.infogreffe.com/recherche-entreprise-dirigeants/resultats-entreprise-dirigeants.html?ga_cat=globale&ga_q=A.L.T.A#phrase=A.L.T.A,1620586928,15:02:08,20210509
12,2015-09-30,ALTA.PA,EUR,2015-09-30,2015-09-30,Q3,304550000,207150000.0,97400000,0.31981612214743066,0.0,0.0,11225000.0,-50000.0,5950000.0,255425000.0,12525000.0,1300000.0,50425000,0.16557215563946806,49125000,0.16130356263339354,0.0,65325000,0.21449679855524545,1200000.0,27100000,0.0889837465112461,2.15563225,2.1408845,12578731.0,12655115.0,https://www.infogreffe.com/recherche-entreprise-dirigeants/resultats-entreprise-dirigeants.html?ga_cat=globale&ga_q=A.L.T.A#phrase=A.L.T.A,https://www.infogreffe.com/recherche-entreprise-dirigeants/resultats-entreprise-dirigeants.html?ga_cat=globale&ga_q=A.L.T.A#phrase=A.L.T.A,1620586928,15:02:08,20210509
13,2015-06-30,ALTA.PA,EUR,2015-06-30,2015-06-30,Q2,304550000,207150000.0,97400000,0.31981612214743066,0.0,0.0,11225000.0,-50000.0,5950000.0,255425000.0,12525000.0,1300000.0,50425000,0.16557215563946806,49125000,0.16130356263339354,0.0,65325000,0.21449679855524545,1200000.0,27100000,0.0889837465112461,2.15563225,2.1408845,12578731.0,12655115.0,https://www.infogreffe.com/recherche-entreprise-dirigeants/resultats-entreprise-dirigeants.html?ga_cat=globale&ga_q=A.L.T.A#phrase=A.L.T.A,https://www.infogreffe.com/recherche-entreprise-dirigeants/resultats-entreprise-dirigeants.html?ga_cat=globale&ga_q=A.L.T.A#phrase=A.L.T.A,1620586928,15:02:08,20210509
14,2015-03-31,ALTA.PA,EUR,2015-03-31,2015-03-31,Q1,304550000,207150000.0,97400000,0.31981612214743066,0.0,0.0,11225000.0,-50000.0,5950000.0,255425000.0,12525000.0,1300000.0,50425000,0.16557215563946806,49125000,0.16130356263339354,0.0,65325000,0.21449679855524545,1200000.0,27100000,0.0889837465112461,2.15563225,2.1408845,12578731.0,12655115.0,https://www.infogreffe.com/recherche-entreprise-dirigeants/resultats-entreprise-dirigeants.html?ga_cat=globale&ga_q=A.L.T.A#phrase=A.L.T.A,https://www.infogreffe.com/recherche-entreprise-dirigeants/resultats-entreprise-dirigeants.html?ga_cat=globale&ga_q=A.L.T.A#phrase=A.L.T.A,1620586928,15:02:08,20210509
15,2015-01-31,ALTA.PA,EUR,2015-01-31,2015-01-31,Q1,304550000,207150000.0,97400000,0.31981612214743066,0.0,0.0,11225000.0,-50000.0,5950000.0,255425000.0,12525000.0,1300000.0,50425000,0.16557215563946806,49125000,0.16130356263339354,0.0,65325000,0.21449679855524545,1200000.0,27100000,0.0889837465112461,2.15563225,2.1408845,12578731.0,12655115.0,https://www.infogreffe.com/recherche-entreprise-dirigeants/resultats-entreprise-dirigeants.html?ga_cat=globale&ga_q=A.L.T.A#phrase=A.L.T.A,https://www.infogreffe.com/recherche-entreprise-dirigeants/resultats-entreprise-dirigeants.html?ga_cat=globale&ga_q=A.L.T.A#phrase=A.L.T.A,1620586928,15:02:08,20210509
16,2014-09-30,ALTA.PA,EUR,2014-09-30,2014-09-30,Q3,329825000,243500000.0,86325000,0.2617297051466687,0.0,0.0,11100000.0,-1475000.0,5000000.0,291325000.0,12600000.0,2125000.0,40625000,0.12317137876146442,38500000,0.1167285681800955,0.0,43800000,0.13279769574774503,-21200000.0,28575000,0.08663685287652544,2.35226925,2.3301475,12148024.0,12261173.0,https://www.infogreffe.com/recherche-entreprise-dirigeants/resultats-entreprise-dirigeants.html?ga_cat=globale&ga_q=A.L.T.A#phrase=A.L.T.A,https://www.infogreffe.com/recherche-entreprise-dirigeants/resultats-entreprise-dirigeants.html?ga_cat=globale&ga_q=A.L.T.A#phrase=A.L.T.A,1620586928,15:02:08,20210509
17,2014-06-30,ALTA.PA,EUR,2014-06-30,2014-06-30,Q2,329825000,243500000.0,86325000,0.2617297051466687,0.0,0.0,11100000.0,-1475000.0,5000000.0,291325000.0,12600000.0,2125000.0,40625000,0.12317137876146442,38500000,0.1167285681800955,0.0,43800000,0.13279769574774503,-21200000.0,28575000,0.08663685287652544,2.35226925,2.3301475,12148024.0,12261173.0,https://www.infogreffe.com/recherche-entreprise-dirigeants/resultats-entreprise-dirigeants.html?ga_cat=globale&ga_q=A.L.T.A#phrase=A.L.T.A,https://www.infogreffe.com/recherche-entreprise-dirigeants/resultats-entreprise-dirigeants.html?ga_cat=globale&ga_q=A.L.T.A#phrase=A.L.T.A,1620586928,15:02:08,20210509
18,2014-03-31,ALTA.PA,EUR,2014-03-31,2014-03-31,Q1,329825000,243500000.0,86325000,0.2617297051466687,0.0,0.0,11100000.0,-1475000.0,5000000.0,291325000.0,12600000.0,2125000.0,40625000,0.12317137876146442,38500000,0.1167285681800955,0.0,43800000,0.13279769574774503,-21200000.0,28575000,0.08663685287652544,2.35226925,2.3301475,12148024.0,12261173.0,https://www.infogreffe.com/recherche-entreprise-dirigeants/resultats-entreprise-dirigeants.html?ga_cat=globale&ga_q=A.L.T.A#phrase=A.L.T.A,https://www.infogreffe.com/recherche-entreprise-dirigeants/resultats-entreprise-dirigeants.html?ga_cat=globale&ga_q=A.L.T.A#phrase=A.L.T.A,1620586928,15:02:08,20210509
19,2014-01-31,ALTA.PA,EUR,2014-01-31,2014-01-31,Q1,329825000,243500000.0,86325000,0.2617297051466687,0.0,0.0,11100000.0,-1475000.0,5000000.0,291325000.0,12600000.0,2125000.0,40625000,0.12317137876146442,38500000,0.1167285681800955,0.0,43800000,0.13279769574774503,-21200000.0,28575000,0.08663685287652544,2.35226925,2.3301475,12148024.0,12261173.0,https://www.infogreffe.com/recherche-entreprise-dirigeants/resultats-entreprise-dirigeants.html?ga_cat=globale&ga_q=A.L.T.A#phrase=A.L.T.A,https://www.infogreffe.com/recherche-entreprise-dirigeants/resultats-entreprise-dirigeants.html?ga_cat=globale&ga_q=A.L.T.A#phrase=A.L.T.A,1620586928,15:02:08,20210509
20,2013-09-30,ALTA.PA,EUR,2013-09-30,2013-09-30,Q3,377250000,283600000.0,93650000,0.2482438701126574,0.0,0.0,10950000.0,-50000.0,5850000.0,332600000.0,14300000.0,1825000.0,46475000,0.12319416832339297,44650000,0.11835652750165673,0.0,49900000,0.1322730284956925,-5100000.0,36550000,0.09688535453943009,3.23467725,3.20026575,11300769.0,11423843.0,https://www.infogreffe.com/recherche-entreprise-dirigeants/resultats-entreprise-dirigeants.html?ga_cat=globale&ga_q=A.L.T.A#phrase=A.L.T.A,https://www.infogreffe.com/recherche-entreprise-dirigeants/resultats-entreprise-dirigeants.html?ga_cat=globale&ga_q=A.L.T.A#phrase=A.L.T.A,1620586928,15:02:08,20210509
21,2013-06-30,ALTA.PA,EUR,2013-06-30,2013-06-30,Q2,377250000,283600000.0,93650000,0.2482438701126574,0.0,0.0,10950000.0,-50000.0,5850000.0,332600000.0,14300000.0,1825000.0,46475000,0.12319416832339297,44650000,0.11835652750165673,0.0,49900000,0.1322730284956925,-5100000.0,36550000,0.09688535453943009,3.23467725,3.20026575,11300769.0,11423843.0,https://www.infogreffe.com/recherche-entreprise-dirigeants/resultats-entreprise-dirigeants.html?ga_cat=globale&ga_q=A.L.T.A#phrase=A.L.T.A,https://www.infogreffe.com/recherche-entreprise-dirigeants/resultats-entreprise-dirigeants.html?ga_cat=globale&ga_q=A.L.T.A#phrase=A.L.T.A,1620586928,15:02:08,20210509
22,2013-03-31,ALTA.PA,EUR,2013-03-31,2013-03-31,Q1,377250000,283600000.0,93650000,0.2482438701126574,0.0,0.0,10950000.0,-50000.0,5850000.0,332600000.0,14300000.0,1825000.0,46475000,0.12319416832339297,44650000,0.11835652750165673,0.0,49900000,0.1322730284956925,-5100000.0,36550000,0.09688535453943009,3.23467725,3.20026575,11300769.0,11423843.0,https://www.infogreffe.com/recherche-entreprise-dirigeants/resultats-entreprise-dirigeants.html?ga_cat=globale&ga_q=A.L.T.A#phrase=A.L.T.A,https://www.infogreffe.com/recherche-entreprise-dirigeants/resultats-entreprise-dirigeants.html?ga_cat=globale&ga_q=A.L.T.A#phrase=A.L.T.A,1620586928,15:02:08,20210509
23,2013-01-31,ALTA.PA,EUR,2013-01-31,2013-01-31,Q1,377250000,283600000.0,93650000,0.2482438701126574,0.0,0.0,10950000.0,-50000.0,5850000.0,332600000.0,14300000.0,1825000.0,46475000,0.12319416832339297,44650000,0.11835652750165673,0.0,49900000,0.1322730284956925,-5100000.0,36550000,0.09688535453943009,3.23467725,3.20026575,11300769.0,11423843.0,https://www.infogreffe.com/recherche-entreprise-dirigeants/resultats-entreprise-dirigeants.html?ga_cat=globale&ga_q=A.L.T.A#phrase=A.L.T.A,https://www.infogreffe.com/recherche-entreprise-dirigeants/resultats-entreprise-dirigeants.html?ga_cat=globale&ga_q=A.L.T.A#phrase=A.L.T.A,1620586928,15:02:08,20210509
24,2012-09-30,ALTA.PA,EUR,2012-09-30,2012-09-30,Q3,393650000,294500000.0,99150000,0.2518734916804268,0.0,0.0,10200000.0,0.0,2700000.0,337775000.0,18875000.0,2625000.0,58500000,0.1486091705830052,55875000,0.141940810364537,0.0,22950000,0.05830052076717897,7900000.0,13975000,0.035501079639273465,1.31992525,1.3027195,10578247.0,10727956.0,https://www.infogreffe.com/recherche-entreprise-dirigeants/resultats-entreprise-dirigeants.html?ga_cat=globale&ga_q=A.L.T.A#phrase=A.L.T.A,https://www.infogreffe.com/recherche-entreprise-dirigeants/resultats-entreprise-dirigeants.html?ga_cat=globale&ga_q=A.L.T.A#phrase=A.L.T.A,1620586928,15:02:08,20210509
25,2012-06-30,ALTA.PA,EUR,2012-06-30,2012-06-30,Q2,393650000,294500000.0,99150000,0.2518734916804268,0.0,0.0,10200000.0,0.0,2700000.0,337775000.0,18875000.0,2625000.0,58500000,0.1486091705830052,55875000,0.141940810364537,0.0,22950000,0.05830052076717897,7900000.0,13975000,0.035501079639273465,1.31992525,1.3027195,10578247.0,10727956.0,https://www.infogreffe.com/recherche-entreprise-dirigeants/resultats-entreprise-dirigeants.html?ga_cat=globale&ga_q=A.L.T.A#phrase=A.L.T.A,https://www.infogreffe.com/recherche-entreprise-dirigeants/resultats-entreprise-dirigeants.html?ga_cat=globale&ga_q=A.L.T.A#phrase=A.L.T.A,1620586928,15:02:08,20210509
26,2012-03-31,ALTA.PA,EUR,2012-03-31,2012-03-31,Q1,393650000,294500000.0,99150000,0.2518734916804268,0.0,0.0,10200000.0,0.0,2700000.0,337775000.0,18875000.0,2625000.0,58500000,0.1486091705830052,55875000,0.141940810364537,0.0,22950000,0.05830052076717897,7900000.0,13975000,0.035501079639273465,1.31992525,1.3027195,10578247.0,10727956.0,https://www.infogreffe.com/recherche-entreprise-dirigeants/resultats-entreprise-dirigeants.html?ga_cat=globale&ga_q=A.L.T.A#phrase=A.L.T.A,https://www.infogreffe.com/recherche-entreprise-dirigeants/resultats-entreprise-dirigeants.html?ga_cat=globale&ga_q=A.L.T.A#phrase=A.L.T.A,1620586928,15:02:08,20210509
27,2012-01-31,ALTA.PA,EUR,2012-01-31,2012-01-31,Q1,393650000,294500000.0,99150000,0.2518734916804268,0.0,0.0,10200000.0,0.0,2700000.0,337775000.0,18875000.0,2625000.0,58500000,0.1486091705830052,55875000,0.141940810364537,0.0,22950000,0.05830052076717897,7900000.0,13975000,0.035501079639273465,1.31992525,1.3027195,10578247.0,10727956.0,https://www.infogreffe.com/recherche-entreprise-dirigeants/resultats-entreprise-dirigeants.html?ga_cat=globale&ga_q=A.L.T.A#phrase=A.L.T.A,https://www.infogreffe.com/recherche-entreprise-dirigeants/resultats-entreprise-dirigeants.html?ga_cat=globale&ga_q=A.L.T.A#phrase=A.L.T.A,1620586928,15:02:08,20210509
28,2011-09-30,ALTA.PA,EUR,2011-09-30,2011-09-30,Q3,56450000,-3775000.0,60225000,1.0668733392382639,0.0,0.0,0.0,-20100000.0,14900000.0,7450000.0,20500000.0,450000.0,49450000,0.8759964570416298,49000000,0.8680248007085917,0.0,25900000,0.4588131089459699,2400000.0,23500000,0.4162976085031001,2.129837,2.11630475,10352905.0,10416396.0,https://www.infogreffe.com/recherche-entreprise-dirigeants/resultats-entreprise-dirigeants.html?ga_cat=globale&ga_q=A.L.T.A#phrase=A.L.T.A,https://www.infogreffe.com/recherche-entreprise-dirigeants/resultats-entreprise-dirigeants.html?ga_cat=globale&ga_q=A.L.T.A#phrase=A.L.T.A,1620586928,15:02:08,20210509
29,2011-06-30,ALTA.PA,EUR,2011-06-30,2011-06-30,Q2,56450000,-3775000.0,60225000,1.0668733392382639,0.0,0.0,0.0,-20100000.0,14900000.0,7450000.0,20500000.0,450000.0,49450000,0.8759964570416298,49000000,0.8680248007085917,0.0,25900000,0.4588131089459699,2400000.0,23500000,0.4162976085031001,2.129837,2.11630475,10352905.0,10416396.0,https://www.infogreffe.com/recherche-entreprise-dirigeants/resultats-entreprise-dirigeants.html?ga_cat=globale&ga_q=A.L.T.A#phrase=A.L.T.A,https://www.infogreffe.com/recherche-entreprise-dirigeants/resultats-entreprise-dirigeants.html?ga_cat=globale&ga_q=A.L.T.A#phrase=A.L.T.A,1620586928,15:02:08,20210509
30,2011-03-31,ALTA.PA,EUR,2011-03-31,2011-03-31,Q1,56450000,-3775000.0,60225000,1.0668733392382639,0.0,0.0,0.0,-20100000.0,14900000.0,7450000.0,20500000.0,450000.0,49450000,0.8759964570416298,49000000,0.8680248007085917,0.0,25900000,0.4588131089459699,2400000.0,23500000,0.4162976085031001,2.129837,2.11630475,10352905.0,10416396.0,https://www.infogreffe.com/recherche-entreprise-dirigeants/resultats-entreprise-dirigeants.html?ga_cat=globale&ga_q=A.L.T.A#phrase=A.L.T.A,https://www.infogreffe.com/recherche-entreprise-dirigeants/resultats-entreprise-dirigeants.html?ga_cat=globale&ga_q=A.L.T.A#phrase=A.L.T.A,1620586928,15:02:08,20210509
31,2011-01-31,ALTA.PA,EUR,2011-01-31,2011-01-31,Q1,56450000,-3775000.0,60225000,1.0668733392382639,0.0,0.0,0.0,-20100000.0,14900000.0,7450000.0,20500000.0,450000.0,49450000,0.8759964570416298,49000000,0.8680248007085917,0.0,25900000,0.4588131089459699,2400000.0,23500000,0.4162976085031001,2.129837,2.11630475,10352905.0,10416396.0,https://www.infogreffe.com/recherche-entreprise-dirigeants/resultats-entreprise-dirigeants.html?ga_cat=globale&ga_q=A.L.T.A#phrase=A.L.T.A,https://www.infogreffe.com/recherche-entreprise-dirigeants/resultats-entreprise-dirigeants.html?ga_cat=globale&ga_q=A.L.T.A#phrase=A.L.T.A,1620586928,15:02:08,20210509
32,2010-09-30,ALTA.PA,EUR,2010-09-30,2010-09-30,Q3,53993250,-21584750.0,75578000,1.3997675635380349,0.0,0.0,0.0,-2688250.0,0.0,-14344000.0,19561000.0,2366500.0,70703750,1.3094923902524853,68337250,1.265662837484315,0.0,41427000,0.7672625744884777,3554500.0,37872500,0.7014302713765147,3.55912825,3.517343,10323825.0,10449776.0,https://www.infogreffe.com/recherche-entreprise-dirigeants/resultats-entreprise-dirigeants.html?ga_cat=globale&ga_q=A.L.T.A#phrase=A.L.T.A,https://www.infogreffe.com/recherche-entreprise-dirigeants/resultats-entreprise-dirigeants.html?ga_cat=globale&ga_q=A.L.T.A#phrase=A.L.T.A,1620586928,15:02:08,20210509
33,2010-06-30,ALTA.PA,EUR,2010-06-30,2010-06-30,Q2,53993250,-21584750.0,75578000,1.3997675635380349,0.0,0.0,0.0,-2688250.0,0.0,-14344000.0,19561000.0,2366500.0,70703750,1.3094923902524853,68337250,1.265662837484315,0.0,41427000,0.7672625744884777,3554500.0,37872500,0.7014302713765147,3.55912825,3.517343,10323825.0,10449776.0,https://www.infogreffe.com/recherche-entreprise-dirigeants/resultats-entreprise-dirigeants.html?ga_cat=globale&ga_q=A.L.T.A#phrase=A.L.T.A,https://www.infogreffe.com/recherche-entreprise-dirigeants/resultats-entreprise-dirigeants.html?ga_cat=globale&ga_q=A.L.T.A#phrase=A.L.T.A,1620586928,15:02:08,20210509
34,2010-03-31,ALTA.PA,EUR,2010-03-31,2010-03-31,Q1,53993250,-21584750.0,75578000,1.3997675635380349,0.0,0.0,0.0,-2688250.0,0.0,-14344000.0,19561000.0,2366500.0,70703750,1.3094923902524853,68337250,1.265662837484315,0.0,41427000,0.7672625744884777,3554500.0,37872500,0.7014302713765147,3.55912825,3.517343,10323825.0,10449776.0,https://www.infogreffe.com/recherche-entreprise-dirigeants/resultats-entreprise-dirigeants.html?ga_cat=globale&ga_q=A.L.T.A#phrase=A.L.T.A,https://www.infogreffe.com/recherche-entreprise-dirigeants/resultats-entreprise-dirigeants.html?ga_cat=globale&ga_q=A.L.T.A#phrase=A.L.T.A,1620586928,15:02:08,20210509
35,2010-01-31,ALTA.PA,EUR,2010-01-31,2010-01-31,Q1,53993250,-21584750.0,75578000,1.3997675635380349,0.0,0.0,0.0,-2688250.0,0.0,-14344000.0,19561000.0,2366500.0,70703750,1.3094923902524853,68337250,1.265662837484315,0.0,41427000,0.7672625744884777,3554500.0,37872500,0.7014302713765147,3.55912825,3.517343,10323825.0,10449776.0,https://www.infogreffe.com/recherche-entreprise-dirigeants/resultats-entreprise-dirigeants.html?ga_cat=globale&ga_q=A.L.T.A#phrase=A.L.T.A,https://www.infogreffe.com/recherche-entreprise-dirigeants/resultats-entreprise-dirigeants.html?ga_cat=globale&ga_q=A.L.T.A#phrase=A.L.T.A,1620586928,15:02:08,20210509
36,2009-09-30,ALTA.PA,EUR,2009-09-30,2009-09-30,Q3,225257250,151818750.0,73438500,0.3260205831332843,0.0,0.0,3335500.0,-47825500.0,6761000.0,187595000.0,21580500.0,4533750.0,42196000,0.1873236044566823,37662250,0.16719661631312643,0.0,-29735750,-0.1320079597881977,-558500.0,-29177500,-0.12952968217449162,-2.838584710995059,-2.792899034462426,10278890.0,10447030.0,https://www.infogreffe.com/recherche-entreprise-dirigeants/resultats-entreprise-dirigeants.html?ga_cat=globale&ga_q=A.L.T.A#phrase=A.L.T.A,https://www.infogreffe.com/recherche-entreprise-dirigeants/resultats-entreprise-dirigeants.html?ga_cat=globale&ga_q=A.L.T.A#phrase=A.L.T.A,1620586928,15:02:08,20210509
37,2009-06-30,ALTA.PA,EUR,2009-06-30,2009-06-30,Q2,225257250,151818750.0,73438500,0.3260205831332843,0.0,0.0,3335500.0,-47825500.0,6761000.0,187595000.0,21580500.0,4533750.0,42196000,0.1873236044566823,37662250,0.16719661631312643,0.0,-29735750,-0.1320079597881977,-558500.0,-29177500,-0.12952968217449162,-2.838584710995059,-2.792899034462426,10278890.0,10447030.0,https://www.infogreffe.com/recherche-entreprise-dirigeants/resultats-entreprise-dirigeants.html?ga_cat=globale&ga_q=A.L.T.A#phrase=A.L.T.A,https://www.infogreffe.com/recherche-entreprise-dirigeants/resultats-entreprise-dirigeants.html?ga_cat=globale&ga_q=A.L.T.A#phrase=A.L.T.A,1620586928,15:02:08,20210509
38,2009-03-31,ALTA.PA,EUR,2009-03-31,2009-03-31,Q1,225257250,151818750.0,73438500,0.3260205831332843,0.0,0.0,3335500.0,-47825500.0,6761000.0,187595000.0,21580500.0,4533750.0,42196000,0.1873236044566823,37662250,0.16719661631312643,0.0,-29735750,-0.1320079597881977,-558500.0,-29177500,-0.12952968217449162,-2.838584710995059,-2.792899034462426,10278890.0,10447030.0,https://www.infogreffe.com/recherche-entreprise-dirigeants/resultats-entreprise-dirigeants.html?ga_cat=globale&ga_q=A.L.T.A#phrase=A.L.T.A,https://www.infogreffe.com/recherche-entreprise-dirigeants/resultats-entreprise-dirigeants.html?ga_cat=globale&ga_q=A.L.T.A#phrase=A.L.T.A,1620586928,15:02:08,20210509
39,2009-01-31,ALTA.PA,EUR,2009-01-31,2009-01-31,Q1,225257250,151818750.0,73438500,0.3260205831332843,0.0,0.0,3335500.0,-47825500.0,6761000.0,187595000.0,21580500.0,4533750.0,42196000,0.1873236044566823,37662250,0.16719661631312643,0.0,-29735750,-0.1320079597881977,-558500.0,-29177500,-0.12952968217449162,-2.838584710995059,-2.792899034462426,10278890.0,10447030.0,https://www.infogreffe.com/recherche-entreprise-dirigeants/resultats-entreprise-dirigeants.html?ga_cat=globale&ga_q=A.L.T.A#phrase=A.L.T.A,https://www.infogreffe.com/recherche-entreprise-dirigeants/resultats-entreprise-dirigeants.html?ga_cat=globale&ga_q=A.L.T.A#phrase=A.L.T.A,1620586928,15:02:08,20210509
40,2008-09-30,ALTA.PA,EUR,2008-09-30,2008-09-30,Q3,194739250,169222500.0,25516750,0.13103033928702099,0.0,0.0,3627000.0,0.0,-300000.0,183583750.0,0.0,0.0,11155500,17.45679261350903,11155500,0.057284291687474405,0.0,-138930750,-0.7134193543417673,-43044000.0,-95886750,-0.4923853306408441,-10.486605256319736,-10.338900793865585,9143736.0,9274366.0,https://www.infogreffe.com/recherche-entreprise-dirigeants/resultats-entreprise-dirigeants.html?ga_cat=globale&ga_q=A.L.T.A#phrase=A.L.T.A,https://www.infogreffe.com/recherche-entreprise-dirigeants/resultats-entreprise-dirigeants.html?ga_cat=globale&ga_q=A.L.T.A#phrase=A.L.T.A,1620586928,15:02:08,20210509
41,2008-06-30,ALTA.PA,EUR,2008-06-30,2008-06-30,Q2,194739250,169222500.0,25516750,0.13103033928702099,0.0,0.0,3627000.0,0.0,-300000.0,183583750.0,0.0,0.0,11155500,17.45679261350903,11155500,0.057284291687474405,0.0,-138930750,-0.7134193543417673,-43044000.0,-95886750,-0.4923853306408441,-10.486605256319736,-10.338900793865585,9143736.0,9274366.0,https://www.infogreffe.com/recherche-entreprise-dirigeants/resultats-entreprise-dirigeants.html?ga_cat=globale&ga_q=A.L.T.A#phrase=A.L.T.A,https://www.infogreffe.com/recherche-entreprise-dirigeants/resultats-entreprise-dirigeants.html?ga_cat=globale&ga_q=A.L.T.A#phrase=A.L.T.A,1620586928,15:02:08,20210509
42,2008-03-31,ALTA.PA,EUR,2008-03-31,2008-03-31,Q1,194739250,169222500.0,25516750,0.13103033928702099,0.0,0.0,3627000.0,0.0,-300000.0,183583750.0,0.0,0.0,11155500,17.45679261350903,11155500,0.057284291687474405,0.0,-138930750,-0.7134193543417673,-43044000.0,-95886750,-0.4923853306408441,-10.486605256319736,-10.338900793865585,9143736.0,9274366.0,https://www.infogreffe.com/recherche-entreprise-dirigeants/resultats-entreprise-dirigeants.html?ga_cat=globale&ga_q=A.L.T.A#phrase=A.L.T.A,https://www.infogreffe.com/recherche-entreprise-dirigeants/resultats-entreprise-dirigeants.html?ga_cat=globale&ga_q=A.L.T.A#phrase=A.L.T.A,1620586928,15:02:08,20210509
43,2008-01-31,ALTA.PA,EUR,2008-01-31,2008-01-31,Q1,194739250,169222500.0,25516750,0.13103033928702099,0.0,0.0,3627000.0,0.0,-300000.0,183583750.0,0.0,0.0,11155500,17.45679261350903,11155500,0.057284291687474405,0.0,-138930750,-0.7134193543417673,-43044000.0,-95886750,-0.4923853306408441,-10.486605256319736,-10.338900793865585,9143736.0,9274366.0,https://www.infogreffe.com/recherche-entreprise-dirigeants/resultats-entreprise-dirigeants.html?ga_cat=globale&ga_q=A.L.T.A#phrase=A.L.T.A,https://www.infogreffe.com/recherche-entreprise-dirigeants/resultats-entreprise-dirigeants.html?ga_cat=globale&ga_q=A.L.T.A#phrase=A.L.T.A,1620586928,15:02:08,20210509
44,2007-09-30,ALTA.PA,EUR,2007-09-30,2007-09-30,Q3,108650250,78531750.0,30118500,0.2772059889415809,0.0,0.0,0.0,-12117750.0,-101065000.0,-16154750.0,0.0,471250.0,125276250,1.1530231177562869,124805000,1.1486858060611917,0.0,114425500,1.053154502635751,4540250.0,109885250,1.0113667478905939,13.51878825,13.3639365,7940809.0,8032550.0,https://www.infogreffe.com/recherche-entreprise-dirigeants/resultats-entreprise-dirigeants.html?ga_cat=globale&ga_q=A.L.T.A#phrase=A.L.T.A,https://www.infogreffe.com/recherche-entreprise-dirigeants/resultats-entreprise-dirigeants.html?ga_cat=globale&ga_q=A.L.T.A#phrase=A.L.T.A,1620586928,15:02:08,20210509
45,2007-06-30,ALTA.PA,EUR,2007-06-30,2007-06-30,Q2,108650250,78531750.0,30118500,0.2772059889415809,0.0,0.0,0.0,-12117750.0,-101065000.0,-16154750.0,0.0,471250.0,125276250,1.1530231177562869,124805000,1.1486858060611917,0.0,114425500,1.053154502635751,4540250.0,109885250,1.0113667478905939,13.51878825,13.3639365,7940809.0,8032550.0,https://www.infogreffe.com/recherche-entreprise-dirigeants/resultats-entreprise-dirigeants.html?ga_cat=globale&ga_q=A.L.T.A#phrase=A.L.T.A,https://www.infogreffe.com/recherche-entreprise-dirigeants/resultats-entreprise-dirigeants.html?ga_cat=globale&ga_q=A.L.T.A#phrase=A.L.T.A,1620586928,15:02:08,20210509
46,2007-03-31,ALTA.PA,EUR,2007-03-31,2007-03-31,Q1,108650250,78531750.0,30118500,0.2772059889415809,0.0,0.0,0.0,-12117750.0,-101065000.0,-16154750.0,0.0,471250.0,125276250,1.1530231177562869,124805000,1.1486858060611917,0.0,114425500,1.053154502635751,4540250.0,109885250,1.0113667478905939,13.51878825,13.3639365,7940809.0,8032550.0,https://www.infogreffe.com/recherche-entreprise-dirigeants/resultats-entreprise-dirigeants.html?ga_cat=globale&ga_q=A.L.T.A#phrase=A.L.T.A,https://www.infogreffe.com/recherche-entreprise-dirigeants/resultats-entreprise-dirigeants.html?ga_cat=globale&ga_q=A.L.T.A#phrase=A.L.T.A,1620586928,15:02:08,20210509
47,2007-01-31,ALTA.PA,EUR,2007-01-31,2007-01-31,Q1,108650250,78531750.0,30118500,0.2772059889415809,0.0,0.0,0.0,-12117750.0,-101065000.0,-16154750.0,0.0,471250.0,125276250,1.1530231177562869,124805000,1.1486858060611917,0.0,114425500,1.053154502635751,4540250.0,109885250,1.0113667478905939,13.51878825,13.3639365,7940809.0,8032550.0,https://www.infogreffe.com/recherche-entreprise-dirigeants/resultats-entreprise-dirigeants.html?ga_cat=globale&ga_q=A.L.T.A#phrase=A.L.T.A,https://www.infogreffe.com/recherche-entreprise-dirigeants/resultats-entreprise-dirigeants.html?ga_cat=globale&ga_q=A.L.T.A#phrase=A.L.T.A,1620586928,15:02:08,20210509
48,2006-09-30,ALTA.PA,EUR,2006-09-30,2006-09-30,Q3,32126000,15099250.0,17026750,0.5299990661769284,0.0,0.0,751250.0,-701500.0,-44890500.0,-26787500.0,5078750.0,173500.0,59087000,1.8392267944966694,58913500,1.8338261843989292,0.0,60628750,1.8872175185208242,4044250.0,55333000,1.7223744007968624,7.66883975,7.6245965,7216290.0,7256346.0,https://www.infogreffe.com/recherche-entreprise-dirigeants/resultats-entreprise-dirigeants.html?ga_cat=globale&ga_q=A.L.T.A#phrase=A.L.T.A,https://www.infogreffe.com/recherche-entreprise-dirigeants/resultats-entreprise-dirigeants.html?ga_cat=globale&ga_q=A.L.T.A#phrase=A.L.T.A,1620586928,15:02:08,20210509
49,2006-06-30,ALTA.PA,EUR,2006-06-30,2006-06-30,Q2,32126000,15099250.0,17026750,0.5299990661769284,0.0,0.0,751250.0,-701500.0,-44890500.0,-26787500.0,5078750.0,173500.0,59087000,1.8392267944966694,58913500,1.8338261843989292,0.0,60628750,1.8872175185208242,4044250.0,55333000,1.7223744007968624,7.66883975,7.6245965,7216290.0,7256346.0,https://www.infogreffe.com/recherche-entreprise-dirigeants/resultats-entreprise-dirigeants.html?ga_cat=globale&ga_q=A.L.T.A#phrase=A.L.T.A,https://www.infogreffe.com/recherche-entreprise-dirigeants/resultats-entreprise-dirigeants.html?ga_cat=globale&ga_q=A.L.T.A#phrase=A.L.T.A,1620586928,15:02:08,20210509
50,2006-03-31,ALTA.PA,EUR,2006-03-31,2006-03-31,Q1,32126000,15099250.0,17026750,0.5299990661769284,0.0,0.0,751250.0,-701500.0,-44890500.0,-26787500.0,5078750.0,173500.0,59087000,1.8392267944966694,58913500,1.8338261843989292,0.0,60628750,1.8872175185208242,4044250.0,55333000,1.7223744007968624,7.66883975,7.6245965,7216290.0,7256346.0,https://www.infogreffe.com/recherche-entreprise-dirigeants/resultats-entreprise-dirigeants.html?ga_cat=globale&ga_q=A.L.T.A#phrase=A.L.T.A,https://www.infogreffe.com/recherche-entreprise-dirigeants/resultats-entreprise-dirigeants.html?ga_cat=globale&ga_q=A.L.T.A#phrase=A.L.T.A,1620586928,15:02:08,20210509
51,2006-01-31,ALTA.PA,EUR,2006-01-31,2006-01-31,Q1,32126000,15099250.0,17026750,0.5299990661769284,0.0,0.0,751250.0,-701500.0,-44890500.0,-26787500.0,5078750.0,173500.0,59087000,1.8392267944966694,58913500,1.8338261843989292,0.0,60628750,1.8872175185208242,4044250.0,55333000,1.7223744007968624,7.66883975,7.6245965,7216290.0,7256346.0,https://www.infogreffe.com/recherche-entreprise-dirigeants/resultats-entreprise-dirigeants.html?ga_cat=globale&ga_q=A.L.T.A#phrase=A.L.T.A,https://www.infogreffe.com/recherche-entreprise-dirigeants/resultats-entreprise-dirigeants.html?ga_cat=globale&ga_q=A.L.T.A#phrase=A.L.T.A,1620586928,15:02:08,20210509
