,date,symbol,reportedCurrency,fillingDate,acceptedDate,period,revenue,costOfRevenue,grossProfit,grossProfitRatio,researchAndDevelopmentExpenses,generalAndAdministrativeExpenses,sellingAndMarketingExpenses,otherExpenses,operatingExpenses,costAndExpenses,interestExpense,depreciationAndAmortization,ebitda,ebitdaratio,operatingIncome,operatingIncomeRatio,totalOtherIncomeExpensesNet,incomeBeforeTax,incomeBeforeTaxRatio,incomeTaxExpense,netIncome,netIncomeRatio,eps,epsdiluted,weightedAverageShsOut,weightedAverageShsOutDil,link,finalLink,timestamp,est_time,est_date
0,2020-12-31,RTNPOWER.NS,INR,2020-12-31,2020-12-31,Q4,3038600000.0,926400000.0,2112200000.0,0.6951227538998223,0.0,0.0,0.0,4381800000.0,1461400000,2387800000,5723500000.0,1047300000.0,1698100000,0.5588428881721845,650800000,0.2141775817810834,0.0,-690900000,-0.22737444875929705,0.0,-689900000.0,-0.22704534983215954,-0.14,-0.14,4927857143,4927857143,https://www.nseindia.com/companies-listing/corporate-filings-annual-reports,https://www.nseindia.com/companies-listing/corporate-filings-annual-reports,1620597449,17:57:29,20210509
1,2020-09-30,RTNPOWER.NS,INR,2020-09-30,2020-09-30,Q3,1981300000.0,131600000.0,1849700000.0,0.9335789633069197,0.0,0.0,0.0,826600000.0,1667500000,1799100000,5621500000.0,1042500000.0,1224700000,0.6181295109271691,182200000,0.09195982435774491,0.0,-4612700000,-2.3281179023873215,0.0,-4612300000.0,-2.3279160147377986,-0.94,-0.94,4906702128,4906702128,https://www.nseindia.com/companies-listing/corporate-filings-annual-reports,https://www.nseindia.com/companies-listing/corporate-filings-annual-reports,1620597449,17:57:29,20210509
2,2020-06-30,RTNPOWER.NS,INR,2020-06-30,2020-06-30,Q2,1957400000.0,111400000.0,1846000000.0,0.94308776949014,0.0,0.0,0.0,723300000.0,1597200000,1708600000,5479900000.0,1049500000.0,1298300000,0.6632778175130275,248800000,0.1271073873505671,0.0,-4507800000,-2.3029528966997037,0.0,-4507100000.0,-2.3025952794523348,-0.91,-0.91,4952857143,4952857143,https://www.nseindia.com/companies-listing/corporate-filings-annual-reports,https://www.nseindia.com/companies-listing/corporate-filings-annual-reports,1620597449,17:57:29,20210509
3,2020-03-31,RTNPOWER.NS,INR,2020-03-31,2020-03-31,Q1,2943346000.0,971597000.0,1971749000.0,0.6699005145844219,0.0,0.0,0.0,-1245636000.0,1879760000,2851357000,5082479000.0,1041157000.0,1133146000,0.3849856591783637,91989000,0.03125320638484228,0.0,-5117650000,-1.7387184517212724,0.0,-5117271000.0,-1.7385896867035,-1.0429145414795802,-1.0429145414795802,4906702128,4906702128,https://www.nseindia.com/companies-listing/corporate-filings-annual-reports,https://www.nseindia.com/companies-listing/corporate-filings-annual-reports,1620597449,17:57:29,20210509
4,2019-12-31,RTNPOWER.NS,INR,2019-12-31,2019-12-31,Q4,3717900000.0,1623800000.0,2094100000.0,0.5632480701471261,0.0,0.0,0.0,266200000.0,2521300000,4145100000,9935000000.0,1049700000.0,622500000,0.1674332284354071,-427200000,-0.1149035745985637,0.0,16578100000,4.458995669598429,0.0,16578500000.0,4.459103257215094,5.52,5.44,4556881691,4556881691,https://www.nseindia.com/companies-listing/corporate-filings-annual-reports,https://www.nseindia.com/companies-listing/corporate-filings-annual-reports,1620597449,17:57:29,20210509
5,2019-09-30,RTNPOWER.NS,INR,2019-09-30,2019-09-30,Q3,5469100000.0,3055300000.0,2413800000.0,0.4413523248797791,0.0,0.0,0.0,604800000.0,1648900000,4704200000,6298000000.0,1058800000.0,1823700000,0.3334552302938326,764900000,0.13985847762886033,0.0,-4928300000,-0.9011171856429759,0.0,-4927800000.0,-0.9010257629226015,-1.67,-1.67,2950778443,2950778443,https://www.nseindia.com/companies-listing/corporate-filings-annual-reports,https://www.nseindia.com/companies-listing/corporate-filings-annual-reports,1620597449,17:57:29,20210509
6,2019-06-30,RTNPOWER.NS,INR,2019-06-30,2019-06-30,Q2,5608500000.0,3445400000.0,2163100000.0,0.38568244628688597,0.0,0.0,0.0,530000000.0,1551100000,4996500000,6022600000.0,1014100000.0,1626100000,0.2899349202103949,612000000,0.10912008558438085,0.0,-4880600000,-0.8702148524560934,0.0,-4880300000.0,-0.8701613622180618,-1.65,-1.65,2957757576,2957757576,https://www.nseindia.com/companies-listing/corporate-filings-annual-reports,https://www.nseindia.com/companies-listing/corporate-filings-annual-reports,1620597449,17:57:29,20210509
7,2019-03-31,RTNPOWER.NS,INR,2019-03-31,2019-03-31,Q1,2989637000.0,936344000.0,2053293000.0,0.6868034480440267,0.0,0.0,0.0,-1696283000.0,1568320000,2504664000,5712649000.0,1012057000.0,1497030000,0.5007397219127272,484973000,0.16221802178659148,0.0,-5939475000,-1.9866876814810628,-22000.0,-5866060000.0,-1.9621311885021493,-1.1955198923785169,-1.1955198923785169,4906702128,4906702128,https://www.nseindia.com/companies-listing/corporate-filings-annual-reports,https://www.nseindia.com/companies-listing/corporate-filings-annual-reports,1620597449,17:57:29,20210509
8,2018-12-31,RTNPOWER.NS,INR,2018-12-31,2018-12-31,Q4,3171500000.0,1882300000.0,1289200000.0,0.4064953492038468,0.0,0.0,0.0,692000000.0,1808000000,3690300000,5994900000.0,1042700000.0,523900000,0.16518997319880183,-518800000,-0.1635819013085291,0.0,-13789100000,-4.34781649061958,0.0,-13788700000.0,-4.347690367334069,-4.67,-4.67,2952612420,2952612420,https://www.nseindia.com/companies-listing/corporate-filings-annual-reports,https://www.nseindia.com/companies-listing/corporate-filings-annual-reports,1620597449,17:57:29,20210509
9,2018-09-30,RTNPOWER.NS,INR,2018-09-30,2018-09-30,Q3,6167800000.0,3817800000.0,2350000000.0,0.38101105742728364,0.0,0.0,0.0,646200000.0,1713100000,5530900000,5639600000.0,1120400000.0,1757300000,0.28491520477317683,636900000,0.103262103181037,0.0,-9681200000,-1.5696358507085184,0.0,-9680800000.0,-1.5695709977625734,-3.28,-3.28,2951463415,2951463415,https://www.nseindia.com/companies-listing/corporate-filings-annual-reports,https://www.nseindia.com/companies-listing/corporate-filings-annual-reports,1620597449,17:57:29,20210509
10,2018-06-30,RTNPOWER.NS,INR,2018-06-30,2018-06-30,Q2,6907200000.0,4042300000.0,2864900000.0,0.41477009497336115,0.0,0.0,0.0,508600000.0,1665200000,5707500000,5578400000.0,1023100000.0,2222800000,0.3218091267083623,1199700000,0.1736883252258513,0.0,-3870100000,-0.560299397729905,0.0,-3869700000.0,-0.5602414871438499,-1.31,-1.31,2953969466,2953969466,https://www.nseindia.com/companies-listing/corporate-filings-annual-reports,https://www.nseindia.com/companies-listing/corporate-filings-annual-reports,1620597449,17:57:29,20210509
11,2016-03-31,RTNPOWER.NS,INR,2016-03-31,2016-03-31,Q1,9797581948.0,4593250903.0,5204331045.0,0.5311852529146103,0.0,0.0,0.0,0.0,520993905,5114244808,2759577229.0,-280646948.0,4402690192,0.4493649775390478,4683337140,0.478009488959265,0.0,2390622412,0.24400126732167854,119214940.0,2272773293.0,0.23197287913105394,0.46319773112585405,0.46319773112585405,4906702128,4906702128,https://www.nseindia.com/companies-listing/corporate-filings-annual-reports,https://www.nseindia.com/companies-listing/corporate-filings-annual-reports,1620597449,17:57:29,20210509
12,2015-12-31,RTNPOWER.NS,INR,2015-12-31,2015-12-31,Q4,8683200000.0,4668500000.0,4014700000.0,0.4623525889073153,0.0,0.0,0.0,0.0,1192700000,5861200000,3089300000.0,922900000.0,3744900000,0.4312810945273632,2822000000,0.3249953934033536,0.0,-267300000,-0.030783582089552237,27300000.0,-295100000.0,-0.0339851667587986,-0.1,-0.1,2951000000,2951000000,https://www.nseindia.com/companies-listing/corporate-filings-annual-reports,https://www.nseindia.com/companies-listing/corporate-filings-annual-reports,1620597449,17:57:29,20210509
13,2015-09-30,RTNPOWER.NS,INR,2015-09-30,2015-09-30,Q3,6869229000.0,3657524000.0,3211705000.0,0.46754956051108504,0.0,0.0,0.0,0.0,1432132000,5089656000,2992424000.0,912138000.0,2691711000,0.39185052645646257,1779573000,0.25906444522376526,0.0,-1212851000,-0.17656290101844035,41871000.0,-1255245000.0,-0.1827344815553536,-0.425,-0.425,2953517647,2953517647,https://www.nseindia.com/companies-listing/corporate-filings-annual-reports,https://www.nseindia.com/companies-listing/corporate-filings-annual-reports,1620597449,17:57:29,20210509
14,2015-06-30,RTNPOWER.NS,INR,2015-06-30,2015-06-30,Q2,3000598000.0,1528214000.0,1472384000.0,0.49069685442701755,0.0,0.0,0.0,0.0,1351707000,2879921000,2681992000.0,872044000.0,992721000,0.33084105235023153,120677000,0.04021764994844361,0.0,-2561315000,-0.8536015154312574,69969000.0,-2631822000.0,-0.8770991648997967,-0.891,-0.891,2953784512,2953784512,https://www.nseindia.com/companies-listing/corporate-filings-annual-reports,https://www.nseindia.com/companies-listing/corporate-filings-annual-reports,1620597449,17:57:29,20210509
15,2015-03-31,RTNPOWER.NS,INR,2015-03-31,2015-03-31,Q1,1457699759.0,1071262466.0,386437293.0,0.2651007456193179,0.0,0.0,0.0,0.0,1175143395,2246405861,0.0,87360641.0,-701345461,-0.48113162993258063,-788706102,-0.5410621063291264,0.0,-1997830856,-1.3705365893526227,239522478.0,-2235815799.0,-1.5337971932805952,-0.45566568759928605,-0.45566568759928605,4906702128,4906702128,https://www.nseindia.com/companies-listing/corporate-filings-annual-reports,https://www.nseindia.com/companies-listing/corporate-filings-annual-reports,1620597449,17:57:29,20210509
16,2014-12-31,RTNPOWER.NS,INR,2014-12-31,2014-12-31,Q4,1507009000.0,882921000.0,624088000.0,0.4141236051012303,0.0,0.0,0.0,0.0,832159000,1715080000,0.0,605303000.0,397232000,0.2635896666841406,-208071000,-0.13806885028556565,0.0,-1428576000,-0.9479545244918909,-17222000.0,-1411937000.0,-0.9369134490902178,-0.478,-0.478,2953843096,2953843096,https://www.nseindia.com/companies-listing/corporate-filings-annual-reports,https://www.nseindia.com/companies-listing/corporate-filings-annual-reports,1620597449,17:57:29,20210509
17,2014-09-30,RTNPOWER.NS,INR,2014-09-30,2014-09-30,Q3,1831489000.0,990328000.0,841161000.0,0.4592771236955286,0.0,0.0,0.0,0.0,1316279000,2306607000,0.0,605612000.0,130494000,0.0712502231790636,-475118000,-0.25941624547021574,0.0,-1693848000,-0.9248474874814973,-110374000.0,-1584108000.0,-0.864929027692768,-0.599,-0.599,2644587646,2644587646,https://www.nseindia.com/companies-listing/corporate-filings-annual-reports,https://www.nseindia.com/companies-listing/corporate-filings-annual-reports,1620597449,17:57:29,20210509
18,2014-06-30,RTNPOWER.NS,INR,2014-06-30,2014-06-30,Q2,1455521000.0,866798000.0,588723000.0,0.4044757856465142,0.0,0.0,0.0,0.0,758956000,1625754000,0.0,599462000.0,429229000,0.29489715366525115,-170233000,-0.11695674607236858,0.0,-1368133000,-0.9399610173951458,39260000.0,-1407988000.0,-0.9673429651650509,-0.533,-0.533,2641628518,2641628518,https://www.nseindia.com/companies-listing/corporate-filings-annual-reports,https://www.nseindia.com/companies-listing/corporate-filings-annual-reports,1620597449,17:57:29,20210509
19,2014-03-31,RTNPOWER.NS,INR,2014-03-31,2014-03-31,Q1,1344123984.0,811416218.0,532707766.0,0.3963233841082922,0.0,0.0,0.0,0.0,861253651,1672669869,0.0,209574690.0,-118971195,-0.08851206913662214,-328545885,-0.2444312347007417,0.0,-172656846,-0.12845306538328982,-3953711.0,-169239061.0,-0.12591030516125365,-0.03449140717840617,-0.03449140717840617,4906702128,4906702128,https://www.nseindia.com/companies-listing/corporate-filings-annual-reports,https://www.nseindia.com/companies-listing/corporate-filings-annual-reports,1620597449,17:57:29,20210509
20,2013-12-31,RTNPOWER.NS,INR,2013-12-31,2013-12-31,Q4,918291000.0,536136000.0,382155000.0,0.4161589300123817,0.0,0.0,0.0,0.0,227064000,763200000,0.0,202330000.0,357421000,0.3892241130534874,155091000,0.16889090713074614,0.0,-236363000,-0.25739444250243115,-43671000.0,-193283000.0,-0.21048120911562893,-0.074,-0.074,2611932432,2611932432,https://www.nseindia.com/companies-listing/corporate-filings-annual-reports,https://www.nseindia.com/companies-listing/corporate-filings-annual-reports,1620597449,17:57:29,20210509
21,2013-09-30,RTNPOWER.NS,INR,2013-09-30,2013-09-30,Q3,1024986000.0,634170000.0,390816000.0,0.3812891102902869,0.0,0.0,0.0,0.0,225977000,860147000,0.0,193196000.0,358035000,0.3493072100496982,164839000,0.1608207331612334,0.0,-213291000,-0.20809162271484682,42806000.0,-256690000.0,-0.2504326888367256,-0.096,-0.096,2642729953,2642729953,https://www.nseindia.com/companies-listing/corporate-filings-annual-reports,https://www.nseindia.com/companies-listing/corporate-filings-annual-reports,1620597449,17:57:29,20210509
22,2013-06-30,RTNPOWER.NS,INR,2013-06-30,2013-06-30,Q2,100446000.0,54367000.0,46079000.0,0.45874400175218527,0.0,0.0,0.0,0.0,272398000,326765000,0.0,60213000.0,-166106000,-1.6536845668319295,-226319000,-2.25314099117934,0.0,-342838000,-3.413157318360114,50092000.0,-393488000.0,-3.9174083587201083,-0.149,-0.149,2640859060,2640859060,https://www.nseindia.com/companies-listing/corporate-filings-annual-reports,https://www.nseindia.com/companies-listing/corporate-filings-annual-reports,1620597449,17:57:29,20210509
23,2013-03-31,RTNPOWER.NS,INR,2013-03-31,2013-03-31,Q1,0.0,0.0,0.0,0.0,0.0,0.0,0.0,0.0,1349281736,1349281736,0.0,3118189.0,-1346163547,0.0,-1349281736,0.0,0.0,-682194902,0.0,-126874904.0,-555444952.0,0.0,-0.11320127807032838,-0.11320127807032838,4906702128,4906702128,https://www.nseindia.com/companies-listing/corporate-filings-annual-reports,https://www.nseindia.com/companies-listing/corporate-filings-annual-reports,1620597449,17:57:29,20210509
24,2012-12-31,RTNPOWER.NS,INR,2012-12-31,2012-12-31,Q4,0.0,0.0,0.0,0.0,0.0,0.0,0.0,0.0,234202000,234202000,0.0,3210000.0,-230992000,0.0,-234202000,0.0,0.0,-240582000,0.0,-42148000.0,-200054000.0,0.0,-0.076,-0.076,2632289474,2632289474,https://www.nseindia.com/companies-listing/corporate-filings-annual-reports,https://www.nseindia.com/companies-listing/corporate-filings-annual-reports,1620597449,17:57:29,20210509
25,2012-09-30,RTNPOWER.NS,INR,2012-09-30,2012-09-30,Q3,0.0,0.0,0.0,0.0,0.0,0.0,0.0,0.0,23577000,23577000,0.0,3217000.0,-20360000,0.0,-23577000,0.0,0.0,-62244000,0.0,-62801000.0,94000.0,0.0,3e-05,3e-05,2642729953,2642729953,https://www.nseindia.com/companies-listing/corporate-filings-annual-reports,https://www.nseindia.com/companies-listing/corporate-filings-annual-reports,1620597449,17:57:29,20210509
26,2012-06-30,RTNPOWER.NS,INR,2012-06-30,2012-06-30,Q2,0.0,0.0,0.0,0.0,0.0,0.0,0.0,0.0,71583000,71583000,0.0,3232000.0,-68351000,0.0,-71583000,0.0,0.0,-80191000,0.0,56600000.0,-137371000.0,0.0,-0.06,-0.06,2289516667,2289516667,https://www.nseindia.com/companies-listing/corporate-filings-annual-reports,https://www.nseindia.com/companies-listing/corporate-filings-annual-reports,1620597449,17:57:29,20210509
27,2012-03-31,RTNPOWER.NS,INR,2012-03-31,2012-03-31,Q1,0.0,0.0,0.0,0.0,0.0,0.0,0.0,0.0,1614113838,1614113838,0.0,3108962.0,-1611004876,0.0,-1614113838,0.0,0.0,49140856,0.0,136584490.0,-88118070.0,0.0,-0.01795871599727971,-0.01795871599727971,4906702128,4906702128,https://www.nseindia.com/companies-listing/corporate-filings-annual-reports,https://www.nseindia.com/companies-listing/corporate-filings-annual-reports,1620597449,17:57:29,20210509
28,2011-12-31,RTNPOWER.NS,INR,2011-12-31,2011-12-31,Q4,0.0,0.0,0.0,0.0,0.0,0.0,0.0,0.0,-112467000,-112467000,0.0,2977000.0,115444000,0.0,112467000,0.0,0.0,101634000,0.0,32614000.0,68575000.0,0.0,0.034,0.034,2016911765,2016911765,https://www.nseindia.com/companies-listing/corporate-filings-annual-reports,https://www.nseindia.com/companies-listing/corporate-filings-annual-reports,1620597449,17:57:29,20210509
