,date,symbol,reportedCurrency,fillingDate,acceptedDate,period,revenue,costOfRevenue,grossProfit,grossProfitRatio,researchAndDevelopmentExpenses,generalAndAdministrativeExpenses,sellingAndMarketingExpenses,otherExpenses,operatingExpenses,costAndExpenses,interestExpense,depreciationAndAmortization,ebitda,ebitdaratio,operatingIncome,operatingIncomeRatio,totalOtherIncomeExpensesNet,incomeBeforeTax,incomeBeforeTaxRatio,incomeTaxExpense,netIncome,netIncomeRatio,eps,epsdiluted,weightedAverageShsOut,weightedAverageShsOutDil,link,finalLink,timestamp,est_time,est_date
0,2019-06-30,SMC.AX,AUD,2019-06-30,2019-06-30,Q2,0.0,0.0,0.0,0.0,0.0,171734.25,0.0,250.0,24525.25,0.0,676.5,1305.5,-196259.5,0.0,-197565.0,0.0,-337.5,-196031.5,0.0,0.0,-196031.5,0.0,-0.0023355,-0.0023355,83843271.0,83843271.0,,,1620598034,18:07:14,20210509
1,2019-03-31,SMC.AX,AUD,2019-03-31,2019-03-31,Q1,0.0,0.0,0.0,0.0,0.0,171734.25,0.0,250.0,24525.25,0.0,676.5,1305.5,-196259.5,0.0,-197565.0,0.0,-337.5,-196031.5,0.0,0.0,-196031.5,0.0,-0.0023355,-0.0023355,83843271.0,83843271.0,,,1620598034,18:07:14,20210509
2,2019-01-31,SMC.AX,AUD,2019-01-31,2019-01-31,Q1,0.0,0.0,0.0,0.0,0.0,171734.25,0.0,250.0,24525.25,0.0,676.5,1305.5,-196259.5,0.0,-197565.0,0.0,-337.5,-196031.5,0.0,0.0,-196031.5,0.0,-0.0023355,-0.0023355,83843271.0,83843271.0,,,1620598034,18:07:14,20210509
3,2018-06-30,SMC.AX,AUD,2018-06-30,2018-06-30,Q2,0.0,0.0,0.0,0.0,0.0,153657.5,0.0,500.0,57387.25,0.0,0.0,1157.75,-211044.75,0.0,-212202.5,0.0,-2312.5,-212768.0,0.0,0.0,-212768.0,0.0,-0.002866,-0.002866,74146214.0,74146214.0,,,1620598034,18:07:14,20210509
4,2018-03-31,SMC.AX,AUD,2018-03-31,2018-03-31,Q1,0.0,0.0,0.0,0.0,0.0,153657.5,0.0,500.0,57387.25,0.0,0.0,1157.75,-211044.75,0.0,-212202.5,0.0,-2312.5,-212768.0,0.0,0.0,-212768.0,0.0,-0.002866,-0.002866,74146214.0,74146214.0,,,1620598034,18:07:14,20210509
5,2018-01-31,SMC.AX,AUD,2018-01-31,2018-01-31,Q1,0.0,0.0,0.0,0.0,0.0,153657.5,0.0,500.0,57387.25,0.0,0.0,1157.75,-211044.75,0.0,-212202.5,0.0,-2312.5,-212768.0,0.0,0.0,-212768.0,0.0,-0.002866,-0.002866,74146214.0,74146214.0,,,1620598034,18:07:14,20210509
6,2017-06-30,SMC.AX,AUD,2017-06-30,2017-06-30,Q2,0.0,0.0,0.0,0.0,0.0,117238.75,0.0,0.0,38882.5,0.0,0.0,939.0,-156121.25,0.0,-157060.25,0.0,1375.0,-155237.25,0.0,0.0,-155237.0,0.0,-0.00229775,-0.00229775,67515376.0,67515376.0,,,1620598034,18:07:14,20210509
7,2017-03-31,SMC.AX,AUD,2017-03-31,2017-03-31,Q1,0.0,0.0,0.0,0.0,0.0,117238.75,0.0,0.0,38882.5,0.0,0.0,939.0,-156121.25,0.0,-157060.25,0.0,1375.0,-155237.25,0.0,0.0,-155237.0,0.0,-0.00229775,-0.00229775,67515376.0,67515376.0,,,1620598034,18:07:14,20210509
8,2017-01-31,SMC.AX,AUD,2017-01-31,2017-01-31,Q1,0.0,0.0,0.0,0.0,0.0,117238.75,0.0,0.0,38882.5,0.0,0.0,939.0,-156121.25,0.0,-157060.25,0.0,1375.0,-155237.25,0.0,0.0,-155237.0,0.0,-0.00229775,-0.00229775,67515376.0,67515376.0,,,1620598034,18:07:14,20210509
9,2016-06-30,SMC.AX,AUD,2016-06-30,2016-06-30,Q2,0.0,0.0,0.0,0.0,0.0,118512.75,0.0,2625.0,26965.25,0.0,0.0,4603.25,-145478.0,0.0,-150081.25,0.0,4875.0,-144789.75,0.0,0.0,-144759.25,0.0,-0.00238425,-0.00238425,60679287.0,60679287.0,,,1620598034,18:07:14,20210509
10,2016-03-31,SMC.AX,AUD,2016-03-31,2016-03-31,Q1,0.0,0.0,0.0,0.0,0.0,118512.75,0.0,2625.0,26965.25,0.0,0.0,4603.25,-145478.0,0.0,-150081.25,0.0,4875.0,-144789.75,0.0,0.0,-144759.25,0.0,-0.00238425,-0.00238425,60679287.0,60679287.0,,,1620598034,18:07:14,20210509
11,2016-01-31,SMC.AX,AUD,2016-01-31,2016-01-31,Q1,0.0,0.0,0.0,0.0,0.0,118512.75,0.0,2625.0,26965.25,0.0,0.0,4603.25,-145478.0,0.0,-150081.25,0.0,4875.0,-144789.75,0.0,0.0,-144759.25,0.0,-0.00238425,-0.00238425,60679287.0,60679287.0,,,1620598034,18:07:14,20210509
12,2015-09-30,SMC.AX,AUD,2015-09-30,2015-09-30,Q3,0.0,0.0,0.0,0.0,0.0,151528.25,0.0,0.0,29294.75,0.0,0.0,16027.5,-180823.0,0.0,-196850.5,0.0,-455.0,-190616.75,0.0,0.0,-190616.75,0.0,-0.0032835,-0.0032835,56749906.0,56749906.0,,,1620598034,18:07:14,20210509
13,2015-06-30,SMC.AX,AUD,2015-06-30,2015-06-30,Q2,0.0,0.0,0.0,0.0,0.0,151528.25,0.0,0.0,29294.75,0.0,0.0,16027.5,-180823.0,0.0,-196850.5,0.0,-455.0,-190616.75,0.0,0.0,-190616.75,0.0,-0.0032835,-0.0032835,56749906.0,56749906.0,,,1620598034,18:07:14,20210509
14,2015-03-31,SMC.AX,AUD,2015-03-31,2015-03-31,Q1,0.0,0.0,0.0,0.0,0.0,151528.25,0.0,0.0,29294.75,0.0,0.0,16027.5,-180823.0,0.0,-196850.5,0.0,-455.0,-190616.75,0.0,0.0,-190616.75,0.0,-0.0032835,-0.0032835,56749906.0,56749906.0,,,1620598034,18:07:14,20210509
15,2015-01-31,SMC.AX,AUD,2015-01-31,2015-01-31,Q1,0.0,0.0,0.0,0.0,0.0,151528.25,0.0,0.0,29294.75,0.0,0.0,16027.5,-180823.0,0.0,-196850.5,0.0,-455.0,-190616.75,0.0,0.0,-190616.75,0.0,-0.0032835,-0.0032835,56749906.0,56749906.0,,,1620598034,18:07:14,20210509
16,2014-09-30,SMC.AX,AUD,2014-09-30,2014-09-30,Q3,0.0,0.0,0.0,0.0,0.0,196697.25,0.0,0.0,64122.5,0.0,0.0,11278.75,-260819.75,0.0,-272098.5,0.0,-136062.5,-394382.75,0.0,0.0,-394382.75,0.0,-0.00760325,-0.00760325,52742453.0,52742453.0,,,1620598034,18:07:14,20210509
17,2014-06-30,SMC.AX,AUD,2014-06-30,2014-06-30,Q2,0.0,0.0,0.0,0.0,0.0,196697.25,0.0,0.0,64122.5,0.0,0.0,11278.75,-260819.75,0.0,-272098.5,0.0,-136062.5,-394382.75,0.0,0.0,-394382.75,0.0,-0.00760325,-0.00760325,52742453.0,52742453.0,,,1620598034,18:07:14,20210509
18,2014-03-31,SMC.AX,AUD,2014-03-31,2014-03-31,Q1,0.0,0.0,0.0,0.0,0.0,196697.25,0.0,0.0,64122.5,0.0,0.0,11278.75,-260819.75,0.0,-272098.5,0.0,-136062.5,-394382.75,0.0,0.0,-394382.75,0.0,-0.00760325,-0.00760325,52742453.0,52742453.0,,,1620598034,18:07:14,20210509
19,2014-01-31,SMC.AX,AUD,2014-01-31,2014-01-31,Q1,0.0,0.0,0.0,0.0,0.0,196697.25,0.0,0.0,64122.5,0.0,0.0,11278.75,-260819.75,0.0,-272098.5,0.0,-136062.5,-394382.75,0.0,0.0,-394382.75,0.0,-0.00760325,-0.00760325,52742453.0,52742453.0,,,1620598034,18:07:14,20210509
20,2013-09-30,SMC.AX,AUD,2013-09-30,2013-09-30,Q3,0.0,0.0,0.0,0.0,0.0,223205.0,0.0,0.0,66251.0,0.0,0.0,10358.75,-289456.0,0.0,-299814.75,0.0,-38847.25,-323887.0,0.0,0.0,-323887.0,0.0,-0.007034,-0.007034,45326456.0,45326456.0,,,1620598034,18:07:14,20210509
21,2013-06-30,SMC.AX,AUD,2013-06-30,2013-06-30,Q2,0.0,0.0,0.0,0.0,0.0,223205.0,0.0,0.0,66251.0,0.0,0.0,10358.75,-289456.0,0.0,-299814.75,0.0,-38847.25,-323887.0,0.0,0.0,-323887.0,0.0,-0.007034,-0.007034,45326456.0,45326456.0,,,1620598034,18:07:14,20210509
22,2013-03-31,SMC.AX,AUD,2013-03-31,2013-03-31,Q1,0.0,0.0,0.0,0.0,0.0,223205.0,0.0,0.0,66251.0,0.0,0.0,10358.75,-289456.0,0.0,-299814.75,0.0,-38847.25,-323887.0,0.0,0.0,-323887.0,0.0,-0.007034,-0.007034,45326456.0,45326456.0,,,1620598034,18:07:14,20210509
23,2013-01-31,SMC.AX,AUD,2013-01-31,2013-01-31,Q1,0.0,0.0,0.0,0.0,0.0,223205.0,0.0,0.0,66251.0,0.0,0.0,10358.75,-289456.0,0.0,-299814.75,0.0,-38847.25,-323887.0,0.0,0.0,-323887.0,0.0,-0.007034,-0.007034,45326456.0,45326456.0,,,1620598034,18:07:14,20210509
24,2012-09-30,SMC.AX,AUD,2012-09-30,2012-09-30,Q3,0.0,0.0,0.0,0.0,0.0,113893.25,0.0,0.0,74695.0,0.0,0.0,7729.0,-188588.25,0.0,-196317.25,0.0,-82123.5,-252139.0,0.0,0.0,-250088.5,0.0,-0.00613225,-0.00613225,41472334.0,41472334.0,,,1620598034,18:07:14,20210509
25,2012-06-30,SMC.AX,AUD,2012-06-30,2012-06-30,Q2,0.0,0.0,0.0,0.0,0.0,113893.25,0.0,0.0,74695.0,0.0,0.0,7729.0,-188588.25,0.0,-196317.25,0.0,-82123.5,-252139.0,0.0,0.0,-250088.5,0.0,-0.00613225,-0.00613225,41472334.0,41472334.0,,,1620598034,18:07:14,20210509
26,2012-03-31,SMC.AX,AUD,2012-03-31,2012-03-31,Q1,0.0,0.0,0.0,0.0,0.0,113893.25,0.0,0.0,74695.0,0.0,0.0,7729.0,-188588.25,0.0,-196317.25,0.0,-82123.5,-252139.0,0.0,0.0,-250088.5,0.0,-0.00613225,-0.00613225,41472334.0,41472334.0,,,1620598034,18:07:14,20210509
27,2012-01-31,SMC.AX,AUD,2012-01-31,2012-01-31,Q1,0.0,0.0,0.0,0.0,0.0,113893.25,0.0,0.0,74695.0,0.0,0.0,7729.0,-188588.25,0.0,-196317.25,0.0,-82123.5,-252139.0,0.0,0.0,-250088.5,0.0,-0.00613225,-0.00613225,41472334.0,41472334.0,,,1620598034,18:07:14,20210509
28,2011-09-30,SMC.AX,AUD,2011-09-30,2011-09-30,Q3,0.0,0.0,0.0,0.0,0.0,188924.5,0.0,0.0,8326.75,0.0,2.25,6884.0,-197251.25,0.0,-204135.25,0.0,0.0,-175727.0,0.0,0.0,-175650.0,0.0,-0.0047695,-0.0047695,37609158.0,37609158.0,,,1620598034,18:07:14,20210509
29,2011-06-30,SMC.AX,AUD,2011-06-30,2011-06-30,Q2,0.0,0.0,0.0,0.0,0.0,188924.5,0.0,0.0,8326.75,0.0,2.25,6884.0,-197251.25,0.0,-204135.25,0.0,0.0,-175727.0,0.0,0.0,-175650.0,0.0,-0.0047695,-0.0047695,37609158.0,37609158.0,,,1620598034,18:07:14,20210509
30,2011-03-31,SMC.AX,AUD,2011-03-31,2011-03-31,Q1,0.0,0.0,0.0,0.0,0.0,188924.5,0.0,0.0,8326.75,0.0,2.25,6884.0,-197251.25,0.0,-204135.25,0.0,0.0,-175727.0,0.0,0.0,-175650.0,0.0,-0.0047695,-0.0047695,37609158.0,37609158.0,,,1620598034,18:07:14,20210509
31,2011-01-31,SMC.AX,AUD,2011-01-31,2011-01-31,Q1,0.0,0.0,0.0,0.0,0.0,188924.5,0.0,0.0,8326.75,0.0,2.25,6884.0,-197251.25,0.0,-204135.25,0.0,0.0,-175727.0,0.0,0.0,-175650.0,0.0,-0.0047695,-0.0047695,37609158.0,37609158.0,,,1620598034,18:07:14,20210509
32,2010-09-30,SMC.AX,AUD,2010-09-30,2010-09-30,Q3,0.0,0.0,0.0,0.0,0.0,166386.0,0.0,0.0,16318.0,0.0,29.75,6593.25,-182704.0,0.0,-189297.25,0.0,-16318.0,-171143.75,0.0,0.0,-171116.5,0.0,-0.00592075,-0.00592075,29491781.0,29491781.0,,,1620598034,18:07:14,20210509
33,2010-06-30,SMC.AX,AUD,2010-06-30,2010-06-30,Q2,0.0,0.0,0.0,0.0,0.0,166386.0,0.0,0.0,16318.0,0.0,29.75,6593.25,-182704.0,0.0,-189297.25,0.0,-16318.0,-171143.75,0.0,0.0,-171116.5,0.0,-0.00592075,-0.00592075,29491781.0,29491781.0,,,1620598034,18:07:14,20210509
34,2010-03-31,SMC.AX,AUD,2010-03-31,2010-03-31,Q1,0.0,0.0,0.0,0.0,0.0,166386.0,0.0,0.0,16318.0,0.0,29.75,6593.25,-182704.0,0.0,-189297.25,0.0,-16318.0,-171143.75,0.0,0.0,-171116.5,0.0,-0.00592075,-0.00592075,29491781.0,29491781.0,,,1620598034,18:07:14,20210509
35,2010-01-31,SMC.AX,AUD,2010-01-31,2010-01-31,Q1,0.0,0.0,0.0,0.0,0.0,166386.0,0.0,0.0,16318.0,0.0,29.75,6593.25,-182704.0,0.0,-189297.25,0.0,-16318.0,-171143.75,0.0,0.0,-171116.5,0.0,-0.00592075,-0.00592075,29491781.0,29491781.0,,,1620598034,18:07:14,20210509
36,2009-09-30,SMC.AX,AUD,2009-09-30,2009-09-30,Q3,0.0,0.0,0.0,0.0,0.0,161346.25,0.0,0.0,0.0,0.0,1323.75,6980.75,-161346.25,0.0,-168327.0,0.0,0.0,-164079.0,0.0,0.0,-164056.0,0.0,-0.0075655,-0.0075655,21239522.0,21239522.0,,,1620598034,18:07:14,20210509
37,2009-06-30,SMC.AX,AUD,2009-06-30,2009-06-30,Q2,0.0,0.0,0.0,0.0,0.0,161346.25,0.0,0.0,0.0,0.0,1323.75,6980.75,-161346.25,0.0,-168327.0,0.0,0.0,-164079.0,0.0,0.0,-164056.0,0.0,-0.0075655,-0.0075655,21239522.0,21239522.0,,,1620598034,18:07:14,20210509
38,2009-03-31,SMC.AX,AUD,2009-03-31,2009-03-31,Q1,0.0,0.0,0.0,0.0,0.0,161346.25,0.0,0.0,0.0,0.0,1323.75,6980.75,-161346.25,0.0,-168327.0,0.0,0.0,-164079.0,0.0,0.0,-164056.0,0.0,-0.0075655,-0.0075655,21239522.0,21239522.0,,,1620598034,18:07:14,20210509
39,2009-01-31,SMC.AX,AUD,2009-01-31,2009-01-31,Q1,0.0,0.0,0.0,0.0,0.0,161346.25,0.0,0.0,0.0,0.0,1323.75,6980.75,-161346.25,0.0,-168327.0,0.0,0.0,-164079.0,0.0,0.0,-164056.0,0.0,-0.0075655,-0.0075655,21239522.0,21239522.0,,,1620598034,18:07:14,20210509
40,2008-09-30,SMC.AX,AUD,2008-09-30,2008-09-30,Q3,0.0,0.0,0.0,0.0,0.0,219931.25,0.0,0.0,40250.0,0.0,402.75,7670.5,-219931.25,0.0,-227601.75,0.0,0.0,-195655.5,0.0,0.0,-195677.75,0.0,-0.00942975,-0.00942975,20871342.0,20871342.0,,,1620598034,18:07:14,20210509
41,2008-06-30,SMC.AX,AUD,2008-06-30,2008-06-30,Q2,0.0,0.0,0.0,0.0,0.0,219931.25,0.0,0.0,40250.0,0.0,402.75,7670.5,-219931.25,0.0,-227601.75,0.0,0.0,-195655.5,0.0,0.0,-195677.75,0.0,-0.00942975,-0.00942975,20871342.0,20871342.0,,,1620598034,18:07:14,20210509
42,2008-03-31,SMC.AX,AUD,2008-03-31,2008-03-31,Q1,0.0,0.0,0.0,0.0,0.0,219931.25,0.0,0.0,40250.0,0.0,402.75,7670.5,-219931.25,0.0,-227601.75,0.0,0.0,-195655.5,0.0,0.0,-195677.75,0.0,-0.00942975,-0.00942975,20871342.0,20871342.0,,,1620598034,18:07:14,20210509
43,2008-01-31,SMC.AX,AUD,2008-01-31,2008-01-31,Q1,0.0,0.0,0.0,0.0,0.0,219931.25,0.0,0.0,40250.0,0.0,402.75,7670.5,-219931.25,0.0,-227601.75,0.0,0.0,-195655.5,0.0,0.0,-195677.75,0.0,-0.00942975,-0.00942975,20871342.0,20871342.0,,,1620598034,18:07:14,20210509
44,2007-09-30,SMC.AX,AUD,2007-09-30,2007-09-30,Q3,0.0,0.0,0.0,0.0,0.0,243894.25,0.0,25642.0,27187.5,0.0,614.25,7391.25,-271081.75,0.0,-278473.0,0.0,25642.0,-221890.5,0.0,0.0,-221890.5,0.0,-0.01163,-0.01163,19267498.0,19267498.0,,,1620598034,18:07:14,20210509
45,2007-06-30,SMC.AX,AUD,2007-06-30,2007-06-30,Q2,0.0,0.0,0.0,0.0,0.0,243894.25,0.0,25642.0,27187.5,0.0,614.25,7391.25,-271081.75,0.0,-278473.0,0.0,25642.0,-221890.5,0.0,0.0,-221890.5,0.0,-0.01163,-0.01163,19267498.0,19267498.0,,,1620598034,18:07:14,20210509
46,2007-03-31,SMC.AX,AUD,2007-03-31,2007-03-31,Q1,0.0,0.0,0.0,0.0,0.0,243894.25,0.0,25642.0,27187.5,0.0,614.25,7391.25,-271081.75,0.0,-278473.0,0.0,25642.0,-221890.5,0.0,0.0,-221890.5,0.0,-0.01163,-0.01163,19267498.0,19267498.0,,,1620598034,18:07:14,20210509
47,2007-01-31,SMC.AX,AUD,2007-01-31,2007-01-31,Q1,0.0,0.0,0.0,0.0,0.0,243894.25,0.0,25642.0,27187.5,0.0,614.25,7391.25,-271081.75,0.0,-278473.0,0.0,25642.0,-221890.5,0.0,0.0,-221890.5,0.0,-0.01163,-0.01163,19267498.0,19267498.0,,,1620598034,18:07:14,20210509
48,2006-09-30,SMC.AX,AUD,2006-09-30,2006-09-30,Q3,0.0,0.0,0.0,0.0,0.0,178477.25,0.0,16942.0,0.0,0.0,653.0,6448.25,-178477.25,0.0,-184925.5,0.0,16942.0,-153782.25,0.0,0.0,-153782.25,0.0,-0.0081725,-0.0081725,18639209.0,18639209.0,,,1620598034,18:07:14,20210509
49,2006-06-30,SMC.AX,AUD,2006-06-30,2006-06-30,Q2,0.0,0.0,0.0,0.0,0.0,178477.25,0.0,16942.0,0.0,0.0,653.0,6448.25,-178477.25,0.0,-184925.5,0.0,16942.0,-153782.25,0.0,0.0,-153782.25,0.0,-0.0081725,-0.0081725,18639209.0,18639209.0,,,1620598034,18:07:14,20210509
50,2006-03-31,SMC.AX,AUD,2006-03-31,2006-03-31,Q1,0.0,0.0,0.0,0.0,0.0,178477.25,0.0,16942.0,0.0,0.0,653.0,6448.25,-178477.25,0.0,-184925.5,0.0,16942.0,-153782.25,0.0,0.0,-153782.25,0.0,-0.0081725,-0.0081725,18639209.0,18639209.0,,,1620598034,18:07:14,20210509
51,2006-01-31,SMC.AX,AUD,2006-01-31,2006-01-31,Q1,0.0,0.0,0.0,0.0,0.0,178477.25,0.0,16942.0,0.0,0.0,653.0,6448.25,-178477.25,0.0,-184925.5,0.0,16942.0,-153782.25,0.0,0.0,-153782.25,0.0,-0.0081725,-0.0081725,18639209.0,18639209.0,,,1620598034,18:07:14,20210509
52,2005-09-30,SMC.AX,AUD,2005-09-30,2005-09-30,Q3,0.0,0.0,0.0,0.0,0.0,190276.5,0.0,0.0,0.0,0.0,653.0,5561.5,-190276.5,0.0,-195838.0,0.0,0.0,-169595.0,0.0,0.0,-169595.0,0.0,-0.00942975,-0.00942975,18127536.0,18127536.0,,,1620598034,18:07:14,20210509
53,2005-06-30,SMC.AX,AUD,2005-06-30,2005-06-30,Q2,0.0,0.0,0.0,0.0,0.0,190276.5,0.0,0.0,0.0,0.0,653.0,5561.5,-190276.5,0.0,-195838.0,0.0,0.0,-169595.0,0.0,0.0,-169595.0,0.0,-0.00942975,-0.00942975,18127536.0,18127536.0,,,1620598034,18:07:14,20210509
54,2005-03-31,SMC.AX,AUD,2005-03-31,2005-03-31,Q1,0.0,0.0,0.0,0.0,0.0,190276.5,0.0,0.0,0.0,0.0,653.0,5561.5,-190276.5,0.0,-195838.0,0.0,0.0,-169595.0,0.0,0.0,-169595.0,0.0,-0.00942975,-0.00942975,18127536.0,18127536.0,,,1620598034,18:07:14,20210509
55,2005-01-31,SMC.AX,AUD,2005-01-31,2005-01-31,Q1,0.0,0.0,0.0,0.0,0.0,190276.5,0.0,0.0,0.0,0.0,653.0,5561.5,-190276.5,0.0,-195838.0,0.0,0.0,-169595.0,0.0,0.0,-169595.0,0.0,-0.00942975,-0.00942975,18127536.0,18127536.0,,,1620598034,18:07:14,20210509
56,2004-09-30,SMC.AX,AUD,2004-09-30,2004-09-30,Q3,0.0,0.0,0.0,0.0,0.0,177265.75,0.0,4581.75,0.0,0.0,653.0,4890.0,-177265.75,0.0,-182155.75,0.0,4581.75,-137677.75,0.0,-137677.75,-137677.75,0.0,-0.00754375,-0.00754375,17948406.0,17948406.0,,,1620598034,18:07:14,20210509
57,2004-06-30,SMC.AX,AUD,2004-06-30,2004-06-30,Q2,0.0,0.0,0.0,0.0,0.0,177265.75,0.0,4581.75,0.0,0.0,653.0,4890.0,-177265.75,0.0,-182155.75,0.0,4581.75,-137677.75,0.0,-137677.75,-137677.75,0.0,-0.00754375,-0.00754375,17948406.0,17948406.0,,,1620598034,18:07:14,20210509
58,2004-03-31,SMC.AX,AUD,2004-03-31,2004-03-31,Q1,0.0,0.0,0.0,0.0,0.0,177265.75,0.0,4581.75,0.0,0.0,653.0,4890.0,-177265.75,0.0,-182155.75,0.0,4581.75,-137677.75,0.0,-137677.75,-137677.75,0.0,-0.00754375,-0.00754375,17948406.0,17948406.0,,,1620598034,18:07:14,20210509
59,2004-01-31,SMC.AX,AUD,2004-01-31,2004-01-31,Q1,0.0,0.0,0.0,0.0,0.0,177265.75,0.0,4581.75,0.0,0.0,653.0,4890.0,-177265.75,0.0,-182155.75,0.0,4581.75,-137677.75,0.0,-137677.75,-137677.75,0.0,-0.00754375,-0.00754375,17948406.0,17948406.0,,,1620598034,18:07:14,20210509
60,2003-09-30,SMC.AX,AUD,2003-09-30,2003-09-30,Q3,0.0,0.0,0.0,0.0,0.0,159012.25,0.0,3806.75,7470.0,0.0,734.75,3827.25,-166482.25,0.0,-170309.5,0.0,3806.75,-143971.0,0.0,-143971.0,-143971.0,0.0,-0.0081725,-0.0081725,17196656.0,17196656.0,,,1620598034,18:07:14,20210509
61,2003-06-30,SMC.AX,AUD,2003-06-30,2003-06-30,Q2,0.0,0.0,0.0,0.0,0.0,159012.25,0.0,3806.75,7470.0,0.0,734.75,3827.25,-166482.25,0.0,-170309.5,0.0,3806.75,-143971.0,0.0,-143971.0,-143971.0,0.0,-0.0081725,-0.0081725,17196656.0,17196656.0,,,1620598034,18:07:14,20210509
62,2003-03-31,SMC.AX,AUD,2003-03-31,2003-03-31,Q1,0.0,0.0,0.0,0.0,0.0,159012.25,0.0,3806.75,7470.0,0.0,734.75,3827.25,-166482.25,0.0,-170309.5,0.0,3806.75,-143971.0,0.0,-143971.0,-143971.0,0.0,-0.0081725,-0.0081725,17196656.0,17196656.0,,,1620598034,18:07:14,20210509
63,2003-01-31,SMC.AX,AUD,2003-01-31,2003-01-31,Q1,0.0,0.0,0.0,0.0,0.0,159012.25,0.0,3806.75,7470.0,0.0,734.75,3827.25,-166482.25,0.0,-170309.5,0.0,3806.75,-143971.0,0.0,-143971.0,-143971.0,0.0,-0.0081725,-0.0081725,17196656.0,17196656.0,,,1620598034,18:07:14,20210509
64,2002-09-30,SMC.AX,AUD,2002-09-30,2002-09-30,Q3,0.0,0.0,0.0,0.0,0.0,98098.5,0.0,550.0,95926.75,0.0,489.75,2414.5,-194025.25,0.0,-196439.75,0.0,550.0,-171509.0,0.0,-171509.0,-171509.0,0.0,-0.01037275,-0.01037275,16518270.0,16518270.0,,,1620598034,18:07:14,20210509
65,2002-06-30,SMC.AX,AUD,2002-06-30,2002-06-30,Q2,0.0,0.0,0.0,0.0,0.0,98098.5,0.0,550.0,95926.75,0.0,489.75,2414.5,-194025.25,0.0,-196439.75,0.0,550.0,-171509.0,0.0,-171509.0,-171509.0,0.0,-0.01037275,-0.01037275,16518270.0,16518270.0,,,1620598034,18:07:14,20210509
66,2002-03-31,SMC.AX,AUD,2002-03-31,2002-03-31,Q1,0.0,0.0,0.0,0.0,0.0,98098.5,0.0,550.0,95926.75,0.0,489.75,2414.5,-194025.25,0.0,-196439.75,0.0,550.0,-171509.0,0.0,-171509.0,-171509.0,0.0,-0.01037275,-0.01037275,16518270.0,16518270.0,,,1620598034,18:07:14,20210509
67,2002-01-31,SMC.AX,AUD,2002-01-31,2002-01-31,Q1,0.0,0.0,0.0,0.0,0.0,98098.5,0.0,550.0,95926.75,0.0,489.75,2414.5,-194025.25,0.0,-196439.75,0.0,550.0,-171509.0,0.0,-171509.0,-171509.0,0.0,-0.01037275,-0.01037275,16518270.0,16518270.0,,,1620598034,18:07:14,20210509
68,2001-09-30,SMC.AX,AUD,2001-09-30,2001-09-30,Q3,0.0,0.0,0.0,0.0,0.0,100006.25,0.0,1026.25,0.0,0.0,0.0,0.0,-100006.25,0.0,-100006.25,0.0,1026.25,-95039.5,0.0,-95039.5,-95039.5,0.0,-0.00691525,-0.00691525,13934395.0,13934395.0,,,1620598034,18:07:14,20210509
69,2001-06-30,SMC.AX,AUD,2001-06-30,2001-06-30,Q2,0.0,0.0,0.0,0.0,0.0,100006.25,0.0,1026.25,0.0,0.0,0.0,0.0,-100006.25,0.0,-100006.25,0.0,1026.25,-95039.5,0.0,-95039.5,-95039.5,0.0,-0.00691525,-0.00691525,13934395.0,13934395.0,,,1620598034,18:07:14,20210509
70,2001-03-31,SMC.AX,AUD,2001-03-31,2001-03-31,Q1,0.0,0.0,0.0,0.0,0.0,100006.25,0.0,1026.25,0.0,0.0,0.0,0.0,-100006.25,0.0,-100006.25,0.0,1026.25,-95039.5,0.0,-95039.5,-95039.5,0.0,-0.00691525,-0.00691525,13934395.0,13934395.0,,,1620598034,18:07:14,20210509
71,2001-01-31,SMC.AX,AUD,2001-01-31,2001-01-31,Q1,0.0,0.0,0.0,0.0,0.0,100006.25,0.0,1026.25,0.0,0.0,0.0,0.0,-100006.25,0.0,-100006.25,0.0,1026.25,-95039.5,0.0,-95039.5,-95039.5,0.0,-0.00691525,-0.00691525,13934395.0,13934395.0,,,1620598034,18:07:14,20210509
72,2000-09-30,SMC.AX,AUD,2000-09-30,2000-09-30,Q3,0.0,0.0,0.0,0.0,0.0,0.0,0.0,0.0,0.0,0.0,0.0,0.0,0.0,0.0,0.0,0.0,0.0,-57009.25,0.0,-57009.25,-57009.25,0.0,-0.0044005,-0.0044005,12582037.0,12582037.0,,,1620598034,18:07:14,20210509
73,2000-06-30,SMC.AX,AUD,2000-06-30,2000-06-30,Q2,0.0,0.0,0.0,0.0,0.0,0.0,0.0,0.0,0.0,0.0,0.0,0.0,0.0,0.0,0.0,0.0,0.0,-57009.25,0.0,-57009.25,-57009.25,0.0,-0.0044005,-0.0044005,12582037.0,12582037.0,,,1620598034,18:07:14,20210509
74,2000-03-31,SMC.AX,AUD,2000-03-31,2000-03-31,Q1,0.0,0.0,0.0,0.0,0.0,0.0,0.0,0.0,0.0,0.0,0.0,0.0,0.0,0.0,0.0,0.0,0.0,-57009.25,0.0,-57009.25,-57009.25,0.0,-0.0044005,-0.0044005,12582037.0,12582037.0,,,1620598034,18:07:14,20210509
75,2000-01-31,SMC.AX,AUD,2000-01-31,2000-01-31,Q1,0.0,0.0,0.0,0.0,0.0,0.0,0.0,0.0,0.0,0.0,0.0,0.0,0.0,0.0,0.0,0.0,0.0,-57009.25,0.0,-57009.25,-57009.25,0.0,-0.0044005,-0.0044005,12582037.0,12582037.0,,,1620598034,18:07:14,20210509
76,1999-09-30,SMC.AX,AUD,1999-09-30,1999-09-30,Q3,0.0,0.0,0.0,0.0,0.0,0.0,0.0,0.0,0.0,0.0,0.0,0.0,0.0,0.0,0.0,0.0,0.0,63336.0,0.0,63336.0,63336.0,0.0,-0.00660075,-0.00660075,1640959.0,1640959.0,,,1620598034,18:07:14,20210509
77,1999-06-30,SMC.AX,AUD,1999-06-30,1999-06-30,Q2,0.0,0.0,0.0,0.0,0.0,0.0,0.0,0.0,0.0,0.0,0.0,0.0,0.0,0.0,0.0,0.0,0.0,63336.0,0.0,63336.0,63336.0,0.0,-0.00660075,-0.00660075,1640959.0,1640959.0,,,1620598034,18:07:14,20210509
78,1999-03-31,SMC.AX,AUD,1999-03-31,1999-03-31,Q1,0.0,0.0,0.0,0.0,0.0,0.0,0.0,0.0,0.0,0.0,0.0,0.0,0.0,0.0,0.0,0.0,0.0,63336.0,0.0,63336.0,63336.0,0.0,-0.00660075,-0.00660075,1640959.0,1640959.0,,,1620598034,18:07:14,20210509
79,1999-01-31,SMC.AX,AUD,1999-01-31,1999-01-31,Q1,0.0,0.0,0.0,0.0,0.0,0.0,0.0,0.0,0.0,0.0,0.0,0.0,0.0,0.0,0.0,0.0,0.0,63336.0,0.0,63336.0,63336.0,0.0,-0.00660075,-0.00660075,1640959.0,1640959.0,,,1620598034,18:07:14,20210509
80,1998-09-30,SMC.AX,AUD,1998-09-30,1998-09-30,Q3,0.0,0.0,0.0,0.0,0.0,0.0,0.0,0.0,0.0,0.0,0.0,0.0,0.0,0.0,0.0,0.0,0.0,-149469.5,0.0,-149469.5,-149469.5,0.0,-0.01775073968590337,-0.01775073968590337,8420466.0,8420466.0,,,1620598034,18:07:14,20210509
81,1998-06-30,SMC.AX,AUD,1998-06-30,1998-06-30,Q2,0.0,0.0,0.0,0.0,0.0,0.0,0.0,0.0,0.0,0.0,0.0,0.0,0.0,0.0,0.0,0.0,0.0,-149469.5,0.0,-149469.5,-149469.5,0.0,-0.01775073968590337,-0.01775073968590337,8420466.0,8420466.0,,,1620598034,18:07:14,20210509
82,1998-03-31,SMC.AX,AUD,1998-03-31,1998-03-31,Q1,0.0,0.0,0.0,0.0,0.0,0.0,0.0,0.0,0.0,0.0,0.0,0.0,0.0,0.0,0.0,0.0,0.0,-149469.5,0.0,-149469.5,-149469.5,0.0,-0.01775073968590337,-0.01775073968590337,8420466.0,8420466.0,,,1620598034,18:07:14,20210509
83,1998-01-31,SMC.AX,AUD,1998-01-31,1998-01-31,Q1,0.0,0.0,0.0,0.0,0.0,0.0,0.0,0.0,0.0,0.0,0.0,0.0,0.0,0.0,0.0,0.0,0.0,-149469.5,0.0,-149469.5,-149469.5,0.0,-0.01775073968590337,-0.01775073968590337,8420466.0,8420466.0,,,1620598034,18:07:14,20210509
84,1997-09-30,SMC.AX,AUD,1997-09-30,1997-09-30,Q3,0.0,0.0,0.0,0.0,0.0,0.0,0.0,0.0,0.0,0.0,0.0,0.0,-155270.75,0.0,0.0,0.0,0.0,-155270.75,0.0,-155270.75,-155270.75,0.0,-0.02106,-0.02106,7372820.0,7372820.0,,,1620598034,18:07:14,20210509
85,1997-06-30,SMC.AX,AUD,1997-06-30,1997-06-30,Q2,0.0,0.0,0.0,0.0,0.0,0.0,0.0,0.0,0.0,0.0,0.0,0.0,-155270.75,0.0,0.0,0.0,0.0,-155270.75,0.0,-155270.75,-155270.75,0.0,-0.02106,-0.02106,7372820.0,7372820.0,,,1620598034,18:07:14,20210509
86,1997-03-31,SMC.AX,AUD,1997-03-31,1997-03-31,Q1,0.0,0.0,0.0,0.0,0.0,0.0,0.0,0.0,0.0,0.0,0.0,0.0,-155270.75,0.0,0.0,0.0,0.0,-155270.75,0.0,-155270.75,-155270.75,0.0,-0.02106,-0.02106,7372820.0,7372820.0,,,1620598034,18:07:14,20210509
87,1997-01-31,SMC.AX,AUD,1997-01-31,1997-01-31,Q1,0.0,0.0,0.0,0.0,0.0,0.0,0.0,0.0,0.0,0.0,0.0,0.0,-155270.75,0.0,0.0,0.0,0.0,-155270.75,0.0,-155270.75,-155270.75,0.0,-0.02106,-0.02106,7372820.0,7372820.0,,,1620598034,18:07:14,20210509
88,1996-09-30,SMC.AX,AUD,1996-09-30,1996-09-30,Q3,0.0,0.0,0.0,0.0,0.0,0.0,0.0,0.0,0.0,0.0,0.0,0.0,-76164.5,0.0,0.0,0.0,0.0,-76164.5,0.0,-76164.5,-76164.5,0.0,-0.0119445,-0.0119445,6376579.0,6376579.0,,,1620598034,18:07:14,20210509
89,1996-06-30,SMC.AX,AUD,1996-06-30,1996-06-30,Q2,0.0,0.0,0.0,0.0,0.0,0.0,0.0,0.0,0.0,0.0,0.0,0.0,-76164.5,0.0,0.0,0.0,0.0,-76164.5,0.0,-76164.5,-76164.5,0.0,-0.0119445,-0.0119445,6376579.0,6376579.0,,,1620598034,18:07:14,20210509
90,1996-03-31,SMC.AX,AUD,1996-03-31,1996-03-31,Q1,0.0,0.0,0.0,0.0,0.0,0.0,0.0,0.0,0.0,0.0,0.0,0.0,-76164.5,0.0,0.0,0.0,0.0,-76164.5,0.0,-76164.5,-76164.5,0.0,-0.0119445,-0.0119445,6376579.0,6376579.0,,,1620598034,18:07:14,20210509
91,1996-01-31,SMC.AX,AUD,1996-01-31,1996-01-31,Q1,0.0,0.0,0.0,0.0,0.0,0.0,0.0,0.0,0.0,0.0,0.0,0.0,-76164.5,0.0,0.0,0.0,0.0,-76164.5,0.0,-76164.5,-76164.5,0.0,-0.0119445,-0.0119445,6376579.0,6376579.0,,,1620598034,18:07:14,20210509
92,1995-09-30,SMC.AX,AUD,1995-09-30,1995-09-30,Q3,0.0,0.0,0.0,0.0,0.0,0.0,0.0,0.0,0.0,0.0,0.0,0.0,-152250.0,0.0,0.0,0.0,0.0,-152250.0,0.0,-152250.0,-152250.0,0.0,-0.0264035,-0.0264035,5766294.0,5766294.0,,,1620598034,18:07:14,20210509
93,1995-06-30,SMC.AX,AUD,1995-06-30,1995-06-30,Q2,0.0,0.0,0.0,0.0,0.0,0.0,0.0,0.0,0.0,0.0,0.0,0.0,-152250.0,0.0,0.0,0.0,0.0,-152250.0,0.0,-152250.0,-152250.0,0.0,-0.0264035,-0.0264035,5766294.0,5766294.0,,,1620598034,18:07:14,20210509
94,1995-03-31,SMC.AX,AUD,1995-03-31,1995-03-31,Q1,0.0,0.0,0.0,0.0,0.0,0.0,0.0,0.0,0.0,0.0,0.0,0.0,-152250.0,0.0,0.0,0.0,0.0,-152250.0,0.0,-152250.0,-152250.0,0.0,-0.0264035,-0.0264035,5766294.0,5766294.0,,,1620598034,18:07:14,20210509
95,1995-01-31,SMC.AX,AUD,1995-01-31,1995-01-31,Q1,0.0,0.0,0.0,0.0,0.0,0.0,0.0,0.0,0.0,0.0,0.0,0.0,-152250.0,0.0,0.0,0.0,0.0,-152250.0,0.0,-152250.0,-152250.0,0.0,-0.0264035,-0.0264035,5766294.0,5766294.0,,,1620598034,18:07:14,20210509
96,1994-09-30,SMC.AX,AUD,1994-09-30,1994-09-30,Q3,0.0,0.0,0.0,0.0,0.0,0.0,0.0,0.0,0.0,0.0,0.0,0.0,-108000.0,0.0,0.0,0.0,0.0,-108000.0,0.0,-108000.0,-108000.0,0.0,-0.020117,-0.020117,5368619.0,5368619.0,,,1620598034,18:07:14,20210509
97,1994-06-30,SMC.AX,AUD,1994-06-30,1994-06-30,Q2,0.0,0.0,0.0,0.0,0.0,0.0,0.0,0.0,0.0,0.0,0.0,0.0,-108000.0,0.0,0.0,0.0,0.0,-108000.0,0.0,-108000.0,-108000.0,0.0,-0.020117,-0.020117,5368619.0,5368619.0,,,1620598034,18:07:14,20210509
98,1994-03-31,SMC.AX,AUD,1994-03-31,1994-03-31,Q1,0.0,0.0,0.0,0.0,0.0,0.0,0.0,0.0,0.0,0.0,0.0,0.0,-108000.0,0.0,0.0,0.0,0.0,-108000.0,0.0,-108000.0,-108000.0,0.0,-0.020117,-0.020117,5368619.0,5368619.0,,,1620598034,18:07:14,20210509
99,1994-01-31,SMC.AX,AUD,1994-01-31,1994-01-31,Q1,0.0,0.0,0.0,0.0,0.0,0.0,0.0,0.0,0.0,0.0,0.0,0.0,-108000.0,0.0,0.0,0.0,0.0,-108000.0,0.0,-108000.0,-108000.0,0.0,-0.020117,-0.020117,5368619.0,5368619.0,,,1620598034,18:07:14,20210509
100,1993-09-30,SMC.AX,AUD,1993-09-30,1993-09-30,Q3,0.0,0.0,0.0,0.0,0.0,0.0,0.0,0.0,0.0,0.0,0.0,0.0,-128500.0,0.0,0.0,0.0,0.0,-128500.0,0.0,-128500.0,-128500.0,0.0,-0.02514625,-0.02514625,5110129.0,5110129.0,,,1620598034,18:07:14,20210509
101,1993-06-30,SMC.AX,AUD,1993-06-30,1993-06-30,Q2,0.0,0.0,0.0,0.0,0.0,0.0,0.0,0.0,0.0,0.0,0.0,0.0,-128500.0,0.0,0.0,0.0,0.0,-128500.0,0.0,-128500.0,-128500.0,0.0,-0.02514625,-0.02514625,5110129.0,5110129.0,,,1620598034,18:07:14,20210509
102,1993-03-31,SMC.AX,AUD,1993-03-31,1993-03-31,Q1,0.0,0.0,0.0,0.0,0.0,0.0,0.0,0.0,0.0,0.0,0.0,0.0,-128500.0,0.0,0.0,0.0,0.0,-128500.0,0.0,-128500.0,-128500.0,0.0,-0.02514625,-0.02514625,5110129.0,5110129.0,,,1620598034,18:07:14,20210509
103,1993-01-31,SMC.AX,AUD,1993-01-31,1993-01-31,Q1,0.0,0.0,0.0,0.0,0.0,0.0,0.0,0.0,0.0,0.0,0.0,0.0,-128500.0,0.0,0.0,0.0,0.0,-128500.0,0.0,-128500.0,-128500.0,0.0,-0.02514625,-0.02514625,5110129.0,5110129.0,,,1620598034,18:07:14,20210509
104,1992-09-30,SMC.AX,AUD,1992-09-30,1992-09-30,Q3,0.0,0.0,0.0,0.0,0.0,0.0,0.0,0.0,0.0,0.0,0.0,0.0,-133250.0,0.0,0.0,0.0,0.0,-133250.0,0.0,-133250.0,-133250.0,0.0,-0.026089,-0.026089,5076963.0,5076963.0,,,1620598034,18:07:14,20210509
105,1992-06-30,SMC.AX,AUD,1992-06-30,1992-06-30,Q2,0.0,0.0,0.0,0.0,0.0,0.0,0.0,0.0,0.0,0.0,0.0,0.0,-133250.0,0.0,0.0,0.0,0.0,-133250.0,0.0,-133250.0,-133250.0,0.0,-0.026089,-0.026089,5076963.0,5076963.0,,,1620598034,18:07:14,20210509
106,1992-03-31,SMC.AX,AUD,1992-03-31,1992-03-31,Q1,0.0,0.0,0.0,0.0,0.0,0.0,0.0,0.0,0.0,0.0,0.0,0.0,-133250.0,0.0,0.0,0.0,0.0,-133250.0,0.0,-133250.0,-133250.0,0.0,-0.026089,-0.026089,5076963.0,5076963.0,,,1620598034,18:07:14,20210509
107,1992-01-31,SMC.AX,AUD,1992-01-31,1992-01-31,Q1,0.0,0.0,0.0,0.0,0.0,0.0,0.0,0.0,0.0,0.0,0.0,0.0,-133250.0,0.0,0.0,0.0,0.0,-133250.0,0.0,-133250.0,-133250.0,0.0,-0.026089,-0.026089,5076963.0,5076963.0,,,1620598034,18:07:14,20210509
108,1991-09-30,SMC.AX,AUD,1991-09-30,1991-09-30,Q3,0.0,0.0,0.0,0.0,0.0,0.0,0.0,0.0,0.0,0.0,0.0,0.0,-177750.0,0.0,0.0,0.0,0.0,-177750.0,0.0,-177750.0,-177750.0,0.0,-0.03501108832189638,-0.03501108832189638,5076963.0,5076963.0,,,1620598034,18:07:14,20210509
109,1991-06-30,SMC.AX,AUD,1991-06-30,1991-06-30,Q2,0.0,0.0,0.0,0.0,0.0,0.0,0.0,0.0,0.0,0.0,0.0,0.0,-177750.0,0.0,0.0,0.0,0.0,-177750.0,0.0,-177750.0,-177750.0,0.0,-0.03501108832189638,-0.03501108832189638,5076963.0,5076963.0,,,1620598034,18:07:14,20210509
110,1991-03-31,SMC.AX,AUD,1991-03-31,1991-03-31,Q1,0.0,0.0,0.0,0.0,0.0,0.0,0.0,0.0,0.0,0.0,0.0,0.0,-177750.0,0.0,0.0,0.0,0.0,-177750.0,0.0,-177750.0,-177750.0,0.0,-0.03501108832189638,-0.03501108832189638,5076963.0,5076963.0,,,1620598034,18:07:14,20210509
111,1991-01-31,SMC.AX,AUD,1991-01-31,1991-01-31,Q1,0.0,0.0,0.0,0.0,0.0,0.0,0.0,0.0,0.0,0.0,0.0,0.0,-177750.0,0.0,0.0,0.0,0.0,-177750.0,0.0,-177750.0,-177750.0,0.0,-0.03501108832189638,-0.03501108832189638,5076963.0,5076963.0,,,1620598034,18:07:14,20210509
112,1990-09-30,SMC.AX,AUD,1990-09-30,1990-09-30,Q3,0.0,0.0,0.0,0.0,0.0,0.0,0.0,0.0,0.0,0.0,1500.0,0.0,-106750.0,0.0,0.0,0.0,0.0,-108250.0,0.0,-108250.0,-108250.0,0.0,-0.0012910994371867959,-0.0012910994371867959,83843271.0,83843271.0,,,1620598034,18:07:14,20210509
113,1990-06-30,SMC.AX,AUD,1990-06-30,1990-06-30,Q2,0.0,0.0,0.0,0.0,0.0,0.0,0.0,0.0,0.0,0.0,1500.0,0.0,-106750.0,0.0,0.0,0.0,0.0,-108250.0,0.0,-108250.0,-108250.0,0.0,-0.0012910994371867959,-0.0012910994371867959,83843271.0,83843271.0,,,1620598034,18:07:14,20210509
114,1990-03-31,SMC.AX,AUD,1990-03-31,1990-03-31,Q1,0.0,0.0,0.0,0.0,0.0,0.0,0.0,0.0,0.0,0.0,1500.0,0.0,-106750.0,0.0,0.0,0.0,0.0,-108250.0,0.0,-108250.0,-108250.0,0.0,-0.0012910994371867959,-0.0012910994371867959,83843271.0,83843271.0,,,1620598034,18:07:14,20210509
115,1990-01-31,SMC.AX,AUD,1990-01-31,1990-01-31,Q1,0.0,0.0,0.0,0.0,0.0,0.0,0.0,0.0,0.0,0.0,1500.0,0.0,-106750.0,0.0,0.0,0.0,0.0,-108250.0,0.0,-108250.0,-108250.0,0.0,-0.0012910994371867959,-0.0012910994371867959,83843271.0,83843271.0,,,1620598034,18:07:14,20210509
116,1989-09-30,SMC.AX,AUD,1989-09-30,1989-09-30,Q3,0.0,0.0,0.0,0.0,0.0,0.0,0.0,0.0,0.0,0.0,3000.0,0.0,-283000.0,0.0,0.0,0.0,0.0,-286000.0,0.0,-286000.0,-266750.0,0.0,-0.0031815314075711574,-0.0031815314075711574,83843271.0,83843271.0,,,1620598034,18:07:14,20210509
117,1989-06-30,SMC.AX,AUD,1989-06-30,1989-06-30,Q2,0.0,0.0,0.0,0.0,0.0,0.0,0.0,0.0,0.0,0.0,3000.0,0.0,-283000.0,0.0,0.0,0.0,0.0,-286000.0,0.0,-286000.0,-266750.0,0.0,-0.0031815314075711574,-0.0031815314075711574,83843271.0,83843271.0,,,1620598034,18:07:14,20210509
118,1989-03-31,SMC.AX,AUD,1989-03-31,1989-03-31,Q1,0.0,0.0,0.0,0.0,0.0,0.0,0.0,0.0,0.0,0.0,3000.0,0.0,-283000.0,0.0,0.0,0.0,0.0,-286000.0,0.0,-286000.0,-266750.0,0.0,-0.0031815314075711574,-0.0031815314075711574,83843271.0,83843271.0,,,1620598034,18:07:14,20210509
119,1989-01-31,SMC.AX,AUD,1989-01-31,1989-01-31,Q1,0.0,0.0,0.0,0.0,0.0,0.0,0.0,0.0,0.0,0.0,3000.0,0.0,-283000.0,0.0,0.0,0.0,0.0,-286000.0,0.0,-286000.0,-266750.0,0.0,-0.0031815314075711574,-0.0031815314075711574,83843271.0,83843271.0,,,1620598034,18:07:14,20210509
