,date,symbol,reportedCurrency,fillingDate,acceptedDate,period,revenue,costOfRevenue,grossProfit,grossProfitRatio,researchAndDevelopmentExpenses,generalAndAdministrativeExpenses,sellingAndMarketingExpenses,otherExpenses,operatingExpenses,costAndExpenses,interestExpense,depreciationAndAmortization,ebitda,ebitdaratio,operatingIncome,operatingIncomeRatio,totalOtherIncomeExpensesNet,incomeBeforeTax,incomeBeforeTaxRatio,incomeTaxExpense,netIncome,netIncomeRatio,eps,epsdiluted,weightedAverageShsOut,weightedAverageShsOutDil,link,finalLink,timestamp,est_time,est_date
0,2021-03-31,AAV.TO,CAD,2021-03-31,2021-03-31,Q1,99373000,31774000,67599000,0.6802552001046562,0,20811000,0,0,31796000,63570000,5943000,26687000,62490000,0.6288428446358669,35803000,-0.003210127499421372,-30179000,-319000,-0.003210127499421372,106000,-425000,-0.004276815634025339,-0.002259,-0.002259,188112797,188112797,https://www.sedar.com/ModifyCompanyDocumentSearchForm.do?lang=EN&company_search=Advantage Oil & Gas Ltd&document_selection=0&industry_group=A&FromDate=13&FromMonth=05&FromYear=2000&ToDate=13&ToMonth=11&ToYear=2020&Variable=Issuer,https://www.sedar.com/ModifyCompanyDocumentSearchForm.do?lang=EN&company_search=Advantage Oil & Gas Ltd&document_selection=0&industry_group=A&FromDate=13&FromMonth=05&FromYear=2000&ToDate=13&ToMonth=11&ToYear=2020&Variable=Issuer,1620586026,14:47:06,20210509
1,2020-12-31,AAV.TO,CAD,2020-12-31,2020-12-31,Q4,73203000,28291000,44912000,0.6135267680286327,0,20188000,0,0,30938000,59229000,4850000,25224000,39198000,0.5354698577927134,13974000,0.1908938158272202,25352000,33306000,0.4549813532232286,9138000,24168000,0.3301504036719807,0.1284761078747875,0.1284761078747875,188112797,188112797,https://www.sedar.com/ModifyCompanyDocumentSearchForm.do?lang=EN&company_search=Advantage Oil & Gas Ltd&document_selection=0&industry_group=A&FromDate=13&FromMonth=05&FromYear=2000&ToDate=13&ToMonth=11&ToYear=2020&Variable=Issuer,https://www.sedar.com/ModifyCompanyDocumentSearchForm.do?lang=EN&company_search=Advantage Oil & Gas Ltd&document_selection=0&industry_group=A&FromDate=13&FromMonth=05&FromYear=2000&ToDate=13&ToMonth=11&ToYear=2020&Variable=Issuer,1620586026,14:47:06,20210509
2,2020-09-30,AAV.TO,CAD,2020-09-30,2020-09-30,Q3,60063000,30507000,29556000,0.49208331252185206,0,16023000,0,0,25638000,56145000,5421000,27941000,31859000,0.5304263856284235,3918000,0.06523150691773638,-27099000,-28602000,-0.47619999001048896,-6996000,-21606000,-0.35972229159382646,-0.11,-0.11,188112797,188112797,https://www.sedar.com/ModifyCompanyDocumentSearchForm.do?lang=EN&company_search=Advantage Oil & Gas Ltd&document_selection=0&industry_group=A&FromDate=13&FromMonth=05&FromYear=2000&ToDate=13&ToMonth=11&ToYear=2020&Variable=Issuer,https://www.sedar.com/ModifyCompanyDocumentSearchForm.do?lang=EN&company_search=Advantage Oil & Gas Ltd&document_selection=0&industry_group=A&FromDate=13&FromMonth=05&FromYear=2000&ToDate=13&ToMonth=11&ToYear=2020&Variable=Issuer,1620586026,14:47:06,20210509
3,2020-06-30,AAV.TO,CAD,2020-06-30,2020-06-30,Q2,47634000,28486000,19148000,0.40198177772179533,0,17869000,0,0,27862000,56348000,3833000,27400000,18686000,0.39228282319351726,-8714000,-0.18293655792081287,-13207000,-25754000,-0.5406642314313306,-5666000,-20088000,-0.42171558130746944,-0.11,-0.11,187901465,187901465,https://www.sedar.com/ModifyCompanyDocumentSearchForm.do?lang=EN&company_search=Advantage Oil & Gas Ltd&document_selection=0&industry_group=A&FromDate=13&FromMonth=05&FromYear=2000&ToDate=13&ToMonth=11&ToYear=2020&Variable=Issuer,https://www.sedar.com/ModifyCompanyDocumentSearchForm.do?lang=EN&company_search=Advantage Oil & Gas Ltd&document_selection=0&industry_group=A&FromDate=13&FromMonth=05&FromYear=2000&ToDate=13&ToMonth=11&ToYear=2020&Variable=Issuer,1620586026,14:47:06,20210509
4,2020-03-31,AAV.TO,CAD,2020-03-31,2020-03-31,Q1,64185000,34086000,30099000,0.4689413414349147,0,18330000,0,0,28167000,62253000,3696000,30331000,32263000,0.5026563838903171,1932000,0.03010049076887123,-344501000,-346265000,-5.394796291968529,-79746000,-266519000,-4.15235646958012,-1.43,-1.43,186910848,186910848,https://www.sedar.com/ModifyCompanyDocumentSearchForm.do?lang=EN&company_search=Advantage Oil & Gas Ltd&document_selection=0&industry_group=A&FromDate=13&FromMonth=05&FromYear=2000&ToDate=13&ToMonth=11&ToYear=2020&Variable=Issuer,https://www.sedar.com/ModifyCompanyDocumentSearchForm.do?lang=EN&company_search=Advantage Oil & Gas Ltd&document_selection=0&industry_group=A&FromDate=13&FromMonth=05&FromYear=2000&ToDate=13&ToMonth=11&ToYear=2020&Variable=Issuer,1620586026,14:47:06,20210509
5,2019-12-31,AAV.TO,CAD,2019-12-31,2019-12-31,Q4,77102000,28096000,49006000,0.6355995953412363,0,20064000,0,19000,28289000,56385000,2488000,25865000,46582000,0.6041607221602553,20717000,0.2686960130735908,-17274000,19000,0.0002464268112370626,1863000,-1844000,-0.023916370522165442,-0.009802629217192492,-0.009802629217192492,188112797,188112797,https://www.sedar.com/ModifyCompanyDocumentSearchForm.do?lang=EN&company_search=Advantage Oil & Gas Ltd&document_selection=0&industry_group=A&FromDate=13&FromMonth=05&FromYear=2000&ToDate=13&ToMonth=11&ToYear=2020&Variable=Issuer,https://www.sedar.com/ModifyCompanyDocumentSearchForm.do?lang=EN&company_search=Advantage Oil & Gas Ltd&document_selection=0&industry_group=A&FromDate=13&FromMonth=05&FromYear=2000&ToDate=13&ToMonth=11&ToYear=2020&Variable=Issuer,1620586026,14:47:06,20210509
6,2019-09-30,AAV.TO,CAD,2019-09-30,2019-09-30,Q3,46609000,31183000,15426000,0.33096612242270806,0,18506000,0,0,26710000,57893000,3520000,30626000,19342000,0.41498423051342015,-11284000,-0.24209916539724088,-20428000,-35232000,-0.7559055118110236,-8369000,-26863000,-0.5763479156386105,-0.14,-0.14,186910848,186910848,https://www.sedar.com/ModifyCompanyDocumentSearchForm.do?lang=EN&company_search=Advantage Oil & Gas Ltd&document_selection=0&industry_group=A&FromDate=13&FromMonth=05&FromYear=2000&ToDate=13&ToMonth=11&ToYear=2020&Variable=Issuer,https://www.sedar.com/ModifyCompanyDocumentSearchForm.do?lang=EN&company_search=Advantage Oil & Gas Ltd&document_selection=0&industry_group=A&FromDate=13&FromMonth=05&FromYear=2000&ToDate=13&ToMonth=11&ToYear=2020&Variable=Issuer,1620586026,14:47:06,20210509
7,2019-06-30,AAV.TO,CAD,2019-06-30,2019-06-30,Q2,51395000,30907000,20488000,0.3986379998054285,0,17931000,0,0,25312000,56219000,3734000,30982000,26158000,0.5089600155657165,-4824000,-0.09386127055161007,-2162000,-10720000,-0.2085806012258002,-14092000,3372000,0.06560949508707073,0.0180458252861636,0.017403398313899726,186857622,193755262,https://www.sedar.com/ModifyCompanyDocumentSearchForm.do?lang=EN&company_search=Advantage Oil & Gas Ltd&document_selection=0&industry_group=A&FromDate=13&FromMonth=05&FromYear=2000&ToDate=13&ToMonth=11&ToYear=2020&Variable=Issuer,https://www.sedar.com/ModifyCompanyDocumentSearchForm.do?lang=EN&company_search=Advantage Oil & Gas Ltd&document_selection=0&industry_group=A&FromDate=13&FromMonth=05&FromYear=2000&ToDate=13&ToMonth=11&ToYear=2020&Variable=Issuer,1620586026,14:47:06,20210509
8,2019-03-31,AAV.TO,CAD,2019-03-31,2019-03-31,Q1,77030000,36340000,40690000,0.528235752304297,0,17307000,0,8000,25464000,61804000,3526000,32001000,47227000,0.6130987926781774,15226000,0.1976632480851616,-10300000,1400000,0.01817473711540958,719000,681000,0.008840711411138517,0.003662,0.003561,185942141,191244582,https://www.sedar.com/ModifyCompanyDocumentSearchForm.do?lang=EN&company_search=Advantage Oil & Gas Ltd&document_selection=0&industry_group=A&FromDate=13&FromMonth=05&FromYear=2000&ToDate=13&ToMonth=11&ToYear=2020&Variable=Issuer,https://www.sedar.com/ModifyCompanyDocumentSearchForm.do?lang=EN&company_search=Advantage Oil & Gas Ltd&document_selection=0&industry_group=A&FromDate=13&FromMonth=05&FromYear=2000&ToDate=13&ToMonth=11&ToYear=2020&Variable=Issuer,1620586026,14:47:06,20210509
9,2018-12-31,AAV.TO,CAD,2018-12-31,2018-12-31,Q4,70858000,34719000,36139000,0.5100200400801603,0,16810000,0,0,24072000,58791000,2369000,33065000,45132000,0.6369358435180219,12067000,0.17029834316520365,26126000,34794000,0.4910384148578848,9632000,25162000,0.35510457534787887,0.13376017156344766,0.13376017156344766,188112797,188112797,https://www.sedar.com/ModifyCompanyDocumentSearchForm.do?lang=EN&company_search=Advantage Oil & Gas Ltd&document_selection=0&industry_group=A&FromDate=13&FromMonth=05&FromYear=2000&ToDate=13&ToMonth=11&ToYear=2020&Variable=Issuer,https://www.sedar.com/ModifyCompanyDocumentSearchForm.do?lang=EN&company_search=Advantage Oil & Gas Ltd&document_selection=0&industry_group=A&FromDate=13&FromMonth=05&FromYear=2000&ToDate=13&ToMonth=11&ToYear=2020&Variable=Issuer,1620586026,14:47:06,20210509
10,2018-09-30,AAV.TO,CAD,2018-09-30,2018-09-30,Q3,55935000,33578000,22357000,0.3996960758022705,0,17100000,0,0,23855000,57433000,3119000,32791000,31293000,0.5594529364440869,-1498000,-0.026781085188164834,-6735000,-11352000,-0.20294985250737463,-2500000,-8852000,-0.15825511754715293,-0.05,-0.05,186064761,186064761,https://www.sedar.com/ModifyCompanyDocumentSearchForm.do?lang=EN&company_search=Advantage Oil & Gas Ltd&document_selection=0&industry_group=A&FromDate=13&FromMonth=05&FromYear=2000&ToDate=13&ToMonth=11&ToYear=2020&Variable=Issuer,https://www.sedar.com/ModifyCompanyDocumentSearchForm.do?lang=EN&company_search=Advantage Oil & Gas Ltd&document_selection=0&industry_group=A&FromDate=13&FromMonth=05&FromYear=2000&ToDate=13&ToMonth=11&ToYear=2020&Variable=Issuer,1620586026,14:47:06,20210509
11,2018-06-30,AAV.TO,CAD,2018-06-30,2018-06-30,Q2,42564000,28050000,14514000,0.3409923879334649,0,16002000,0,0,22618000,50668000,2672000,25153000,17049000,0.4005497603608683,-8104000,-0.19039563950756508,-9575000,-20598000,-0.48393008175923313,-5304000,-15294000,-0.3593177332957429,-0.08,-0.08,186189658,186189658,https://www.sedar.com/ModifyCompanyDocumentSearchForm.do?lang=EN&company_search=Advantage Oil & Gas Ltd&document_selection=0&industry_group=A&FromDate=13&FromMonth=05&FromYear=2000&ToDate=13&ToMonth=11&ToYear=2020&Variable=Issuer,https://www.sedar.com/ModifyCompanyDocumentSearchForm.do?lang=EN&company_search=Advantage Oil & Gas Ltd&document_selection=0&industry_group=A&FromDate=13&FromMonth=05&FromYear=2000&ToDate=13&ToMonth=11&ToYear=2020&Variable=Issuer,1620586026,14:47:06,20210509
12,2018-03-31,AAV.TO,CAD,2018-03-31,2018-03-31,Q1,58056000,29245000,28811000,0.4962622295714483,0,14817000,0,0,21777000,51022000,2515000,28033000,35067000,0.6040202563042579,7034000,0.12115888108033623,9597000,14116000,0.2431445500895687,4013000,10103000,0.17402163428413944,0.054327957147389375,0.053480420033726175,185963186,188910259,https://www.sedar.com/ModifyCompanyDocumentSearchForm.do?lang=EN&company_search=Advantage Oil & Gas Ltd&document_selection=0&industry_group=A&FromDate=13&FromMonth=05&FromYear=2000&ToDate=13&ToMonth=11&ToYear=2020&Variable=Issuer,https://www.sedar.com/ModifyCompanyDocumentSearchForm.do?lang=EN&company_search=Advantage Oil & Gas Ltd&document_selection=0&industry_group=A&FromDate=13&FromMonth=05&FromYear=2000&ToDate=13&ToMonth=11&ToYear=2020&Variable=Issuer,1620586026,14:47:06,20210509
13,2017-12-31,AAV.TO,CAD,2017-12-31,2017-12-31,Q4,53777000,30969000,22808000,0.4241218364728416,0,13651000,0,16000,19786000,50755000,1240000,29394000,32416000,0.6027855774773602,3022000,0.05619502761403574,29218000,30049000,0.5587704780854269,8624000,21425000,0.3984045223794559,0.1138944311162414,0.1138944311162414,188112797,188112797,https://www.sedar.com/ModifyCompanyDocumentSearchForm.do?lang=EN&company_search=Advantage Oil & Gas Ltd&document_selection=0&industry_group=A&FromDate=13&FromMonth=05&FromYear=2000&ToDate=13&ToMonth=11&ToYear=2020&Variable=Issuer,https://www.sedar.com/ModifyCompanyDocumentSearchForm.do?lang=EN&company_search=Advantage Oil & Gas Ltd&document_selection=0&industry_group=A&FromDate=13&FromMonth=05&FromYear=2000&ToDate=13&ToMonth=11&ToYear=2020&Variable=Issuer,1620586026,14:47:06,20210509
14,2017-09-30,AAV.TO,CAD,2017-09-30,2017-09-30,Q3,43282000,28736000,14546000,0.33607504274294164,0,10312000,0,187000,15595000,44331000,1876000,29256000,28207000,0.651702786377709,-1049000,-0.024236403123700383,21326000,18401000,0.42514209140058223,5375000,13026000,0.3009565177209926,0.07004979951350505,0.0686270155056646,185953423,189808633,https://www.sedar.com/ModifyCompanyDocumentSearchForm.do?lang=EN&company_search=Advantage Oil & Gas Ltd&document_selection=0&industry_group=A&FromDate=13&FromMonth=05&FromYear=2000&ToDate=13&ToMonth=11&ToYear=2020&Variable=Issuer,https://www.sedar.com/ModifyCompanyDocumentSearchForm.do?lang=EN&company_search=Advantage Oil & Gas Ltd&document_selection=0&industry_group=A&FromDate=13&FromMonth=05&FromYear=2000&ToDate=13&ToMonth=11&ToYear=2020&Variable=Issuer,1620586026,14:47:06,20210509
15,2017-06-30,AAV.TO,CAD,2017-06-30,2017-06-30,Q2,66942000,32667000,34275000,0.5120103970601416,0,11242000,0,117000,16860000,49527000,1791000,29475000,46890000,0.7004571121269159,17415000,0.2601505781123958,9855000,25479000,0.38061306802904005,7140000,18339000,0.27395357174867796,0.09870834434129536,0.09689291744949564,185789764,189270800,https://www.sedar.com/ModifyCompanyDocumentSearchForm.do?lang=EN&company_search=Advantage Oil & Gas Ltd&document_selection=0&industry_group=A&FromDate=13&FromMonth=05&FromYear=2000&ToDate=13&ToMonth=11&ToYear=2020&Variable=Issuer,https://www.sedar.com/ModifyCompanyDocumentSearchForm.do?lang=EN&company_search=Advantage Oil & Gas Ltd&document_selection=0&industry_group=A&FromDate=13&FromMonth=05&FromYear=2000&ToDate=13&ToMonth=11&ToYear=2020&Variable=Issuer,1620586026,14:47:06,20210509
16,2017-03-31,AAV.TO,CAD,2017-03-31,2017-03-31,Q1,67763000,31960000,35803000,0.5283561825775128,0,11596000,0,0,16457000,48417000,2024000,29820000,49166000,0.7255581954754069,19346000,0.2854950341631864,41073000,58395000,0.8617534642799167,16146000,42249000,0.6234818411227366,0.23,0.22,184842228,188067986,https://www.sedar.com/ModifyCompanyDocumentSearchForm.do?lang=EN&company_search=Advantage Oil & Gas Ltd&document_selection=0&industry_group=A&FromDate=13&FromMonth=05&FromYear=2000&ToDate=13&ToMonth=11&ToYear=2020&Variable=Issuer,https://www.sedar.com/ModifyCompanyDocumentSearchForm.do?lang=EN&company_search=Advantage Oil & Gas Ltd&document_selection=0&industry_group=A&FromDate=13&FromMonth=05&FromYear=2000&ToDate=13&ToMonth=11&ToYear=2020&Variable=Issuer,1620586026,14:47:06,20210509
17,2016-12-31,AAV.TO,CAD,2016-12-31,2016-12-31,Q4,64556000,32019000,32537000,0.5040120205712869,0,7819000,0,463000,12309000,44328000,1289000,28382000,48610000,0.75298965239482,20228000,0.313340355660202,-29590000,-11566000,-0.17916227771237375,-2721000,-8845000,-0.13701282607348658,-0.0470196612939629,-0.0470196612939629,188112797,188112797,https://www.sedar.com/ModifyCompanyDocumentSearchForm.do?lang=EN&company_search=Advantage Oil & Gas Ltd&document_selection=0&industry_group=A&FromDate=13&FromMonth=05&FromYear=2000&ToDate=13&ToMonth=11&ToYear=2020&Variable=Issuer,https://www.sedar.com/ModifyCompanyDocumentSearchForm.do?lang=EN&company_search=Advantage Oil & Gas Ltd&document_selection=0&industry_group=A&FromDate=13&FromMonth=05&FromYear=2000&ToDate=13&ToMonth=11&ToYear=2020&Variable=Issuer,1620586026,14:47:06,20210509
18,2016-09-30,AAV.TO,CAD,2016-09-30,2016-09-30,Q3,44811000,33662000,11149000,0.24880051773002165,0,3786000,0,0,8703000,42365000,2352000,32056000,34502000,0.769944879605454,2446000,0.054584811764968426,11450000,11544000,0.257615317667537,3359000,8185000,0.18265604427484322,0.044345941972741665,0.043852643950911374,184571567,186647811,https://www.sedar.com/ModifyCompanyDocumentSearchForm.do?lang=EN&company_search=Advantage Oil & Gas Ltd&document_selection=0&industry_group=A&FromDate=13&FromMonth=05&FromYear=2000&ToDate=13&ToMonth=11&ToYear=2020&Variable=Issuer,https://www.sedar.com/ModifyCompanyDocumentSearchForm.do?lang=EN&company_search=Advantage Oil & Gas Ltd&document_selection=0&industry_group=A&FromDate=13&FromMonth=05&FromYear=2000&ToDate=13&ToMonth=11&ToYear=2020&Variable=Issuer,1620586026,14:47:06,20210509
19,2016-06-30,AAV.TO,CAD,2016-06-30,2016-06-30,Q2,25635000,29598000,-3963000,-0.1545933294324166,0,3517000,0,403000,9191000,38789000,2620000,31079000,17925000,0.6992393212404915,-13154000,-0.5131265847474157,-24853000,-40627000,-1.5848254339769845,-10862000,-29765000,-1.1611078603471816,-0.16,-0.16,184477484,184477484,https://www.sedar.com/ModifyCompanyDocumentSearchForm.do?lang=EN&company_search=Advantage Oil & Gas Ltd&document_selection=0&industry_group=A&FromDate=13&FromMonth=05&FromYear=2000&ToDate=13&ToMonth=11&ToYear=2020&Variable=Issuer,https://www.sedar.com/ModifyCompanyDocumentSearchForm.do?lang=EN&company_search=Advantage Oil & Gas Ltd&document_selection=0&industry_group=A&FromDate=13&FromMonth=05&FromYear=2000&ToDate=13&ToMonth=11&ToYear=2020&Variable=Issuer,1620586026,14:47:06,20210509
20,2016-03-31,AAV.TO,CAD,2016-03-31,2016-03-31,Q1,26931000,25853000,1078000,0.04002822026660725,0,2610000,0,12000,7887000,33740000,3074000,24715000,17906000,0.66488433403884,-6809000,-0.25283130964316214,30184000,20301000,0.7538153057814415,5610000,14691000,0.5455051799041997,0.08419943956908044,0.0836309996724609,174478596,175664527,https://www.sedar.com/ModifyCompanyDocumentSearchForm.do?lang=EN&company_search=Advantage Oil & Gas Ltd&document_selection=0&industry_group=A&FromDate=13&FromMonth=05&FromYear=2000&ToDate=13&ToMonth=11&ToYear=2020&Variable=Issuer,https://www.sedar.com/ModifyCompanyDocumentSearchForm.do?lang=EN&company_search=Advantage Oil & Gas Ltd&document_selection=0&industry_group=A&FromDate=13&FromMonth=05&FromYear=2000&ToDate=13&ToMonth=11&ToYear=2020&Variable=Issuer,1620586026,14:47:06,20210509
21,2015-12-31,AAV.TO,CAD,2015-12-31,2015-12-31,Q4,33867000,24626000,9241000,0.27286148758378365,0,2659000,0,-75000,7657000,32283000,3251000,23247000,24831000,0.7331916024448578,1584000,0.04677119319691735,15086000,13419000,0.39622641509433965,1011000,12408000,0.36637434670918595,0.06596042479768136,0.06596042479768136,188112797,188112797,https://www.sedar.com/ModifyCompanyDocumentSearchForm.do?lang=EN&company_search=Advantage Oil & Gas Ltd&document_selection=0&industry_group=A&FromDate=13&FromMonth=05&FromYear=2000&ToDate=13&ToMonth=11&ToYear=2020&Variable=Issuer,https://www.sedar.com/ModifyCompanyDocumentSearchForm.do?lang=EN&company_search=Advantage Oil & Gas Ltd&document_selection=0&industry_group=A&FromDate=13&FromMonth=05&FromYear=2000&ToDate=13&ToMonth=11&ToYear=2020&Variable=Issuer,1620586026,14:47:06,20210509
22,2015-09-30,AAV.TO,CAD,2015-09-30,2015-09-30,Q3,37013000,25347000,11666000,0.3151865560748926,0,2148000,0,257000,7061000,32408000,2950000,23660000,28265000,0.7636506092454003,4605000,0.12441574581903656,8005000,9660000,0.26098938210898875,2701000,6959000,0.18801502174911516,0.04076388414291409,0.040484972622757194,170714841,171890940,https://www.sedar.com/ModifyCompanyDocumentSearchForm.do?lang=EN&company_search=Advantage Oil & Gas Ltd&document_selection=0&industry_group=A&FromDate=13&FromMonth=05&FromYear=2000&ToDate=13&ToMonth=11&ToYear=2020&Variable=Issuer,https://www.sedar.com/ModifyCompanyDocumentSearchForm.do?lang=EN&company_search=Advantage Oil & Gas Ltd&document_selection=0&industry_group=A&FromDate=13&FromMonth=05&FromYear=2000&ToDate=13&ToMonth=11&ToYear=2020&Variable=Issuer,1620586026,14:47:06,20210509
23,2015-06-30,AAV.TO,CAD,2015-06-30,2015-06-30,Q2,28804000,20953000,7851000,0.27256631023468963,0,2882000,0,125000,7054000,28007000,2787000,19717000,20514000,0.7121927510068046,797000,0.027669768087765587,2387000,397000,0.013782807943341203,2457000,-2060000,-0.07151784474378559,-0.01,-0.01,170666813,170666813,https://www.sedar.com/ModifyCompanyDocumentSearchForm.do?lang=EN&company_search=Advantage Oil & Gas Ltd&document_selection=0&industry_group=A&FromDate=13&FromMonth=05&FromYear=2000&ToDate=13&ToMonth=11&ToYear=2020&Variable=Issuer,https://www.sedar.com/ModifyCompanyDocumentSearchForm.do?lang=EN&company_search=Advantage Oil & Gas Ltd&document_selection=0&industry_group=A&FromDate=13&FromMonth=05&FromYear=2000&ToDate=13&ToMonth=11&ToYear=2020&Variable=Issuer,1620586026,14:47:06,20210509
24,2015-03-31,AAV.TO,CAD,2015-03-31,2015-03-31,Q1,32627000,22302000,10325000,0.31645569620253167,0,2880000,0,57000,7154000,29456000,2824000,20767000,23938000,0.7336868237962424,3171000,0.09718944432525209,5308000,5655000,0.17332270818647133,1584000,4071000,0.12477396021699819,0.023904673587407308,0.023805814584539037,170301426,171008641,https://www.sedar.com/ModifyCompanyDocumentSearchForm.do?lang=EN&company_search=Advantage Oil & Gas Ltd&document_selection=0&industry_group=A&FromDate=13&FromMonth=05&FromYear=2000&ToDate=13&ToMonth=11&ToYear=2020&Variable=Issuer,https://www.sedar.com/ModifyCompanyDocumentSearchForm.do?lang=EN&company_search=Advantage Oil & Gas Ltd&document_selection=0&industry_group=A&FromDate=13&FromMonth=05&FromYear=2000&ToDate=13&ToMonth=11&ToYear=2020&Variable=Issuer,1620586026,14:47:06,20210509
25,2014-12-31,AAV.TO,CAD,2014-12-31,2014-12-31,Q4,47186000,23538000,23648000,0.5011655999660917,0,1948000,0,6039000,6132000,29670000,3626000,21329000,38845000,0.8232314669605392,17516000,0.37121180011020216,57505000,71395000,1.5130547196202264,17713000,53682000,1.1376679523587505,0.28537133494432065,0.28537133494432065,188112797,188112797,https://www.sedar.com/ModifyCompanyDocumentSearchForm.do?lang=EN&company_search=Advantage Oil & Gas Ltd&document_selection=0&industry_group=A&FromDate=13&FromMonth=05&FromYear=2000&ToDate=13&ToMonth=11&ToYear=2020&Variable=Issuer,https://www.sedar.com/ModifyCompanyDocumentSearchForm.do?lang=EN&company_search=Advantage Oil & Gas Ltd&document_selection=0&industry_group=A&FromDate=13&FromMonth=05&FromYear=2000&ToDate=13&ToMonth=11&ToYear=2020&Variable=Issuer,1620586026,14:47:06,20210509
26,2014-09-30,AAV.TO,CAD,2014-09-30,2014-09-30,Q3,50022000,24259000,25763000,0.5150333853104634,0,1991000,0,0,6271000,30530000,3459000,21930000,41422000,0.8280756467154452,19492000,0.38966854583983046,3166000,19200000,0.38383111430970374,4999000,14201000,0.2838950861620887,0.08363887545296833,0.08302903677605751,169789466,171036550,https://www.sedar.com/ModifyCompanyDocumentSearchForm.do?lang=EN&company_search=Advantage Oil & Gas Ltd&document_selection=0&industry_group=A&FromDate=13&FromMonth=05&FromYear=2000&ToDate=13&ToMonth=11&ToYear=2020&Variable=Issuer,https://www.sedar.com/ModifyCompanyDocumentSearchForm.do?lang=EN&company_search=Advantage Oil & Gas Ltd&document_selection=0&industry_group=A&FromDate=13&FromMonth=05&FromYear=2000&ToDate=13&ToMonth=11&ToYear=2020&Variable=Issuer,1620586026,14:47:06,20210509
27,2014-06-30,AAV.TO,CAD,2014-06-30,2014-06-30,Q2,59670000,25106000,34564000,0.5792525557231439,0,3066000,0,-1494000,7010000,32116000,3774000,22278000,49832000,0.8351265292441763,27554000,0.46177308530249705,9537000,33317000,0.5583542818836936,8987000,24330000,0.40774258421317244,0.1436631970636636,0.1421808766440409,169354438,171120059,https://www.sedar.com/ModifyCompanyDocumentSearchForm.do?lang=EN&company_search=Advantage Oil & Gas Ltd&document_selection=0&industry_group=A&FromDate=13&FromMonth=05&FromYear=2000&ToDate=13&ToMonth=11&ToYear=2020&Variable=Issuer,https://www.sedar.com/ModifyCompanyDocumentSearchForm.do?lang=EN&company_search=Advantage Oil & Gas Ltd&document_selection=0&industry_group=A&FromDate=13&FromMonth=05&FromYear=2000&ToDate=13&ToMonth=11&ToYear=2020&Variable=Issuer,1620586026,14:47:06,20210509
28,2014-03-31,AAV.TO,CAD,2014-03-31,2014-03-31,Q1,58775000,22633000,36142000,0.6149213100808166,0,2574000,0,-2413000,5631000,28264000,3933000,19923000,50434000,0.8580859208847299,30511000,0.5191152700978308,-45955000,-18922000,-0.32193960017014034,-1306000,-76510000,-1.3017439387494683,-0.45,-0.45,168699616,168699616,https://www.sedar.com/ModifyCompanyDocumentSearchForm.do?lang=EN&company_search=Advantage Oil & Gas Ltd&document_selection=0&industry_group=A&FromDate=13&FromMonth=05&FromYear=2000&ToDate=13&ToMonth=11&ToYear=2020&Variable=Issuer,https://www.sedar.com/ModifyCompanyDocumentSearchForm.do?lang=EN&company_search=Advantage Oil & Gas Ltd&document_selection=0&industry_group=A&FromDate=13&FromMonth=05&FromYear=2000&ToDate=13&ToMonth=11&ToYear=2020&Variable=Issuer,1620586026,14:47:06,20210509
29,2013-12-31,AAV.TO,CAD,2013-12-31,2013-12-31,Q4,68233000,35810000,32423000,0.47518063107294123,0,5318000,0,427000,19682000,55492000,-2324000,27882000,40623000,0.5953570852813155,12741000,0.18672782964254833,-14942000,-4554000,-0.0667418990810898,-210000,-5403000,-0.07918455879120073,-0.028722128883129625,-0.028722128883129625,188112797,188112797,https://www.sedar.com/ModifyCompanyDocumentSearchForm.do?lang=EN&company_search=Advantage Oil & Gas Ltd&document_selection=0&industry_group=A&FromDate=13&FromMonth=05&FromYear=2000&ToDate=13&ToMonth=11&ToYear=2020&Variable=Issuer,https://www.sedar.com/ModifyCompanyDocumentSearchForm.do?lang=EN&company_search=Advantage Oil & Gas Ltd&document_selection=0&industry_group=A&FromDate=13&FromMonth=05&FromYear=2000&ToDate=13&ToMonth=11&ToYear=2020&Variable=Issuer,1620586026,14:47:06,20210509
30,2013-09-30,AAV.TO,CAD,2013-09-30,2013-09-30,Q3,67739000,37521000,30218000,0.4460945688598887,0,6565000,0,0,20718000,58239000,6014000,29197000,38697000,0.5712661834393776,9500000,0.1402441724855696,-2377000,1602000,0.023649596244408686,699000,-1342000,-0.01981133468164573,-0.01,-0.01,168382838,168382838,https://www.sedar.com/ModifyCompanyDocumentSearchForm.do?lang=EN&company_search=Advantage Oil & Gas Ltd&document_selection=0&industry_group=A&FromDate=13&FromMonth=05&FromYear=2000&ToDate=13&ToMonth=11&ToYear=2020&Variable=Issuer,https://www.sedar.com/ModifyCompanyDocumentSearchForm.do?lang=EN&company_search=Advantage Oil & Gas Ltd&document_selection=0&industry_group=A&FromDate=13&FromMonth=05&FromYear=2000&ToDate=13&ToMonth=11&ToYear=2020&Variable=Issuer,1620586026,14:47:06,20210509
31,2013-06-30,AAV.TO,CAD,2013-06-30,2013-06-30,Q2,78470000,37671000,40799000,0.5199311838919333,0,7868000,0,-194000,24700000,62371000,7141000,28429000,44528000,0.5674525296291576,16099000,0.2051612081050083,3876000,13161000,0.1677201478271951,2631000,8342000,0.10630814323945458,0.049541866018435916,0.04876228096926835,168382838,171074852,https://www.sedar.com/ModifyCompanyDocumentSearchForm.do?lang=EN&company_search=Advantage Oil & Gas Ltd&document_selection=0&industry_group=A&FromDate=13&FromMonth=05&FromYear=2000&ToDate=13&ToMonth=11&ToYear=2020&Variable=Issuer,https://www.sedar.com/ModifyCompanyDocumentSearchForm.do?lang=EN&company_search=Advantage Oil & Gas Ltd&document_selection=0&industry_group=A&FromDate=13&FromMonth=05&FromYear=2000&ToDate=13&ToMonth=11&ToYear=2020&Variable=Issuer,1620586026,14:47:06,20210509
32,2013-03-31,AAV.TO,CAD,2013-03-31,2013-03-31,Q1,75300000,34017000,41283000,0.5482470119521913,0,7657000,0,869000,28817000,62834000,6787000,25680000,38146000,0.5065869853917663,12466000,0.16555112881806108,-11087000,-5408000,-0.07181938911022577,-918000,-4979000,-0.06612217795484727,-0.03,-0.03,168382838,168382838,https://www.sedar.com/ModifyCompanyDocumentSearchForm.do?lang=EN&company_search=Advantage Oil & Gas Ltd&document_selection=0&industry_group=A&FromDate=13&FromMonth=05&FromYear=2000&ToDate=13&ToMonth=11&ToYear=2020&Variable=Issuer,https://www.sedar.com/ModifyCompanyDocumentSearchForm.do?lang=EN&company_search=Advantage Oil & Gas Ltd&document_selection=0&industry_group=A&FromDate=13&FromMonth=05&FromYear=2000&ToDate=13&ToMonth=11&ToYear=2020&Variable=Issuer,1620586026,14:47:06,20210509
33,2012-12-31,AAV.TO,CAD,2012-12-31,2012-12-31,Q4,100643000,99268000,1375000,0.013662152360323122,0,0,0,0,-7962000,91306000,-2881000,26453000,35790000,0.3556134058007015,9337000,0.09277346660969964,-101805000,-95919000,-0.9530618125453335,-23504000,-60218000,-0.5983327206065002,-0.3201164458790116,-0.3201164458790116,188112797,188112797,https://www.sedar.com/ModifyCompanyDocumentSearchForm.do?lang=EN&company_search=Advantage Oil & Gas Ltd&document_selection=0&industry_group=A&FromDate=13&FromMonth=05&FromYear=2000&ToDate=13&ToMonth=11&ToYear=2020&Variable=Issuer,https://www.sedar.com/ModifyCompanyDocumentSearchForm.do?lang=EN&company_search=Advantage Oil & Gas Ltd&document_selection=0&industry_group=A&FromDate=13&FromMonth=05&FromYear=2000&ToDate=13&ToMonth=11&ToYear=2020&Variable=Issuer,1620586026,14:47:06,20210509
34,2012-09-30,AAV.TO,CAD,2012-09-30,2012-09-30,Q3,54820000,21681000,33139000,0.6045056548704852,0,0,0,0,38818000,60499000,7005000,32866000,27187000,0.4959321415541773,-5679000,-0.10359357898577162,10033000,-2651000,-0.048358263407515506,-265000,-2769000,-0.05051076249543962,-0.02,-0.02,168011019,168011019,https://www.sedar.com/ModifyCompanyDocumentSearchForm.do?lang=EN&company_search=Advantage Oil & Gas Ltd&document_selection=0&industry_group=A&FromDate=13&FromMonth=05&FromYear=2000&ToDate=13&ToMonth=11&ToYear=2020&Variable=Issuer,https://www.sedar.com/ModifyCompanyDocumentSearchForm.do?lang=EN&company_search=Advantage Oil & Gas Ltd&document_selection=0&industry_group=A&FromDate=13&FromMonth=05&FromYear=2000&ToDate=13&ToMonth=11&ToYear=2020&Variable=Issuer,1620586026,14:47:06,20210509
35,2012-06-30,AAV.TO,CAD,2012-06-30,2012-06-30,Q2,57886000,30758000,27128000,0.46864526828594133,0,0,0,0,42031000,72789000,6354000,35278000,20375000,0.3519849359085098,-14903000,-0.2574543067408354,5049000,-16208000,-0.27999861797325776,-2667000,-15579000,-0.269132432712573,-0.1,-0.1,167086659,167086659,https://www.sedar.com/ModifyCompanyDocumentSearchForm.do?lang=EN&company_search=Advantage Oil & Gas Ltd&document_selection=0&industry_group=A&FromDate=13&FromMonth=05&FromYear=2000&ToDate=13&ToMonth=11&ToYear=2020&Variable=Issuer,https://www.sedar.com/ModifyCompanyDocumentSearchForm.do?lang=EN&company_search=Advantage Oil & Gas Ltd&document_selection=0&industry_group=A&FromDate=13&FromMonth=05&FromYear=2000&ToDate=13&ToMonth=11&ToYear=2020&Variable=Issuer,1620586026,14:47:06,20210509
36,2012-03-31,AAV.TO,CAD,2012-03-31,2012-03-31,Q1,74494000,33532000,40962000,0.5498697881708594,0,0,0,0,44703000,78235000,6271000,37578000,33837000,0.4542245013021183,-3741000,-0.05021880956855586,-943000,-10955000,-0.14705882352941177,-2169000,-10559000,-0.14174295916449647,-0.06,-0.06,166540891,166540891,https://www.sedar.com/ModifyCompanyDocumentSearchForm.do?lang=EN&company_search=Advantage Oil & Gas Ltd&document_selection=0&industry_group=A&FromDate=13&FromMonth=05&FromYear=2000&ToDate=13&ToMonth=11&ToYear=2020&Variable=Issuer,https://www.sedar.com/ModifyCompanyDocumentSearchForm.do?lang=EN&company_search=Advantage Oil & Gas Ltd&document_selection=0&industry_group=A&FromDate=13&FromMonth=05&FromYear=2000&ToDate=13&ToMonth=11&ToYear=2020&Variable=Issuer,1620586026,14:47:06,20210509
37,2011-12-31,AAV.TO,CAD,2011-12-31,2011-12-31,Q4,92300000,35056000,57244000,0.6201950162513543,0,0,0,0,57363000,92419000,-2768000,41669000,41550000,0.45016251354279524,-119000,-0.0012892741061755145,-193935000,-191286000,-2.0724377031419285,-47594000,-145063000,-1.571646803900325,-0.7711490250182181,-0.7711490250182181,188112797,188112797,https://www.sedar.com/ModifyCompanyDocumentSearchForm.do?lang=EN&company_search=Advantage Oil & Gas Ltd&document_selection=0&industry_group=A&FromDate=13&FromMonth=05&FromYear=2000&ToDate=13&ToMonth=11&ToYear=2020&Variable=Issuer,https://www.sedar.com/ModifyCompanyDocumentSearchForm.do?lang=EN&company_search=Advantage Oil & Gas Ltd&document_selection=0&industry_group=A&FromDate=13&FromMonth=05&FromYear=2000&ToDate=13&ToMonth=11&ToYear=2020&Variable=Issuer,1620586026,14:47:06,20210509
38,2011-09-30,AAV.TO,CAD,2011-09-30,2011-09-30,Q3,88757000,36067000,52690000,0.5936433182734883,0,0,0,0,49218000,85285000,7239000,40151000,43623000,0.4914879953130457,3472000,0.039118041393918224,4652000,885000,0.009971044537332267,1237000,-2997000,-0.033766350823033676,-0.02,-0.02,165647020,165647020,https://www.sedar.com/ModifyCompanyDocumentSearchForm.do?lang=EN&company_search=Advantage Oil & Gas Ltd&document_selection=0&industry_group=A&FromDate=13&FromMonth=05&FromYear=2000&ToDate=13&ToMonth=11&ToYear=2020&Variable=Issuer,https://www.sedar.com/ModifyCompanyDocumentSearchForm.do?lang=EN&company_search=Advantage Oil & Gas Ltd&document_selection=0&industry_group=A&FromDate=13&FromMonth=05&FromYear=2000&ToDate=13&ToMonth=11&ToYear=2020&Variable=Issuer,1620586026,14:47:06,20210509
39,2011-06-30,AAV.TO,CAD,2011-06-30,2011-06-30,Q2,94599000,37101000,57498000,0.6078076935274157,0,0,0,0,45008000,82109000,7238000,38701000,51191000,0.541136798486242,12490000,0.13203099398513726,0,5252000,0.055518557278618166,908000,997000,0.010539223459021765,0.01,0.01,165076480,165076480,https://www.sedar.com/ModifyCompanyDocumentSearchForm.do?lang=EN&company_search=Advantage Oil & Gas Ltd&document_selection=0&industry_group=A&FromDate=13&FromMonth=05&FromYear=2000&ToDate=13&ToMonth=11&ToYear=2020&Variable=Issuer,https://www.sedar.com/ModifyCompanyDocumentSearchForm.do?lang=EN&company_search=Advantage Oil & Gas Ltd&document_selection=0&industry_group=A&FromDate=13&FromMonth=05&FromYear=2000&ToDate=13&ToMonth=11&ToYear=2020&Variable=Issuer,1620586026,14:47:06,20210509
40,2011-03-31,AAV.TO,CAD,2011-03-31,2011-03-31,Q1,147838000,11426000,136412000,0.9227126990354306,0,0,0,0,66628000,78054000,8645000,32406000,102190000,0.6912295891448748,69784000,0.47203019521367984,0,-7067000,-0.04780232416564077,-1358000,-5709000,-0.03861659383920237,-0.03,-0.03,164488635,164488635,https://www.sedar.com/ModifyCompanyDocumentSearchForm.do?lang=EN&company_search=Advantage Oil & Gas Ltd&document_selection=0&industry_group=A&FromDate=13&FromMonth=05&FromYear=2000&ToDate=13&ToMonth=11&ToYear=2020&Variable=Issuer,https://www.sedar.com/ModifyCompanyDocumentSearchForm.do?lang=EN&company_search=Advantage Oil & Gas Ltd&document_selection=0&industry_group=A&FromDate=13&FromMonth=05&FromYear=2000&ToDate=13&ToMonth=11&ToYear=2020&Variable=Issuer,1620586026,14:47:06,20210509
41,2010-12-31,AAV.TO,CAD,2010-12-31,2010-12-31,Q4,71865000,33100000,38765000,0.5394141793640854,0,0,0,0,54942000,88042000,6656000,0,30585000,0.4255896472552703,-16177000,-0.22510262297363112,0,-22833000,-0.3177207263619286,-4664000,-18169000,-0.2528212620886384,-0.0965856671622399,-0.0965856671622399,188112797,188112797,https://www.sedar.com/ModifyCompanyDocumentSearchForm.do?lang=EN&company_search=Advantage Oil & Gas Ltd&document_selection=0&industry_group=A&FromDate=13&FromMonth=05&FromYear=2000&ToDate=13&ToMonth=11&ToYear=2020&Variable=Issuer,https://www.sedar.com/ModifyCompanyDocumentSearchForm.do?lang=EN&company_search=Advantage Oil & Gas Ltd&document_selection=0&industry_group=A&FromDate=13&FromMonth=05&FromYear=2000&ToDate=13&ToMonth=11&ToYear=2020&Variable=Issuer,1620586026,14:47:06,20210509
42,2010-09-30,AAV.TO,CAD,2010-09-30,2010-09-30,Q3,87023000,33084000,53939000,0.6198246440596165,0,0,0,0,67698000,100782000,6612000,32460000,18701000,0.21489721108212773,-13759000,-0.15810762671937303,0,-20371000,-0.2340875400756122,-3456000,-16915000,-0.19437390115256886,-0.1,-0.1,163536868,163536868,https://www.sedar.com/ModifyCompanyDocumentSearchForm.do?lang=EN&company_search=Advantage Oil & Gas Ltd&document_selection=0&industry_group=A&FromDate=13&FromMonth=05&FromYear=2000&ToDate=13&ToMonth=11&ToYear=2020&Variable=Issuer,https://www.sedar.com/ModifyCompanyDocumentSearchForm.do?lang=EN&company_search=Advantage Oil & Gas Ltd&document_selection=0&industry_group=A&FromDate=13&FromMonth=05&FromYear=2000&ToDate=13&ToMonth=11&ToYear=2020&Variable=Issuer,1620586026,14:47:06,20210509
43,2010-06-30,AAV.TO,CAD,2010-06-30,2010-06-30,Q2,86106000,36757000,49349000,0.573119178686735,0,0,0,0,69502000,106259000,7610000,0,38722000,0.44970153067149793,-20153000,-0.23404873063433443,0,-27763000,-0.32242816993008616,-5484000,-22279000,-0.2587392283929111,-0.13645994244084225,-0.13600396055449276,163264029,163811406,https://www.sedar.com/ModifyCompanyDocumentSearchForm.do?lang=EN&company_search=Advantage Oil & Gas Ltd&document_selection=0&industry_group=A&FromDate=13&FromMonth=05&FromYear=2000&ToDate=13&ToMonth=11&ToYear=2020&Variable=Issuer,https://www.sedar.com/ModifyCompanyDocumentSearchForm.do?lang=EN&company_search=Advantage Oil & Gas Ltd&document_selection=0&industry_group=A&FromDate=13&FromMonth=05&FromYear=2000&ToDate=13&ToMonth=11&ToYear=2020&Variable=Issuer,1620586026,14:47:06,20210509
44,2010-03-31,AAV.TO,CAD,2010-03-31,2010-03-31,Q1,124888000,35574000,89314000,0.7151527768880918,0,0,0,0,61216000,96790000,8250000,0,80119000,0.641526808019986,28098000,0.2249855870860291,0,19848000,0.15892639805265518,6693000,13155000,0.1053343796041253,0.0806952721826994,0.08030576332395316,163020703,163811406,https://www.sedar.com/ModifyCompanyDocumentSearchForm.do?lang=EN&company_search=Advantage Oil & Gas Ltd&document_selection=0&industry_group=A&FromDate=13&FromMonth=05&FromYear=2000&ToDate=13&ToMonth=11&ToYear=2020&Variable=Issuer,https://www.sedar.com/ModifyCompanyDocumentSearchForm.do?lang=EN&company_search=Advantage Oil & Gas Ltd&document_selection=0&industry_group=A&FromDate=13&FromMonth=05&FromYear=2000&ToDate=13&ToMonth=11&ToYear=2020&Variable=Issuer,1620586026,14:47:06,20210509
45,2009-12-31,AAV.TO,CAD,2009-12-31,2009-12-31,Q4,84358000,34237000,50121000,0.594146376158752,0,0,0,0,63167000,97404000,7789000,0,39238000,0.46513667939021786,-13046000,-0.15465041845468125,0,-20835000,-0.24698309585338676,-12528000,-14213000,-0.1684843168401337,-0.0755557315965059,-0.0755557315965059,188112797,188112797,https://www.sedar.com/ModifyCompanyDocumentSearchForm.do?lang=EN&company_search=Advantage Oil & Gas Ltd&document_selection=0&industry_group=A&FromDate=13&FromMonth=05&FromYear=2000&ToDate=13&ToMonth=11&ToYear=2020&Variable=Issuer,https://www.sedar.com/ModifyCompanyDocumentSearchForm.do?lang=EN&company_search=Advantage Oil & Gas Ltd&document_selection=0&industry_group=A&FromDate=13&FromMonth=05&FromYear=2000&ToDate=13&ToMonth=11&ToYear=2020&Variable=Issuer,1620586026,14:47:06,20210509
46,2009-09-30,AAV.TO,CAD,2009-09-30,2009-09-30,Q3,83965000,33863000,50102000,0.5967010063717025,0,13224000,0,0,75723000,109586000,10297000,0,36878000,0.4392068123622938,-25621000,-0.3051390460310844,10297000,-35918000,-0.4277734770440064,-17375000,-53293000,-0.6347049365807181,-0.33,-0.33,161182480,161182480,https://www.sedar.com/ModifyCompanyDocumentSearchForm.do?lang=EN&company_search=Advantage Oil & Gas Ltd&document_selection=0&industry_group=A&FromDate=13&FromMonth=05&FromYear=2000&ToDate=13&ToMonth=11&ToYear=2020&Variable=Issuer,https://www.sedar.com/ModifyCompanyDocumentSearchForm.do?lang=EN&company_search=Advantage Oil & Gas Ltd&document_selection=0&industry_group=A&FromDate=13&FromMonth=05&FromYear=2000&ToDate=13&ToMonth=11&ToYear=2020&Variable=Issuer,1620586026,14:47:06,20210509
47,2009-06-30,AAV.TO,CAD,2009-06-30,2009-06-30,Q2,90084000,47821000,42263000,0.46915101460858755,0,0,0,0,80785000,128606000,8129000,0,33655000,0.37359575507304293,-38522000,-0.427623107322055,0,-46651000,-0.517861107410861,8841000,-37810000,-0.4197193730296168,-0.26,-0.26,144681321,144681321,https://www.sedar.com/ModifyCompanyDocumentSearchForm.do?lang=EN&company_search=Advantage Oil & Gas Ltd&document_selection=0&industry_group=A&FromDate=13&FromMonth=05&FromYear=2000&ToDate=13&ToMonth=11&ToYear=2020&Variable=Issuer,https://www.sedar.com/ModifyCompanyDocumentSearchForm.do?lang=EN&company_search=Advantage Oil & Gas Ltd&document_selection=0&industry_group=A&FromDate=13&FromMonth=05&FromYear=2000&ToDate=13&ToMonth=11&ToYear=2020&Variable=Issuer,1620586026,14:47:06,20210509
48,2009-03-31,AAV.TO,CAD,2009-03-31,2009-03-31,Q1,147347000,52111000,95236000,0.6463382355935309,0,0,0,0,78266000,130377000,9567000,0,86892000,0.5897100042756215,16970000,0.11517031225610294,0,7403000,0.05024194588284797,11487000,18890000,0.12820077775590952,0.13,0.13,143691000,143691000,https://www.sedar.com/ModifyCompanyDocumentSearchForm.do?lang=EN&company_search=Advantage Oil & Gas Ltd&document_selection=0&industry_group=A&FromDate=13&FromMonth=05&FromYear=2000&ToDate=13&ToMonth=11&ToYear=2020&Variable=Issuer,https://www.sedar.com/ModifyCompanyDocumentSearchForm.do?lang=EN&company_search=Advantage Oil & Gas Ltd&document_selection=0&industry_group=A&FromDate=13&FromMonth=05&FromYear=2000&ToDate=13&ToMonth=11&ToYear=2020&Variable=Issuer,1620586026,14:47:06,20210509
49,2008-12-31,AAV.TO,CAD,2008-12-31,2008-12-31,Q4,108292637,66010577,42282060,0.39044261153230575,0,0,0,0,76213970,142224547,0,0,40880613,0.3775013161790492,-33931910,-0.31333533784018947,-45405781,-90551312,-0.8361723798451782,4925624,-95476936,-0.8816567649008307,-0.5075515197405736,-0.5075515197405736,188112797,188112797,https://www.sedar.com/ModifyCompanyDocumentSearchForm.do?lang=EN&company_search=Advantage Oil & Gas Ltd&document_selection=0&industry_group=A&FromDate=13&FromMonth=05&FromYear=2000&ToDate=13&ToMonth=11&ToYear=2020&Variable=Issuer,https://www.sedar.com/ModifyCompanyDocumentSearchForm.do?lang=EN&company_search=Advantage Oil & Gas Ltd&document_selection=0&industry_group=A&FromDate=13&FromMonth=05&FromYear=2000&ToDate=13&ToMonth=11&ToYear=2020&Variable=Issuer,1620586026,14:47:06,20210509
50,2008-09-30,AAV.TO,CAD,2008-09-30,2008-09-30,Q3,216618054,84185650,132432404,0.6113636493105972,0,0,0,0,85837769,170023419,11446668,78420704,125015339,0.5771233592561034,46594635,0.21510042279301428,107483500,142631467,0.6584468116401785,29239940,113391527,0.5234629566010227,0.81,0.79,140192094,149285877,https://www.sedar.com/ModifyCompanyDocumentSearchForm.do?lang=EN&company_search=Advantage Oil & Gas Ltd&document_selection=0&industry_group=A&FromDate=13&FromMonth=05&FromYear=2000&ToDate=13&ToMonth=11&ToYear=2020&Variable=Issuer,https://www.sedar.com/ModifyCompanyDocumentSearchForm.do?lang=EN&company_search=Advantage Oil & Gas Ltd&document_selection=0&industry_group=A&FromDate=13&FromMonth=05&FromYear=2000&ToDate=13&ToMonth=11&ToYear=2020&Variable=Issuer,1620586026,14:47:06,20210509
51,2008-06-30,AAV.TO,CAD,2008-06-30,2008-06-30,Q2,230952575,170871158,60081417,0.26014612307310275,0,0,0,0,82905557,253776715,0,74703603,51879463,0.22463253765410496,-22824140,-0.09882609016158404,0,-34865663,-0.15096459955036223,-20496642,-14369021,-0.062216327313085816,-0.01,-0.01,138611924,138611924,https://www.sedar.com/ModifyCompanyDocumentSearchForm.do?lang=EN&company_search=Advantage Oil & Gas Ltd&document_selection=0&industry_group=A&FromDate=13&FromMonth=05&FromYear=2000&ToDate=13&ToMonth=11&ToYear=2020&Variable=Issuer,https://www.sedar.com/ModifyCompanyDocumentSearchForm.do?lang=EN&company_search=Advantage Oil & Gas Ltd&document_selection=0&industry_group=A&FromDate=13&FromMonth=05&FromYear=2000&ToDate=13&ToMonth=11&ToYear=2020&Variable=Issuer,1620586026,14:47:06,20210509
52,2008-03-31,AAV.TO,CAD,2008-03-31,2008-03-31,Q1,186098138,74152865,111945273,0.6015389202873164,0,0,0,0,86603230,160756095,0,76879951,102221994,0.5492907940862901,25342043,0.13617569349350503,-58778932,-46110482,-0.24777508520799923,-21988479,-24122004,-0.12961980307401033,-0.17954,-0.17954,137599070,137599070,https://www.sedar.com/ModifyCompanyDocumentSearchForm.do?lang=EN&company_search=Advantage Oil & Gas Ltd&document_selection=0&industry_group=A&FromDate=13&FromMonth=05&FromYear=2000&ToDate=13&ToMonth=11&ToYear=2020&Variable=Issuer,https://www.sedar.com/ModifyCompanyDocumentSearchForm.do?lang=EN&company_search=Advantage Oil & Gas Ltd&document_selection=0&industry_group=A&FromDate=13&FromMonth=05&FromYear=2000&ToDate=13&ToMonth=11&ToYear=2020&Variable=Issuer,1620586026,14:47:06,20210509
53,2007-12-31,AAV.TO,CAD,2007-12-31,2007-12-31,Q4,179334548,66428813,112905735,0.629581618595877,0,0,0,0,87856297,154285110,0,0,92149800,0.5138429880225867,25049438,0.13967993495597958,-22477004,-10490528,-0.05849697181604963,-24286145,13794623,0.07692116858598824,0.07333165643164617,0.07333165643164617,188112797,188112797,https://www.sedar.com/ModifyCompanyDocumentSearchForm.do?lang=EN&company_search=Advantage Oil & Gas Ltd&document_selection=0&industry_group=A&FromDate=13&FromMonth=05&FromYear=2000&ToDate=13&ToMonth=11&ToYear=2020&Variable=Issuer,https://www.sedar.com/ModifyCompanyDocumentSearchForm.do?lang=EN&company_search=Advantage Oil & Gas Ltd&document_selection=0&industry_group=A&FromDate=13&FromMonth=05&FromYear=2000&ToDate=13&ToMonth=11&ToYear=2020&Variable=Issuer,1620586026,14:47:06,20210509
54,2007-09-30,AAV.TO,CAD,2007-09-30,2007-09-30,Q3,123620193,53390639,70229554,0.5681074612138811,0,0,0,0,75896850,129287489,0,68742960,63075664,0.5102375467088941,-5667296,-0.04584441960869613,7156911,-9307364,-0.0752899973226866,16894564,-26201928,-0.2119550808337599,-0.21999,-0.21999,119323416,119323416,https://www.sedar.com/ModifyCompanyDocumentSearchForm.do?lang=EN&company_search=Advantage Oil & Gas Ltd&document_selection=0&industry_group=A&FromDate=13&FromMonth=05&FromYear=2000&ToDate=13&ToMonth=11&ToYear=2020&Variable=Issuer,https://www.sedar.com/ModifyCompanyDocumentSearchForm.do?lang=EN&company_search=Advantage Oil & Gas Ltd&document_selection=0&industry_group=A&FromDate=13&FromMonth=05&FromYear=2000&ToDate=13&ToMonth=11&ToYear=2020&Variable=Issuer,1620586026,14:47:06,20210509
55,2007-06-30,AAV.TO,CAD,2007-06-30,2007-06-30,Q2,125130712,49668438,75462274,0.6030675666578161,0,0,0,0,71575983,121244421,8903294,61364320,65250611,0.521459599782346,3886291,0.03105785092951441,10070138,5054198,0.040391346930080604,522848,4531350,0.0362129322815649,0.03979953859464376,0.03970650858405321,113854335,114121089,https://www.sedar.com/ModifyCompanyDocumentSearchForm.do?lang=EN&company_search=Advantage Oil & Gas Ltd&document_selection=0&industry_group=A&FromDate=13&FromMonth=05&FromYear=2000&ToDate=13&ToMonth=11&ToYear=2020&Variable=Issuer,https://www.sedar.com/ModifyCompanyDocumentSearchForm.do?lang=EN&company_search=Advantage Oil & Gas Ltd&document_selection=0&industry_group=A&FromDate=13&FromMonth=05&FromYear=2000&ToDate=13&ToMonth=11&ToYear=2020&Variable=Issuer,1620586026,14:47:06,20210509
56,2007-03-31,AAV.TO,CAD,2007-03-31,2007-03-31,Q1,129272371,56434502,72837869,0.5634449839246779,0,0,0,0,74003690,130438192,0,63918358,62752537,0.48542883923742686,-1165821,-0.00901833076148963,-5799124,-15989391,-0.12368761303217685,-16329566,341328,0.0026403785848408395,0.003151,0.003144,108331960,108581182,https://www.sedar.com/ModifyCompanyDocumentSearchForm.do?lang=EN&company_search=Advantage Oil & Gas Ltd&document_selection=0&industry_group=A&FromDate=13&FromMonth=05&FromYear=2000&ToDate=13&ToMonth=11&ToYear=2020&Variable=Issuer,https://www.sedar.com/ModifyCompanyDocumentSearchForm.do?lang=EN&company_search=Advantage Oil & Gas Ltd&document_selection=0&industry_group=A&FromDate=13&FromMonth=05&FromYear=2000&ToDate=13&ToMonth=11&ToYear=2020&Variable=Issuer,1620586026,14:47:06,20210509
57,2006-12-31,AAV.TO,CAD,2006-12-31,2006-12-31,Q4,127538557,51151956,76386601,0.5989294751076727,0,0,0,0,73603952,124755908,9307318,63521206,66303855,0.5198730216149459,2782649,0.021818100074630763,-4015293,-10538845,-0.08263261909102515,-19275329,8736544,0.06850119842582193,0.046443113596359956,0.046443113596359956,188112797,188112797,https://www.sedar.com/ModifyCompanyDocumentSearchForm.do?lang=EN&company_search=Advantage Oil & Gas Ltd&document_selection=0&industry_group=A&FromDate=13&FromMonth=05&FromYear=2000&ToDate=13&ToMonth=11&ToYear=2020&Variable=Issuer,https://www.sedar.com/ModifyCompanyDocumentSearchForm.do?lang=EN&company_search=Advantage Oil & Gas Ltd&document_selection=0&industry_group=A&FromDate=13&FromMonth=05&FromYear=2000&ToDate=13&ToMonth=11&ToYear=2020&Variable=Issuer,1620586026,14:47:06,20210509
58,2006-09-30,AAV.TO,CAD,2006-09-30,2006-09-30,Q3,124521069,47314184,77206885,0.6200306953677052,0,0,0,0,79795462,127109646,0,67601136,65012559,0.5221008743508297,-2588577,-0.020788265156959102,13725271,1514474,0.012162391570859386,305130,1209344,0.009711962880755544,0.012242728442767529,0.01222809888191234,98780595,98898775,https://www.sedar.com/ModifyCompanyDocumentSearchForm.do?lang=EN&company_search=Advantage Oil & Gas Ltd&document_selection=0&industry_group=A&FromDate=13&FromMonth=05&FromYear=2000&ToDate=13&ToMonth=11&ToYear=2020&Variable=Issuer,https://www.sedar.com/ModifyCompanyDocumentSearchForm.do?lang=EN&company_search=Advantage Oil & Gas Ltd&document_selection=0&industry_group=A&FromDate=13&FromMonth=05&FromYear=2000&ToDate=13&ToMonth=11&ToYear=2020&Variable=Issuer,1620586026,14:47:06,20210509
59,2006-06-30,AAV.TO,CAD,2006-06-30,2006-06-30,Q2,80766313,29494702,51271611,0.6348143068014013,0,0,0,0,35863915,65358617,0,33163484,48571180,0.6013791913467685,15407696,0.19076884195518495,532069,9295036,0.11508555553353042,-14610151,23905187,0.2959796741000174,0.38120198863891414,0.3799348208278433,62710027,62919179,https://www.sedar.com/ModifyCompanyDocumentSearchForm.do?lang=EN&company_search=Advantage Oil & Gas Ltd&document_selection=0&industry_group=A&FromDate=13&FromMonth=05&FromYear=2000&ToDate=13&ToMonth=11&ToYear=2020&Variable=Issuer,https://www.sedar.com/ModifyCompanyDocumentSearchForm.do?lang=EN&company_search=Advantage Oil & Gas Ltd&document_selection=0&industry_group=A&FromDate=13&FromMonth=05&FromYear=2000&ToDate=13&ToMonth=11&ToYear=2020&Variable=Issuer,1620586026,14:47:06,20210509
60,2006-03-31,AAV.TO,CAD,2006-03-31,2006-03-31,Q1,86900981,31405885,55495096,0.638601490586165,0,0,0,0,35500934,66906819,0,30023354,50017516,0.5755690606070374,19994162,0.23007981923702334,0,13994629,0.16104109342563117,-1997898,15964503,0.18370912291542485,0.2711646707685797,0.2703495512608105,58873831,59051339,https://www.sedar.com/ModifyCompanyDocumentSearchForm.do?lang=EN&company_search=Advantage Oil & Gas Ltd&document_selection=0&industry_group=A&FromDate=13&FromMonth=05&FromYear=2000&ToDate=13&ToMonth=11&ToYear=2020&Variable=Issuer,https://www.sedar.com/ModifyCompanyDocumentSearchForm.do?lang=EN&company_search=Advantage Oil & Gas Ltd&document_selection=0&industry_group=A&FromDate=13&FromMonth=05&FromYear=2000&ToDate=13&ToMonth=11&ToYear=2020&Variable=Issuer,1620586026,14:47:06,20210509
61,2005-12-31,AAV.TO,CAD,2005-12-31,2005-12-31,Q4,110352413,91670678,18681735,0.16929158585775556,0,0,0,0,45689003,137359681,6123151,32581423,5574155,0.05051230732942831,-27007268,-0.24473654237175585,58574024,25262188,0.22892284194999887,-641220,25845039,0.2342045660569289,0.13739117918702787,0.13739117918702787,188112797,188112797,https://www.sedar.com/ModifyCompanyDocumentSearchForm.do?lang=EN&company_search=Advantage Oil & Gas Ltd&document_selection=0&industry_group=A&FromDate=13&FromMonth=05&FromYear=2000&ToDate=13&ToMonth=11&ToYear=2020&Variable=Issuer,https://www.sedar.com/ModifyCompanyDocumentSearchForm.do?lang=EN&company_search=Advantage Oil & Gas Ltd&document_selection=0&industry_group=A&FromDate=13&FromMonth=05&FromYear=2000&ToDate=13&ToMonth=11&ToYear=2020&Variable=Issuer,1620586026,14:47:06,20210509
62,2005-09-30,AAV.TO,CAD,2005-09-30,2005-09-30,Q3,95715447,14203252,81512195,0.8516096153215479,0,0,0,0,36097561,50300813,0,34250126,79664760,0.8323082897998689,45414634,0.47447549401299877,-24596980,14980256,0.1565082384246714,-3734030,18673635,0.19509531204508715,0.32549045890275813,0.28760872558535544,57370760,64927220,https://www.sedar.com/ModifyCompanyDocumentSearchForm.do?lang=EN&company_search=Advantage Oil & Gas Ltd&document_selection=0&industry_group=A&FromDate=13&FromMonth=05&FromYear=2000&ToDate=13&ToMonth=11&ToYear=2020&Variable=Issuer,https://www.sedar.com/ModifyCompanyDocumentSearchForm.do?lang=EN&company_search=Advantage Oil & Gas Ltd&document_selection=0&industry_group=A&FromDate=13&FromMonth=05&FromYear=2000&ToDate=13&ToMonth=11&ToYear=2020&Variable=Issuer,1620586026,14:47:06,20210509
63,2005-06-30,AAV.TO,CAD,2005-06-30,2005-06-30,Q2,87476372,13327605,74148767,0.8476433727727071,0,0,0,0,35934700,49262305,5696575,33498975,71713042,0.8197989966936443,38214067,0.43685015880631173,-6332392,26187554,0.29936717082871245,-427151,26537376,0.3033662164224186,0.45901,0.45901,57340485,57340485,https://www.sedar.com/ModifyCompanyDocumentSearchForm.do?lang=EN&company_search=Advantage Oil & Gas Ltd&document_selection=0&industry_group=A&FromDate=13&FromMonth=05&FromYear=2000&ToDate=13&ToMonth=11&ToYear=2020&Variable=Issuer,https://www.sedar.com/ModifyCompanyDocumentSearchForm.do?lang=EN&company_search=Advantage Oil & Gas Ltd&document_selection=0&industry_group=A&FromDate=13&FromMonth=05&FromYear=2000&ToDate=13&ToMonth=11&ToYear=2020&Variable=Issuer,1620586026,14:47:06,20210509
64,2005-03-31,AAV.TO,CAD,2005-03-31,2005-03-31,Q1,83209190,13030230,70178960,0.8434039557409464,0,0,0,0,37035067,50065297,0,34765417,67909310,0.8161275214913161,33143893,0.3983201014214896,-27430472,-297461,-0.0035748575367696763,-4371221,4072551,0.048943524146791956,0.07004,0.07004,54980000,54980000,https://www.sedar.com/ModifyCompanyDocumentSearchForm.do?lang=EN&company_search=Advantage Oil & Gas Ltd&document_selection=0&industry_group=A&FromDate=13&FromMonth=05&FromYear=2000&ToDate=13&ToMonth=11&ToYear=2020&Variable=Issuer,https://www.sedar.com/ModifyCompanyDocumentSearchForm.do?lang=EN&company_search=Advantage Oil & Gas Ltd&document_selection=0&industry_group=A&FromDate=13&FromMonth=05&FromYear=2000&ToDate=13&ToMonth=11&ToYear=2020&Variable=Issuer,1620586026,14:47:06,20210509
65,2004-12-31,AAV.TO,CAD,2004-12-31,2004-12-31,Q4,76741682,13085495,63656187,0.8294864712503955,0,0,0,0,43602949,56688444,0,34141458,54194696,0.706196353632176,20053238,0.26130829397249855,-8220757,9748193,0.12702605345553933,1120550,8626443,0.11240883409357642,0.04585782114546944,0.04585782114546944,188112797,188112797,https://www.sedar.com/ModifyCompanyDocumentSearchForm.do?lang=EN&company_search=Advantage Oil & Gas Ltd&document_selection=0&industry_group=A&FromDate=13&FromMonth=05&FromYear=2000&ToDate=13&ToMonth=11&ToYear=2020&Variable=Issuer,https://www.sedar.com/ModifyCompanyDocumentSearchForm.do?lang=EN&company_search=Advantage Oil & Gas Ltd&document_selection=0&industry_group=A&FromDate=13&FromMonth=05&FromYear=2000&ToDate=13&ToMonth=11&ToYear=2020&Variable=Issuer,1620586026,14:47:06,20210509
66,2004-09-30,AAV.TO,CAD,2004-09-30,2004-09-30,Q3,56722000,9185000,47537000,0.8380698847008216,0,0,0,0,36910000,46095000,0,24134000,34761000,0.6128310003173372,10627000,0.1873523500581785,-8467000,515000,0.009079369556785727,-6587000,7102000,0.1252071506646451,0.13,0.13,40887000,40887000,https://www.sedar.com/ModifyCompanyDocumentSearchForm.do?lang=EN&company_search=Advantage Oil & Gas Ltd&document_selection=0&industry_group=A&FromDate=13&FromMonth=05&FromYear=2000&ToDate=13&ToMonth=11&ToYear=2020&Variable=Issuer,https://www.sedar.com/ModifyCompanyDocumentSearchForm.do?lang=EN&company_search=Advantage Oil & Gas Ltd&document_selection=0&industry_group=A&FromDate=13&FromMonth=05&FromYear=2000&ToDate=13&ToMonth=11&ToYear=2020&Variable=Issuer,1620586026,14:47:06,20210509
67,2004-06-30,AAV.TO,CAD,2004-06-30,2004-06-30,Q2,54181000,8218000,45963000,0.8483232129344235,0,0,0,0,24509000,32727000,0,20655000,42109000,0.7771912663110685,21454000,0.39596906664697956,-9745000,10310000,0.1902881083774755,-1452000,11762000,0.21708717077942452,0.26,0.26,39326000,39326000,https://www.sedar.com/ModifyCompanyDocumentSearchForm.do?lang=EN&company_search=Advantage Oil & Gas Ltd&document_selection=0&industry_group=A&FromDate=13&FromMonth=05&FromYear=2000&ToDate=13&ToMonth=11&ToYear=2020&Variable=Issuer,https://www.sedar.com/ModifyCompanyDocumentSearchForm.do?lang=EN&company_search=Advantage Oil & Gas Ltd&document_selection=0&industry_group=A&FromDate=13&FromMonth=05&FromYear=2000&ToDate=13&ToMonth=11&ToYear=2020&Variable=Issuer,1620586026,14:47:06,20210509
68,2004-03-31,AAV.TO,CAD,2004-03-31,2004-03-31,Q1,53836000,8320000,45516000,0.8454565718106843,0,0,0,0,23117000,31437000,1278000,20346000,42745000,0.7939854372538822,22399000,0.4160598855784234,-21609000,-48000,-0.0008915967010922059,-7460000,6972000,0.1295044208336429,0.13,0.13,37981000,37981000,https://www.sedar.com/ModifyCompanyDocumentSearchForm.do?lang=EN&company_search=Advantage Oil & Gas Ltd&document_selection=0&industry_group=A&FromDate=13&FromMonth=05&FromYear=2000&ToDate=13&ToMonth=11&ToYear=2020&Variable=Issuer,https://www.sedar.com/ModifyCompanyDocumentSearchForm.do?lang=EN&company_search=Advantage Oil & Gas Ltd&document_selection=0&industry_group=A&FromDate=13&FromMonth=05&FromYear=2000&ToDate=13&ToMonth=11&ToYear=2020&Variable=Issuer,1620586026,14:47:06,20210509
69,2003-12-31,AAV.TO,CAD,2003-12-31,2003-12-31,Q4,43479000,7327000,36152000,0.8314818648082982,0,0,0,0,28356000,35683000,1460000,17621000,25417000,0.5845810621219439,7796000,0.17930495181581912,-7405000,-1069000,-0.02458658202810552,811000,-1880000,-0.04323926493249615,-0.00999400375722445,-0.00999400375722445,188112797,188112797,https://www.sedar.com/ModifyCompanyDocumentSearchForm.do?lang=EN&company_search=Advantage Oil & Gas Ltd&document_selection=0&industry_group=A&FromDate=13&FromMonth=05&FromYear=2000&ToDate=13&ToMonth=11&ToYear=2020&Variable=Issuer,https://www.sedar.com/ModifyCompanyDocumentSearchForm.do?lang=EN&company_search=Advantage Oil & Gas Ltd&document_selection=0&industry_group=A&FromDate=13&FromMonth=05&FromYear=2000&ToDate=13&ToMonth=11&ToYear=2020&Variable=Issuer,1620586026,14:47:06,20210509
70,2003-09-30,AAV.TO,CAD,2003-09-30,2003-09-30,Q3,40863000,7153000,33710000,0.8249516677679074,0,0,0,0,19452000,26605000,1531000,13118000,27376000,0.6699459168440888,14258000,0.3489220076842131,-6380000,6347000,0.15532388713506107,-3262000,9609000,0.23515160414066516,0.28,0.28,31317525,31317525,https://www.sedar.com/ModifyCompanyDocumentSearchForm.do?lang=EN&company_search=Advantage Oil & Gas Ltd&document_selection=0&industry_group=A&FromDate=13&FromMonth=05&FromYear=2000&ToDate=13&ToMonth=11&ToYear=2020&Variable=Issuer,https://www.sedar.com/ModifyCompanyDocumentSearchForm.do?lang=EN&company_search=Advantage Oil & Gas Ltd&document_selection=0&industry_group=A&FromDate=13&FromMonth=05&FromYear=2000&ToDate=13&ToMonth=11&ToYear=2020&Variable=Issuer,1620586026,14:47:06,20210509
71,2003-06-30,AAV.TO,CAD,2003-06-30,2003-06-30,Q2,39654000,5624000,34030000,0.8581731981641196,0,0,0,0,16662000,22286000,0,11549000,28917000,0.7292328642759873,17368000,0.4379886014021284,-6510000,9066000,0.22862762899077016,-11739000,20805000,0.524663337872598,0.67,0.64,30941072,30941072,https://www.sedar.com/ModifyCompanyDocumentSearchForm.do?lang=EN&company_search=Advantage Oil & Gas Ltd&document_selection=0&industry_group=A&FromDate=13&FromMonth=05&FromYear=2000&ToDate=13&ToMonth=11&ToYear=2020&Variable=Issuer,https://www.sedar.com/ModifyCompanyDocumentSearchForm.do?lang=EN&company_search=Advantage Oil & Gas Ltd&document_selection=0&industry_group=A&FromDate=13&FromMonth=05&FromYear=2000&ToDate=13&ToMonth=11&ToYear=2020&Variable=Issuer,1620586026,14:47:06,20210509
72,2003-03-31,AAV.TO,CAD,2003-03-31,2003-03-31,Q1,42079000,5514000,36565000,0.8689607642767176,0,0,0,0,13839000,19353000,0,11534000,34260000,0.8141828465505359,22726000,0.5400793745098506,-8196000,12935000,0.3073979894959481,-2695000,15630000,0.3714441883124599,0.5,0.48,28200945,28200945,https://www.sedar.com/ModifyCompanyDocumentSearchForm.do?lang=EN&company_search=Advantage Oil & Gas Ltd&document_selection=0&industry_group=A&FromDate=13&FromMonth=05&FromYear=2000&ToDate=13&ToMonth=11&ToYear=2020&Variable=Issuer,https://www.sedar.com/ModifyCompanyDocumentSearchForm.do?lang=EN&company_search=Advantage Oil & Gas Ltd&document_selection=0&industry_group=A&FromDate=13&FromMonth=05&FromYear=2000&ToDate=13&ToMonth=11&ToYear=2020&Variable=Issuer,1620586026,14:47:06,20210509
73,2002-12-31,AAV.TO,CAD,2002-12-31,2002-12-31,Q4,35289000,5352000,29937000,0.8483380090113066,0,0,0,0,2486000,7838000,0,12167000,39618000,1.1226727875541953,27451000,0.7778911275468277,-22123000,4060000,0.11505001558559325,1250000,2810000,0.07962821275751651,0.014937846041383351,0.014937846041383351,188112797,188112797,https://www.sedar.com/ModifyCompanyDocumentSearchForm.do?lang=EN&company_search=Advantage Oil & Gas Ltd&document_selection=0&industry_group=A&FromDate=13&FromMonth=05&FromYear=2000&ToDate=13&ToMonth=11&ToYear=2020&Variable=Issuer,https://www.sedar.com/ModifyCompanyDocumentSearchForm.do?lang=EN&company_search=Advantage Oil & Gas Ltd&document_selection=0&industry_group=A&FromDate=13&FromMonth=05&FromYear=2000&ToDate=13&ToMonth=11&ToYear=2020&Variable=Issuer,1620586026,14:47:06,20210509
74,2002-09-30,AAV.TO,CAD,2002-09-30,2002-09-30,Q3,21449000,4875000,16574000,0.7727166767681477,0,6817000,0,0,17391000,22266000,0,10574000,9757000,0.45489300200475546,-817000,-0.03809035386265094,-4182000,-6235000,-0.2906895426360203,-11592000,5357000,0.24975523334421185,0.2,0.2,27098782,27098782,https://www.sedar.com/ModifyCompanyDocumentSearchForm.do?lang=EN&company_search=Advantage Oil & Gas Ltd&document_selection=0&industry_group=A&FromDate=13&FromMonth=05&FromYear=2000&ToDate=13&ToMonth=11&ToYear=2020&Variable=Issuer,https://www.sedar.com/ModifyCompanyDocumentSearchForm.do?lang=EN&company_search=Advantage Oil & Gas Ltd&document_selection=0&industry_group=A&FromDate=13&FromMonth=05&FromYear=2000&ToDate=13&ToMonth=11&ToYear=2020&Variable=Issuer,1620586026,14:47:06,20210509
75,2002-06-30,AAV.TO,CAD,2002-06-30,2002-06-30,Q2,22474000,4553000,17921000,0.7974103408383021,0,3659000,0,0,13201000,17754000,929000,9542000,14262000,0.6345999822016553,4720000,0.21002046809646702,-4296000,-505000,-0.022470410251846578,-1210000,705000,0.03136958262881552,0.03,0.03,27098782,27098782,https://www.sedar.com/ModifyCompanyDocumentSearchForm.do?lang=EN&company_search=Advantage Oil & Gas Ltd&document_selection=0&industry_group=A&FromDate=13&FromMonth=05&FromYear=2000&ToDate=13&ToMonth=11&ToYear=2020&Variable=Issuer,https://www.sedar.com/ModifyCompanyDocumentSearchForm.do?lang=EN&company_search=Advantage Oil & Gas Ltd&document_selection=0&industry_group=A&FromDate=13&FromMonth=05&FromYear=2000&ToDate=13&ToMonth=11&ToYear=2020&Variable=Issuer,1620586026,14:47:06,20210509
76,2002-03-31,AAV.TO,CAD,2002-03-31,2002-03-31,Q1,18625000,3706000,14919000,0.801020134228188,0,2759000,0,0,11550000,15256000,0,8791000,12160000,0.6528859060402684,3369000,0.18088590604026847,-3218000,-688000,-0.036939597315436244,-3911000,3223000,0.1730469798657718,0.12,0.12,27098782,27098782,https://www.sedar.com/ModifyCompanyDocumentSearchForm.do?lang=EN&company_search=Advantage Oil & Gas Ltd&document_selection=0&industry_group=A&FromDate=13&FromMonth=05&FromYear=2000&ToDate=13&ToMonth=11&ToYear=2020&Variable=Issuer,https://www.sedar.com/ModifyCompanyDocumentSearchForm.do?lang=EN&company_search=Advantage Oil & Gas Ltd&document_selection=0&industry_group=A&FromDate=13&FromMonth=05&FromYear=2000&ToDate=13&ToMonth=11&ToYear=2020&Variable=Issuer,1620586026,14:47:06,20210509
77,2001-12-31,AAV.TO,CAD,2001-12-31,2001-12-31,Q4,14799000,3421000,11378000,0.7688357321440638,0,923000,0,0,9641000,13062000,0,8718000,10455000,0.70646665315224,1737000,0.11737279545915265,-1890000,-973000,-0.06574768565443612,-4923000,3950000,0.2669099263463748,0.020998039809062008,0.020998039809062008,188112797,188112797,https://www.sedar.com/ModifyCompanyDocumentSearchForm.do?lang=EN&company_search=Advantage Oil & Gas Ltd&document_selection=0&industry_group=A&FromDate=13&FromMonth=05&FromYear=2000&ToDate=13&ToMonth=11&ToYear=2020&Variable=Issuer,https://www.sedar.com/ModifyCompanyDocumentSearchForm.do?lang=EN&company_search=Advantage Oil & Gas Ltd&document_selection=0&industry_group=A&FromDate=13&FromMonth=05&FromYear=2000&ToDate=13&ToMonth=11&ToYear=2020&Variable=Issuer,1620586026,14:47:06,20210509
78,2001-09-30,AAV.TO,CAD,2001-09-30,2001-09-30,Q3,16362000,3263000,13099000,0.8005745018946339,0,816000,0,0,8113000,11376000,0,7297000,12283000,0.750702848062584,4986000,0.3047304730473047,-2676000,1405000,0.0858696980809192,-2250000,3655000,0.2233834494560567,0.28,0.28,12834282,12834282,https://www.sedar.com/ModifyCompanyDocumentSearchForm.do?lang=EN&company_search=Advantage Oil & Gas Ltd&document_selection=0&industry_group=A&FromDate=13&FromMonth=05&FromYear=2000&ToDate=13&ToMonth=11&ToYear=2020&Variable=Issuer,https://www.sedar.com/ModifyCompanyDocumentSearchForm.do?lang=EN&company_search=Advantage Oil & Gas Ltd&document_selection=0&industry_group=A&FromDate=13&FromMonth=05&FromYear=2000&ToDate=13&ToMonth=11&ToYear=2020&Variable=Issuer,1620586026,14:47:06,20210509
79,2001-06-30,AAV.TO,CAD,2001-06-30,2001-06-30,Q2,7434000,1221000,6213000,0.8357546408393866,0,324000,0,0,2564000,3785000,0,0,7222000,0.9714823782620393,3649000,0.49085283831046544,-1333000,2159000,0.2904223836427226,197000,1962000,0.2639225181598063,0.15,0.15,12834282,12834282,https://www.sedar.com/ModifyCompanyDocumentSearchForm.do?lang=EN&company_search=Advantage Oil & Gas Ltd&document_selection=0&industry_group=A&FromDate=13&FromMonth=05&FromYear=2000&ToDate=13&ToMonth=11&ToYear=2020&Variable=Issuer,https://www.sedar.com/ModifyCompanyDocumentSearchForm.do?lang=EN&company_search=Advantage Oil & Gas Ltd&document_selection=0&industry_group=A&FromDate=13&FromMonth=05&FromYear=2000&ToDate=13&ToMonth=11&ToYear=2020&Variable=Issuer,1620586026,14:47:06,20210509
80,1998-12-31,AAV.TO,CAD,1998-12-31,1998-12-31,Q4,3993444,5990166,-1996722,-0.5,0,0,0,0,460782,6450948,0,460782,-1996722,-0.5,-2457504,-0.6153846153846154,2611098,0,0.0,0,-921564,-0.23076923076923078,-0.860126,-0.860126,13750006,13750006,https://www.sedar.com/ModifyCompanyDocumentSearchForm.do?lang=EN&company_search=Advantage Oil & Gas Ltd&document_selection=0&industry_group=A&FromDate=13&FromMonth=05&FromYear=2000&ToDate=13&ToMonth=11&ToYear=2020&Variable=Issuer,https://www.sedar.com/ModifyCompanyDocumentSearchForm.do?lang=EN&company_search=Advantage Oil & Gas Ltd&document_selection=0&industry_group=A&FromDate=13&FromMonth=05&FromYear=2000&ToDate=13&ToMonth=11&ToYear=2020&Variable=Issuer,1620586026,14:47:06,20210509
81,1998-09-30,AAV.TO,CAD,1998-09-30,1998-09-30,Q3,3662976,5647088,-1984112,-0.5416666666666666,0,0,0,0,305248,5952336,763120,305248,-1984112,-0.5416666666666666,-2289360,-0.625,-1068368,0,0.0,0,-4273472,-1.1666666666666667,-1.08363,-1.08363,13802822,13802822,https://www.sedar.com/ModifyCompanyDocumentSearchForm.do?lang=EN&company_search=Advantage Oil & Gas Ltd&document_selection=0&industry_group=A&FromDate=13&FromMonth=05&FromYear=2000&ToDate=13&ToMonth=11&ToYear=2020&Variable=Issuer,https://www.sedar.com/ModifyCompanyDocumentSearchForm.do?lang=EN&company_search=Advantage Oil & Gas Ltd&document_selection=0&industry_group=A&FromDate=13&FromMonth=05&FromYear=2000&ToDate=13&ToMonth=11&ToYear=2020&Variable=Issuer,1620586026,14:47:06,20210509
82,1998-06-30,AAV.TO,CAD,1998-06-30,1998-06-30,Q2,3823404,5293944,-1470540,-0.38461538461538464,0,0,0,0,294108,5588052,0,294108,-1470540,-0.38461538461538464,-1764648,-0.46153846153846156,-1029378,0,0.0,0,-3823404,-1.0,-0.999967,-0.999967,13823532,13823532,https://www.sedar.com/ModifyCompanyDocumentSearchForm.do?lang=EN&company_search=Advantage Oil & Gas Ltd&document_selection=0&industry_group=A&FromDate=13&FromMonth=05&FromYear=2000&ToDate=13&ToMonth=11&ToYear=2020&Variable=Issuer,https://www.sedar.com/ModifyCompanyDocumentSearchForm.do?lang=EN&company_search=Advantage Oil & Gas Ltd&document_selection=0&industry_group=A&FromDate=13&FromMonth=05&FromYear=2000&ToDate=13&ToMonth=11&ToYear=2020&Variable=Issuer,1620586026,14:47:06,20210509
83,1998-03-31,AAV.TO,CAD,1998-03-31,1998-03-31,Q1,3325990,5867155,-2541165,-0.7640326639587011,0,0,0,0,420416,6287571,0,420416,-2541165,-0.7640326639587011,-2961581,-0.8904359303545711,28533413,0,0.0,0,24300805,7.306337361206738,0.12918209386892482,0.12918209386892482,188112797,188112797,https://www.sedar.com/ModifyCompanyDocumentSearchForm.do?lang=EN&company_search=Advantage Oil & Gas Ltd&document_selection=0&industry_group=A&FromDate=13&FromMonth=05&FromYear=2000&ToDate=13&ToMonth=11&ToYear=2020&Variable=Issuer,https://www.sedar.com/ModifyCompanyDocumentSearchForm.do?lang=EN&company_search=Advantage Oil & Gas Ltd&document_selection=0&industry_group=A&FromDate=13&FromMonth=05&FromYear=2000&ToDate=13&ToMonth=11&ToYear=2020&Variable=Issuer,1620586026,14:47:06,20210509
84,1997-12-31,AAV.TO,CAD,1997-12-31,1997-12-31,Q4,4293060,6439590,-2146530,-0.5,0,0,0,0,429306,6868896,0,429306,-2146530,-0.5,-2575836,-0.6,-95878340,0,0.0,0,-79421610,-18.5,-6.42528,-6.42528,13808463,13808463,https://www.sedar.com/ModifyCompanyDocumentSearchForm.do?lang=EN&company_search=Advantage Oil & Gas Ltd&document_selection=0&industry_group=A&FromDate=13&FromMonth=05&FromYear=2000&ToDate=13&ToMonth=11&ToYear=2020&Variable=Issuer,https://www.sedar.com/ModifyCompanyDocumentSearchForm.do?lang=EN&company_search=Advantage Oil & Gas Ltd&document_selection=0&industry_group=A&FromDate=13&FromMonth=05&FromYear=2000&ToDate=13&ToMonth=11&ToYear=2020&Variable=Issuer,1620586026,14:47:06,20210509
85,1997-09-30,AAV.TO,CAD,1997-09-30,1997-09-30,Q3,5116175,5945825,-829650,-0.16216216216216217,0,0,0,0,414825,6360650,0,414825,-829650,-0.16216216216216217,-1244475,-0.24324324324324326,-3595150,0,0.0,0,-2212400,-0.43243243243243246,-0.788168,-0.788168,13859640,13859640,https://www.sedar.com/ModifyCompanyDocumentSearchForm.do?lang=EN&company_search=Advantage Oil & Gas Ltd&document_selection=0&industry_group=A&FromDate=13&FromMonth=05&FromYear=2000&ToDate=13&ToMonth=11&ToYear=2020&Variable=Issuer,https://www.sedar.com/ModifyCompanyDocumentSearchForm.do?lang=EN&company_search=Advantage Oil & Gas Ltd&document_selection=0&industry_group=A&FromDate=13&FromMonth=05&FromYear=2000&ToDate=13&ToMonth=11&ToYear=2020&Variable=Issuer,1620586026,14:47:06,20210509
86,1997-06-30,AAV.TO,CAD,1997-06-30,1997-06-30,Q2,4414592,4276636,137956,0.03125,0,0,0,0,275912,4552548,0,275912,137956,0.03125,-137956,-0.03125,-48560512,0,0.0,0,-50905764,-11.53125,-4.304227,-4.304227,13814103,13814103,https://www.sedar.com/ModifyCompanyDocumentSearchForm.do?lang=EN&company_search=Advantage Oil & Gas Ltd&document_selection=0&industry_group=A&FromDate=13&FromMonth=05&FromYear=2000&ToDate=13&ToMonth=11&ToYear=2020&Variable=Issuer,https://www.sedar.com/ModifyCompanyDocumentSearchForm.do?lang=EN&company_search=Advantage Oil & Gas Ltd&document_selection=0&industry_group=A&FromDate=13&FromMonth=05&FromYear=2000&ToDate=13&ToMonth=11&ToYear=2020&Variable=Issuer,1620586026,14:47:06,20210509
87,1997-03-31,AAV.TO,CAD,1997-03-31,1997-03-31,Q1,683010,4256402,-3573392,-5.231829695026427,0,0,0,0,-37402575,-33146173,0,-15472175,18357008,26.87663138167816,33829183,49.52955740033089,-25590350,-6662444,-9.754533608585525,596452,-24392994,-35.71396319233979,-0.12967216685423055,-0.12967216685423055,188112797,188112797,https://www.sedar.com/ModifyCompanyDocumentSearchForm.do?lang=EN&company_search=Advantage Oil & Gas Ltd&document_selection=0&industry_group=A&FromDate=13&FromMonth=05&FromYear=2000&ToDate=13&ToMonth=11&ToYear=2020&Variable=Issuer,https://www.sedar.com/ModifyCompanyDocumentSearchForm.do?lang=EN&company_search=Advantage Oil & Gas Ltd&document_selection=0&industry_group=A&FromDate=13&FromMonth=05&FromYear=2000&ToDate=13&ToMonth=11&ToYear=2020&Variable=Issuer,1620586026,14:47:06,20210509
88,1996-12-31,AAV.TO,CAD,1996-12-31,1996-12-31,Q4,4934340,0,0,0.0,0,5756730,0,0,7675640,7675640,0,1918910,-822390,-0.16666666666666666,-2741300,-0.5555555555555556,46465035,0,0.0,0,40708305,8.25,2.590529,2.439757,12592590,13370787,https://www.sedar.com/ModifyCompanyDocumentSearchForm.do?lang=EN&company_search=Advantage Oil & Gas Ltd&document_selection=0&industry_group=A&FromDate=13&FromMonth=05&FromYear=2000&ToDate=13&ToMonth=11&ToYear=2020&Variable=Issuer,https://www.sedar.com/ModifyCompanyDocumentSearchForm.do?lang=EN&company_search=Advantage Oil & Gas Ltd&document_selection=0&industry_group=A&FromDate=13&FromMonth=05&FromYear=2000&ToDate=13&ToMonth=11&ToYear=2020&Variable=Issuer,1620586026,14:47:06,20210509
89,1996-09-30,AAV.TO,CAD,1996-09-30,1996-09-30,Q3,5994076,0,0,0.0,0,8718656,0,0,9536030,9536030,2043435,817374,-2724580,-0.45454545454545453,-3541954,-0.5909090909090909,-817374,0,0.0,0,-7083908,-1.1818181818181819,-0.613031,-0.613031,16940904,16940904,https://www.sedar.com/ModifyCompanyDocumentSearchForm.do?lang=EN&company_search=Advantage Oil & Gas Ltd&document_selection=0&industry_group=A&FromDate=13&FromMonth=05&FromYear=2000&ToDate=13&ToMonth=11&ToYear=2020&Variable=Issuer,https://www.sedar.com/ModifyCompanyDocumentSearchForm.do?lang=EN&company_search=Advantage Oil & Gas Ltd&document_selection=0&industry_group=A&FromDate=13&FromMonth=05&FromYear=2000&ToDate=13&ToMonth=11&ToYear=2020&Variable=Issuer,1620586026,14:47:06,20210509
90,1996-06-30,AAV.TO,CAD,1996-06-30,1996-06-30,Q2,5599042,14202448,-8603406,-1.5365853658536586,0,7237786,0,0,22123044,36325492,0,14885258,-15841192,-2.8292682926829267,-30726450,-5.487804878048781,2731240,-3550612,-0.6341463414634146,40422352,-393708246,-70.3170731707317,-23.570601,-23.570601,16940904,16940904,https://www.sedar.com/ModifyCompanyDocumentSearchForm.do?lang=EN&company_search=Advantage Oil & Gas Ltd&document_selection=0&industry_group=A&FromDate=13&FromMonth=05&FromYear=2000&ToDate=13&ToMonth=11&ToYear=2020&Variable=Issuer,https://www.sedar.com/ModifyCompanyDocumentSearchForm.do?lang=EN&company_search=Advantage Oil & Gas Ltd&document_selection=0&industry_group=A&FromDate=13&FromMonth=05&FromYear=2000&ToDate=13&ToMonth=11&ToYear=2020&Variable=Issuer,1620586026,14:47:06,20210509
91,1996-03-31,AAV.TO,CAD,1996-03-31,1996-03-31,Q1,1981315260,1928719946,52595314,0.026545656343453388,0,105248922,0,0,114079658,2042799604,0,8830736,-52653608,-0.02657507821344898,-61484344,-0.0310320852220156,16133332,-58802106,-0.02967831883553958,-16054810,-51329000,-0.025906528373480554,-0.2728628823694541,-0.2728628823694541,188112797,188112797,https://www.sedar.com/ModifyCompanyDocumentSearchForm.do?lang=EN&company_search=Advantage Oil & Gas Ltd&document_selection=0&industry_group=A&FromDate=13&FromMonth=05&FromYear=2000&ToDate=13&ToMonth=11&ToYear=2020&Variable=Issuer,https://www.sedar.com/ModifyCompanyDocumentSearchForm.do?lang=EN&company_search=Advantage Oil & Gas Ltd&document_selection=0&industry_group=A&FromDate=13&FromMonth=05&FromYear=2000&ToDate=13&ToMonth=11&ToYear=2020&Variable=Issuer,1620586026,14:47:06,20210509
92,1995-12-31,AAV.TO,CAD,1995-12-31,1995-12-31,Q4,1950836736,1863960128,86876608,0.044532997762863534,0,63282176,0,0,71874368,1935834496,0,8592192,23594432,0.012094519015659956,15002240,0.007690156599552573,-78148032,-77329728,-0.039639261744966445,-22503360,-54826368,-0.028104026845637585,-3.545984,-3.545984,17576923,17576923,https://www.sedar.com/ModifyCompanyDocumentSearchForm.do?lang=EN&company_search=Advantage Oil & Gas Ltd&document_selection=0&industry_group=A&FromDate=13&FromMonth=05&FromYear=2000&ToDate=13&ToMonth=11&ToYear=2020&Variable=Issuer,https://www.sedar.com/ModifyCompanyDocumentSearchForm.do?lang=EN&company_search=Advantage Oil & Gas Ltd&document_selection=0&industry_group=A&FromDate=13&FromMonth=05&FromYear=2000&ToDate=13&ToMonth=11&ToYear=2020&Variable=Issuer,1620586026,14:47:06,20210509
93,1995-09-30,AAV.TO,CAD,1995-09-30,1995-09-30,Q3,1778634270,1688658678,89975592,0.050586898901931084,0,70579656,0,0,78526602,1767185280,0,7946946,19395936,0.01090496024233245,11448990,0.006436955698599016,11179602,11179602,0.006285497917455509,269388,10910214,0.006134040136312003,0.21551,0.21551,16875031,16875031,https://www.sedar.com/ModifyCompanyDocumentSearchForm.do?lang=EN&company_search=Advantage Oil & Gas Ltd&document_selection=0&industry_group=A&FromDate=13&FromMonth=05&FromYear=2000&ToDate=13&ToMonth=11&ToYear=2020&Variable=Issuer,https://www.sedar.com/ModifyCompanyDocumentSearchForm.do?lang=EN&company_search=Advantage Oil & Gas Ltd&document_selection=0&industry_group=A&FromDate=13&FromMonth=05&FromYear=2000&ToDate=13&ToMonth=11&ToYear=2020&Variable=Issuer,1620586026,14:47:06,20210509
94,1995-06-30,AAV.TO,CAD,1995-06-30,1995-06-30,Q2,1756093416,1668577260,87516156,0.049835706462212484,0,68281836,0,0,76662504,1745239764,0,8380668,19234320,0.01095290251916758,10853652,0.006180566421530277,10578876,10441488,0.0059458613675481145,137388,8518056,0.004850571115631357,0.082433,0.082433,16448000,16448000,https://www.sedar.com/ModifyCompanyDocumentSearchForm.do?lang=EN&company_search=Advantage Oil & Gas Ltd&document_selection=0&industry_group=A&FromDate=13&FromMonth=05&FromYear=2000&ToDate=13&ToMonth=11&ToYear=2020&Variable=Issuer,https://www.sedar.com/ModifyCompanyDocumentSearchForm.do?lang=EN&company_search=Advantage Oil & Gas Ltd&document_selection=0&industry_group=A&FromDate=13&FromMonth=05&FromYear=2000&ToDate=13&ToMonth=11&ToYear=2020&Variable=Issuer,1620586026,14:47:06,20210509
95,1995-03-31,AAV.TO,CAD,1995-03-31,1995-03-31,Q1,1913285655,1774379995,138905660,0.07260058613673137,0,104530615,0,0,114071798,1888451793,0,9541183,34375045,0.01796649910073151,24833862,0.012979693824129989,9961384,20343671,0.01063284562178981,-701037,21044708,0.010999250396825873,0.11187281426685713,0.11187281426685713,188112797,188112797,https://www.sedar.com/ModifyCompanyDocumentSearchForm.do?lang=EN&company_search=Advantage Oil & Gas Ltd&document_selection=0&industry_group=A&FromDate=13&FromMonth=05&FromYear=2000&ToDate=13&ToMonth=11&ToYear=2020&Variable=Issuer,https://www.sedar.com/ModifyCompanyDocumentSearchForm.do?lang=EN&company_search=Advantage Oil & Gas Ltd&document_selection=0&industry_group=A&FromDate=13&FromMonth=05&FromYear=2000&ToDate=13&ToMonth=11&ToYear=2020&Variable=Issuer,1620586026,14:47:06,20210509
96,1994-12-31,AAV.TO,CAD,1994-12-31,1994-12-31,Q4,1831961982,1706146968,125815014,0.06867774289870607,0,93554754,0,0,102531522,1808678490,0,8976768,32260260,0.01760967766633489,23283492,0.012709593446137356,9537816,22161396,0.012097082918612664,1542882,20618514,0.011254880943266212,0.841572,0.841572,16666667,16666667,https://www.sedar.com/ModifyCompanyDocumentSearchForm.do?lang=EN&company_search=Advantage Oil & Gas Ltd&document_selection=0&industry_group=A&FromDate=13&FromMonth=05&FromYear=2000&ToDate=13&ToMonth=11&ToYear=2020&Variable=Issuer,https://www.sedar.com/ModifyCompanyDocumentSearchForm.do?lang=EN&company_search=Advantage Oil & Gas Ltd&document_selection=0&industry_group=A&FromDate=13&FromMonth=05&FromYear=2000&ToDate=13&ToMonth=11&ToYear=2020&Variable=Issuer,1620586026,14:47:06,20210509
97,1994-09-30,AAV.TO,CAD,1994-09-30,1994-09-30,Q3,1677211536,1561990430,115221106,0.06869801663467691,0,86784698,0,0,95369274,1657359704,0,8584576,28436408,0.01695457453614843,19851832,0.011836212412028152,1341340,11133122,0.0066378758797184904,2146144,8986978,0.00535828534868842,0.187788,0.187788,13571400,13571400,https://www.sedar.com/ModifyCompanyDocumentSearchForm.do?lang=EN&company_search=Advantage Oil & Gas Ltd&document_selection=0&industry_group=A&FromDate=13&FromMonth=05&FromYear=2000&ToDate=13&ToMonth=11&ToYear=2020&Variable=Issuer,https://www.sedar.com/ModifyCompanyDocumentSearchForm.do?lang=EN&company_search=Advantage Oil & Gas Ltd&document_selection=0&industry_group=A&FromDate=13&FromMonth=05&FromYear=2000&ToDate=13&ToMonth=11&ToYear=2020&Variable=Issuer,1620586026,14:47:06,20210509
98,1994-06-30,AAV.TO,CAD,1994-06-30,1994-06-30,Q2,1736520471,1624197204,112323267,0.0646829501153632,0,92013894,0,0,100717911,1724915115,0,8704017,20309373,0.011695441164770467,11605356,0.0066831092370116954,8013222,7046109,0.0040576020367571,-138159,7184268,0.00413716286100724,0.055264,0.055264,12499910,12499910,https://www.sedar.com/ModifyCompanyDocumentSearchForm.do?lang=EN&company_search=Advantage Oil & Gas Ltd&document_selection=0&industry_group=A&FromDate=13&FromMonth=05&FromYear=2000&ToDate=13&ToMonth=11&ToYear=2020&Variable=Issuer,https://www.sedar.com/ModifyCompanyDocumentSearchForm.do?lang=EN&company_search=Advantage Oil & Gas Ltd&document_selection=0&industry_group=A&FromDate=13&FromMonth=05&FromYear=2000&ToDate=13&ToMonth=11&ToYear=2020&Variable=Issuer,1620586026,14:47:06,20210509
99,1994-03-31,AAV.TO,CAD,1994-03-31,1994-03-31,Q1,2110986526,1970146420,140840106,0.0667176716977302,0,104215947,0,0,113184775,2083331195,0,8968828,36624159,0.01734930969426756,27655331,0.013100666754326787,11938674,24034153,0.011385270679837585,459228,23574925,0.01116772878918887,0.12532334522674712,0.12532334522674712,188112797,188112797,https://www.sedar.com/ModifyCompanyDocumentSearchForm.do?lang=EN&company_search=Advantage Oil & Gas Ltd&document_selection=0&industry_group=A&FromDate=13&FromMonth=05&FromYear=2000&ToDate=13&ToMonth=11&ToYear=2020&Variable=Issuer,https://www.sedar.com/ModifyCompanyDocumentSearchForm.do?lang=EN&company_search=Advantage Oil & Gas Ltd&document_selection=0&industry_group=A&FromDate=13&FromMonth=05&FromYear=2000&ToDate=13&ToMonth=11&ToYear=2020&Variable=Issuer,1620586026,14:47:06,20210509
100,1993-12-31,AAV.TO,CAD,1993-12-31,1993-12-31,Q4,1849174932,1734652392,114522540,0.06193169614090356,0,97046268,0,0,104195652,1838848044,0,7149384,17476272,0.009450848428438461,10326888,0.005584592253168182,7943760,8738136,0.004725424214219231,-1323960,10062096,0.005441397580010023,0.370709,0.370709,15714277,15714277,https://www.sedar.com/ModifyCompanyDocumentSearchForm.do?lang=EN&company_search=Advantage Oil & Gas Ltd&document_selection=0&industry_group=A&FromDate=13&FromMonth=05&FromYear=2000&ToDate=13&ToMonth=11&ToYear=2020&Variable=Issuer,https://www.sedar.com/ModifyCompanyDocumentSearchForm.do?lang=EN&company_search=Advantage Oil & Gas Ltd&document_selection=0&industry_group=A&FromDate=13&FromMonth=05&FromYear=2000&ToDate=13&ToMonth=11&ToYear=2020&Variable=Issuer,1620586026,14:47:06,20210509
101,1993-09-30,AAV.TO,CAD,1993-09-30,1993-09-30,Q3,1831337137,1713263909,118073228,0.06447378017650061,0,91894096,0,0,99240281,1812504190,0,7346185,26179132,0.014295091532346291,18832947,0.010283713806432792,-5209113,1869938,0.0010210779665961636,1736371,133567,7.293414047115454e-05,-0.08014,-0.08014,20000050,20000050,https://www.sedar.com/ModifyCompanyDocumentSearchForm.do?lang=EN&company_search=Advantage Oil & Gas Ltd&document_selection=0&industry_group=A&FromDate=13&FromMonth=05&FromYear=2000&ToDate=13&ToMonth=11&ToYear=2020&Variable=Issuer,https://www.sedar.com/ModifyCompanyDocumentSearchForm.do?lang=EN&company_search=Advantage Oil & Gas Ltd&document_selection=0&industry_group=A&FromDate=13&FromMonth=05&FromYear=2000&ToDate=13&ToMonth=11&ToYear=2020&Variable=Issuer,1620586026,14:47:06,20210509
102,1993-06-30,AAV.TO,CAD,1993-06-30,1993-06-30,Q2,1650694563,1549474542,101220021,0.0613196549312194,0,89289144,0,0,96088461,1645563003,0,6799317,11930877,0.007227792026113313,5131560,0.0031087277531670165,7440762,4361826,0.002642418590191964,-2437491,6799317,0.004119064272946297,0.256578,0.256578,20000000,20000000,https://www.sedar.com/ModifyCompanyDocumentSearchForm.do?lang=EN&company_search=Advantage Oil & Gas Ltd&document_selection=0&industry_group=A&FromDate=13&FromMonth=05&FromYear=2000&ToDate=13&ToMonth=11&ToYear=2020&Variable=Issuer,https://www.sedar.com/ModifyCompanyDocumentSearchForm.do?lang=EN&company_search=Advantage Oil & Gas Ltd&document_selection=0&industry_group=A&FromDate=13&FromMonth=05&FromYear=2000&ToDate=13&ToMonth=11&ToYear=2020&Variable=Issuer,1620586026,14:47:06,20210509
103,1993-03-31,AAV.TO,CAD,1993-03-31,1993-03-31,Q1,1604079896,1495959580,108120316,0.06740332340652937,0,78457652,0,0,84458248,1580417828,6677820,6000596,29662664,0.018492011572470952,23662068,0.014751177955041212,-23994292,-11248280,-0.007012294105829252,-23751448,11864628,0.007396531824621783,0.06307188128195233,0.06307188128195233,188112797,188112797,https://www.sedar.com/ModifyCompanyDocumentSearchForm.do?lang=EN&company_search=Advantage Oil & Gas Ltd&document_selection=0&industry_group=A&FromDate=13&FromMonth=05&FromYear=2000&ToDate=13&ToMonth=11&ToYear=2020&Variable=Issuer,https://www.sedar.com/ModifyCompanyDocumentSearchForm.do?lang=EN&company_search=Advantage Oil & Gas Ltd&document_selection=0&industry_group=A&FromDate=13&FromMonth=05&FromYear=2000&ToDate=13&ToMonth=11&ToYear=2020&Variable=Issuer,1620586026,14:47:06,20210509
104,1992-12-31,AAV.TO,CAD,1992-12-31,1992-12-31,Q4,1661864204,1555228024,106636180,0.06416660262814108,0,141628172,0,0,147758156,1702986180,0,6129984,-34991992,-0.021055867209713364,-41121976,-0.02474448628294782,4342072,-39589480,-0.02382233151463921,-19539324,-19667032,-0.011834319526627219,-1.085518,-1.085518,19647059,19647059,https://www.sedar.com/ModifyCompanyDocumentSearchForm.do?lang=EN&company_search=Advantage Oil & Gas Ltd&document_selection=0&industry_group=A&FromDate=13&FromMonth=05&FromYear=2000&ToDate=13&ToMonth=11&ToYear=2020&Variable=Issuer,https://www.sedar.com/ModifyCompanyDocumentSearchForm.do?lang=EN&company_search=Advantage Oil & Gas Ltd&document_selection=0&industry_group=A&FromDate=13&FromMonth=05&FromYear=2000&ToDate=13&ToMonth=11&ToYear=2020&Variable=Issuer,1620586026,14:47:06,20210509
105,1992-09-30,AAV.TO,CAD,1992-09-30,1992-09-30,Q3,1498756602,1402924026,95832576,0.06394138706185996,0,76241802,0,0,82106556,1485030582,0,5864754,19590774,0.013071351261343768,13726020,0.009158271584380984,4741716,10731252,0.00716010323869786,6239100,4741716,0.0031637665473316125,0.149738,0.149738,20000053,20000053,https://www.sedar.com/ModifyCompanyDocumentSearchForm.do?lang=EN&company_search=Advantage Oil & Gas Ltd&document_selection=0&industry_group=A&FromDate=13&FromMonth=05&FromYear=2000&ToDate=13&ToMonth=11&ToYear=2020&Variable=Issuer,https://www.sedar.com/ModifyCompanyDocumentSearchForm.do?lang=EN&company_search=Advantage Oil & Gas Ltd&document_selection=0&industry_group=A&FromDate=13&FromMonth=05&FromYear=2000&ToDate=13&ToMonth=11&ToYear=2020&Variable=Issuer,1620586026,14:47:06,20210509
106,1992-06-30,AAV.TO,CAD,1992-06-30,1992-06-30,Q2,1122725162,1057414280,65310882,0.05817174515235457,0,48444885,0,0,52990331,1110404611,0,4545446,16865997,0.015022373748135521,12320551,0.010973790752184104,2990425,13157870,0.01171958235670147,5502382,7655488,0.006818666098444491,0.251196,0.251196,30476154,30476154,https://www.sedar.com/ModifyCompanyDocumentSearchForm.do?lang=EN&company_search=Advantage Oil & Gas Ltd&document_selection=0&industry_group=A&FromDate=13&FromMonth=05&FromYear=2000&ToDate=13&ToMonth=11&ToYear=2020&Variable=Issuer,https://www.sedar.com/ModifyCompanyDocumentSearchForm.do?lang=EN&company_search=Advantage Oil & Gas Ltd&document_selection=0&industry_group=A&FromDate=13&FromMonth=05&FromYear=2000&ToDate=13&ToMonth=11&ToYear=2020&Variable=Issuer,1620586026,14:47:06,20210509
107,1992-03-31,AAV.TO,CAD,1992-03-31,1992-03-31,Q1,1190056352,1099193456,90862896,0.07635175918123245,0,66328264,0,0,71113932,1170307388,0,4785668,24534632,0.02061636153512166,19748964,0.016594982218119364,10160308,13949860,0.01172201633692049,9459560,10853108,0.00911982695757251,0.05769468198380996,0.05769468198380996,188112797,188112797,https://www.sedar.com/ModifyCompanyDocumentSearchForm.do?lang=EN&company_search=Advantage Oil & Gas Ltd&document_selection=0&industry_group=A&FromDate=13&FromMonth=05&FromYear=2000&ToDate=13&ToMonth=11&ToYear=2020&Variable=Issuer,https://www.sedar.com/ModifyCompanyDocumentSearchForm.do?lang=EN&company_search=Advantage Oil & Gas Ltd&document_selection=0&industry_group=A&FromDate=13&FromMonth=05&FromYear=2000&ToDate=13&ToMonth=11&ToYear=2020&Variable=Issuer,1620586026,14:47:06,20210509
108,1991-12-31,AAV.TO,CAD,1991-12-31,1991-12-31,Q4,1007279700,935851260,71428440,0.07091222030981068,0,53397960,0,0,57674420,993525680,0,4276460,18030480,0.017900172117039585,13754020,0.013654618473895583,6010160,10980100,0.010900745840504877,6703640,4276460,0.004245553643144004,0.127138,0.127138,20909091,20909091,https://www.sedar.com/ModifyCompanyDocumentSearchForm.do?lang=EN&company_search=Advantage Oil & Gas Ltd&document_selection=0&industry_group=A&FromDate=13&FromMonth=05&FromYear=2000&ToDate=13&ToMonth=11&ToYear=2020&Variable=Issuer,https://www.sedar.com/ModifyCompanyDocumentSearchForm.do?lang=EN&company_search=Advantage Oil & Gas Ltd&document_selection=0&industry_group=A&FromDate=13&FromMonth=05&FromYear=2000&ToDate=13&ToMonth=11&ToYear=2020&Variable=Issuer,1620586026,14:47:06,20210509
109,1991-09-30,AAV.TO,CAD,1991-09-30,1991-09-30,Q3,934008205,868108800,65899405,0.0705554883214329,0,54030730,0,0,58099990,926208790,0,4069260,11868675,0.01270724918310541,7799415,0.008350478034612127,-8025485,-6442995,-0.006898220985114365,3956225,18537740,0.019847513009802736,0.779942,0.779942,21739116,21739116,https://www.sedar.com/ModifyCompanyDocumentSearchForm.do?lang=EN&company_search=Advantage Oil & Gas Ltd&document_selection=0&industry_group=A&FromDate=13&FromMonth=05&FromYear=2000&ToDate=13&ToMonth=11&ToYear=2020&Variable=Issuer,https://www.sedar.com/ModifyCompanyDocumentSearchForm.do?lang=EN&company_search=Advantage Oil & Gas Ltd&document_selection=0&industry_group=A&FromDate=13&FromMonth=05&FromYear=2000&ToDate=13&ToMonth=11&ToYear=2020&Variable=Issuer,1620586026,14:47:06,20210509
110,1991-06-30,AAV.TO,CAD,1991-06-30,1991-06-30,Q2,814045232,760682076,53363156,0.06555306007860752,0,42393428,0,0,45935736,806617812,0,3542308,10969728,0.01347557551937114,7427420,0.009124087591240875,3428040,5827668,0.007158899494665918,2856700,1256948,0.0015440763615946099,-0.011427,-0.011427,21873000,21873000,https://www.sedar.com/ModifyCompanyDocumentSearchForm.do?lang=EN&company_search=Advantage Oil & Gas Ltd&document_selection=0&industry_group=A&FromDate=13&FromMonth=05&FromYear=2000&ToDate=13&ToMonth=11&ToYear=2020&Variable=Issuer,https://www.sedar.com/ModifyCompanyDocumentSearchForm.do?lang=EN&company_search=Advantage Oil & Gas Ltd&document_selection=0&industry_group=A&FromDate=13&FromMonth=05&FromYear=2000&ToDate=13&ToMonth=11&ToYear=2020&Variable=Issuer,1620586026,14:47:06,20210509
111,1991-03-31,AAV.TO,CAD,1991-03-31,1991-03-31,Q1,890956990,827884613,63072377,0.07079171913786769,0,20143043,0,0,20549614,848434227,0,406571,42929334,0.04818339659695582,42522763,0.0477270659271667,-49471614,-16442225,-0.018454566476884593,13893,222633420,0.2498812204167117,1.1835102318956003,1.1835102318956003,188112797,188112797,https://www.sedar.com/ModifyCompanyDocumentSearchForm.do?lang=EN&company_search=Advantage Oil & Gas Ltd&document_selection=0&industry_group=A&FromDate=13&FromMonth=05&FromYear=2000&ToDate=13&ToMonth=11&ToYear=2020&Variable=Issuer,https://www.sedar.com/ModifyCompanyDocumentSearchForm.do?lang=EN&company_search=Advantage Oil & Gas Ltd&document_selection=0&industry_group=A&FromDate=13&FromMonth=05&FromYear=2000&ToDate=13&ToMonth=11&ToYear=2020&Variable=Issuer,1620586026,14:47:06,20210509
112,1990-12-31,AAV.TO,CAD,1990-12-31,1990-12-31,Q4,851430832,787712794,63718038,0.07483642311886586,0,52808210,0,0,56870380,844583174,0,4062170,10909828,0.012813522355507088,6847658,0.008042529989094875,2785488,2553364,0.0029989094874591058,-348186,3017612,0.003544165757906216,0.069637,0.069637,20000057,20000057,https://www.sedar.com/ModifyCompanyDocumentSearchForm.do?lang=EN&company_search=Advantage Oil & Gas Ltd&document_selection=0&industry_group=A&FromDate=13&FromMonth=05&FromYear=2000&ToDate=13&ToMonth=11&ToYear=2020&Variable=Issuer,https://www.sedar.com/ModifyCompanyDocumentSearchForm.do?lang=EN&company_search=Advantage Oil & Gas Ltd&document_selection=0&industry_group=A&FromDate=13&FromMonth=05&FromYear=2000&ToDate=13&ToMonth=11&ToYear=2020&Variable=Issuer,1620586026,14:47:06,20210509
113,1990-09-30,AAV.TO,CAD,1990-09-30,1990-09-30,Q3,808905408,750846130,58059278,0.07177511415525115,0,47901790,0,0,55289054,806135184,0,7387264,10157488,0.012557077625570776,2770224,0.003424657534246575,1500538,-3809058,-0.004708904109589041,-3462780,-1269686,-0.001569634703196347,-0.126969,-0.126969,22727201,22727201,https://www.sedar.com/ModifyCompanyDocumentSearchForm.do?lang=EN&company_search=Advantage Oil & Gas Ltd&document_selection=0&industry_group=A&FromDate=13&FromMonth=05&FromYear=2000&ToDate=13&ToMonth=11&ToYear=2020&Variable=Issuer,https://www.sedar.com/ModifyCompanyDocumentSearchForm.do?lang=EN&company_search=Advantage Oil & Gas Ltd&document_selection=0&industry_group=A&FromDate=13&FromMonth=05&FromYear=2000&ToDate=13&ToMonth=11&ToYear=2020&Variable=Issuer,1620586026,14:47:06,20210509
114,1990-06-30,AAV.TO,CAD,1990-06-30,1990-06-30,Q2,777455460,721023480,56431980,0.07258548290341932,0,48853305,0,0,52817535,773841015,13758210,3964230,7578675,0.009748050389922016,3614445,0.004649070185962808,-32763195,0,0.0,0,-328797900,-0.42291541691661666,-15.192329,-15.192329,21749807,21749807,https://www.sedar.com/ModifyCompanyDocumentSearchForm.do?lang=EN&company_search=Advantage Oil & Gas Ltd&document_selection=0&industry_group=A&FromDate=13&FromMonth=05&FromYear=2000&ToDate=13&ToMonth=11&ToYear=2020&Variable=Issuer,https://www.sedar.com/ModifyCompanyDocumentSearchForm.do?lang=EN&company_search=Advantage Oil & Gas Ltd&document_selection=0&industry_group=A&FromDate=13&FromMonth=05&FromYear=2000&ToDate=13&ToMonth=11&ToYear=2020&Variable=Issuer,1620586026,14:47:06,20210509
115,1990-03-31,AAV.TO,CAD,1990-03-31,1990-03-31,Q1,736435938,668569956,67865982,0.09215463083497699,0,62922215,0,0,61026764,729596720,0,-1895451,4943767,0.006713098512582367,6839218,0.009286915055468139,-5053506,-12972479,-0.017615217197615905,-4008324,-1467876,-0.0019932161431263557,-0.00780316928677638,-0.00780316928677638,188112797,188112797,https://www.sedar.com/ModifyCompanyDocumentSearchForm.do?lang=EN&company_search=Advantage Oil & Gas Ltd&document_selection=0&industry_group=A&FromDate=13&FromMonth=05&FromYear=2000&ToDate=13&ToMonth=11&ToYear=2020&Variable=Issuer,https://www.sedar.com/ModifyCompanyDocumentSearchForm.do?lang=EN&company_search=Advantage Oil & Gas Ltd&document_selection=0&industry_group=A&FromDate=13&FromMonth=05&FromYear=2000&ToDate=13&ToMonth=11&ToYear=2020&Variable=Issuer,1620586026,14:47:06,20210509
116,1989-12-31,AAV.TO,CAD,1989-12-31,1989-12-31,Q4,831197078,761245422,69951656,0.08415772606938833,0,57907000,0,0,68909330,830154752,0,11002330,12044656,0.014490734290093354,1042326,0.0012540058520273095,10307446,-6369770,-0.007663369095722447,-15287448,21309776,0.02563745297478055,0.903349,0.903349,23589749,23589749,https://www.sedar.com/ModifyCompanyDocumentSearchForm.do?lang=EN&company_search=Advantage Oil & Gas Ltd&document_selection=0&industry_group=A&FromDate=13&FromMonth=05&FromYear=2000&ToDate=13&ToMonth=11&ToYear=2020&Variable=Issuer,https://www.sedar.com/ModifyCompanyDocumentSearchForm.do?lang=EN&company_search=Advantage Oil & Gas Ltd&document_selection=0&industry_group=A&FromDate=13&FromMonth=05&FromYear=2000&ToDate=13&ToMonth=11&ToYear=2020&Variable=Issuer,1620586026,14:47:06,20210509
117,1989-09-30,AAV.TO,CAD,1989-09-30,1989-09-30,Q3,882082446,0,0,0.0,0,0,0,0,0,0,0,0,882082446,1.0,882082446,1.0,0,0,0.0,0,-589785,-0.0006686279753944905,0.41285,0.41285,26923077,26923077,https://www.sedar.com/ModifyCompanyDocumentSearchForm.do?lang=EN&company_search=Advantage Oil & Gas Ltd&document_selection=0&industry_group=A&FromDate=13&FromMonth=05&FromYear=2000&ToDate=13&ToMonth=11&ToYear=2020&Variable=Issuer,https://www.sedar.com/ModifyCompanyDocumentSearchForm.do?lang=EN&company_search=Advantage Oil & Gas Ltd&document_selection=0&industry_group=A&FromDate=13&FromMonth=05&FromYear=2000&ToDate=13&ToMonth=11&ToYear=2020&Variable=Issuer,1620586026,14:47:06,20210509
118,1989-06-30,AAV.TO,CAD,1989-06-30,1989-06-30,Q2,1022108925,0,0,0.0,0,0,0,0,0,0,0,0,1022108925,1.0,1022108925,1.0,0,0,0.0,0,8382850,0.008201523140011716,0.311363,0.311363,26923077,26923077,https://www.sedar.com/ModifyCompanyDocumentSearchForm.do?lang=EN&company_search=Advantage Oil & Gas Ltd&document_selection=0&industry_group=A&FromDate=13&FromMonth=05&FromYear=2000&ToDate=13&ToMonth=11&ToYear=2020&Variable=Issuer,https://www.sedar.com/ModifyCompanyDocumentSearchForm.do?lang=EN&company_search=Advantage Oil & Gas Ltd&document_selection=0&industry_group=A&FromDate=13&FromMonth=05&FromYear=2000&ToDate=13&ToMonth=11&ToYear=2020&Variable=Issuer,1620586026,14:47:06,20210509
119,1989-03-31,AAV.TO,CAD,1989-03-31,1989-03-31,Q1,1037602691,0,0,0.0,0,0,0,0,0,0,0,0,-2585456125,-2.491759271083078,-2585456125,-2.491759271083078,0,0,0.0,0,1570874,0.0015139455724484045,0.008350702477726702,0.008350702477726702,188112797,188112797,https://www.sedar.com/ModifyCompanyDocumentSearchForm.do?lang=EN&company_search=Advantage Oil & Gas Ltd&document_selection=0&industry_group=A&FromDate=13&FromMonth=05&FromYear=2000&ToDate=13&ToMonth=11&ToYear=2020&Variable=Issuer,https://www.sedar.com/ModifyCompanyDocumentSearchForm.do?lang=EN&company_search=Advantage Oil & Gas Ltd&document_selection=0&industry_group=A&FromDate=13&FromMonth=05&FromYear=2000&ToDate=13&ToMonth=11&ToYear=2020&Variable=Issuer,1620586026,14:47:06,20210509
120,1988-12-31,AAV.TO,CAD,1988-12-31,1988-12-31,Q4,927086806,0,0,0.0,0,0,0,0,0,0,0,0,927086806,1.0,927086806,1.0,0,0,0.0,0,21551851,0.023246853326483432,0.869218,0.869218,24794529,24794529,https://www.sedar.com/ModifyCompanyDocumentSearchForm.do?lang=EN&company_search=Advantage Oil & Gas Ltd&document_selection=0&industry_group=A&FromDate=13&FromMonth=05&FromYear=2000&ToDate=13&ToMonth=11&ToYear=2020&Variable=Issuer,https://www.sedar.com/ModifyCompanyDocumentSearchForm.do?lang=EN&company_search=Advantage Oil & Gas Ltd&document_selection=0&industry_group=A&FromDate=13&FromMonth=05&FromYear=2000&ToDate=13&ToMonth=11&ToYear=2020&Variable=Issuer,1620586026,14:47:06,20210509
121,1988-09-30,AAV.TO,CAD,1988-09-30,1988-09-30,Q3,889770633,0,0,0.0,0,0,0,0,0,0,0,0,889770633,1.0,889770633,1.0,0,0,0.0,0,-62190233,-0.06989467925044454,-2.872191,-2.872191,21652541,21652541,https://www.sedar.com/ModifyCompanyDocumentSearchForm.do?lang=EN&company_search=Advantage Oil & Gas Ltd&document_selection=0&industry_group=A&FromDate=13&FromMonth=05&FromYear=2000&ToDate=13&ToMonth=11&ToYear=2020&Variable=Issuer,https://www.sedar.com/ModifyCompanyDocumentSearchForm.do?lang=EN&company_search=Advantage Oil & Gas Ltd&document_selection=0&industry_group=A&FromDate=13&FromMonth=05&FromYear=2000&ToDate=13&ToMonth=11&ToYear=2020&Variable=Issuer,1620586026,14:47:06,20210509
122,1988-06-30,AAV.TO,CAD,1988-06-30,1988-06-30,Q2,917036439,0,0,0.0,0,0,0,0,0,0,0,0,917036439,1.0,917036439,1.0,0,0,0.0,0,6062650,0.006611133148221605,0.194005,0.194005,21549000,21549000,https://www.sedar.com/ModifyCompanyDocumentSearchForm.do?lang=EN&company_search=Advantage Oil & Gas Ltd&document_selection=0&industry_group=A&FromDate=13&FromMonth=05&FromYear=2000&ToDate=13&ToMonth=11&ToYear=2020&Variable=Issuer,https://www.sedar.com/ModifyCompanyDocumentSearchForm.do?lang=EN&company_search=Advantage Oil & Gas Ltd&document_selection=0&industry_group=A&FromDate=13&FromMonth=05&FromYear=2000&ToDate=13&ToMonth=11&ToYear=2020&Variable=Issuer,1620586026,14:47:06,20210509
123,1988-03-31,AAV.TO,CAD,1988-03-31,1988-03-31,Q1,670671508,0,0,0.0,0,0,0,0,0,0,0,0,-3404535538,-5.076308591299215,-3404535538,-5.076308591299215,0,0,0.0,0,-36683062,-0.05469601967942852,-0.195005669922605,-0.195005669922605,188112797,188112797,https://www.sedar.com/ModifyCompanyDocumentSearchForm.do?lang=EN&company_search=Advantage Oil & Gas Ltd&document_selection=0&industry_group=A&FromDate=13&FromMonth=05&FromYear=2000&ToDate=13&ToMonth=11&ToYear=2020&Variable=Issuer,https://www.sedar.com/ModifyCompanyDocumentSearchForm.do?lang=EN&company_search=Advantage Oil & Gas Ltd&document_selection=0&industry_group=A&FromDate=13&FromMonth=05&FromYear=2000&ToDate=13&ToMonth=11&ToYear=2020&Variable=Issuer,1620586026,14:47:06,20210509
124,1987-12-31,AAV.TO,CAD,1987-12-31,1987-12-31,Q4,967646680,0,0,0.0,0,0,0,0,0,0,0,0,967646680,1.0,967646680,1.0,0,0,0.0,0,3123120,0.0032275416890801506,0.065065,0.065065,21549000,21549000,https://www.sedar.com/ModifyCompanyDocumentSearchForm.do?lang=EN&company_search=Advantage Oil & Gas Ltd&document_selection=0&industry_group=A&FromDate=13&FromMonth=05&FromYear=2000&ToDate=13&ToMonth=11&ToYear=2020&Variable=Issuer,https://www.sedar.com/ModifyCompanyDocumentSearchForm.do?lang=EN&company_search=Advantage Oil & Gas Ltd&document_selection=0&industry_group=A&FromDate=13&FromMonth=05&FromYear=2000&ToDate=13&ToMonth=11&ToYear=2020&Variable=Issuer,1620586026,14:47:06,20210509
125,1987-09-30,AAV.TO,CAD,1987-09-30,1987-09-30,Q3,918494241,0,0,0.0,0,0,0,0,0,0,0,0,918494241,1.0,918494241,1.0,0,0,0.0,0,1962315,0.0021364477994587666,0.013082,0.013082,21526000,21526000,https://www.sedar.com/ModifyCompanyDocumentSearchForm.do?lang=EN&company_search=Advantage Oil & Gas Ltd&document_selection=0&industry_group=A&FromDate=13&FromMonth=05&FromYear=2000&ToDate=13&ToMonth=11&ToYear=2020&Variable=Issuer,https://www.sedar.com/ModifyCompanyDocumentSearchForm.do?lang=EN&company_search=Advantage Oil & Gas Ltd&document_selection=0&industry_group=A&FromDate=13&FromMonth=05&FromYear=2000&ToDate=13&ToMonth=11&ToYear=2020&Variable=Issuer,1620586026,14:47:06,20210509
126,1987-06-30,AAV.TO,CAD,1987-06-30,1987-06-30,Q2,1617072492,0,0,0.0,0,0,0,0,0,0,0,0,1617072492,1.0,1617072492,1.0,0,0,0.0,0,2393496,0.0014801414357371926,0.026594,0.026594,21556000,21556000,https://www.sedar.com/ModifyCompanyDocumentSearchForm.do?lang=EN&company_search=Advantage Oil & Gas Ltd&document_selection=0&industry_group=A&FromDate=13&FromMonth=05&FromYear=2000&ToDate=13&ToMonth=11&ToYear=2020&Variable=Issuer,https://www.sedar.com/ModifyCompanyDocumentSearchForm.do?lang=EN&company_search=Advantage Oil & Gas Ltd&document_selection=0&industry_group=A&FromDate=13&FromMonth=05&FromYear=2000&ToDate=13&ToMonth=11&ToYear=2020&Variable=Issuer,1620586026,14:47:06,20210509
127,1987-03-31,AAV.TO,CAD,1987-03-31,1987-03-31,Q1,1451939949,0,0,0.0,0,0,0,0,0,0,0,0,-4422306984,-3.045791933093233,-4422306984,-3.045791933093233,0,0,0.0,0,-777817,-0.0005357087946617275,-0.00413484362788992,-0.00413484362788992,188112797,188112797,https://www.sedar.com/ModifyCompanyDocumentSearchForm.do?lang=EN&company_search=Advantage Oil & Gas Ltd&document_selection=0&industry_group=A&FromDate=13&FromMonth=05&FromYear=2000&ToDate=13&ToMonth=11&ToYear=2020&Variable=Issuer,https://www.sedar.com/ModifyCompanyDocumentSearchForm.do?lang=EN&company_search=Advantage Oil & Gas Ltd&document_selection=0&industry_group=A&FromDate=13&FromMonth=05&FromYear=2000&ToDate=13&ToMonth=11&ToYear=2020&Variable=Issuer,1620586026,14:47:06,20210509
128,1986-12-31,AAV.TO,CAD,1986-12-31,1986-12-31,Q4,1573885985,0,0,0.0,0,0,0,0,0,0,0,0,1573885985,1.0,1573885985,1.0,0,0,0.0,0,-9808295,-0.006231896778723778,-0.55258,-0.55258,17750000,17750000,https://www.sedar.com/ModifyCompanyDocumentSearchForm.do?lang=EN&company_search=Advantage Oil & Gas Ltd&document_selection=0&industry_group=A&FromDate=13&FromMonth=05&FromYear=2000&ToDate=13&ToMonth=11&ToYear=2020&Variable=Issuer,https://www.sedar.com/ModifyCompanyDocumentSearchForm.do?lang=EN&company_search=Advantage Oil & Gas Ltd&document_selection=0&industry_group=A&FromDate=13&FromMonth=05&FromYear=2000&ToDate=13&ToMonth=11&ToYear=2020&Variable=Issuer,1620586026,14:47:06,20210509
129,1986-09-30,AAV.TO,CAD,1986-09-30,1986-09-30,Q3,1450477336,0,0,0.0,0,0,0,0,0,0,0,0,1450477336,1.0,1450477336,1.0,0,0,0.0,0,-33199012,-0.02288833556789887,-1.541879,-1.541879,21531529,21531529,https://www.sedar.com/ModifyCompanyDocumentSearchForm.do?lang=EN&company_search=Advantage Oil & Gas Ltd&document_selection=0&industry_group=A&FromDate=13&FromMonth=05&FromYear=2000&ToDate=13&ToMonth=11&ToYear=2020&Variable=Issuer,https://www.sedar.com/ModifyCompanyDocumentSearchForm.do?lang=EN&company_search=Advantage Oil & Gas Ltd&document_selection=0&industry_group=A&FromDate=13&FromMonth=05&FromYear=2000&ToDate=13&ToMonth=11&ToYear=2020&Variable=Issuer,1620586026,14:47:06,20210509
130,1986-06-30,AAV.TO,CAD,1986-06-30,1986-06-30,Q2,1469123890,0,0,0.0,0,0,0,0,0,0,0,0,1469123890,1.0,1469123890,1.0,0,0,0.0,0,2079930,0.001415762151958471,-0.152528,-0.152528,21654412,21654412,https://www.sedar.com/ModifyCompanyDocumentSearchForm.do?lang=EN&company_search=Advantage Oil & Gas Ltd&document_selection=0&industry_group=A&FromDate=13&FromMonth=05&FromYear=2000&ToDate=13&ToMonth=11&ToYear=2020&Variable=Issuer,https://www.sedar.com/ModifyCompanyDocumentSearchForm.do?lang=EN&company_search=Advantage Oil & Gas Ltd&document_selection=0&industry_group=A&FromDate=13&FromMonth=05&FromYear=2000&ToDate=13&ToMonth=11&ToYear=2020&Variable=Issuer,1620586026,14:47:06,20210509
131,1986-03-31,AAV.TO,CAD,1986-03-31,1986-03-31,Q1,1288371760,0,0,0.0,0,0,0,0,0,0,0,0,1288371760,1.0,1288371760,1.0,0,0,0.0,0,-82197895,-0.0637998266897747,-3.795896,-3.795896,21654412,21654412,https://www.sedar.com/ModifyCompanyDocumentSearchForm.do?lang=EN&company_search=Advantage Oil & Gas Ltd&document_selection=0&industry_group=A&FromDate=13&FromMonth=05&FromYear=2000&ToDate=13&ToMonth=11&ToYear=2020&Variable=Issuer,https://www.sedar.com/ModifyCompanyDocumentSearchForm.do?lang=EN&company_search=Advantage Oil & Gas Ltd&document_selection=0&industry_group=A&FromDate=13&FromMonth=05&FromYear=2000&ToDate=13&ToMonth=11&ToYear=2020&Variable=Issuer,1620586026,14:47:06,20210509
132,1985-12-31,AAV.TO,CAD,1985-12-31,1985-12-31,Q4,1885011728,0,0,0.0,0,0,0,0,0,0,0,0,-1451905143,-0.7702366629519453,-1451905143,-0.7702366629519453,0,0,0.0,0,-3073269,-0.0016303712885970968,-0.016337373368596503,-0.016337373368596503,188112797,188112797,https://www.sedar.com/ModifyCompanyDocumentSearchForm.do?lang=EN&company_search=Advantage Oil & Gas Ltd&document_selection=0&industry_group=A&FromDate=13&FromMonth=05&FromYear=2000&ToDate=13&ToMonth=11&ToYear=2020&Variable=Issuer,https://www.sedar.com/ModifyCompanyDocumentSearchForm.do?lang=EN&company_search=Advantage Oil & Gas Ltd&document_selection=0&industry_group=A&FromDate=13&FromMonth=05&FromYear=2000&ToDate=13&ToMonth=11&ToYear=2020&Variable=Issuer,1620586026,14:47:06,20210509
133,1985-09-30,AAV.TO,CAD,1985-09-30,1985-09-30,Q3,915749300,0,0,0.0,0,0,0,0,0,0,0,0,915749300,1.0,915749300,1.0,0,0,0.0,0,23098751,0.025223880597014924,0.820074,0.820074,28166667,28166667,https://www.sedar.com/ModifyCompanyDocumentSearchForm.do?lang=EN&company_search=Advantage Oil & Gas Ltd&document_selection=0&industry_group=A&FromDate=13&FromMonth=05&FromYear=2000&ToDate=13&ToMonth=11&ToYear=2020&Variable=Issuer,https://www.sedar.com/ModifyCompanyDocumentSearchForm.do?lang=EN&company_search=Advantage Oil & Gas Ltd&document_selection=0&industry_group=A&FromDate=13&FromMonth=05&FromYear=2000&ToDate=13&ToMonth=11&ToYear=2020&Variable=Issuer,1620586026,14:47:06,20210509
