,date,symbol,reportedCurrency,fillingDate,acceptedDate,period,revenue,costOfRevenue,grossProfit,grossProfitRatio,researchAndDevelopmentExpenses,generalAndAdministrativeExpenses,sellingAndMarketingExpenses,otherExpenses,operatingExpenses,costAndExpenses,interestExpense,depreciationAndAmortization,ebitda,ebitdaratio,operatingIncome,operatingIncomeRatio,totalOtherIncomeExpensesNet,incomeBeforeTax,incomeBeforeTaxRatio,incomeTaxExpense,netIncome,netIncomeRatio,eps,epsdiluted,weightedAverageShsOut,weightedAverageShsOutDil,link,finalLink,timestamp,est_time,est_date
0,2020-12-31,WELCORP.NS,INR,2020-12-31,2020-12-31,Q4,13106900000,8571200000,4535700000,0.34605436830982156,0.0,0.0,0.0,659400000.0,3488200000,12059400000,133900000.0,541500000,1589000000,0.1212338539242689,1047500000,0.07991973693245542,0.0,2682500000.0,0.20466319266950994,661700000,1989800000,0.15181316711045328,7.63,7.61,260786370,261471748,,,1620599775,18:36:15,20210509
1,2020-09-30,WELCORP.NS,INR,2020-09-30,2020-09-30,Q3,11576600000,7118500000,4458100000,0.38509579669332966,0.0,0.0,0.0,320200000.0,3270500000,10389000000,148600000.0,520100000,1707700000,0.147513086743949,1187600000,0.10258625157645596,0.0,2201700000.0,0.19018537394399046,633700000,1492400000,0.1289152255411779,5.72,5.71,260909091,261366025,https://www.nseindia.com/companies-listing/corporate-filings-annual-reports,https://www.nseindia.com/companies-listing/corporate-filings-annual-reports,1620599775,18:36:15,20210509
2,2020-06-30,WELCORP.NS,INR,2020-06-30,2020-06-30,Q2,20142300000,15320500000,4821800000,0.23938676317997448,0.0,0.0,0.0,161700000.0,3549900000,18870400000,281000000.0,534300000,1806200000,0.08967198383501387,1271900000,0.06314571821490098,0.0,1380900000.0,0.0685572154123412,782400000,518900000,0.02576170546561217,2.0,1.98,259450000,262070707,https://www.nseindia.com/companies-listing/corporate-filings-annual-reports,https://www.nseindia.com/companies-listing/corporate-filings-annual-reports,1620599775,18:36:15,20210509
3,2020-03-31,WELCORP.NS,INR,2020-03-31,2020-03-31,Q1,26870950000,20062460000,6808490000,0.25337734616751545,0.0,0.0,0.0,-882680000.0,3328370000,23390830000,195140000.0,552180000,4032300000,0.15006168371419693,3480120000,0.1295123544199219,0.0,3129340000.0,0.1164581081055936,1636820000,1382830000,0.05146189472273961,5.300045294320542,5.300045294320542,260909091,260909091,https://www.nseindia.com/companies-listing/corporate-filings-annual-reports,https://www.nseindia.com/companies-listing/corporate-filings-annual-reports,1620599775,18:36:15,20210509
4,2019-12-31,WELCORP.NS,INR,2019-12-31,2019-12-31,Q4,28446700000,19764300000,8682400000,0.3052164222915136,0.0,0.0,0.0,188700000.0,5607600000,25371900000,343600000.0,591000000,3665800000,0.1288655626135896,3074800000,0.10808986631138234,0.0,3335900000.0,0.11726843535454025,956900000,2234800000,0.07856095786154457,8.57,8.55,260770128,261380117,https://www.nseindia.com/companies-listing/corporate-filings-annual-reports,https://www.nseindia.com/companies-listing/corporate-filings-annual-reports,1620599775,18:36:15,20210509
5,2019-09-30,WELCORP.NS,INR,2019-09-30,2019-09-30,Q3,22246100000,14429500000,7816600000,0.3513694535221904,0.0,0.0,0.0,388600000.0,5509200000,19938700000,340600000.0,609900000,2917300000,0.1311375926566904,2307400000,0.10372155119324286,0.0,2935500000.0,0.13195571358575212,1147000000,1556100000,0.06994933943477734,5.86,5.85,265546075,266000000,https://www.nseindia.com/companies-listing/corporate-filings-annual-reports,https://www.nseindia.com/companies-listing/corporate-filings-annual-reports,1620599775,18:36:15,20210509
6,2019-06-30,WELCORP.NS,INR,2019-06-30,2019-06-30,Q2,20471000000,13306000000,7165000000,0.3500073274388159,0.0,0.0,0.0,417700000.0,5711800000,19017800000,394500000.0,544800000,1998000000,0.09760148502760002,1453200000,0.07098822724830248,0.0,1645000000.0,0.08035757901421522,383700000,1181000000,0.057691368277074884,4.46,4.45,264798206,265393258,https://www.nseindia.com/companies-listing/corporate-filings-annual-reports,https://www.nseindia.com/companies-listing/corporate-filings-annual-reports,1620599775,18:36:15,20210509
7,2019-03-31,WELCORP.NS,INR,2019-03-31,2019-03-31,Q1,19072330000,15609890000,3462440000,0.18154258027204856,0.0,0.0,0.0,-4220000.0,1370420000,16980310000,170160000.0,-293860000,1798160000,0.09428108678908136,2092020000,0.1096887480449426,0.0,96870000.0,0.0050790857750468875,772250000,-1487180000,-0.0779757900581628,-5.699993029372825,-5.699993029372825,260909091,260909091,https://www.nseindia.com/companies-listing/corporate-filings-annual-reports,https://www.nseindia.com/companies-listing/corporate-filings-annual-reports,1620599775,18:36:15,20210509
8,2018-12-31,WELCORP.NS,INR,2018-12-31,2018-12-31,Q4,25288500000,19210600000,6077900000,0.24034244814836783,0.0,0.0,0.0,17700000.0,4896900000,24107500000,474700000.0,943700000,2124700000,0.08401842734839947,1181000000,0.046701069656167826,0.0,580400000.0,0.022951143800541748,301500000,300800000,0.01189473476085968,1.14,1.14,263859649,263859649,https://www.nseindia.com/companies-listing/corporate-filings-annual-reports,https://www.nseindia.com/companies-listing/corporate-filings-annual-reports,1620599775,18:36:15,20210509
9,2018-09-30,WELCORP.NS,INR,2018-09-30,2018-09-30,Q3,23547100000,15997400000,7549700000,0.3206212229956131,0.0,0.0,0.0,853200000.0,6972200000,22969600000,506900000.0,954200000,1531700000,0.06504834990296045,577500000,0.024525313095880172,0.0,601300000.0,0.02553605327195281,42900000,586900000,0.02492451299735424,2.21,2.21,265565611,265565611,https://www.nseindia.com/companies-listing/corporate-filings-annual-reports,https://www.nseindia.com/companies-listing/corporate-filings-annual-reports,1620599775,18:36:15,20210509
10,2018-06-30,WELCORP.NS,INR,2018-06-30,2018-06-30,Q2,20233700000,13835900000,6397800000,0.31619525840553137,0.0,0.0,0.0,621400000.0,5780100000,19616000000,423800000.0,957700000,1575400000,0.07786020352184722,617700000,0.0305282770822934,0.0,542400000.0,0.026806762974641317,105900000,466900000,0.023075364367367315,1.76,1.76,265284091,265284091,https://www.nseindia.com/companies-listing/corporate-filings-annual-reports,https://www.nseindia.com/companies-listing/corporate-filings-annual-reports,1620599775,18:36:15,20210509
11,2018-03-31,WELCORP.NS,INR,2018-03-31,2018-03-31,Q1,16589400000,11756200000,4833200000,0.2913426645930534,0.0,0.0,0.0,346400000.0,4507400000,16263600000,411000000.0,906800000,1232600000,0.07430045691827311,325800000,0.019639046620130926,0.0,3800000.0,0.00022906193111263819,80100000,-45200000,-0.002724631391129275,-0.17,-0.17,265882353,265882353,https://www.nseindia.com/companies-listing/corporate-filings-annual-reports,https://www.nseindia.com/companies-listing/corporate-filings-annual-reports,1620599775,18:36:15,20210509
12,2017-12-31,WELCORP.NS,INR,2017-12-31,2017-12-31,Q4,23041600000,17358600000,5683000000,0.246640858273731,0.0,0.0,0.0,0.0,4988000000,22346600000,374500000.0,949100000,1644100000,0.071353551836678,695000000,0.030162835914172625,0.0,125600000.0,0.005451010346503715,-565300000,663900000,0.028813103256718285,2.5,2.5,265560000,265560000,https://www.nseindia.com/companies-listing/corporate-filings-annual-reports,https://www.nseindia.com/companies-listing/corporate-filings-annual-reports,1620599775,18:36:15,20210509
13,2017-09-30,WELCORP.NS,INR,2017-09-30,2017-09-30,Q3,19220300000,13663200000,5557100000,0.28912660052132383,0.0,0.0,0.0,1211800000.0,5522600000,19185800000,535000000.0,979700000,1014200000,0.05276712642362502,34500000,0.0017949771855798296,0.0,554100000.0,0.028828894450138656,150400000,417600000,0.021727028194148894,1.58,1.58,264303797,264303797,https://www.nseindia.com/companies-listing/corporate-filings-annual-reports,https://www.nseindia.com/companies-listing/corporate-filings-annual-reports,1620599775,18:36:15,20210509
14,2017-06-30,WELCORP.NS,INR,2017-06-30,2017-06-30,Q2,14995000000,10099800000,4895200000,0.32645548516172057,0.0,0.0,0.0,1375100000.0,4529500000,14629300000,532800000.0,957400000,1323100000,0.08823607869289764,365700000,0.02438812937645882,0.0,958400000.0,0.06391463821273757,446600000,546700000,0.03645881960653551,2.06,2.06,265388350,265388350,https://www.nseindia.com/companies-listing/corporate-filings-annual-reports,https://www.nseindia.com/companies-listing/corporate-filings-annual-reports,1620599775,18:36:15,20210509
15,2017-03-31,WELCORP.NS,INR,2017-03-31,2017-03-31,Q1,19221800000,14582200000,4639600000,0.24137177579623137,0.0,0.0,0.0,2137300000.0,4629600000,19211800000,634100000.0,919000000,929000000,0.0483305413644924,10000000,0.0005202426411678407,0.0,1218200000.0,0.06337595854706635,532300000,733800000,0.03817540500889615,2.77,2.77,264909747,264909747,https://www.nseindia.com/companies-listing/corporate-filings-annual-reports,https://www.nseindia.com/companies-listing/corporate-filings-annual-reports,1620599775,18:36:15,20210509
16,2016-12-31,WELCORP.NS,INR,2016-12-31,2016-12-31,Q4,11405400000,7381800000,4023600000,0.3527802619811668,0.0,0.0,0.0,903100000.0,4251800000,11633600000,566700000.0,1029600000,801400000,0.07026496221088256,-228200000,-0.020008066354533817,0.0,108200000.0,0.009486734353902538,-33000000,-39200000,-0.0034369684535395513,-0.15,-0.15,261333333,261333333,https://www.nseindia.com/companies-listing/corporate-filings-annual-reports,https://www.nseindia.com/companies-listing/corporate-filings-annual-reports,1620599775,18:36:15,20210509
17,2016-09-30,WELCORP.NS,INR,2016-09-30,2016-09-30,Q3,11530600000,7931600000,3599000000,0.31212599517804795,0.0,0.0,0.0,985300000.0,4420800000,12352400000,584900000.0,975900000,154100000,0.013364438971085633,-821800000,-0.07127122612873571,0.0,-421400000.0,-0.036546233500424956,-165500000,-336400000,-0.029174544256153193,-1.25,-1.25,269120000,269120000,https://www.nseindia.com/companies-listing/corporate-filings-annual-reports,https://www.nseindia.com/companies-listing/corporate-filings-annual-reports,1620599775,18:36:15,20210509
18,2016-06-30,WELCORP.NS,INR,2016-06-30,2016-06-30,Q2,15110500000,10506500000,4604000000,0.30468879256146386,0.0,0.0,0.0,940900000.0,5021300000,15527800000,571400000.0,936300000,519000000,0.034346977267463025,-417300000,-0.02761655802256709,0.0,-47800000.0,-0.0031633632242480396,-75800000,-93900000,-0.006214221898679726,-0.35,-0.35,268285714,268285714,https://www.nseindia.com/companies-listing/corporate-filings-annual-reports,https://www.nseindia.com/companies-listing/corporate-filings-annual-reports,1620599775,18:36:15,20210509
19,2016-03-31,WELCORP.NS,INR,2016-03-31,2016-03-31,Q1,18826400000,12448200000,6378200000,0.33879020949305233,0.0,0.0,0.0,604500000.0,5858500000,18306700000,577200000.0,974400000,1494100000,0.07936195980113032,519700000,0.027604852759954106,0.0,276300000.0,0.014676199379594612,145700000,111700000,0.005933157693451749,0.42,0.42,265952381,265952381,https://www.nseindia.com/companies-listing/corporate-filings-annual-reports,https://www.nseindia.com/companies-listing/corporate-filings-annual-reports,1620599775,18:36:15,20210509
20,2015-12-31,WELCORP.NS,INR,2015-12-31,2015-12-31,Q4,20321700000,12672500000,7649200000,0.3764055172549541,0.0,0.0,0.0,0.0,5811700000,18484200000,621800000.0,1119600000,2957100000,0.1455144008621326,1837500000,0.09042058489201199,0.0,1215700000.0,0.05982275104937087,300600000,869400000,0.042781853880334814,3.3,3.28,263454545,265060976,https://www.nseindia.com/companies-listing/corporate-filings-annual-reports,https://www.nseindia.com/companies-listing/corporate-filings-annual-reports,1620599775,18:36:15,20210509
21,2015-09-30,WELCORP.NS,INR,2015-09-30,2015-09-30,Q3,24359900000,15567100000,8792800000,0.3609538627005858,0.0,0.0,0.0,971700000.0,7561200000,23128300000,679900000.0,1158900000,2390500000,0.09813258675117714,1231600000,0.05055849982963805,0.0,1523400000.0,0.06253720253367215,339800000,1010900000,0.04149852831908177,3.84,3.84,263255208,263255208,https://www.nseindia.com/companies-listing/corporate-filings-annual-reports,https://www.nseindia.com/companies-listing/corporate-filings-annual-reports,1620599775,18:36:15,20210509
22,2015-06-30,WELCORP.NS,INR,2015-06-30,2015-06-30,Q2,19441300000,11780300000,7661000000,0.3940580105239876,0.0,0.0,0.0,0.0,6564500000,18344800000,672100000.0,1118100000,2214600000,0.11391213550534172,1096500000,0.05640054934597995,0.0,424400000.0,0.02182981590737245,180500000,163900000,0.008430506190429652,0.62,0.62,264354839,264354839,https://www.nseindia.com/companies-listing/corporate-filings-annual-reports,https://www.nseindia.com/companies-listing/corporate-filings-annual-reports,1620599775,18:36:15,20210509
23,2015-03-31,WELCORP.NS,INR,2015-03-31,2015-03-31,Q1,23750570000,14723120000,9027450000,0.3800940356378815,0.0,0.0,0.0,0.0,6078460000,20801580000,0.0,1187940000,4136930000,0.17418234593948692,2948990000,0.12416502003951906,0.0,2250210000.0,0.09474341036867746,779050000,1437810000,0.06053791551108036,5.510770032923077,5.510770032923077,260909091,260909091,https://www.nseindia.com/companies-listing/corporate-filings-annual-reports,https://www.nseindia.com/companies-listing/corporate-filings-annual-reports,1620599775,18:36:15,20210509
24,2014-12-31,WELCORP.NS,INR,2014-12-31,2014-12-31,Q4,22496600000,15702900000,6793700000,0.3019878559426758,0.0,0.0,0.0,0.0,5465700000,21168600000,0.0,1096900000,2424900000,0.10778962154281091,1328000000,0.0590311424837531,0.0,600500000.0,0.02669292248606456,76500000,174900000,0.007774508147897904,0.67,0.66,261044776,265000000,https://www.nseindia.com/companies-listing/corporate-filings-annual-reports,https://www.nseindia.com/companies-listing/corporate-filings-annual-reports,1620599775,18:36:15,20210509
25,2014-09-30,WELCORP.NS,INR,2014-09-30,2014-09-30,Q3,23980500000,17507000000,6473500000,0.2699484998227727,0.0,0.0,0.0,0.0,5340000000,22847000000,0.0,989900000,2123400000,0.08854694439231876,1133500000,0.047267571568566126,0.0,411400000.0,0.01715560559621359,-105600000,52500000,0.0021892787890160754,0.2,0.2,262500000,262500000,https://www.nseindia.com/companies-listing/corporate-filings-annual-reports,https://www.nseindia.com/companies-listing/corporate-filings-annual-reports,1620599775,18:36:15,20210509
26,2014-06-30,WELCORP.NS,INR,2014-06-30,2014-06-30,Q2,14260600000,10431800000,3828800000,0.2684880019073531,0.0,0.0,0.0,0.0,4096300000,14528100000,0.0,1090300000,822800000,0.057697432085606494,-267500000,-0.018757976522726955,0.0,-949400000.0,-0.06657503891841858,-572500000,-974800000,-0.06835617014711863,-3.71,-3.71,262749326,262749326,https://www.nseindia.com/companies-listing/corporate-filings-annual-reports,https://www.nseindia.com/companies-listing/corporate-filings-annual-reports,1620599775,18:36:15,20210509
27,2014-03-31,WELCORP.NS,INR,2014-03-31,2014-03-31,Q1,15344930000,9839500000,5505430000,0.3587784369169491,0.0,0.0,0.0,0.0,5714300000,15553800000,0.0,937710000,728840000,0.04749712119898885,-208870000,-0.013611661962615665,0.0,354910000.0,0.02312881192680579,372180000,127200000,0.008289382877601918,0.48752613223431146,0.48752613223431146,260909091,260909091,https://www.nseindia.com/companies-listing/corporate-filings-annual-reports,https://www.nseindia.com/companies-listing/corporate-filings-annual-reports,1620599775,18:36:15,20210509
28,2013-12-31,WELCORP.NS,INR,2013-12-31,2013-12-31,Q4,17420000000,11491000000,5929000000,0.3403559127439724,0.0,0.0,0.0,0.0,5242000000,16733000000,0.0,1050300000,1737300000,0.09973019517795637,687000000,0.039437428243398395,0.0,-21800000.0,-0.001251435132032147,90400000,75100000,0.0043111366245694605,0.29,0.29,262948299,262948299,https://www.nseindia.com/companies-listing/corporate-filings-annual-reports,https://www.nseindia.com/companies-listing/corporate-filings-annual-reports,1620599775,18:36:15,20210509
29,2013-09-30,WELCORP.NS,INR,2013-09-30,2013-09-30,Q3,24799500000,15118000000,9681500000,0.39039093530111496,0.0,0.0,0.0,0.0,8670100000,23788100000,0.0,1449300000,2460700000,0.09922377467287646,1011400000,0.04078308030403839,0.0,-300700000.0,-0.012125244460573802,-19200000,-337700000,-0.013617210024395653,-1.28,-1.28,262948299,262948299,https://www.nseindia.com/companies-listing/corporate-filings-annual-reports,https://www.nseindia.com/companies-listing/corporate-filings-annual-reports,1620599775,18:36:15,20210509
30,2013-06-30,WELCORP.NS,INR,2013-06-30,2013-06-30,Q2,26756900000,17153100000,9603800000,0.3589279774562823,0.0,0.0,0.0,0.0,8610700000,25763800000,0.0,1252100000,2245200000,0.08391106593065714,993100000,0.03711565988586122,0.0,-270500000.0,-0.010109541837806322,21800000,-594300000,-0.02221109321333936,-2.26,-2.26,262964602,262964602,https://www.nseindia.com/companies-listing/corporate-filings-annual-reports,https://www.nseindia.com/companies-listing/corporate-filings-annual-reports,1620599775,18:36:15,20210509
31,2013-03-31,WELCORP.NS,INR,2013-03-31,2013-03-31,Q1,34078200000,22202480000,11875720000,0.34848436830583773,0.0,0.0,0.0,0.0,12058240000,34260720000,0.0,1526810000,1344290000,0.03944721258751929,-182520000,-0.005355916685740444,0.0,136790000.0,0.004014003087017506,-42190000,-15630000,-0.0004586509850872405,-0.05990592332407459,-0.05990592332407459,260909091,260909091,https://www.nseindia.com/companies-listing/corporate-filings-annual-reports,https://www.nseindia.com/companies-listing/corporate-filings-annual-reports,1620599775,18:36:15,20210509
32,2012-12-31,WELCORP.NS,INR,2012-12-31,2012-12-31,Q4,28518800000,20356400000,8162400000,0.2862112010323015,0.0,0.0,0.0,0.0,7458400000,27814800000,0.0,1136400000,1840400000,0.06453286954570318,704000000,0.024685470636913193,0.0,-682300000.0,-0.023924569056201522,140500000,-805900000,-0.028258552253250486,-3.54,-3.54,227655367,227655367,https://www.nseindia.com/companies-listing/corporate-filings-annual-reports,https://www.nseindia.com/companies-listing/corporate-filings-annual-reports,1620599775,18:36:15,20210509
33,2012-09-30,WELCORP.NS,INR,2012-09-30,2012-09-30,Q3,20606300000,14384600000,6221700000,0.30193193343783215,0.0,0.0,0.0,0.0,5080800000,19465400000,0.0,1029900000,2170800000,0.1053464231812601,1140900000,0.05536656265316918,0.0,10700000.0,0.0005192586733183541,258100000,43600000,0.002115857771652359,0.19,0.19,229473684,229473684,https://www.nseindia.com/companies-listing/corporate-filings-annual-reports,https://www.nseindia.com/companies-listing/corporate-filings-annual-reports,1620599775,18:36:15,20210509
34,2012-06-30,WELCORP.NS,INR,2012-06-30,2012-06-30,Q2,25497200000,14802700000,10694500000,0.41943821282336885,0.0,0.0,0.0,0.0,9395100000,24197800000,0.0,1068100000,2367500000,0.09285333291498675,1299400000,0.050962458622907617,0.0,41000000.0,0.0016080197041243745,33900000,74700000,0.002929733460929043,0.34,0.34,219705882,219705882,https://www.nseindia.com/companies-listing/corporate-filings-annual-reports,https://www.nseindia.com/companies-listing/corporate-filings-annual-reports,1620599775,18:36:15,20210509
35,2012-03-31,WELCORP.NS,INR,2012-03-31,2012-03-31,Q1,26997760000,18909100000,8088660000,0.2996048561065807,0.0,0.0,0.0,0.0,6750560000,25659660000,0.0,918430000,2256530000,0.08358211940546179,1338100000,0.049563371183387064,0.0,1597220000.0,0.05916120448511284,363270000,1029250000,0.038123533211644224,3.9448606258031846,3.9448606258031846,260909091,260909091,https://www.nseindia.com/companies-listing/corporate-filings-annual-reports,https://www.nseindia.com/companies-listing/corporate-filings-annual-reports,1620599775,18:36:15,20210509
36,2011-12-31,WELCORP.NS,INR,2011-12-31,2011-12-31,Q4,24670600000,15848400000,8822200000,0.3575997340964549,0.0,0.0,0.0,0.0,8220900000,24069300000,0.0,983900000,1585200000,0.06425461885807399,601300000,0.024373140499217693,0.0,-644100000.0,-0.02610799899475489,227000000,-702000000,-0.02845492205296993,-3.08,-3.08,227922078,227922078,https://www.nseindia.com/companies-listing/corporate-filings-annual-reports,https://www.nseindia.com/companies-listing/corporate-filings-annual-reports,1620599775,18:36:15,20210509
37,2011-09-30,WELCORP.NS,INR,2011-09-30,2011-09-30,Q3,20538100000,13236100000,7302000000,0.355534348357443,0.0,0.0,0.0,0.0,5473300000,18709400000,0.0,844900000,2673600000,0.13017757241419606,1828700000,0.08903939507549384,0.0,892500000.0,0.04345582113243192,207600000,710800000,0.034608848919812446,3.29,2.71,216048632,262287823,https://www.nseindia.com/companies-listing/corporate-filings-annual-reports,https://www.nseindia.com/companies-listing/corporate-filings-annual-reports,1620599775,18:36:15,20210509
