,date,symbol,reportedCurrency,fillingDate,acceptedDate,period,revenue,costOfRevenue,grossProfit,grossProfitRatio,researchAndDevelopmentExpenses,generalAndAdministrativeExpenses,sellingAndMarketingExpenses,otherExpenses,operatingExpenses,costAndExpenses,interestExpense,depreciationAndAmortization,ebitda,ebitdaratio,operatingIncome,operatingIncomeRatio,totalOtherIncomeExpensesNet,incomeBeforeTax,incomeBeforeTaxRatio,incomeTaxExpense,netIncome,netIncomeRatio,eps,epsdiluted,weightedAverageShsOut,weightedAverageShsOutDil,link,finalLink,timestamp,est_time,est_date
0,2018-06-30,FFKT,USD,2018-08-06 00:00:00,2018-08-06 15:05:36,Q2,968000.0,0.0,968000.0,1.0,1055000.0,7410000.0,0.0,522000.0,8465000.0,8465000.0,966000.0,841000.0,7991000.0,8.255165289256198,7150000.0,7.386363636363637,0.0,7150000.0,7.386363636363637,1303000.0,5847000.0,6.0402892561983474,0.77763,0.77763,7519000.0,7519000.0,https://www.sec.gov/Archives/edgar/data/713095/000143774918014571/0001437749-18-014571-index.html,https://www.sec.gov/Archives/edgar/data/713095/000143774918014571/ffkt20180630_10q.htm,1620592044,16:27:24,20210509
1,2018-03-31,FFKT,USD,2018-05-07 00:00:00,2018-05-07 14:49:49,Q1,956000.0,0.0,956000.0,1.0,1083000.0,7490000.0,0.0,117000.0,8573000.0,8573000.0,887000.0,786000.0,7587000.0,7.936192468619247,6801000.0,7.114016736401673,0.0,6801000.0,7.114016736401673,1160000.0,5641000.0,5.900627615062762,0.7502327437159196,0.7503325352487363,7519000.0,7518000.0,https://www.sec.gov/Archives/edgar/data/713095/000143774918008848/0001437749-18-008848-index.html,https://www.sec.gov/Archives/edgar/data/713095/000143774918008848/ffkt20180331_10q.htm,1620592044,16:27:24,20210509
2,2017-12-31,FFKT,USD,2018-03-12 00:00:00,2018-03-12 13:28:11,Q4,14274000.0,0.0,14274000.0,1.0,1066000.0,7724000.0,0.0,129000.0,8790000.0,8790000.0,820000.0,863000.0,6995000.0,0.4900518425108589,6132000.0,0.4295922656578394,0.0,6132000.0,0.4295922656578394,7567000.0,-1435000.0,-0.10053243659801037,-0.19084984705412955,-0.19100226274457607,7519000.0,7513000.0,https://www.sec.gov/Archives/edgar/data/713095/000143774918004397/0001437749-18-004397-index.html,https://www.sec.gov/Archives/edgar/data/713095/000143774918004397/ffkt20171231_10k.htm,1620592044,16:27:24,20210509
3,2017-09-30,FFKT,USD,2017-11-07 00:00:00,2017-11-07 10:39:49,Q3,14090000.0,82000.0,14008000.0,0.994180269694819,1119000.0,7309000.0,0.0,316000.0,8428000.0,8428000.0,893000.0,877000.0,8265000.0,0.5865862313697658,7388000.0,0.5243435060326472,0.0,7388000.0,0.5243435060326472,2076000.0,5312000.0,0.37700496806245565,0.7064769251230216,0.7071352502662407,7519000.0,7512000.0,https://www.sec.gov/Archives/edgar/data/713095/000143774917018476/0001437749-17-018476-index.html,https://www.sec.gov/Archives/edgar/data/713095/000143774917018476/ffkt20170930_10q.htm,1620592044,16:27:24,20210509
4,2017-06-30,FFKT,USD,2017-08-07 00:00:00,2017-08-07 12:18:31,Q2,13949000.0,0.0,13949000.0,1.0,1093000.0,7646000.0,0.0,326000.0,8739000.0,8739000.0,881000.0,864000.0,7068000.0,0.5067029894616102,6204000.0,0.44476306545272065,0.0,6204000.0,0.44476306545272065,1722000.0,4482000.0,0.3213133557961144,0.5960899055725496,0.5967248036213554,7519000.0,7511000.0,https://www.sec.gov/Archives/edgar/data/713095/000143774917013922/0001437749-17-013922-index.html,https://www.sec.gov/Archives/edgar/data/713095/000143774917013922/ffkt20170630_10q.htm,1620592044,16:27:24,20210509
5,2017-03-31,FFKT,USD,2017-05-08 00:00:00,2017-05-08 13:11:44,Q1,13463000.0,0.0,13463000.0,1.0,1293000.0,7617000.0,0.0,74000.0,8910000.0,8910000.0,916000.0,849000.0,5454000.0,0.4051103023100349,4605000.0,0.3420485775830053,0.0,4605000.0,0.3420485775830053,1276000.0,3329000.0,0.2472702963678229,0.4427450458837611,0.44327563249001334,7519000.0,7510000.0,https://www.sec.gov/Archives/edgar/data/713095/000143774917008257/0001437749-17-008257-index.html,https://www.sec.gov/Archives/edgar/data/713095/000143774917008257/ffkt20170331_10q.htm,1620592044,16:27:24,20210509
6,2016-12-31,FFKT,USD,2017-03-10 00:00:00,2017-03-10 14:09:43,Q4,13521000.0,0.0,13521000.0,1.0,1166000.0,8852000.0,0.0,0.0,10018000.0,10018000.0,928000.0,923000.0,4399000.0,0.3253457584498188,3476000.0,0.2570815768064492,0.0,3476000.0,0.2570815768064492,931000.0,2545000.0,0.18822572294948597,0.3384758611517489,0.33915245202558636,7519000.0,7504000.0,https://www.sec.gov/Archives/edgar/data/713095/000143774917004264/0001437749-17-004264-index.html,https://www.sec.gov/Archives/edgar/data/713095/000143774917004264/ffkt20161231_10k.htm,1620592044,16:27:24,20210509
7,2016-09-30,FFKT,USD,2016-11-08 00:00:00,2016-11-08 13:33:49,Q3,12810000.0,0.0,12810000.0,1.0,1081000.0,7810000.0,0.0,454000.0,8891000.0,8891000.0,1809000.0,899000.0,6783000.0,0.5295081967213114,5884000.0,0.4593286494925839,0.0,5884000.0,0.4593286494925839,1560000.0,4324000.0,0.3375487900078064,0.5750764729352308,0.5763028122084499,7519000.0,7503000.0,https://www.sec.gov/Archives/edgar/data/713095/000143774916041368/0001437749-16-041368-index.html,https://www.sec.gov/Archives/edgar/data/713095/000143774916041368/ffkt20160823_10q.htm,1620592044,16:27:24,20210509
8,2016-06-30,FFKT,USD,2016-08-08 00:00:00,2016-08-08 12:08:56,Q2,12998000.0,0.0,12998000.0,1.0,1281000.0,7655000.0,0.0,373000.0,8936000.0,8936000.0,1975000.0,888000.0,5679000.0,0.43691337128789043,4791000.0,0.3685951684874596,0.0,4791000.0,0.3685951684874596,1235000.0,3556000.0,0.27358055085397753,0.4729352307487698,0.47407012398346887,7519000.0,7501000.0,https://www.sec.gov/Archives/edgar/data/713095/000143774916036687/0001437749-16-036687-index.html,https://www.sec.gov/Archives/edgar/data/713095/000143774916036687/ffkt20160630_10q.htm,1620592044,16:27:24,20210509
9,2016-03-31,FFKT,USD,2016-05-09 00:00:00,2016-05-09 11:06:25,Q1,13287000.0,0.0,13287000.0,1.0,1120000.0,7979000.0,0.0,639000.0,9099000.0,9099000.0,2043000.0,886000.0,9781000.0,0.7361330623918115,8895000.0,0.6694513434183789,0.0,8895000.0,0.6694513434183789,2715000.0,6180000.0,0.46511627906976744,0.821917808219178,0.824,7519000.0,7500000.0,https://www.sec.gov/Archives/edgar/data/713095/000143774916031198/0001437749-16-031198-index.html,https://www.sec.gov/Archives/edgar/data/713095/000143774916031198/ffkt20160331_10q.htm,1620592044,16:27:24,20210509
10,2015-12-31,FFKT,USD,2016-03-11 00:00:00,2016-03-11 15:35:04,Q4,13054000.0,0.0,13054000.0,1.0,1057000.0,8062000.0,0.0,675000.0,8782000.0,8782000.0,2118000.0,1075000.0,5739000.0,0.43963536080894744,4664000.0,0.35728512333384405,0.0,4664000.0,0.35728512333384405,1080000.0,3584000.0,0.2745518614983913,0.4766591302034845,0.4782492660795303,7519000.0,7494000.0,https://www.sec.gov/Archives/edgar/data/713095/000143774916027462/0001437749-16-027462-index.html,https://www.sec.gov/Archives/edgar/data/713095/000143774916027462/ffkt20151231_10k.htm,1620592044,16:27:24,20210509
11,2015-09-30,FFKT,USD,2015-11-06 00:00:00,2015-11-06 10:53:56,Q3,12965000.0,0.0,12965000.0,1.0,1114000.0,7774000.0,0.0,262000.0,9000000.0,9000000.0,2158000.0,1043000.0,6314000.0,0.48700347088314694,5271000.0,0.40655611261087543,0.0,5271000.0,0.40655611261087543,1439000.0,3832000.0,0.2955649826455843,0.5096422396595292,0.5114789108382275,7519000.0,7492000.0,https://www.sec.gov/Archives/edgar/data/713095/000143774915019981/0001437749-15-019981-index.html,https://www.sec.gov/Archives/edgar/data/713095/000143774915019981/ffkt20150930_10q.htm,1620592044,16:27:24,20210509
12,2015-06-30,FFKT,USD,2015-08-07 00:00:00,2015-08-07 11:43:51,Q2,13573000.0,0.0,13573000.0,1.0,1074000.0,7852000.0,0.0,726000.0,9039000.0,9039000.0,2148000.0,967000.0,5838000.0,0.4301186178442496,4871000.0,0.35887423561482357,0.0,4871000.0,0.35887423561482357,1369000.0,3502000.0,0.25801223016282326,0.4657534246575342,0.46749432652516354,7519000.0,7491000.0,https://www.sec.gov/Archives/edgar/data/713095/000143774915015166/0001437749-15-015166-index.html,https://www.sec.gov/Archives/edgar/data/713095/000143774915015166/ffkt20150630_10q.htm,1620592044,16:27:24,20210509
13,2015-03-31,FFKT,USD,2015-05-07 00:00:00,2015-05-07 13:53:47,Q1,13003000.0,0.0,13003000.0,1.0,1055000.0,8320000.0,0.0,45000.0,9487000.0,9487000.0,2217000.0,1018000.0,6497000.0,0.499653926017073,5479000.0,0.42136430054602786,0.0,5479000.0,0.42136430054602786,1405000.0,4074000.0,0.31331231254325925,0.5418273706609922,0.5439252336448598,7519000.0,7490000.0,https://www.sec.gov/Archives/edgar/data/713095/000143774915009252/0001437749-15-009252-index.html,https://www.sec.gov/Archives/edgar/data/713095/000143774915009252/ffkt20150331_10q.htm,1620592044,16:27:24,20210509
14,2014-12-31,FFKT,USD,2015-03-12,2015-03-12 13:11:46,Q4,13330000.0,0.0,13330000.0,1.0,1078000.0,7540000.0,0.0,1342000.0,8315000.0,8315000.0,2341000.0,1019000.0,6914000.0,0.5186796699174794,5895000.0,0.44223555888972244,0.0,5895000.0,0.44223555888972244,1737000.0,4158000.0,0.31192798199549887,0.5529990690251363,0.5556594948550047,7519000.0,7483000.0,https://www.sec.gov/Archives/edgar/data/713095/000143774915004839/0001437749-15-004839-index.htm,https://www.sec.gov/Archives/edgar/data/713095/000143774915004839/ffkt20141231_10k.htm,1620592044,16:27:24,20210509
15,2014-09-30,FFKT,USD,2014-11-07 00:00:00,2014-11-07 11:41:35,Q3,13463000.0,0.0,13463000.0,1.0,979000.0,7530000.0,0.0,3976000.0,8610000.0,8610000.0,2513000.0,1008000.0,6398000.0,0.4752284037733046,5390000.0,0.40035653271930477,0.0,5390000.0,0.40035653271930477,1283000.0,4107000.0,0.3050583079551363,0.5462162521611916,0.5489174017642342,7519000.0,7482000.0,https://www.sec.gov/Archives/edgar/data/713095/000143774914019940/0001437749-14-019940-index.html,https://www.sec.gov/Archives/edgar/data/713095/000143774914019940/ffkt20140930_10q.htm,1620592044,16:27:24,20210509
16,2014-06-30,FFKT,USD,2014-08-07 00:00:00,2014-08-07 12:02:33,Q2,13727000.0,0.0,13727000.0,1.0,969000.0,7342000.0,0.0,-1064000.0,8412000.0,8412000.0,2604000.0,977000.0,7760000.0,0.5653092445545276,6783000.0,0.4941356450790413,0.0,6783000.0,0.4941356450790413,1959000.0,4824000.0,0.35142420048080425,0.6415746774837079,0.6448335783986098,7519000.0,7481000.0,https://www.sec.gov/Archives/edgar/data/713095/000143774914014535/0001437749-14-014535-index.html,https://www.sec.gov/Archives/edgar/data/713095/000143774914014535/ffkt20140630_10q.htm,1620592044,16:27:24,20210509
17,2014-03-31,FFKT,USD,2014-05-08 00:00:00,2014-05-08 10:53:43,Q1,13679000.0,0.0,13679000.0,1.0,1005000.0,7351000.0,0.0,1064000.0,8457000.0,8457000.0,2695000.0,1019000.0,5509000.0,0.4027341179910812,4490000.0,0.328240368447986,0.0,4490000.0,0.328240368447986,1120000.0,3370000.0,0.24636303823378902,0.44819789865673626,0.4505949993314614,7519000.0,7479000.0,https://www.sec.gov/Archives/edgar/data/713095/000143774914008297/0001437749-14-008297-index.html,https://www.sec.gov/Archives/edgar/data/713095/000143774914008297/ffkt20140331_10q.htm,1620592044,16:27:24,20210509
18,2013-12-31,FFKT,USD,2014-03-07,2014-03-07 17:29:24,Q4,13959000.0,0.0,13959000.0,1.0,974000.0,7897000.0,0.0,2218000.0,8466000.0,8466000.0,2838000.0,142000.0,4349000.0,0.31155526900207753,4207000.0,0.3013826205315567,0.0,4207000.0,0.3013826205315567,1135000.0,3072000.0,0.22007307113690092,0.40856496874584386,0.411024886272411,7519000.0,7474000.0,https://www.sec.gov/Archives/edgar/data/713095/000143774914003694/0001437749-14-003694-index.htm,https://www.sec.gov/Archives/edgar/data/713095/000143774914003694/ffkt20131231_10k.htm,1620592044,16:27:24,20210509
19,2013-09-30,FFKT,USD,2013-11-06 00:00:00,2013-11-06 10:37:56,Q3,13610000.0,0.0,13610000.0,1.0,929000.0,7229000.0,0.0,2404000.0,8293000.0,8293000.0,2953000.0,-213000.0,3677000.0,0.2701689933872153,3890000.0,0.2858192505510654,0.0,3890000.0,0.2858192505510654,855000.0,3035000.0,0.22299779573842762,0.40364410160925657,0.4061287300950087,7519000.0,7473000.0,https://www.sec.gov/Archives/edgar/data/713095/000143774913014000/0001437749-13-014000-index.html,https://www.sec.gov/Archives/edgar/data/713095/000143774913014000/ffkt20130930_10q.htm,1620592044,16:27:24,20210509
20,2013-06-30,FFKT,USD,2013-08-08 00:00:00,2013-08-08 17:11:34,Q2,13593000.0,0.0,13593000.0,1.0,945000.0,7231000.0,0.0,1485000.0,8311000.0,8311000.0,3038000.0,-394000.0,4280000.0,0.31486794673729124,4674000.0,0.34385345398366807,0.0,4674000.0,0.34385345398366807,1127000.0,3547000.0,0.2609431324946664,0.4717382630668972,0.474769107214563,7519000.0,7471000.0,https://www.sec.gov/Archives/edgar/data/713095/000143774913010311/0001437749-13-010311-index.html,https://www.sec.gov/Archives/edgar/data/713095/000143774913010311/ffkt20130724_10q.htm,1620592044,16:27:24,20210509
21,2013-03-31,FFKT,USD,2013-05-08 00:00:00,2013-05-08 17:25:10,Q1,13576000.0,0.0,13576000.0,1.0,1098000.0,7324000.0,0.0,892000.0,8557000.0,8557000.0,3166000.0,-448000.0,4662000.0,0.3434001178550383,5110000.0,0.37639952857984676,0.0,5110000.0,0.37639952857984676,1318000.0,3792000.0,0.27931644077784323,0.504322383295651,0.5076305220883535,7519000.0,7470000.0,https://www.sec.gov/Archives/edgar/data/713095/000143774913005540/0001437749-13-005540-index.html,https://www.sec.gov/Archives/edgar/data/713095/000143774913005540/fcbc_10q-033113.htm,1620592044,16:27:24,20210509
22,2012-12-31,FFKT,USD,2013-03-08 00:00:00,2013-03-08 13:31:59,Q4,13323000.0,0.0,13323000.0,1.0,1060000.0,7191000.0,0.0,2035000.0,7490000.0,7490000.0,3824000.0,-246000.0,2969000.0,0.222847706972904,3215000.0,0.2413120168130301,0.0,3215000.0,0.2413120168130301,613000.0,2602000.0,0.19530135855287847,0.3460566564702753,0.34893388762236827,7519000.0,7457000.0,https://www.sec.gov/Archives/edgar/data/713095/000143774913002517/0001437749-13-002517-index.html,https://www.sec.gov/Archives/edgar/data/713095/000143774913002517/fcbc_10k-123112.htm,1620592044,16:27:24,20210509
23,2012-09-30,FFKT,USD,2012-11-08 00:00:00,2012-11-08 14:26:20,Q3,13067000.0,0.0,13067000.0,1.0,1059000.0,7019000.0,0.0,1531000.0,8332000.0,8332000.0,4511000.0,-298000.0,3844000.0,0.29417616897528126,4142000.0,0.316981709650264,0.0,4142000.0,0.316981709650264,1051000.0,3091000.0,0.236550088007959,0.411091900518686,0.41467668365978,7519000.0,7454000.0,https://www.sec.gov/Archives/edgar/data/713095/000143774912011255/0001437749-12-011255-index.html,https://www.sec.gov/Archives/edgar/data/713095/000143774912011255/fcbc_10q-093012.htm,1620592044,16:27:24,20210509
24,2012-06-30,FFKT,USD,2012-08-08 00:00:00,2012-08-08 11:14:11,Q2,13367000.0,0.0,13367000.0,1.0,2152000.0,6859000.0,0.0,704000.0,9264000.0,9264000.0,4720000.0,-2517000.0,1520000.0,0.11371287499064861,4037000.0,0.3020124186429266,0.0,4037000.0,0.3020124186429266,890000.0,3147000.0,0.23543053789182314,0.4185396994281154,0.4224161073825503,7519000.0,7450000.0,https://www.sec.gov/Archives/edgar/data/713095/000143774912007905/0001437749-12-007905-index.html,https://www.sec.gov/Archives/edgar/data/713095/000143774912007905/fcbc_10q-063012.htm,1620592044,16:27:24,20210509
25,2012-03-31,FFKT,USD,2012-05-09,2012-05-09 15:53:07,Q1,13207000.0,0.0,13207000.0,1.0,0.0,7121000.0,0.0,962000.0,7375000.0,7375000.0,5203000.0,2292000.0,5957000.0,0.45104868630271827,3665000.0,0.27750435375179827,0.0,3665000.0,0.27750435375179827,356000.0,3309000.0,0.25054895131369725,0.44008511770182207,0.44416107382550335,7519000.0,7450000.0,https://www.sec.gov/Archives/edgar/data/713095/000143774912004737/0001437749-12-004737-index.htm,https://www.sec.gov/Archives/edgar/data/713095/000143774912004737/fcbc_10q-033112.htm,1620592044,16:27:24,20210509
26,2011-12-31,FFKT,USD,2012-03-07 00:00:00,2012-03-07 14:06:02,Q4,12804000.0,0.0,12804000.0,1.0,0.0,6705000.0,0.0,1171000.0,6990000.0,6990000.0,5751000.0,-1335000.0,-663000.0,-0.051780693533270854,672000.0,0.05248359887535145,0.0,672000.0,0.05248359887535145,-580000.0,1252000.0,0.09778194314276789,0.1665115041893869,0.16805369127516778,7519000.0,7450000.0,https://www.sec.gov/Archives/edgar/data/713095/000143774912002064/0001437749-12-002064-index.html,https://www.sec.gov/Archives/edgar/data/713095/000143774912002064/fcbc_10k-123111.htm,1620592044,16:27:24,20210509
27,2011-09-30,FFKT,USD,2011-11-07 00:00:00,2011-11-07 11:21:16,Q3,13397000.0,0.0,13397000.0,1.0,0.0,6646000.0,0.0,3569000.0,6932000.0,6932000.0,6096000.0,2208000.0,1674000.0,0.12495334776442488,-534000.0,-0.039859670075390013,0.0,-534000.0,-0.039859670075390013,-806000.0,272000.0,0.020303052922296037,0.03617502327437159,0.036657681940700806,7519000.0,7420000.0,https://www.sec.gov/Archives/edgar/data/713095/000143774911008108/0001437749-11-008108-index.html,https://www.sec.gov/Archives/edgar/data/713095/000143774911008108/fcbc_10q-093011.htm,1620592044,16:27:24,20210509
28,2011-06-30,FFKT,USD,2011-08-08 00:00:00,2011-08-08 14:13:00,Q2,151000.0,356577000.0,-356426000.0,-2360.437086092715,-408058000.0,551524000.0,-748619000.0,1935000.0,-1353200000.0,-1709777000.0,12823000.0,-64582000.0,-64455000.0,-426.8543046357616,127000.0,0.8410596026490066,0.0,127000.0,0.8410596026490066,-42000.0,169000.0,1.119205298013245,0.02247639313738529,0.02278856526429342,7519000.0,7416000.0,https://www.sec.gov/Archives/edgar/data/713095/000143774911005586/0001437749-11-005586-index.html,https://www.sec.gov/Archives/edgar/data/713095/000143774911005586/ffkt_10q-063011.htm,1620592044,16:27:24,20210509
29,2011-03-31,FFKT,USD,2011-05-06 00:00:00,2011-05-06 12:16:31,Q1,141000.0,0.0,141000.0,1.0,0.0,0.0,0.0,680000.0,0.0,0.0,-6512000.0,1237000.0,3063000.0,21.72340425531915,1826000.0,12.950354609929079,0.0,1826000.0,12.950354609929079,781000.0,1045000.0,7.411347517730497,0.14099,0.14099,7412000.0,7412000.0,https://www.sec.gov/Archives/edgar/data/713095/000143774911002867/0001437749-11-002867-index.html,https://www.sec.gov/Archives/edgar/data/713095/000143774911002867/fcbc_10q-033111.htm,1620592044,16:27:24,20210509
30,2010-12-31,FFKT,USD,2011-03-11,2011-03-11 16:40:10,Q4,462000.0,0.0,462000.0,1.0,0.0,0.0,0.0,1249000.0,0.0,0.0,-7340000.0,1379000.0,2600000.0,5.627705627705628,1221000.0,2.642857142857143,0.0,1221000.0,2.642857142857143,330000.0,891000.0,1.9285714285714286,0.12057,0.12057,7390000.0,7390000.0,https://www.sec.gov/Archives/edgar/data/713095/000143774911001488/0001437749-11-001488-index.htm,https://www.sec.gov/Archives/edgar/data/713095/000143774911001488/fcbc_10k-123110.htm,1620592044,16:27:24,20210509
31,2010-09-30,FFKT,USD,2010-11-03 00:00:00,2010-11-03 15:28:47,Q3,439000.0,0.0,439000.0,1.0,0.0,0.0,0.0,2141000.0,0.0,0.0,-8478000.0,1349000.0,3129000.0,7.12756264236902,1780000.0,4.054669703872437,0.0,1780000.0,4.054669703872437,525000.0,1255000.0,2.85876993166287,0.16994,0.16994,7385000.0,7385000.0,https://www.sec.gov/Archives/edgar/data/713095/000071309510000059/0000713095-10-000059-index.html,https://www.sec.gov/Archives/edgar/data/713095/000071309510000059/form10-q093010.htm,1620592044,16:27:24,20210509
32,2010-06-30,FFKT,USD,2010-08-06 00:00:00,2010-08-06 11:07:47,Q2,222000.0,0.0,222000.0,1.0,0.0,0.0,0.0,992000.0,0.0,0.0,-9198000.0,1312000.0,4763000.0,21.454954954954953,3451000.0,15.545045045045045,0.0,3451000.0,15.545045045045045,610000.0,2841000.0,12.797297297297296,0.38486,0.38486,7382000.0,7382000.0,https://www.sec.gov/Archives/edgar/data/713095/000071309510000050/0000713095-10-000050-index.html,https://www.sec.gov/Archives/edgar/data/713095/000071309510000050/form10-q063010.htm,1620592044,16:27:24,20210509
33,2010-03-31,FFKT,USD,2010-05-07 00:00:00,2010-05-07 12:10:36,Q1,121000.0,0.0,121000.0,1.0,0.0,0.0,0.0,1672000.0,0.0,0.0,-9932000.0,1319000.0,3836000.0,31.702479338842974,2517000.0,20.801652892561982,0.0,2517000.0,20.801652892561982,572000.0,1945000.0,16.074380165289256,0.26359,0.26359,7379000.0,7379000.0,https://www.sec.gov/Archives/edgar/data/713095/000071309510000026/0000713095-10-000026-index.html,https://www.sec.gov/Archives/edgar/data/713095/000071309510000026/form10-q033110.htm,1620592044,16:27:24,20210509
34,2009-12-31,FFKT,USD,2010-03-15 00:00:00,2010-03-15 14:17:08,Q4,0.0,0.0,0.0,0.0,0.0,0.0,0.0,0.0,0.0,0.0,-12090000.0,-4738000.0,-562000.0,0.0,4176000.0,0.0,0.0,4176000.0,0.0,871000.0,3305000.0,0.0,0.44923,0.44923,7357000.0,7357000.0,https://www.sec.gov/Archives/edgar/data/713095/000071309510000021/0000713095-10-000021-index.html,https://www.sec.gov/Archives/edgar/data/713095/000071309510000021/form10k123109.htm,1620592044,16:27:24,20210509
35,2009-09-30,FFKT,USD,2009-11-06 00:00:00,2009-11-06 16:33:15,Q3,228000.0,0.0,228000.0,1.0,0.0,0.0,0.0,0.0,0.0,0.0,-11879000.0,1522000.0,-400000.0,-1.7543859649122806,-1922000.0,-8.429824561403509,0.0,-1922000.0,-8.429824561403509,-1748000.0,-174000.0,-0.7631578947368421,-0.02363,-0.02363,7363000.0,7363000.0,https://www.sec.gov/Archives/edgar/data/713095/000071309509000038/0000713095-09-000038-index.html,https://www.sec.gov/Archives/edgar/data/713095/000071309509000038/form10-q093009.htm,1620592044,16:27:24,20210509
36,2009-06-30,FFKT,USD,2009-08-07 00:00:00,2009-08-07 12:43:32,Q2,345000.0,0.0,345000.0,1.0,0.0,0.0,0.0,0.0,0.0,0.0,-12076000.0,1682000.0,807000.0,2.3391304347826085,-875000.0,-2.536231884057971,0.0,-875000.0,-2.536231884057971,-74000.0,-801000.0,-2.3217391304347825,-0.10883,-0.10883,7360000.0,7360000.0,https://www.sec.gov/Archives/edgar/data/713095/000071309509000030/0000713095-09-000030-index.html,https://www.sec.gov/Archives/edgar/data/713095/000071309509000030/form10-q063009.htm,1620592044,16:27:24,20210509
37,2009-03-31,FFKT,USD,2009-05-07 00:00:00,2009-05-07 13:31:16,Q1,346000.0,0.0,346000.0,1.0,0.0,0.0,0.0,0.0,0.0,0.0,-12090000.0,1534000.0,5710000.0,16.502890173410403,4176000.0,12.06936416184971,0.0,4176000.0,12.06936416184971,871000.0,3305000.0,9.552023121387283,0.44923,0.44923,7357000.0,7357000.0,https://www.sec.gov/Archives/edgar/data/713095/000071309509000020/0000713095-09-000020-index.html,https://www.sec.gov/Archives/edgar/data/713095/000071309509000020/form10-q033109.htm,1620592044,16:27:24,20210509
38,2008-12-31,FFKT,USD,2009-03-12 00:00:00,2009-03-12 11:31:10,Q4,0.0,0.0,0.0,0.0,0.0,0.0,0.0,0.0,0.0,0.0,-15280000.0,1789000.0,7449000.0,0.0,5660000.0,0.0,0.0,5660000.0,0.0,1284000.0,4376000.0,0.0,0.59344,0.59344,7374000.0,7374000.0,https://www.sec.gov/Archives/edgar/data/713095/000071309509000015/0000713095-09-000015-index.html,https://www.sec.gov/Archives/edgar/data/713095/000071309509000015/form10-k123108.htm,1620592044,16:27:24,20210509
39,2008-09-30,FFKT,USD,2008-11-07 00:00:00,2008-11-07 11:51:02,Q3,128000.0,0.0,128000.0,1.0,0.0,0.0,0.0,0.0,0.0,0.0,-13085000.0,1638000.0,-8112000.0,-63.375,-9750000.0,-76.171875,0.0,-9750000.0,-76.171875,-2865000.0,-6885000.0,-53.7890625,-0.93572,-0.93572,7358000.0,7358000.0,https://www.sec.gov/Archives/edgar/data/713095/000071309508000054/0000713095-08-000054-index.html,https://www.sec.gov/Archives/edgar/data/713095/000071309508000054/form10-q093008.htm,1620592044,16:27:24,20210509
40,2008-06-30,FFKT,USD,2008-08-08 00:00:00,2008-08-08 09:52:51,Q2,101000.0,0.0,101000.0,1.0,0.0,0.0,0.0,0.0,0.0,0.0,-13686000.0,1585000.0,8252000.0,81.70297029702971,6667000.0,66.00990099009901,0.0,6667000.0,66.00990099009901,1767000.0,4900000.0,48.51485148514851,0.66558,0.66558,7362000.0,7362000.0,https://www.sec.gov/Archives/edgar/data/713095/000071309508000030/0000713095-08-000030-index.html,https://www.sec.gov/Archives/edgar/data/713095/000071309508000030/form10-q063008.htm,1620592044,16:27:24,20210509
41,2008-03-31,FFKT,USD,2008-05-08 00:00:00,2008-05-08 15:26:56,Q1,125000.0,0.0,125000.0,1.0,0.0,0.0,0.0,0.0,0.0,0.0,-15280000.0,1630000.0,7290000.0,58.32,5660000.0,45.28,0.0,5660000.0,45.28,1284000.0,4376000.0,35.008,0.59344,0.59344,7374000.0,7374000.0,https://www.sec.gov/Archives/edgar/data/713095/000071309508000014/0000713095-08-000014-index.html,https://www.sec.gov/Archives/edgar/data/713095/000071309508000014/form10-q033108.htm,1620592044,16:27:24,20210509
42,2007-12-31,FFKT,USD,2008-03-13,2008-03-13 15:33:48,Q4,0.0,0.0,0.0,0.0,0.0,0.0,0.0,0.0,0.0,0.0,-3696000.0,1945000.0,3915000.0,0.0,1970000.0,0.0,0.0,1970000.0,0.0,679000.0,1291000.0,0.0,0.16517,0.16517,7816000.0,7816000.0,https://www.sec.gov/Archives/edgar/data/713095/000071309508000007/0000713095-08-000007-index.htm,https://www.sec.gov/Archives/edgar/data/713095/000071309508000007/for10-k123107.htm,1620592044,16:27:24,20210509
43,2007-09-30,FFKT,USD,2007-11-05 00:00:00,2007-11-05 11:39:04,Q3,141000.0,0.0,141000.0,1.0,0.0,0.0,0.0,0.0,0.0,0.0,-13872000.0,1925000.0,3558000.0,25.23404255319149,1633000.0,11.581560283687944,0.0,5790000.0,41.06382978723404,1633000.0,4157000.0,29.4822695035461,0.53186,0.53186,7816000.0,7816000.0,https://www.sec.gov/Archives/edgar/data/713095/000071309507000073/0000713095-07-000073-index.html,https://www.sec.gov/Archives/edgar/data/713095/000071309507000073/form10-q093007.htm,1620592044,16:27:24,20210509
44,2007-06-30,FFKT,USD,2007-08-03,2007-08-03 09:06:31,Q2,175000.0,0.0,175000.0,1.0,0.0,0.0,0.0,0.0,0.0,0.0,-13661000.0,1818000.0,3225000.0,18.428571428571427,1407000.0,8.04,0.0,6319000.0,36.10857142857143,1407000.0,4912000.0,28.068571428571428,0.6227180527383367,0.6218508671983796,7888000.0,7899000.0,https://www.sec.gov/Archives/edgar/data/713095/000071309507000048/0000713095-07-000048-index.htm,https://www.sec.gov/Archives/edgar/data/713095/000071309507000048/form10-q063007.htm,1620592044,16:27:24,20210509
45,2007-03-31,FFKT,USD,2007-05-08,2007-05-08 15:40:59,Q1,117000.0,0.0,117000.0,1.0,0.0,0.0,0.0,0.0,0.0,0.0,-13307000.0,1789000.0,3099000.0,26.487179487179485,1310000.0,11.196581196581196,0.0,5920000.0,50.598290598290596,1310000.0,4610000.0,39.401709401709404,0.5840618269352591,0.5829539706626201,7893000.0,7908000.0,https://www.sec.gov/Archives/edgar/data/713095/000071309507000033/0000713095-07-000033-index.htm,https://www.sec.gov/Archives/edgar/data/713095/000071309507000033/form10q033107.htm,1620592044,16:27:24,20210509
46,2006-12-31,FFKT,USD,2007-03-15,2007-03-15 16:04:36,Q4,185000.0,0.0,185000.0,1.0,0.0,0.0,0.0,0.0,0.0,0.0,-12990000.0,1790000.0,2306000.0,12.464864864864865,516000.0,2.789189189189189,0.0,3031000.0,16.383783783783784,516000.0,8929000.0,48.26486486486486,1.1887897749966716,1.1864204092479405,7511000.0,7526000.0,https://www.sec.gov/Archives/edgar/data/713095/000071309507000012/0000713095-07-000012-index.htm,https://www.sec.gov/Archives/edgar/data/713095/000071309507000012/form10-k123106.htm,1620592044,16:27:24,20210509
47,2006-09-30,FFKT,USD,2006-11-08,2006-11-08 14:06:55,Q3,252000.0,0.0,252000.0,1.0,0.0,0.0,0.0,0.0,0.0,0.0,-18988000.0,2604000.0,-18000.0,-0.07142857142857142,-2622000.0,-10.404761904761905,0.0,8528000.0,33.84126984126984,1769000.0,8052000.0,31.952380952380953,1.0903182125930941,1.087520259319287,7385000.0,7404000.0,https://www.sec.gov/Archives/edgar/data/713095/000071309506000045/0000713095-06-000045-index.htm,https://www.sec.gov/Archives/edgar/data/713095/000071309506000045/form10-q093006.htm,1620592044,16:27:24,20210509
48,2006-06-30,FFKT,USD,2006-06-30,2006-06-30,Q2,17500000.0,0.0,0.0,0.0,0.0,6674000.0,0.0,0.0,0.0,0.0,9596000.0,1278000.0,6243000.0,0.35674285714285714,4965000.0,0.2837142857142857,0.0,4965000.0,0.2837142857142857,1008000.0,4306000.0,0.24605714285714286,0.58,0.58,7378000.0,7400000.0,,,1620592044,16:27:24,20210509
49,2006-03-31,FFKT,USD,2006-05-09,2006-05-09 13:20:34,Q1,212000.0,0.0,212000.0,1.0,0.0,0.0,0.0,0.0,0.0,0.0,-9454000.0,1432000.0,6898000.0,32.5377358490566,5466000.0,25.78301886792453,0.0,5466000.0,25.78301886792453,1075000.0,4391000.0,20.712264150943398,0.594583615436696,0.5923377849723459,7385000.0,7413000.0,https://www.sec.gov/Archives/edgar/data/713095/000071309506000012/0000713095-06-000012-index.htm,https://www.sec.gov/Archives/edgar/data/713095/000071309506000012/a10q033106.htm,1620592044,16:27:24,20210509
50,2005-12-31,FFKT,USD,2005-12-31,2005-12-31,Q4,17253000.0,0.0,0.0,0.0,0.0,6110000.0,0.0,0.0,0.0,0.0,8147000.0,1281000.0,6269000.0,0.36335709731640875,4988000.0,0.2891091404393439,0.0,4988000.0,0.2891091404393439,1013000.0,3975000.0,0.23039471396278907,0.0,0.0,0.0,0.0,,,1620592044,16:27:24,20210509
51,2005-09-30,FFKT,USD,2005-11-03,2005-11-03,Q3,16517000.0,0.0,0.0,0.0,0.0,6296000.0,0.0,0.0,0.0,0.0,7055000.0,1206000.0,5972000.0,0.36156687049706365,4766000.0,0.2885511896833565,0.0,4766000.0,0.2885511896833565,913000.0,3853000.0,0.2332748077738088,0.57,0.56,6786000.0,6821000.0,https://www.sec.gov/Archives/edgar/data/713095/000071309505000023/0000713095-05-000023-index.htm,https://www.sec.gov/Archives/edgar/data/713095/000071309505000023/a10q093005.txt,1620592044,16:27:24,20210509
52,2005-06-30,FFKT,USD,2005-06-30,2005-06-30,Q2,16460000.0,0.0,0.0,0.0,0.0,6154000.0,0.0,0.0,0.0,0.0,6402000.0,1185000.0,6313000.0,0.38353584447144595,5128000.0,0.31154313487241797,0.0,5128000.0,0.31154313487241797,1240000.0,3888000.0,0.2362089914945322,0.57,0.57,6781000.0,6818000.0,,,1620592044,16:27:24,20210509
53,2005-03-31,FFKT,USD,2005-03-31,2005-03-31,Q1,16626000.0,0.0,0.0,0.0,0.0,5960000.0,0.0,0.0,0.0,0.0,6006000.0,1151000.0,6315000.0,0.37982677733670156,5164000.0,0.310597858775412,0.0,5164000.0,0.310597858775412,1108000.0,4056000.0,0.24395525081198124,0.6,0.59,6791000.0,6839000.0,,,1620592044,16:27:24,20210509
54,2004-12-31,FFKT,USD,2004-12-31,2004-12-31,Q4,15679000.0,0.0,0.0,0.0,0.0,5979000.0,0.0,0.0,0.0,0.0,5550000.0,3463000.0,6859000.0,0.4374641239874992,3396000.0,0.21659544613814657,0.0,3396000.0,0.21659544613814657,452000.0,2944000.0,0.1877670769819504,0.0,0.0,0.0,0.0,,,1620592044,16:27:24,20210509
55,2004-09-30,FFKT,USD,2004-09-30,2004-09-30,Q3,15581000.0,0.0,0.0,0.0,0.0,6070000.0,0.0,0.0,0.0,0.0,4888000.0,1216000.0,5142000.0,0.33001732879789486,3926000.0,0.2519735575380271,0.0,3926000.0,0.2519735575380271,727000.0,3199000.0,0.20531416468776073,0.47,0.47,6736000.0,6787000.0,,,1620592044,16:27:24,20210509
56,2004-06-30,FFKT,USD,2004-06-30,2004-06-30,Q2,14785000.0,0.0,0.0,0.0,0.0,5383000.0,0.0,0.0,0.0,0.0,4344000.0,1167000.0,5875000.0,0.39736219141021306,4708000.0,0.3184308420696652,0.0,4708000.0,0.3184308420696652,967000.0,3741000.0,0.2530267162664863,0.56,0.55,6730000.0,6778000.0,,,1620592044,16:27:24,20210509
57,2004-03-31,FFKT,USD,2004-03-31,2004-03-31,Q1,14432000.0,0.0,0.0,0.0,0.0,5394000.0,0.0,0.0,0.0,0.0,4394000.0,1176000.0,5561000.0,0.3853242793791574,4385000.0,0.30383869179600886,0.0,4385000.0,0.30383869179600886,877000.0,3508000.0,0.2430709534368071,0.52,0.52,6723000.0,6784000.0,,,1620592044,16:27:24,20210509
58,2003-12-31,FFKT,USD,2003-12-31,2003-12-31,Q4,13903000.0,0.0,0.0,0.0,0.0,5206000.0,0.0,0.0,0.0,0.0,4554000.0,1330000.0,4333000.0,0.31165935409623824,3003000.0,0.21599654750773215,0.0,3003000.0,0.21599654750773215,560000.0,2443000.0,0.1757174710494138,0.0,0.0,0.0,0.0,,,1620592044,16:27:24,20210509
59,2003-09-30,FFKT,USD,2003-09-30,2003-09-30,Q3,14583000.0,0.0,0.0,0.0,0.0,5188000.0,0.0,0.0,0.0,0.0,4757000.0,1692000.0,6424000.0,0.44051292600973735,4732000.0,0.3244874168552424,0.0,4732000.0,0.3244874168552424,831000.0,3901000.0,0.26750325721730783,0.58,0.58,6712000.0,6761000.0,,,1620592044,16:27:24,20210509
60,2003-06-30,FFKT,USD,2003-06-30,2003-06-30,Q2,13719000.0,0.0,0.0,0.0,0.0,5213000.0,0.0,0.0,0.0,0.0,5116000.0,1897000.0,5797000.0,0.4225526641883519,3900000.0,0.28427727968510824,0.0,3900000.0,0.28427727968510824,874000.0,3026000.0,0.22057001239157373,0.45,0.45,6723000.0,6765000.0,,,1620592044,16:27:24,20210509
61,2003-03-31,FFKT,USD,2003-05-14,2003-05-14,Q1,14218000.0,0.0,0.0,0.0,0.0,5068000.0,0.0,0.0,0.0,0.0,5456000.0,1194000.0,5888000.0,0.4141229427486285,4694000.0,0.3301448867632578,0.0,4694000.0,0.3301448867632578,1101000.0,3593000.0,0.25270783513855677,0.53,0.53,6764000.0,6798000.0,https://www.sec.gov/Archives/edgar/data/713095/000071309503000009/0000713095-03-000009-index.htm,https://www.sec.gov/Archives/edgar/data/713095/000071309503000009/a10q033103.txt,1620592044,16:27:24,20210509
62,2002-12-31,FFKT,USD,2002-12-31,2002-12-31,Q4,14217000.0,0.0,0.0,0.0,0.0,5041000.0,0.0,0.0,0.0,0.0,5962000.0,1032000.0,3149000.0,0.22149539283955827,2117000.0,0.14890623900963634,0.0,2117000.0,0.14890623900963634,180000.0,1937000.0,0.13624534008581277,0.0,0.0,0.0,0.0,,,1620592044,16:27:24,20210509
63,2002-09-30,FFKT,USD,2002-09-30,2002-09-30,Q3,14611000.0,0.0,0.0,0.0,0.0,5033000.0,0.0,0.0,0.0,0.0,6372000.0,711000.0,5410000.0,0.37026897542947096,4699000.0,0.32160700841831497,0.0,4699000.0,0.32160700841831497,1173000.0,3526000.0,0.24132502908767367,0.51,0.51,6850000.0,6898000.0,,,1620592044,16:27:24,20210509
64,2002-06-30,FFKT,USD,2002-08-09,2002-08-09,Q2,14077000.0,0.0,0.0,0.0,0.0,4801000.0,0.0,0.0,0.0,0.0,6619000.0,926000.0,5324000.0,0.37820558357604606,4398000.0,0.3124245222703701,0.0,4398000.0,0.3124245222703701,1082000.0,3316000.0,0.2355615543084464,0.48,0.48,6889000.0,6941000.0,https://www.sec.gov/Archives/edgar/data/713095/000071309502000009/0000713095-02-000009-index.htm,https://www.sec.gov/Archives/edgar/data/713095/000071309502000009/a10q063002.txt,1620592044,16:27:24,20210509
65,2002-03-31,FFKT,USD,2002-05-09,2002-05-09,Q1,14149000.0,0.0,0.0,0.0,0.0,5150000.0,0.0,0.0,0.0,0.0,6793000.0,855000.0,5973000.0,0.4221499752632695,5118000.0,0.3617216764435649,0.0,5118000.0,0.3617216764435649,1336000.0,3782000.0,0.267298042264471,0.55,0.54,6901000.0,6961000.0,https://www.sec.gov/Archives/edgar/data/713095/000071309502000007/0000713095-02-000007-index.htm,https://www.sec.gov/Archives/edgar/data/713095/000071309502000007/a10q033102.txt,1620592044,16:27:24,20210509
66,2001-12-31,FFKT,USD,2002-03-28,2002-03-28,Q4,14634000.0,0.0,0.0,0.0,0.0,5214000.0,0.0,0.0,0.0,0.0,7641000.0,896000.0,6126000.0,0.4186141861418614,5230000.0,0.35738690720240535,0.0,5230000.0,0.35738690720240535,1391000.0,3839000.0,0.26233429000956676,0.0,0.0,0.0,0.0,https://www.sec.gov/Archives/edgar/data/713095/000071309502000005/0000713095-02-000005-index.htm,https://www.sec.gov/Archives/edgar/data/713095/000071309502000005/a10k123101.txt,1620592044,16:27:24,20210509
67,2001-09-30,FFKT,USD,2001-09-30,2001-09-30,Q3,14042000.0,0.0,0.0,0.0,0.0,4976000.0,0.0,0.0,0.0,0.0,8548000.0,767000.0,4906000.0,0.34938043013815695,4139000.0,0.2947585813986612,0.0,4139000.0,0.2947585813986612,1109000.0,3030000.0,0.21578122774533542,0.44,0.43,6950000.0,7012000.0,,,1620592044,16:27:24,20210509
68,2001-06-30,FFKT,USD,2001-06-30,2001-06-30,Q2,14711000.0,0.0,0.0,0.0,0.0,4565000.0,0.0,0.0,0.0,0.0,8759000.0,721000.0,6087000.0,0.4137720073414452,5366000.0,0.36476106315002377,0.0,5366000.0,0.36476106315002377,1470000.0,3896000.0,0.2648358371286792,0.56,0.558326,6949000.0,6978000.0,,,1620592044,16:27:24,20210509
69,2001-03-31,FFKT,USD,2001-03-31,2001-03-31,Q1,14168000.0,0.0,0.0,0.0,0.0,4934000.0,0.0,0.0,0.0,0.0,9409000.0,575000.0,6012000.0,0.4243365330321852,5437000.0,0.3837521174477696,0.0,5437000.0,0.3837521174477696,1531000.0,3906000.0,0.2756916996047431,0.55,0.548518,7099000.0,7121000.0,,,1620592044,16:27:24,20210509
70,2000-12-31,FFKT,USD,2000-12-31,2000-12-31,Q4,13597000.0,0.0,0.0,0.0,0.0,4319000.0,0.0,0.0,0.0,0.0,9296000.0,1195000.0,6112000.0,0.4495109215268074,4917000.0,0.3616238876222696,0.0,4917000.0,0.3616238876222696,1274000.0,3643000.0,0.2679267485474737,0.0,0.0,0.0,0.0,,,1620592044,16:27:24,20210509
71,2000-09-30,FFKT,USD,2000-11-09,2000-11-09,Q3,13922000.0,0.0,0.0,0.0,0.0,4547000.0,0.0,0.0,0.0,0.0,8370000.0,532000.0,5841000.0,0.41955178853612984,5309000.0,0.38133888809079153,0.0,5309000.0,0.38133888809079153,1522000.0,3787000.0,0.2720155150122109,0.52,0.52,7263000.0,7279000.0,https://www.sec.gov/Archives/edgar/data/713095/000071309500000010/0000713095-00-000010-index.htm,https://www.sec.gov/Archives/edgar/data/713095/000071309500000010/0000713095-00-000010-0001.txt,1620592044,16:27:24,20210509
72,2000-06-30,FFKT,USD,2000-06-30,2000-06-30,Q2,13946000.0,0.0,0.0,0.0,0.0,4742000.0,0.0,0.0,0.0,0.0,7789000.0,567000.0,4839000.0,0.3469812132511114,4272000.0,0.30632439409149576,0.0,4272000.0,0.30632439409149576,1320000.0,2952000.0,0.2116735981643482,0.4,0.4,7346000.0,7348000.0,,,1620592044,16:27:24,20210509
73,2000-03-31,FFKT,USD,2000-03-31,2000-03-31,Q1,13923000.0,0.0,0.0,0.0,0.0,4764000.0,0.0,0.0,0.0,0.0,7081000.0,490000.0,5871000.0,0.42167636285283344,5381000.0,0.38648279824750414,0.0,5381000.0,0.38648279824750414,1383000.0,3998000.0,0.287150757738993,0.54,0.538596,7422000.0,7423000.0,,,1620592044,16:27:24,20210509
74,1999-12-31,FFKT,USD,1999-12-31,1999-12-31,Q4,13882000.0,0.0,0.0,0.0,0.0,4288000.0,0.0,0.0,0.0,0.0,6884000.0,680000.0,4613000.0,0.33230082120731885,3933000.0,0.2833165249963982,0.0,3933000.0,0.2833165249963982,903000.0,3030000.0,0.2182682610574845,0.0,0.0,0.0,0.0,,,1620592044,16:27:24,20210509
75,1999-09-30,FFKT,USD,1999-09-30,1999-09-30,Q3,13700000.0,0.0,0.0,0.0,0.0,4400000.0,0.0,0.0,0.0,0.0,6700000.0,700000.0,6000000.0,0.43795620437956206,5300000.0,0.38686131386861317,0.0,5200000.0,0.3795620437956204,1400000.0,3800000.0,0.2773722627737226,0.5,0.5,7600000.0,7600000.0,,,1620592044,16:27:24,20210509
76,1999-06-30,FFKT,USD,1999-06-30,1999-06-30,Q2,13600000.0,0.0,0.0,0.0,0.0,4500000.0,0.0,0.0,0.0,0.0,6700000.0,700000.0,5600000.0,0.4117647058823529,4900000.0,0.3602941176470588,0.0,4900000.0,0.3602941176470588,1200000.0,3700000.0,0.27205882352941174,0.49,0.49,7551020.0,7551020.0,,,1620592044,16:27:24,20210509
77,1999-03-31,FFKT,USD,1999-05-11,1999-05-11,Q1,13200000.0,0.0,0.0,0.0,0.0,4400000.0,0.0,0.0,0.0,0.0,6800000.0,700000.0,5600000.0,0.42424242424242425,4900000.0,0.3712121212121212,0.0,4900000.0,0.3712121212121212,1400000.0,3500000.0,0.26515151515151514,0.47,0.47,7446809.0,7446809.0,https://www.sec.gov/Archives/edgar/data/713095/0000713095-99-000006-index.html,https://www.sec.gov/Archives/edgar/data/713095/,1620592044,16:27:24,20210509
78,1998-12-31,FFKT,USD,1998-12-31,1998-12-31,Q4,13800000.0,0.0,0.0,0.0,0.0,5300000.0,0.0,0.0,0.0,0.0,7300000.0,800000.0,5200000.0,0.37681159420289856,4400000.0,0.3188405797101449,0.0,4300000.0,0.3115942028985507,1100000.0,3200000.0,0.2318840579710145,0.0,0.0,0.0,0.0,,,1620592044,16:27:24,20210509
79,1998-09-30,FFKT,USD,1998-09-30,1998-09-30,Q3,13200000.0,0.0,0.0,0.0,0.0,4200000.0,0.0,0.0,0.0,0.0,7500000.0,600000.0,5700000.0,0.4318181818181818,5100000.0,0.38636363636363635,0.0,5100000.0,0.38636363636363635,1400000.0,3700000.0,0.2803030303030303,0.49,0.48,7551020.0,7708333.0,,,1620592044,16:27:24,20210509
80,1998-06-30,FFKT,USD,1998-06-30,1998-06-30,Q2,13200000.0,0.0,0.0,0.0,0.0,4100000.0,0.0,0.0,0.0,0.0,7300000.0,700000.0,5800000.0,0.4393939393939394,5100000.0,0.38636363636363635,0.0,5000000.0,0.3787878787878788,1300000.0,3700000.0,0.2803030303030303,0.49,0.49,7551020.0,7551020.0,,,1620592044,16:27:24,20210509
81,1998-03-31,FFKT,USD,1998-03-31,1998-03-31,Q1,13100000.0,0.0,0.0,0.0,0.0,4200000.0,0.0,0.0,0.0,0.0,7200000.0,700000.0,5800000.0,0.44274809160305345,5100000.0,0.3893129770992366,0.0,5000000.0,0.3816793893129771,1400000.0,3600000.0,0.2748091603053435,0.48,0.47,7500000.0,7659574.0,,,1620592044,16:27:24,20210509
82,1997-12-31,FFKT,USD,1997-12-31,1997-12-31,Q4,13300000.0,0.0,0.0,0.0,0.0,4300000.0,0.0,0.0,0.0,0.0,7000000.0,600000.0,5500000.0,0.41353383458646614,4900000.0,0.3684210526315789,0.0,4900000.0,0.3684210526315789,1400000.0,3500000.0,0.2631578947368421,0.0,0.0,0.0,0.0,,,1620592044,16:27:24,20210509
83,1997-09-30,FFKT,USD,1997-09-30,1997-09-30,Q3,13200000.0,0.0,0.0,0.0,0.0,4100000.0,0.0,0.0,0.0,0.0,6900000.0,600000.0,5600000.0,0.42424242424242425,5000000.0,0.3787878787878788,0.0,5000000.0,0.3787878787878788,1500000.0,3500000.0,0.26515151515151514,0.46,0.46,7608696.0,7608696.0,,,1620592044,16:27:24,20210509
84,1997-06-30,FFKT,USD,1997-06-30,1997-06-30,Q2,13000000.0,0.0,0.0,0.0,0.0,3700000.0,0.0,0.0,0.0,0.0,6700000.0,700000.0,6000000.0,0.46153846153846156,5300000.0,0.4076923076923077,0.0,5300000.0,0.4076923076923077,1500000.0,3800000.0,0.2923076923076923,0.5,0.5,7600000.0,7600000.0,,,1620592044,16:27:24,20210509
85,1997-03-31,FFKT,USD,1997-03-31,1997-03-31,Q1,13000000.0,0.0,0.0,0.0,0.0,4000000.0,0.0,0.0,0.0,0.0,6900000.0,700000.0,5500000.0,0.4230769230769231,4800000.0,0.36923076923076925,0.0,4800000.0,0.36923076923076925,1400000.0,3400000.0,0.26153846153846155,0.45,0.45,7555556.0,7555556.0,,,1620592044,16:27:24,20210509
86,1996-12-31,FFKT,USD,1996-12-31,1996-12-31,Q4,12900000.0,0.0,0.0,0.0,0.0,4500000.0,0.0,0.0,0.0,0.0,7100000.0,600000.0,4400000.0,0.34108527131782945,3800000.0,0.29457364341085274,0.0,3800000.0,0.29457364341085274,900000.0,2900000.0,0.2248062015503876,0.0,0.0,0.0,0.0,,,1620592044,16:27:24,20210509
87,1996-09-30,FFKT,USD,1996-09-30,1996-09-30,Q3,12600000.0,0.0,0.0,0.0,0.0,4200000.0,0.0,0.0,0.0,0.0,7100000.0,600000.0,5100000.0,0.40476190476190477,4500000.0,0.35714285714285715,0.0,4400000.0,0.3492063492063492,1300000.0,3100000.0,0.24603174603174602,0.41,0.41,7560976.0,7560976.0,,,1620592044,16:27:24,20210509
88,1996-06-30,FFKT,USD,1996-06-30,1996-06-30,Q2,15700000.0,0.0,0.0,0.0,0.0,4300000.0,0.0,0.0,0.0,0.0,7100000.0,500000.0,6600000.0,0.42038216560509556,6100000.0,0.3885350318471338,0.0,6200000.0,0.39490445859872614,2000000.0,4200000.0,0.267515923566879,0.54,0.54,7777778.0,7777778.0,,,1620592044,16:27:24,20210509
89,1996-03-31,FFKT,USD,1996-03-31,1996-03-31,Q1,12500000.0,0.0,0.0,0.0,0.0,4200000.0,0.0,0.0,0.0,0.0,7400000.0,500000.0,3900000.0,0.312,3400000.0,0.272,0.0,3500000.0,0.28,1000000.0,2500000.0,0.2,0.32,0.32,7812500.0,7812500.0,,,1620592044,16:27:24,20210509
90,1995-12-31,FFKT,USD,1996-03-25,1996-03-25,Q4,13200000.0,0.0,0.0,0.0,0.0,4400000.0,0.0,0.0,0.0,0.0,7500000.0,600000.0,4700000.0,0.3560606060606061,4100000.0,0.3106060606060606,0.0,4200000.0,0.3181818181818182,1200000.0,3000000.0,0.22727272727272727,0.0,0.0,0.0,0.0,https://www.sec.gov/Archives/edgar/data/713095/0000713095-96-000006-index.html,https://www.sec.gov/Archives/edgar/data/713095/,1620592044,16:27:24,20210509
91,1995-09-30,FFKT,USD,1995-11-14,1995-11-14,Q3,12800000.0,0.0,0.0,0.0,0.0,4300000.0,0.0,0.0,0.0,0.0,7200000.0,500000.0,4700000.0,0.3671875,4200000.0,0.328125,0.0,4200000.0,0.328125,1300000.0,2900000.0,0.2265625,0.37,0.37,7837838.0,7837838.0,https://www.sec.gov/Archives/edgar/data/713095/0000713095-95-000017-index.html,https://www.sec.gov/Archives/edgar/data/713095/,1620592044,16:27:24,20210509
92,1995-06-30,FFKT,USD,1995-10-11,1995-10-11,Q2,12800000.0,0.0,0.0,0.0,0.0,4100000.0,0.0,0.0,0.0,0.0,7000000.0,500000.0,3600000.0,0.28125,3100000.0,0.2421875,0.0,3100000.0,0.2421875,900000.0,2200000.0,0.171875,0.29,0.29,7586207.0,7586207.0,https://www.sec.gov/Archives/edgar/data/713095/0000713095-95-000012-index.html,https://www.sec.gov/Archives/edgar/data/713095/,1620592044,16:27:24,20210509
93,1995-03-31,FFKT,USD,1995-03-31,1995-03-31,Q1,12200000.0,0.0,0.0,0.0,0.0,4100000.0,0.0,0.0,0.0,0.0,6600000.0,500000.0,3900000.0,0.319672131147541,3400000.0,0.2786885245901639,0.0,3300000.0,0.27049180327868855,1000000.0,2300000.0,0.1885245901639344,0.31,0.31,7419355.0,7419355.0,,,1620592044,16:27:24,20210509
94,1994-12-31,FFKT,USD,1996-03-13,1996-03-13,Q4,12800000.0,0.0,0.0,0.0,0.0,4300000.0,0.0,0.0,0.0,0.0,5900000.0,700000.0,4800000.0,0.375,4100000.0,0.3203125,0.0,4100000.0,0.3203125,1200000.0,2900000.0,0.2265625,0.0,0.0,0.0,0.0,https://www.sec.gov/Archives/edgar/data/713095/0000713095-96-000002-index.html,https://www.sec.gov/Archives/edgar/data/713095/,1620592044,16:27:24,20210509
95,1994-09-30,FFKT,USD,1994-09-30,1994-09-30,Q3,12000000.0,0.0,0.0,0.0,0.0,4000000.0,0.0,0.0,0.0,0.0,5600000.0,1000000.0,4600000.0,0.38333333333333336,3600000.0,0.3,0.0,3700000.0,0.30833333333333335,1100000.0,2600000.0,0.21666666666666667,0.34,0.34,7647059.0,7647059.0,,,1620592044,16:27:24,20210509
96,1994-06-30,FFKT,USD,1994-06-30,1994-06-30,Q2,12100000.0,0.0,0.0,0.0,0.0,3900000.0,0.0,0.0,0.0,0.0,5200000.0,400000.0,4600000.0,0.38016528925619836,4200000.0,0.34710743801652894,0.0,4200000.0,0.34710743801652894,1300000.0,2900000.0,0.2396694214876033,0.38,0.38,7631579.0,7631579.0,,,1620592044,16:27:24,20210509
97,1994-03-31,FFKT,USD,1994-03-31,1994-03-31,Q1,10800000.0,0.0,0.0,0.0,0.0,3800000.0,0.0,0.0,0.0,0.0,5100000.0,900000.0,3600000.0,0.3333333333333333,2700000.0,0.25,0.0,2700000.0,0.25,800000.0,1900000.0,0.17592592592592593,0.24,0.24,7916667.0,7916667.0,,,1620592044,16:27:24,20210509
98,1993-12-31,FFKT,USD,1993-12-31,1993-12-31,Q4,11300000.0,0.0,0.0,0.0,0.0,4000000.0,0.0,0.0,0.0,0.0,5200000.0,1200000.0,3800000.0,0.336283185840708,2600000.0,0.23008849557522124,0.0,2600000.0,0.23008849557522124,1000000.0,1600000.0,0.1415929203539823,0.20740739972565186,0.20740739972565186,7714286.0,7714286.0,,,1620592044,16:27:24,20210509
99,1993-09-30,FFKT,USD,1993-09-30,1993-09-30,Q3,10800000.0,0.0,0.0,0.0,0.0,3800000.0,0.0,0.0,0.0,0.0,5400000.0,600000.0,8700000.0,0.8055555555555556,8100000.0,0.75,0.0,8100000.0,0.75,2700000.0,5400000.0,0.5,0.7,0.7,7714286.0,7714286.0,,,1620592044,16:27:24,20210509
100,1993-06-30,FFKT,USD,1993-06-30,1993-06-30,Q2,10800000.0,0.0,0.0,0.0,0.0,3900000.0,0.0,0.0,0.0,0.0,5500000.0,900000.0,3100000.0,0.28703703703703703,2200000.0,0.2037037037037037,0.0,2100000.0,0.19444444444444445,600000.0,1500000.0,0.1388888888888889,0.2,0.2,7500000.0,7500000.0,,,1620592044,16:27:24,20210509
101,1993-03-31,FFKT,USD,1993-03-31,1993-03-31,Q1,10700000.0,0.0,0.0,0.0,0.0,3500000.0,0.0,0.0,0.0,0.0,5800000.0,1000000.0,3700000.0,0.34579439252336447,2700000.0,0.2523364485981308,0.0,2700000.0,0.2523364485981308,800000.0,2300000.0,0.21495327102803738,0.3,0.3,7666667.0,7666667.0,,,1620592044,16:27:24,20210509
102,1992-12-31,FFKT,USD,1992-12-31,1992-12-31,Q4,10800000.0,0.0,0.0,0.0,0.0,3700000.0,0.0,0.0,0.0,0.0,6200000.0,1800000.0,4200000.0,0.3888888888888889,2400000.0,0.2222222222222222,0.0,2400000.0,0.2222222222222222,400000.0,2000000.0,0.18518518518518517,0.2705882480276823,0.2705882480276823,7391304.0,7391304.0,,,1620592044,16:27:24,20210509
103,1992-09-30,FFKT,USD,1992-09-30,1992-09-30,Q3,10600000.0,0.0,0.0,0.0,0.0,3600000.0,0.0,0.0,0.0,0.0,6600000.0,600000.0,3100000.0,0.29245283018867924,2500000.0,0.2358490566037736,0.0,2400000.0,0.22641509433962265,700000.0,1700000.0,0.16037735849056603,0.23,0.23,7391304.0,7391304.0,,,1620592044,16:27:24,20210509
104,1992-06-30,FFKT,USD,1992-06-30,1992-06-30,Q2,10100000.0,0.0,0.0,0.0,0.0,4000000.0,0.0,0.0,0.0,0.0,7300000.0,700000.0,2100000.0,0.2079207920792079,1400000.0,0.13861386138613863,0.0,1400000.0,0.13861386138613863,400000.0,1000000.0,0.09900990099009901,0.14,0.14,7142857.0,7142857.0,,,1620592044,16:27:24,20210509
105,1992-03-31,FFKT,USD,1992-03-31,1992-03-31,Q1,10700000.0,0.0,0.0,0.0,0.0,3500000.0,0.0,0.0,0.0,0.0,8000000.0,700000.0,2900000.0,0.27102803738317754,2200000.0,0.205607476635514,0.0,2200000.0,0.205607476635514,700000.0,1500000.0,0.14018691588785046,0.2,0.2,7500000.0,7500000.0,,,1620592044,16:27:24,20210509
106,1991-12-31,FFKT,USD,1991-12-31,1991-12-31,Q4,10000000.0,0.0,0.0,0.0,0.0,3500000.0,0.0,0.0,0.0,0.0,9400000.0,800000.0,1800000.0,0.18,1000000.0,0.1,0.0,1000000.0,0.1,500000.0,500000.0,0.05,0.06562499671875016,0.06562499671875016,7619048.0,7619048.0,,,1620592044,16:27:24,20210509
107,1991-09-30,FFKT,USD,1991-09-30,1991-09-30,Q3,10800000.0,0.0,0.0,0.0,0.0,3500000.0,0.0,0.0,0.0,0.0,9900000.0,800000.0,2700000.0,0.25,1900000.0,0.17592592592592593,0.0,1900000.0,0.17592592592592593,300000.0,1600000.0,0.14814814814814814,0.21,0.21,7619048.0,7619048.0,,,1620592044,16:27:24,20210509
108,1991-06-30,FFKT,USD,1991-06-30,1991-06-30,Q2,9500000.0,0.0,0.0,0.0,0.0,3800000.0,0.0,0.0,0.0,0.0,10300000.0,700000.0,2100000.0,0.22105263157894736,1400000.0,0.14736842105263157,0.0,1400000.0,0.14736842105263157,400000.0,1000000.0,0.10526315789473684,0.14,0.14,7142857.0,7142857.0,,,1620592044,16:27:24,20210509
109,1991-03-31,FFKT,USD,1991-03-31,1991-03-31,Q1,9300000.0,0.0,0.0,0.0,0.0,3200000.0,0.0,0.0,0.0,0.0,10900000.0,600000.0,2200000.0,0.23655913978494625,1600000.0,0.17204301075268819,0.0,1500000.0,0.16129032258064516,400000.0,1100000.0,0.11827956989247312,0.15,0.15,7333333.0,7333333.0,,,1620592044,16:27:24,20210509
110,1990-12-31,FFKT,USD,1990-12-31,1990-12-31,Q4,9700000.0,0.0,0.0,0.0,0.0,3600000.0,0.0,0.0,0.0,0.0,11200000.0,700000.0,300000.0,0.030927835051546393,-400000.0,-0.041237113402061855,0.0,-500000.0,-0.05154639175257732,-400000.0,-100000.0,-0.010309278350515464,-0.012941176013840847,-0.012941176013840847,7727273.0,7727273.0,,,1620592044,16:27:24,20210509
111,1990-09-30,FFKT,USD,1990-09-30,1990-09-30,Q3,9100000.0,0.0,0.0,0.0,0.0,3200000.0,0.0,0.0,0.0,0.0,10500000.0,500000.0,-2800000.0,-0.3076923076923077,-3300000.0,-0.3626373626373626,0.0,-3300000.0,-0.3626373626373626,-1600000.0,-1700000.0,-0.18681318681318682,-0.22,-0.22,7727273.0,7727273.0,,,1620592044,16:27:24,20210509
112,1990-06-30,FFKT,USD,1990-06-30,1990-06-30,Q2,9700000.0,0.0,0.0,0.0,0.0,3400000.0,0.0,0.0,0.0,0.0,10300000.0,900000.0,3500000.0,0.36082474226804123,2600000.0,0.26804123711340205,0.0,2600000.0,0.26804123711340205,600000.0,2000000.0,0.20618556701030927,0.25,0.25,8000000.0,8000000.0,,,1620592044,16:27:24,20210509
113,1990-03-31,FFKT,USD,1990-03-31,1990-03-31,Q1,9500000.0,0.0,0.0,0.0,0.0,3000000.0,0.0,0.0,0.0,0.0,10000000.0,500000.0,3300000.0,0.3473684210526316,2800000.0,0.29473684210526313,0.0,2900000.0,0.30526315789473685,600000.0,2300000.0,0.24210526315789474,0.29,0.29,7931034.0,7931034.0,,,1620592044,16:27:24,20210509
114,1989-03-31,FFKT,USD,1989-03-31,1989-03-31,Q1,0.0,0.0,0.0,0.0,0.0,0.0,0.0,0.0,0.0,0.0,0.0,0.0,0.0,0.0,0.0,0.0,0.0,0.0,0.0,0.0,0.0,0.0,0.31,0.31,7776000.0,7776000.0,,,1620592044,16:27:24,20210509
115,1988-03-31,FFKT,USD,1988-03-31,1988-03-31,Q1,0.0,0.0,0.0,0.0,0.0,0.0,0.0,0.0,0.0,0.0,0.0,0.0,0.0,0.0,0.0,0.0,0.0,0.0,0.0,0.0,0.0,0.0,0.26,0.26,7776000.0,7776000.0,,,1620592044,16:27:24,20210509
116,1987-03-31,FFKT,USD,1987-03-31,1987-03-31,Q1,0.0,0.0,0.0,0.0,0.0,0.0,0.0,0.0,0.0,0.0,0.0,0.0,0.0,0.0,0.0,0.0,0.0,0.0,0.0,0.0,0.0,0.0,0.27,0.27,7948000.0,7948000.0,,,1620592044,16:27:24,20210509
