,date,symbol,reportedCurrency,fillingDate,acceptedDate,period,revenue,costOfRevenue,grossProfit,grossProfitRatio,researchAndDevelopmentExpenses,generalAndAdministrativeExpenses,sellingAndMarketingExpenses,otherExpenses,operatingExpenses,costAndExpenses,interestExpense,depreciationAndAmortization,ebitda,ebitdaratio,operatingIncome,operatingIncomeRatio,totalOtherIncomeExpensesNet,incomeBeforeTax,incomeBeforeTaxRatio,incomeTaxExpense,netIncome,netIncomeRatio,eps,epsdiluted,weightedAverageShsOut,weightedAverageShsOutDil,link,finalLink,timestamp,est_time,est_date
0,2020-12-31,JASH.NS,INR,2020-12-31,2020-12-31,Q4,789363000,301682000,487681000,0.6178158844536671,0.0,0.0,0.0,15969000.0,352208000,653890000,27227000.0,21519000.0,156992000.0,0.19888441692858672,135473000.0,0.17162319490525904,0.0,124215000.0,0.15736106202089534,23065000.0,101150000.0,0.12814129874341715,8.55,8.54,11830409,11844262,https://www.nseindia.com/companies-listing/corporate-filings-annual-reports,https://www.nseindia.com/companies-listing/corporate-filings-annual-reports,1620593865,16:57:45,20210509
1,2020-03-31,JASH.NS,INR,2020-03-31,2020-03-31,Q1,751356000,487915000,263441000,0.3506207443608622,0.0,0.0,0.0,-14488000.0,129205000,617120000,4802000.0,4730000.0,138966000.0,0.18495360388417742,134236000.0,0.17865831909241425,0.0,126627000.0,0.16853129541788447,25875000.0,100752000.0,0.13409355884560714,8.501008710091405,8.501008710091405,11851770,11851770,https://www.nseindia.com/companies-listing/corporate-filings-annual-reports,https://www.nseindia.com/companies-listing/corporate-filings-annual-reports,1620593865,16:57:45,20210509
2,2019-09-30,JASH.NS,INR,2019-09-30,2019-09-30,Q3,567312000,282565000,284747000,0.5019231040415151,0.0,0.0,0.0,12519000.0,230979000,513544000,22272000.0,20887000.0,74655000.0,0.13159425501311448,53768000.0,0.09477677186451194,0.0,44015000.0,0.0775851735905463,17231000.0,26785000.0,0.047213878782750934,2.26,2.26,11851770,11851770,https://www.nseindia.com/companies-listing/corporate-filings-annual-reports,https://www.nseindia.com/companies-listing/corporate-filings-annual-reports,1620593865,16:57:45,20210509
3,2019-03-31,JASH.NS,INR,2019-03-31,2019-03-31,Q1,806395400,451540843,354854557,0.44005032394778043,0.0,0.0,0.0,28208967.0,210323081,668228583,5590645.0,7369950.0,145536767.0,0.18047817113044048,138166817.0,0.1713387960794419,0.0,132204257.0,0.16394470628180666,49253251.0,82951006.0,0.10286641764077523,6.999039468366329,6.999039468366329,11851770,11851770,https://www.nseindia.com/companies-listing/corporate-filings-annual-reports,https://www.nseindia.com/companies-listing/corporate-filings-annual-reports,1620593865,16:57:45,20210509
4,2018-12-31,JASH.NS,INR,2018-12-31,2018-12-31,Q4,546494000,265509000,280985000,0.5141593503313852,0.0,0.0,0.0,700000.0,280790000,546299000,21909000.0,16234000.0,16429000.0,0.030062544145040934,195000.0,0.0003568200199819211,0.0,-21014000.0,-0.03845238923025687,6923000.0,-27939000.0,-0.05112407455525587,-2.36,-2.36,11838559,11838559,https://www.nseindia.com/companies-listing/corporate-filings-annual-reports,https://www.nseindia.com/companies-listing/corporate-filings-annual-reports,1620593865,16:57:45,20210509
5,2018-09-30,JASH.NS,INR,2018-09-30,2018-09-30,Q3,539153000,326681000,212472000,0.3940847959670075,0.0,0.0,0.0,7974000.0,195392000,522073000,19584000.0,17289000.0,34369000.0,0.06374628352248805,17080000.0,0.03167931922849358,0.0,5470000.0,0.010145543101865334,3463000.0,2007000.0,0.003722505485455891,0.17,0.17,11805882,11805882,https://www.nseindia.com/companies-listing/corporate-filings-annual-reports,https://www.nseindia.com/companies-listing/corporate-filings-annual-reports,1620593865,16:57:45,20210509
6,2018-03-31,JASH.NS,INR,2018-03-31,2018-03-31,Q1,664557586,481443711,183113875,0.27554252461727224,0.0,0.0,0.0,-12623998.0,142959893,626621259,3722555.0,2530180.0,40466507.0,0.060892400978475925,37936327.0,0.05708508607710032,0.0,46600840.0,0.07012310292098599,14290897.0,32309943.0,0.048618725721686365,2.7261702682384152,2.7261702682384152,11851770,11851770,https://www.nseindia.com/companies-listing/corporate-filings-annual-reports,https://www.nseindia.com/companies-listing/corporate-filings-annual-reports,1620593865,16:57:45,20210509
7,2017-12-31,JASH.NS,INR,2017-12-31,2017-12-31,Q4,486397000,218383000,268014000,0.5510190235548328,0.0,0.0,0.0,11181000.0,283652000,502035000,15279000.0,14391000.0,-1247000.0,-0.0025637493652304597,-15638000.0,-0.032150691718904514,0.0,-19736000.0,-0.040575908157328276,-4085000.0,-15651000.0,-0.032177418857435386,-1.35,-1.35,11593333,11593333,https://www.nseindia.com/companies-listing/corporate-filings-annual-reports,https://www.nseindia.com/companies-listing/corporate-filings-annual-reports,1620593865,16:57:45,20210509
