,date,symbol,reportedCurrency,fillingDate,acceptedDate,period,revenue,costOfRevenue,grossProfit,grossProfitRatio,researchAndDevelopmentExpenses,generalAndAdministrativeExpenses,sellingAndMarketingExpenses,otherExpenses,operatingExpenses,costAndExpenses,interestExpense,depreciationAndAmortization,ebitda,ebitdaratio,operatingIncome,operatingIncomeRatio,totalOtherIncomeExpensesNet,incomeBeforeTax,incomeBeforeTaxRatio,incomeTaxExpense,netIncome,netIncomeRatio,eps,epsdiluted,weightedAverageShsOut,weightedAverageShsOutDil,link,finalLink,timestamp,est_time,est_date
0,2021-03-31,CNS,USD,2021-05-07,2021-05-07 09:55:45,Q1,125747000,62268000.0,63479000.0,0.5048152242200609,0.0,10374000.0,0.0,0.0,11541000.0,73809000.0,0.0,347.0,51938347.0,0.41303845817395246,51938000.0,0.4524243123096376,4337000.0,56891000.0,0.4524243123096376,4461000.0,48852000.0,0.38849435771827556,1.01,1.0,48145000,48709000,https://www.sec.gov/Archives/edgar/data/1284812/000128481221000175/0001284812-21-000175-index.htm,https://www.sec.gov/Archives/edgar/data/1284812/000128481221000175/cns-20210331.htm,1620590499,16:01:39,20210509
1,2020-12-31,CNS,USD,2021-02-26,2021-02-26 10:53:45,Q4,116460000,116280000.0,180000.0,0.0015455950540958269,0.0,10966000.0,0.0,0.0,12094000.0,128374000.0,0.0,6465000.0,-5449000.0,-0.04678859694315645,-11914000.0,-0.1023012193027649,6363000.0,-4925000.0,-0.04228919800789971,-5854000.0,-4412000.0,-0.037884252103726604,-0.09,-0.09,47867000,48857000,https://www.sec.gov/Archives/edgar/data/1284812/000128481221000150/0001284812-21-000150-index.htm,https://www.sec.gov/Archives/edgar/data/1284812/000128481221000150/cns-20201231.htm,1620590499,16:01:39,20210509
2,2020-09-30,CNS,USD,2020-11-05,2020-11-05 17:13:07,Q3,111159000,55702000.0,55457000.0,0.4988979749727867,0.0,11006000.0,0.0,0.0,12150000.0,67852000.0,0.0,890000.0,44197000.0,0.3976016336958771,43307000.0,0.3895950845185725,2537000.0,46538000.0,0.4186615568689895,12532000.0,31904000.0,0.28701229769969144,0.67,0.66,47855000,48681000,https://www.sec.gov/Archives/edgar/data/1284812/000128481220000169/0001284812-20-000169-index.htm,https://www.sec.gov/Archives/edgar/data/1284812/000128481220000169/cns-20200930.htm,1620590499,16:01:39,20210509
3,2020-06-30,CNS,USD,2020-08-07,2020-08-07 10:40:39,Q2,94087000,46838000.0,47249000.0,0.5021841487134248,0.0,10726000.0,0.0,0.0,11954000.0,58792000.0,0.0,3794000.0,39089000.0,0.41545590782998715,35295000.0,0.37513152720354564,7060000.0,43248000.0,0.45965967668221963,11086000.0,28520000.0,0.3031237046563287,0.6,0.59,47826000,48572000,https://www.sec.gov/Archives/edgar/data/1284812/000128481220000155/0001284812-20-000155-index.htm,https://www.sec.gov/Archives/edgar/data/1284812/000128481220000155/cns-20200630.htm,1620590499,16:01:39,20210509
4,2020-03-31,CNS,USD,2020-05-08,2020-05-08 15:13:53,Q1,105830000,52721000.0,53109000.0,0.5018331286024756,0.0,23588000.0,0.0,0.0,24740000.0,77461000.0,0.0,3631000.0,32000000.0,0.30237172824340924,28369000.0,0.2680619862042899,-20992000.0,8526000.0,0.08056316734385335,458000.0,20572000.0,0.19438722479448173,0.43,0.42,47651000,48591000,https://www.sec.gov/Archives/edgar/data/1284812/000128481220000123/0001284812-20-000123-index.htm,https://www.sec.gov/Archives/edgar/data/1284812/000128481220000092/cns-10kx123119.htm,1620590499,16:01:39,20210509
5,2019-12-31,CNS,USD,2020-02-28,2020-02-28 15:05:53,Q4,109847000,49364000.0,60483000.0,0.5506113048148789,0.0,12942000.0,0.0,0.0,14021000.0,63385000.0,0.0,3472000.0,49934000.0,0.45457773084381004,46462000.0,0.4229701311824629,-190000.0,47814000.0,0.4352781596220197,9854000.0,36728000.0,0.33435596784618604,0.78,0.75,47324000,48703000,https://www.sec.gov/Archives/edgar/data/1284812/000128481220000092/0001284812-20-000092-index.htm,https://www.sec.gov/Archives/edgar/data/1284812/000128481220000092/cns-10kx123119.htm,1620590499,16:01:39,20210509
6,2019-09-30,CNS,USD,2019-11-12,2019-11-12 16:13:04,Q3,104965000,52019000.0,52946000.0,0.5044157576334969,0.0,11713000.0,0.0,0.0,12813000.0,64832000.0,0.0,3699000.0,43832000.0,0.4175868146525032,40133000.0,0.382346496451198,4904000.0,46750000.0,0.4453865574239032,10352000.0,34017000.0,0.32407945505644736,0.72,0.7,47316000,48412000,https://www.sec.gov/Archives/edgar/data/1284812/000128481219000157/0001284812-19-000157-index.htm,https://www.sec.gov/Archives/edgar/data/1284812/000128481219000157/cns-10qx93019.htm,1620590499,16:01:39,20210509
7,2019-06-30,CNS,USD,2019-08-06,2019-08-06 16:47:17,Q2,101792000,51034000.0,50758000.0,0.4986442942470921,0.0,11539000.0,0.0,0.0,12654000.0,63688000.0,0.0,3660000.0,41764000.0,0.41028764539453,38104000.0,0.37433197107827726,2616000.0,42640000.0,0.4188934297390758,9991000.0,31333000.0,0.30781397359320967,0.66,0.65,47304000,48175000,https://www.sec.gov/Archives/edgar/data/1284812/000128481219000143/0001284812-19-000143-index.htm,https://www.sec.gov/Archives/edgar/data/1284812/000128481219000143/cns-10qx63019.htm,1620590499,16:01:39,20210509
8,2019-03-31,CNS,USD,2019-05-09,2019-05-09 16:01:20,Q1,94226000,46251000.0,47975000.0,0.5091482181138963,0.0,11438000.0,0.0,0.0,12540000.0,58791000.0,0.0,3613000.0,39048000.0,0.41440791289028506,35435000.0,0.3760639313989769,13369000.0,50345000.0,0.534300511536094,10368000.0,32543000.0,0.34537176575467493,0.69,0.68,47146000,47642000,https://www.sec.gov/Archives/edgar/data/1284812/000128481219000120/0001284812-19-000120-index.htm,https://www.sec.gov/Archives/edgar/data/1284812/000128481219000102/cns-10kx123118.htm,1620590499,16:01:39,20210509
9,2018-12-31,CNS,USD,2019-03-01,2019-03-01 14:42:03,Q4,93906000,46055000.0,47851000.0,0.5095627542436053,0.0,12474000.0,0.0,0.0,13542000.0,59597000.0,0.0,1068000.0,35377000.0,0.3767277916214086,34309000.0,0.3653547164185462,-6321000.0,30980000.0,0.32990437245756393,5682000.0,25561000.0,0.27219772964453814,0.55,0.54,46842000,47562000,https://www.sec.gov/Archives/edgar/data/1284812/000128481219000102/0001284812-19-000102-index.htm,https://www.sec.gov/Archives/edgar/data/1284812/000128481219000102/cns-10kx123118.htm,1620590499,16:01:39,20210509
10,2018-09-30,CNS,USD,2018-11-08,2018-11-08 16:46:01,Q3,98331000,46336000.0,51995000.0,0.5287752590739442,0.0,11634000.0,0.0,0.0,12772000.0,59108000.0,0.0,1138000.0,40361000.0,0.41046058720037426,39223000.0,0.3988874312271817,-1700000.0,40270000.0,0.40953514151183246,10539000.0,30790000.0,0.31312607417803134,0.66,0.65,46830000,47524000,https://www.sec.gov/Archives/edgar/data/1284812/000128481218000171/0001284812-18-000171-index.htm,https://www.sec.gov/Archives/edgar/data/1284812/000128481218000171/cns-10qx93018.htm,1620590499,16:01:39,20210509
11,2018-06-30,CNS,USD,2018-08-08,2018-08-08 16:42:30,Q2,94410000,44946000.0,49464000.0,0.5239275500476644,0.0,11972000.0,0.0,-3061000.0,13177000.0,58123000.0,0.0,1205000.0,37492000.0,0.39711894926384916,36287000.0,0.3843554708187692,-3664000.0,35509000.0,0.37611481834551425,9940000.0,29959000.0,0.3173286728100837,0.64,0.63,46819000,47311000,https://www.sec.gov/Archives/edgar/data/1284812/000128481218000137/0001284812-18-000137-index.htm,https://www.sec.gov/Archives/edgar/data/1284812/000128481218000137/cns-10qx63018.htm,1620590499,16:01:39,20210509
12,2018-03-31,CNS,USD,2018-05-10,2018-05-10 14:33:47,Q1,94464000,43998000.0,50466000.0,0.5342352642276422,0.0,12185000.0,0.0,2502000.0,13247000.0,57245000.0,0.0,1062000.0,38281000.0,0.4052443258807588,37219000.0,0.39400194783197834,-2000000.0,37020000.0,0.39189532520325204,8096000.0,27586000.0,0.2920265921409214,0.5909217488164856,0.5850441126569392,46683000,47152000,https://www.sec.gov/Archives/edgar/data/1284812/000128481218000127/0001284812-18-000127-index.htm,https://www.sec.gov/Archives/edgar/data/1284812/000128481218000110/cns-10kx123117.htm,1620590499,16:01:39,20210509
13,2017-12-31,CNS,USD,2018-02-23,2018-02-23 16:57:09,Q4,99342000,42515000.0,56827000.0,0.5720339836121681,0.0,14412000.0,0.0,-67000.0,15939000.0,58454000.0,0.0,1527000.0,42415000.0,0.4269593928046546,40888000.0,0.41158825068953714,1216000.0,43727000.0,0.4401662942159409,22921000.0,20398000.0,0.205331078496507,0.44,0.43,46407000,47300000,https://www.sec.gov/Archives/edgar/data/1284812/000128481218000110/0001284812-18-000110-index.htm,https://www.sec.gov/Archives/edgar/data/1284812/000128481218000110/cns-10kx123117.htm,1620590499,16:01:39,20210509
14,2017-09-30,CNS,USD,2017-11-09,2017-11-09 15:06:33,Q3,96354000,41461000.0,54893000.0,0.5697013097536169,0.0,12222000.0,0.0,-10000.0,13920000.0,55381000.0,0.0,1698000.0,42671000.0,0.442856549805924,40973000.0,0.425234032837246,902000.0,43300000.0,0.4493845610976192,17562000.0,25082000.0,0.26031093675405276,0.54,0.53,46386000,47047000,https://www.sec.gov/Archives/edgar/data/1284812/000128481217000192/0001284812-17-000192-index.htm,https://www.sec.gov/Archives/edgar/data/1284812/000128481217000192/cns-10qx93017.htm,1620590499,16:01:39,20210509
15,2017-06-30,CNS,USD,2017-08-04,2017-08-04 15:02:20,Q2,92812000,40569000.0,52243000.0,0.5628905744946774,0.0,13059000.0,0.0,-331000.0,14886000.0,55455000.0,0.0,1827000.0,39184000.0,0.4221867861914408,37357000.0,0.40250183165969916,-525000.0,37618000.0,0.40531396802137654,14620000.0,23474000.0,0.25291988104986424,0.51,0.5,46373000,46902000,https://www.sec.gov/Archives/edgar/data/1284812/000128481217000164/0001284812-17-000164-index.htm,https://www.sec.gov/Archives/edgar/data/1284812/000128481217000164/cns-10qx63017.htm,1620590499,16:01:39,20210509
16,2017-03-31,CNS,USD,2017-05-10,2017-05-10 13:40:53,Q1,89686000,39163000.0,50523000.0,0.5633320696652766,0.0,12930000.0,0.0,-291000.0,14995000.0,54158000.0,0.0,2065000.0,37593000.0,0.4191624110786522,35528000.0,0.3961376357513993,-272000.0,35755000.0,0.39866868853555737,12811000.0,22985000.0,0.2562830319113351,0.5,0.49,46243000,46603000,https://www.sec.gov/Archives/edgar/data/1284812/000128481217000138/0001284812-17-000138-index.htm,https://www.sec.gov/Archives/edgar/data/1284812/000128481217000114/cns-10kx123116.htm,1620590499,16:01:39,20210509
17,2016-12-31,CNS,USD,2017-02-24,2017-02-24 15:44:27,Q4,89434000,38352000.0,51082000.0,0.5711698011941767,0.0,13206000.0,0.0,485000.0,15222000.0,53574000.0,0.0,2016000.0,37876000.0,0.4235078381823468,35860000.0,0.4009660755417403,775000.0,37287000.0,0.41692197598228864,11096000.0,26168000.0,0.29259565713263413,0.57,0.56,46010000,46609000,https://www.sec.gov/Archives/edgar/data/1284812/000128481217000114/0001284812-17-000114-index.htm,https://www.sec.gov/Archives/edgar/data/1284812/000128481217000114/cns-10kx123116.htm,1620590499,16:01:39,20210509
18,2016-09-30,CNS,USD,2016-11-04,2016-11-04 16:58:11,Q3,94388000,42043000.0,52345000.0,0.5545726151629444,0.0,13128000.0,0.0,291000.0,15132000.0,57175000.0,0.0,2004000.0,39217000.0,0.41548713819553335,37213000.0,0.3942556257151333,989000.0,38569000.0,0.40862185871085305,14738000.0,23877000.0,0.25296647878967665,0.52,0.51,45999000,46544000,https://www.sec.gov/Archives/edgar/data/1284812/000128481216000495/0001284812-16-000495-index.htm,https://www.sec.gov/Archives/edgar/data/1284812/000128481216000495/cns-10qx93016.htm,1620590499,16:01:39,20210509
19,2016-06-30,CNS,USD,2016-08-05,2016-08-05 16:25:06,Q2,86373000,38060000.0,48313000.0,0.5593530385652924,0.0,12489000.0,0.0,93000.0,14182000.0,52242000.0,0.0,1693000.0,35824000.0,0.4147592418927211,34131000.0,0.39515820916258554,3908000.0,38597000.0,0.4468641820939414,13676000.0,24808000.0,0.28721938568765704,0.54,0.53,45984000,46378000,https://www.sec.gov/Archives/edgar/data/1284812/000128481216000464/0001284812-16-000464-index.htm,https://www.sec.gov/Archives/edgar/data/1284812/000128481216000464/cns-10qx63016.htm,1620590499,16:01:39,20210509
20,2016-03-31,CNS,USD,2016-05-06,2016-05-06 16:18:36,Q1,79681000,36742000.0,42939000.0,0.5388863091577666,0.0,12735000.0,0.0,-89000.0,14632000.0,51374000.0,0.0,1897000.0,30204000.0,0.37906150776220177,28307000.0,0.3552540756265609,101000.0,28950000.0,0.36332375346694945,11083000.0,18083000.0,0.22694243295139369,0.39475637443241357,0.3914492910488148,45808000,46195000,https://www.sec.gov/Archives/edgar/data/1284812/000128481216000437/0001284812-16-000437-index.htm,https://www.sec.gov/Archives/edgar/data/1284812/000128481216000396/cns-10kx123115.htm,1620590499,16:01:39,20210509
21,2015-12-31,CNS,USD,2016-02-26,2016-02-26 16:52:46,Q4,81671000,36416000.0,45255000.0,0.5541134552044177,0.0,13390000.0,0.0,-51000.0,14903000.0,51319000.0,0.0,1513000.0,31865000.0,0.3901629709443989,30352000.0,0.37163742332039523,-12638000.0,18274000.0,0.22375139278324008,12446000.0,5879000.0,0.07198393554627713,0.1291406730515772,0.1278905349257108,45524000,45969000,https://www.sec.gov/Archives/edgar/data/1284812/000128481216000396/0001284812-16-000396-index.htm,https://www.sec.gov/Archives/edgar/data/1284812/000128481216000396/cns-10kx123115.htm,1620590499,16:01:39,20210509
22,2015-09-30,CNS,USD,2015-11-06,2015-11-06 14:44:03,Q3,79667000,34470000.0,45197000.0,0.5673239860921084,0.0,12175000.0,0.0,-270000.0,13720000.0,48190000.0,0.0,1545000.0,33022000.0,0.41450035773908894,31477000.0,0.3951071334429563,-3263000.0,28505000.0,0.3578018502014636,11541000.0,17093000.0,0.21455558763352456,0.38,0.37,45500000,45830000,https://www.sec.gov/Archives/edgar/data/1284812/000128481215000242/0001284812-15-000242-index.htm,https://www.sec.gov/Archives/edgar/data/1284812/000128481215000242/cns-10qx93015.htm,1620590499,16:01:39,20210509
23,2015-06-30,CNS,USD,2015-08-07,2015-08-07 15:19:21,Q2,83502000,37920000.0,45582000.0,0.5458791406193864,0.0,12825000.0,0.0,-263000.0,14411000.0,52331000.0,0.0,2103000.0,33274000.0,0.3984814734976408,31171000.0,0.3732964479892697,1347000.0,32968000.0,0.3948168906133985,12194000.0,20763000.0,0.24865272688079326,0.46,0.45,45462000,45805000,https://www.sec.gov/Archives/edgar/data/1284812/000128481215000206/0001284812-15-000206-index.htm,https://www.sec.gov/Archives/edgar/data/1284812/000128481215000206/cns-10qx63015.htm,1620590499,16:01:39,20210509
24,2015-03-31,CNS,USD,2015-05-08,2015-05-08 15:51:07,Q1,83815000,35234000.0,48581000.0,0.579621786076478,0.0,12463000.0,0.0,-419000.0,14032000.0,49266000.0,0.0,1052000.0,35601000.0,0.424756905088588,34549000.0,0.4122054524846388,-1851000.0,32997000.0,0.39368848058223466,12226000.0,20816000.0,0.24835649943327567,0.46,0.45,45241000,45980000,https://www.sec.gov/Archives/edgar/data/1284812/000128481215000162/0001284812-15-000162-index.htm,https://www.sec.gov/Archives/edgar/data/1284812/000128481215000137/cns-10kx123114.htm,1620590499,16:01:39,20210509
25,2014-12-31,CNS,USD,2015-02-27,2015-02-27 16:54:57,Q4,81842000,35004000.0,46838000.0,0.5722978421837198,0.0,12866000.0,0.0,59000.0,14488000.0,49492000.0,0.0,1169000.0,33519000.0,0.4095574399452604,32350000.0,0.3952738202878718,-5158000.0,27809000.0,0.3397888614647736,12636000.0,15698000.0,0.19180860682779013,0.35,0.34,44852000,45866000,https://www.sec.gov/Archives/edgar/data/1284812/000128481215000137/0001284812-15-000137-index.htm,https://www.sec.gov/Archives/edgar/data/1284812/000128481215000137/cns-10kx123114.htm,1620590499,16:01:39,20210509
26,2014-09-30,CNS,USD,2014-11-06,2014-11-06 16:25:24,Q3,80845000,35727000.0,45118000.0,0.5580802770734121,0.0,11313000.0,0.0,-666000.0,12791000.0,48518000.0,0.0,1090000.0,33417000.0,0.4133465273053374,32327000.0,0.3998639371637083,-4167000.0,28770000.0,0.355866163646484,10733000.0,18184000.0,0.22492423773888304,0.41,0.4,44839000,45689000,https://www.sec.gov/Archives/edgar/data/1284812/000128481214000196/0001284812-14-000196-index.htm,https://www.sec.gov/Archives/edgar/data/1284812/000128481214000196/cns-10qx93014.htm,1620590499,16:01:39,20210509
27,2014-06-30,CNS,USD,2014-08-08,2014-08-08 16:43:42,Q2,78412000,35132000.0,43280000.0,0.5519563332143039,0.0,12065000.0,0.0,155000.0,13612000.0,48744000.0,0.0,1103000.0,30771000.0,0.3924271795133398,29668000.0,0.378360455032393,4398000.0,34658000.0,0.4419986736723971,11734000.0,22183000.0,0.2829031270723869,0.4948800892359175,0.48721721941576984,44825000,45530000,https://www.sec.gov/Archives/edgar/data/1284812/000128481214000174/0001284812-14-000174-index.htm,https://www.sec.gov/Archives/edgar/data/1284812/000128481214000174/cns-10qx63014.htm,1620590499,16:01:39,20210509
28,2014-03-31,CNS,USD,2014-05-09,2014-05-09 15:00:43,Q1,72835000,32339000.0,40496000.0,0.5559964302876365,0.0,11093000.0,0.0,-52000.0,12900000.0,45239000.0,0.0,1262000.0,28858000.0,0.39621061302945015,27596000.0,0.3788837784032402,2942000.0,30777000.0,0.42255783620512116,11177000.0,19445000.0,0.266973295805588,0.44,0.43,44633000,45483000,https://www.sec.gov/Archives/edgar/data/1284812/000128481214000150/0001284812-14-000150-index.htm,https://www.sec.gov/Archives/edgar/data/1284812/000128481214000126/cns-10kx123113.htm,1620590499,16:01:39,20210509
29,2013-12-31,CNS,USD,2014-03-14,2014-03-14 17:29:32,Q4,73432000,30504000.0,42928000.0,0.5845952718161019,0.0,11418000.0,0.0,-315000.0,13572000.0,44076000.0,0.0,1496000.0,30852000.0,0.4201438065148709,29356000.0,0.3997712169081599,1198000.0,31327000.0,0.42661237607582525,11899000.0,19413000.0,0.2643670334459091,0.44,0.43,44325000,45338000,https://www.sec.gov/Archives/edgar/data/1284812/000128481214000126/0001284812-14-000126-index.htm,https://www.sec.gov/Archives/edgar/data/1284812/000128481214000126/cns-10kx123113.htm,1620590499,16:01:39,20210509
30,2013-09-30,CNS,USD,2013-11-08,2013-11-08 16:54:46,Q3,74026000,32420000.0,41606000.0,0.5620457677032394,0.0,11688000.0,0.0,209000.0,13887000.0,46307000.0,0.0,1423000.0,29142000.0,0.3936724934482479,27719000.0,0.3744495177370113,3085000.0,31022000.0,0.41906897576527163,11205000.0,18283000.0,0.24698079053305597,0.41255048852584786,0.405334101893318,44317000,45106000,https://www.sec.gov/Archives/edgar/data/1284812/000128481213000258/0001284812-13-000258-index.htm,https://www.sec.gov/Archives/edgar/data/1284812/000128481213000258/cns-10qx93013.htm,1620590499,16:01:39,20210509
31,2013-06-30,CNS,USD,2013-08-08,2013-08-08 17:13:49,Q2,77796000,34572000.0,43224000.0,0.5556069720808268,0.0,12517000.0,0.0,-368000.0,14667000.0,49239000.0,0.0,1340000.0,29897000.0,0.3842999640084323,28557000.0,0.36707542804257287,-10921000.0,18379000.0,0.23624607948994808,9870000.0,15282000.0,0.1964368347987043,0.344919424005778,0.33958490733745167,44306000,45002000,https://www.sec.gov/Archives/edgar/data/1284812/000128481213000237/0001284812-13-000237-index.htm,https://www.sec.gov/Archives/edgar/data/1284812/000128481213000237/cns-10qx63013.htm,1620590499,16:01:39,20210509
32,2013-03-31,CNS,USD,2013-05-09,2013-05-09 17:07:47,Q1,72459000,38458000.0,34001000.0,0.4692446762997005,0.0,11179000.0,0.0,-271000.0,13291000.0,51749000.0,0.0,1347000.0,22057000.0,0.3044066299562511,20710000.0,0.2858168067458839,2380000.0,23636000.0,0.32619826384576106,8135000.0,15141000.0,0.20895954953835963,0.34304551736638195,0.33735127668107484,44137000,44882000,https://www.sec.gov/Archives/edgar/data/1284812/000128481213000200/0001284812-13-000200-index.htm,https://www.sec.gov/Archives/edgar/data/1284812/000128481213000168/cns-10kx123112.htm,1620590499,16:01:39,20210509
33,2012-12-31,CNS,USD,2013-03-15,2013-03-15 16:21:06,Q4,71095000,25943000.0,45152000.0,0.635093888459104,0.0,10370000.0,0.0,-595000.0,12419000.0,38362000.0,0.0,1344000.0,34077000.0,0.4793164076236022,32733000.0,0.46041212462198466,769000.0,34264000.0,0.4819466910471904,12220000.0,21723000.0,0.305548913425698,0.5,0.49,43832000,44609000,https://www.sec.gov/Archives/edgar/data/1284812/000128481213000168/0001284812-13-000168-index.htm,https://www.sec.gov/Archives/edgar/data/1284812/000128481213000168/cns-10kx123112.htm,1620590499,16:01:39,20210509
34,2012-09-30,CNS,USD,2012-11-09,2012-11-09 16:20:17,Q3,71296000,46477000.0,24819000.0,0.3481120960502693,0.0,35702000.0,0.0,0.0,12580000.0,59057000.0,0.0,1384000.0,13623000.0,0.1910766382405745,12239000.0,0.17166460951526033,4837000.0,17554000.0,0.2462129712746858,4987000.0,10261000.0,0.14392111759425494,0.23415179590160193,0.2303927071872825,43822000,44537000,https://www.sec.gov/Archives/edgar/data/1284812/000128481212000213/0001284812-12-000213-index.htm,https://www.sec.gov/Archives/edgar/data/1284812/000128481212000213/cns-10qx93012.htm,1620590499,16:01:39,20210509
35,2012-06-30,CNS,USD,2012-08-09,2012-08-09 15:14:31,Q2,67432000,29462000.0,37970000.0,0.563085775299561,0.0,32850000.0,0.0,0.0,11906000.0,41368000.0,0.0,1438000.0,27502000.0,0.407847906038676,26064000.0,0.3865227191837703,-2661000.0,24072000.0,0.3569818483805908,9045000.0,16079000.0,0.23844762130739114,0.37,0.36,43808000,44393000,https://www.sec.gov/Archives/edgar/data/1284812/000128481212000189/0001284812-12-000189-index.htm,https://www.sec.gov/Archives/edgar/data/1284812/000128481212000189/cns-10qx63012.htm,1620590499,16:01:39,20210509
36,2012-03-31,CNS,USD,2012-05-10,2012-05-10 15:48:40,Q1,63730000,27905000.0,35825000.0,0.5621371410638631,0.0,30205000.0,0.0,0.0,10429000.0,38334000.0,0.0,1396000.0,26792000.0,0.4203985564098541,25396000.0,0.3984936450651185,2396000.0,28413000.0,0.44583398713321826,10155000.0,18054000.0,0.283288874941158,0.4140730717185386,0.4067498760870545,43601000,44386000,https://www.sec.gov/Archives/edgar/data/1284812/000128481212000154/0001284812-12-000154-index.htm,https://www.sec.gov/Archives/edgar/data/1284812/000128481212000132/cns-10kx123111.htm,1620590499,16:01:39,20210509
37,2011-12-31,CNS,USD,2012-03-15,2012-03-15 15:45:42,Q4,59416000,26452000.0,32964000.0,0.5548000538575468,0.0,0.0,0.0,0.0,10165000.0,36617000.0,0.0,1296000.0,24095000.0,0.4055304968358691,22799000.0,0.3837181903864279,2140000.0,25208000.0,0.42426282482832905,9134000.0,16047000.0,0.27007876666217856,0.36804201738492237,0.36804201738492237,43601000,43601000,https://www.sec.gov/Archives/edgar/data/1284812/000128481212000132/0001284812-12-000132-index.htm,https://www.sec.gov/Archives/edgar/data/1284812/000128481212000132/cns-10kx123111.htm,1620590499,16:01:39,20210509
38,2011-09-30,CNS,USD,2011-11-08,2011-11-08 17:03:21,Q3,61616000,28078000.0,33538000.0,0.544306673591275,0.0,31238000.0,0.0,0.0,11141000.0,39219000.0,0.0,1279000.0,23676000.0,0.38425084393663983,22397000.0,0.3634932485068813,-5093000.0,17564000.0,0.28505582965463516,8022000.0,9606000.0,0.15590106465853026,0.2221708259129912,0.21766025423152743,43237000,44133000,https://www.sec.gov/Archives/edgar/data/1284812/000128481211000210/0001284812-11-000210-index.htm,https://www.sec.gov/Archives/edgar/data/1284812/000128481211000210/cns-10qx93011.htm,1620590499,16:01:39,20210509
39,2011-06-30,CNS,USD,2011-08-08,2011-08-08 17:26:20,Q2,61459000,27968000.0,33491000.0,0.5449323939536928,0.0,30704000.0,0.0,0.0,10596000.0,38564000.0,0.0,1295000.0,24190000.0,0.3935957304869913,22895000.0,0.37252477261263606,951000.0,24201000.0,0.3937747115963488,8442000.0,15679000.0,0.25511316487414376,0.36277186487737156,0.35764142335766425,43220000,43840000,https://www.sec.gov/Archives/edgar/data/1284812/000128481211000163/0001284812-11-000163-index.htm,https://www.sec.gov/Archives/edgar/data/1284812/000128481211000163/cns-10qx63011.htm,1620590499,16:01:39,20210509
40,2011-03-31,CNS,USD,2011-05-10,2011-05-10 13:22:41,Q1,54755000,25740000.0,29015000.0,0.5299059446625879,0.0,34313000.0,0.0,0.0,10102000.0,35842000.0,0.0,1186000.0,20099000.0,0.3670715003196055,18913000.0,0.345411377956351,791000.0,19888000.0,0.363217970961556,6986000.0,12975000.0,0.2369646607615743,0.30138672736986366,0.29636143532582626,43051000,43781000,https://www.sec.gov/Archives/edgar/data/1284812/000128481211000142/0001284812-11-000142-index.htm,https://www.sec.gov/Archives/edgar/data/1284812/000119312511068763/d10k.htm,1620590499,16:01:39,20210509
41,2010-12-31,CNS,USD,2011-03-16,2011-03-16 16:44:00,Q4,51790000,80083000.0,-28293000.0,-0.5463023749758641,0.0,0.0,0.0,0.0,-41346000.0,38737000.0,0.0,1138000.0,14191000.0,0.27401042672330567,13053000.0,0.2520370727939757,4952000.0,18187000.0,0.3511681791851709,5436000.0,12751000.0,0.24620583124155243,0.29618359619985596,0.29618359619985596,43051000,43051000,https://www.sec.gov/Archives/edgar/data/1284812/000119312511068763/0001193125-11-068763-index.htm,https://www.sec.gov/Archives/edgar/data/1284812/000119312511068763/d10k.htm,1620590499,16:01:39,20210509
42,2010-09-30,CNS,USD,2010-11-09,2010-11-09 16:12:01,Q3,46372000,23150000.0,23222000.0,0.5007763305442939,0.0,0.0,0.0,0.0,9250000.0,32400000.0,0.0,1126000.0,15098000.0,0.32558440438195463,13972000.0,0.3013025101354265,3779000.0,18461000.0,0.3981066160614164,5298000.0,13163000.0,0.2838566376261537,0.31,0.3,42756000,43217000,https://www.sec.gov/Archives/edgar/data/1284812/000119312510254140/0001193125-10-254140-index.htm,https://www.sec.gov/Archives/edgar/data/1284812/000119312510254140/d10q.htm,1620590499,16:01:39,20210509
43,2010-06-30,CNS,USD,2010-08-09,2010-08-09 16:36:57,Q2,44232000,4831000.0,39401000.0,0.8907804304575873,0.0,24724000.0,0.0,0.0,26069000.0,30900000.0,0.0,1113000.0,14445000.0,0.3265735214324471,13332000.0,0.3014107433532284,1684000.0,15382000.0,0.3477572797974317,3781000.0,11603000.0,0.26232139627419065,0.2715422419845542,0.26894281807013887,42730000,43143000,https://www.sec.gov/Archives/edgar/data/1284812/000119312510183447/0001193125-10-183447-index.htm,https://www.sec.gov/Archives/edgar/data/1284812/000119312510183447/d10q.htm,1620590499,16:01:39,20210509
44,2010-03-31,CNS,USD,2010-05-10,2010-05-10 16:28:04,Q1,41344000,4310000.0,37034000.0,0.8957527089783281,0.0,23261000.0,0.0,0.0,24605000.0,28915000.0,0.0,1154000.0,13583000.0,0.3285361842105263,12429000.0,0.30062403250773995,840000.0,13464000.0,0.3256578947368421,4574000.0,8880000.0,0.21478328173374614,0.2084507042253521,0.20681463539604536,42600000,42937000,https://www.sec.gov/Archives/edgar/data/1284812/000119312510114662/0001193125-10-114662-index.htm,https://www.sec.gov/Archives/edgar/data/1284812/000119312510058479/d10k.htm,1620590499,16:01:39,20210509
45,2009-12-31,CNS,USD,2010-03-16,2010-03-16 16:51:36,Q4,39871000,4629000.0,35242000.0,0.8839005793684633,0.0,22775000.0,0.0,0.0,24054000.0,28683000.0,0.0,1101000.0,12289000.0,0.30821900629530236,11188000.0,0.28060495096686816,3636000.0,15268000.0,0.3829349652629731,3256000.0,11645000.0,0.29206691580346616,0.2733568075117371,0.2733568075117371,42600000,42600000,https://www.sec.gov/Archives/edgar/data/1284812/000119312510058479/0001193125-10-058479-index.htm,https://www.sec.gov/Archives/edgar/data/1284812/000119312510058479/d10k.htm,1620590499,16:01:39,20210509
46,2009-09-30,CNS,USD,2009-11-09,2009-11-09 17:15:48,Q3,33827000,3837000.0,29990000.0,0.8865698997841961,0.0,22946000.0,0.0,0.0,24175000.0,28012000.0,0.0,1072000.0,6887000.0,0.2035947615809856,5815000.0,0.1719041002749283,4112000.0,10027000.0,0.29642001951104147,2065000.0,7545000.0,0.22304667868862152,0.17796490234927823,0.17697558229540497,42396000,42633000,https://www.sec.gov/Archives/edgar/data/1284812/000119312509229591/0001193125-09-229591-index.htm,https://www.sec.gov/Archives/edgar/data/1284812/000119312509229591/d10q.htm,1620590499,16:01:39,20210509
47,2009-06-30,CNS,USD,2009-08-10,2009-08-10 16:43:47,Q2,26355000,3132000.0,23223000.0,0.8811610700056915,0.0,21584000.0,0.0,0.0,22800000.0,25932000.0,0.0,1028000.0,1451000.0,0.05505596660975147,423000.0,0.016050085372794537,-6023000.0,-4940000.0,-0.18744071333712767,971000.0,-6421000.0,-0.2436349838740277,-0.15,-0.15,42360000,42360000,https://www.sec.gov/Archives/edgar/data/1284812/000119312509170738/0001193125-09-170738-index.htm,https://www.sec.gov/Archives/edgar/data/1284812/000119312509170738/d10q.htm,1620590499,16:01:39,20210509
48,2009-03-31,CNS,USD,2009-05-11,2009-05-11 16:02:25,Q1,23500000,3070000.0,20430000.0,0.8693617021276596,0.0,19007000.0,0.0,0.0,20293000.0,23363000.0,0.0,1020000.0,1157000.0,0.04923404255319149,137000.0,0.005829787234042553,-16994000.0,-16191000.0,-0.6889787234042554,-1802000.0,-14479000.0,-0.6161276595744681,-0.34,-0.34,42198000,42198000,https://www.sec.gov/Archives/edgar/data/1284812/000119312509107108/0001193125-09-107108-index.htm,https://www.sec.gov/Archives/edgar/data/1284812/000119312509055641/d10k.htm,1620590499,16:01:39,20210509
49,2008-12-31,CNS,USD,2009-03-16,2009-03-16 17:28:50,Q4,27889000,-50753000.0,78642000.0,2.8198214349743624,0.0,0.0,0.0,0.0,71195000.0,20442000.0,0.0,1062000.0,8509000.0,0.30510237011007924,7447000.0,0.26702284054645203,-7463000.0,694000.0,0.024884363010505933,657000.0,-6960000.0,-0.2495607587220768,-0.16493672685909286,-0.16493672685909286,42198000,42198000,https://www.sec.gov/Archives/edgar/data/1284812/000119312509055641/0001193125-09-055641-index.htm,https://www.sec.gov/Archives/edgar/data/1284812/000119312509055641/d10k.htm,1620590499,16:01:39,20210509
50,2008-09-30,CNS,USD,2008-11-10,2008-11-10 17:08:51,Q3,49053000,26117000.0,22936000.0,0.46757588730556743,0.0,0.0,0.0,0.0,10365000.0,36482000.0,0.0,1020000.0,13591000.0,0.2770676615089801,12571000.0,0.2562738262695452,-11638000.0,2637000.0,0.05375817992783316,4197000.0,-1560000.0,-0.03180233624854749,-0.04,-0.04,41889000,41889000,https://www.sec.gov/Archives/edgar/data/1284812/000119312508231968/0001193125-08-231968-index.htm,https://www.sec.gov/Archives/edgar/data/1284812/000119312508231968/d10q.htm,1620590499,16:01:39,20210509
51,2008-06-30,CNS,USD,2008-08-11,2008-08-11 17:05:30,Q2,55250000,0.0,0.0,0.0,0.0,32984000.0,0.0,0.0,34840000.0,34840000.0,0.0,-1157000.0,19253000.0,0.34847058823529414,20410000.0,0.36941176470588233,-219000.0,21900000.0,0.39638009049773754,8319000.0,13581000.0,0.2458099547511312,0.32451612903225807,0.3230725313414373,41850000,42037000,https://www.sec.gov/Archives/edgar/data/1284812/000119312508173635/0001193125-08-173635-index.htm,https://www.sec.gov/Archives/edgar/data/1284812/000119312508173635/d10q.htm,1620590499,16:01:39,20210509
52,2008-03-31,CNS,USD,2008-05-09,2008-05-09 17:03:25,Q1,53638000,0.0,0.0,0.0,0.0,8031000.0,0.0,0.0,35187000.0,35187000.0,0.0,1106000.0,19557000.0,0.36461091017562175,18451000.0,0.3439912002684664,411000.0,20649000.0,0.3849696110966106,7649000.0,13000000.0,0.2423654871546292,0.31024031692241605,0.30853942184459104,41903000,42134000,https://www.sec.gov/Archives/edgar/data/1284812/000119312508109961/0001193125-08-109961-index.htm,https://www.sec.gov/Archives/edgar/data/1284812/000119312508057582/d10k.htm,1620590499,16:01:39,20210509
53,2007-12-31,CNS,USD,2008-03-14,2008-03-14 17:18:13,Q4,66887000,0.0,0.0,0.0,0.0,9770000.0,0.0,0.0,39585000.0,39585000.0,0.0,9769000.0,37071000.0,0.5542332590787448,27302000.0,0.40818096192085157,188000.0,30156000.0,0.4508499409451762,11459000.0,18697000.0,0.2795311495507348,0.4461971696537241,0.4461971696537241,41903000,41903000,https://www.sec.gov/Archives/edgar/data/1284812/000119312508057582/0001193125-08-057582-index.htm,https://www.sec.gov/Archives/edgar/data/1284812/000119312508057582/d10k.htm,1620590499,16:01:39,20210509
54,2007-09-30,CNS,USD,2007-11-08,2007-11-08 17:19:03,Q3,69451000,0.0,0.0,0.0,0.0,8590000.0,0.0,0.0,47950000.0,47950000.0,0.0,-1356000.0,20145000.0,0.2900606182776346,21501000.0,0.30958517515946493,1205000.0,25588000.0,0.36843241997955395,9727000.0,15861000.0,0.22837684122618826,0.38,0.37,41823000,42564000,https://www.sec.gov/Archives/edgar/data/1284812/000119312507240534/0001193125-07-240534-index.htm,https://www.sec.gov/Archives/edgar/data/1284812/000119312507240534/d10q.htm,1620590499,16:01:39,20210509
55,2007-06-30,CNS,USD,2007-08-08,2007-08-08 17:28:40,Q2,69287000,0.0,0.0,0.0,0.0,8146000.0,0.0,0.0,42023000.0,42023000.0,0.0,-1024000.0,26240000.0,0.37871462179052345,27264000.0,0.3934937289823488,715000.0,30022000.0,0.4332991758915814,11400000.0,18622000.0,0.26876614660758874,0.45,0.44,41809000,42666000,https://www.sec.gov/Archives/edgar/data/1284812/000119312507175819/0001193125-07-175819-index.htm,https://www.sec.gov/Archives/edgar/data/1284812/000119312507175819/d10q.htm,1620590499,16:01:39,20210509
56,2007-03-31,CNS,USD,2007-05-09,2007-05-09 17:24:00,Q1,76767000,0.0,0.0,0.0,0.0,7271000.0,0.0,0.0,42541000.0,42541000.0,0.0,-399000.0,33827000.0,0.44064506884468585,34226000.0,0.4458426146651556,119000.0,36002000.0,0.4689775554600284,13686000.0,22316000.0,0.2906978258887282,0.53,0.52,41983000,42828000,https://www.sec.gov/Archives/edgar/data/1284812/000119312507108434/0001193125-07-108434-index.htm,https://www.sec.gov/Archives/edgar/data/1284812/000119312507055801/d10k.htm,1620590499,16:01:39,20210509
57,2006-12-31,CNS,USD,2007-03-15,2007-03-15 17:26:09,Q4,57555000,0.0,0.0,0.0,0.0,8229000.0,0.0,0.0,35164000.0,35164000.0,0.0,1632000.0,24023000.0,0.4173920597689167,22391000.0,0.3890365737121015,572000.0,24467000.0,0.42510641994613846,6531000.0,16582000.0,0.2881070280601164,0.3949693923731034,0.3949693923731034,41983000,41983000,https://www.sec.gov/Archives/edgar/data/1284812/000119312507055801/0001193125-07-055801-index.htm,https://www.sec.gov/Archives/edgar/data/1284812/000119312507055801/d10k.htm,1620590499,16:01:39,20210509
58,2006-09-30,CNS,USD,2006-11-09,2006-11-09 16:18:14,Q3,53950000,0.0,0.0,0.0,0.0,8159000.0,0.0,0.0,32603000.0,32603000.0,0.0,1597000.0,22944000.0,0.4252826691380908,21347000.0,0.39568118628359594,826000.0,22859000.0,0.4237071362372567,7648000.0,15724000.0,0.29145505097312324,0.3938187191624715,0.38684281742810045,39927000,40647000,https://www.sec.gov/Archives/edgar/data/1284812/000119312506230379/0001193125-06-230379-index.htm,https://www.sec.gov/Archives/edgar/data/1284812/000119312506230379/d10q.htm,1620590499,16:01:39,20210509
59,2006-06-30,CNS,USD,2006-08-09,2006-08-09 12:55:38,Q2,42121000,0.0,0.0,0.0,0.0,6703000.0,0.0,0.0,102427000.0,102427000.0,0.0,1623000.0,-58683000.0,-1.39320054129769,-60306000.0,-1.4317323900192302,1557000.0,-58104000.0,-1.379454428907196,-19925000.0,-37819000.0,-0.8978656727048265,-0.95,-0.95,39805000,39805000,https://www.sec.gov/Archives/edgar/data/1284812/000119312506167266/0001193125-06-167266-index.htm,https://www.sec.gov/Archives/edgar/data/1284812/000119312506167266/d10q.htm,1620590499,16:01:39,20210509
60,2006-03-31,CNS,USD,2006-05-09,2006-05-09 17:28:22,Q1,37846000,0.0,0.0,0.0,0.0,5696000.0,0.0,0.0,26617000.0,26617000.0,0.0,1551000.0,12780000.0,0.3376842995296729,11229000.0,0.29670242561961635,991000.0,13278000.0,0.3508428896052423,4909000.0,8717000.0,0.2303281720657401,0.21900359269401803,0.2161579090931634,39803000,40327000,https://www.sec.gov/Archives/edgar/data/1284812/000119312506105704/0001193125-06-105704-index.htm,https://www.sec.gov/Archives/edgar/data/1284812/000095011706001196/a41509.htm,1620590499,16:01:39,20210509
61,2005-12-31,CNS,USD,2006-03-16,2006-03-15 20:19:34,Q4,37412000,0.0,0.0,0.0,0.0,6900000.0,0.0,0.0,26525000.0,26525000.0,0.0,3004000.0,13891000.0,0.3712979792579921,10887000.0,0.29100288677429703,1458000.0,13735000.0,0.36712819416230086,5630000.0,8344000.0,0.22303004383620229,0.2096324397658468,0.2096324397658468,39803000,39803000,https://www.sec.gov/Archives/edgar/data/1284812/000095011706001196/0000950117-06-001196-index.htm,https://www.sec.gov/Archives/edgar/data/1284812/000095011706001196/a41509.htm,1620590499,16:01:39,20210509
62,2005-09-30,CNS,USD,2005-11-10,2005-11-10 17:27:23,Q3,36431000,0.0,0.0,0.0,0.0,5195000.0,0.0,0.0,25393000.0,25393000.0,0.0,3874000.0,14912000.0,0.4093217314924103,11038000.0,0.30298372265378387,1083000.0,12944000.0,0.3553018034091845,5226000.0,8003000.0,0.21967555104169526,0.2001750875437719,0.1982363577815759,39980000,40371000,https://www.sec.gov/Archives/edgar/data/1284812/000095011705004262/0000950117-05-004262-index.htm,https://www.sec.gov/Archives/edgar/data/1284812/000095011705004262/a40801.htm,1620590499,16:01:39,20210509
63,2005-06-30,CNS,USD,2005-08-15,2005-08-15 16:29:39,Q2,38268000,0.0,0.0,0.0,0.0,5802000.0,0.0,0.0,24514000.0,24514000.0,0.0,1389000.0,15143000.0,0.3957092087383715,13754000.0,0.3594125640221595,632000.0,15164000.0,0.39625797010557123,6901000.0,8509000.0,0.2223528796906031,0.2127994798179363,0.21117812026902935,39986000,40293000,https://www.sec.gov/Archives/edgar/data/1284812/000095011705003291/0000950117-05-003291-index.htm,https://www.sec.gov/Archives/edgar/data/1284812/000095011705003291/a40346.htm,1620590499,16:01:39,20210509
64,2005-03-31,CNS,USD,2005-05-16,2005-05-16 16:02:51,Q1,34107000,0.0,0.0,0.0,0.0,5403000.0,0.0,0.0,23174000.0,23174000.0,0.0,2975000.0,13908000.0,0.40777552994986366,10933000.0,0.3205500337174187,574000.0,12036000.0,0.3528894361861202,5059000.0,7065000.0,0.20714222886797432,0.17652767146833592,0.1755937248842256,40022054,40234923,https://www.sec.gov/Archives/edgar/data/1284812/000095011705001952/0000950117-05-001952-index.htm,https://www.sec.gov/Archives/edgar/data/1284812/000095011705001145/a39392.htm,1620590499,16:01:39,20210509
65,2004-12-31,CNS,USD,2005-03-28,2005-03-28 16:32:17,Q4,32055000,0.0,0.0,0.0,0.0,4058000.0,0.0,0.0,15650000.0,15650000.0,0.0,267000.0,16672000.0,0.5201060676961472,16405000.0,0.5117766339104663,0.0,17129000.0,0.534362813913586,7202000.0,9946000.0,0.310279207611917,0.24851298236717187,0.24851298236717187,40022054,40022054,https://www.sec.gov/Archives/edgar/data/1284812/000095011705001145/0000950117-05-001145-index.htm,https://www.sec.gov/Archives/edgar/data/1284812/000095011705001145/a39392.htm,1620590499,16:01:39,20210509
66,2004-09-30,CNS,USD,2004-11-12,2004-11-12 17:27:57,Q3,29121000,0.0,0.0,0.0,0.0,2789000.0,0.0,0.0,66938000.0,66938000.0,0.0,304000.0,-37513000.0,-1.2881769170014765,-37817000.0,-1.2986161189519592,0.0,-37545000.0,-1.2892757803646853,-16956000.0,-20589000.0,-0.7070155557844854,-0.6,-0.603109,34067882,34138124,https://www.sec.gov/Archives/edgar/data/1284812/000095011704003964/0000950117-04-003964-index.htm,https://www.sec.gov/Archives/edgar/data/1284812/000095011704003964/a38742.htm,1620590499,16:01:39,20210509
67,2004-06-30,CNS,USD,2004-06-30,2004-06-30,Q1,25628000,0.0,0.0,0.0,0.0,3370000.0,0.0,0.0,16665000.0,16665000.0,0.0,0.0,9247000.0,0.36081629467769627,8963000.0,0.34973466520992663,0.0,9036000.0,0.3525831122210083,436000.0,8600000.0,0.33557046979865773,0.32,0.32,26700000,26700000,,,1620590499,16:01:39,20210509
68,2004-03-31,CNS,USD,2004-03-31,2004-03-31,Q3,27410000,0.0,0.0,0.0,0.0,8980000.0,0.0,0.0,-8290000.0,-8290000.0,0.0,0.0,35700000.0,1.3024443633710325,35700000.0,1.3024443633710325,0.0,10098000.0,0.36840569135352064,767000.0,9331000.0,0.3404232032105071,0.35,0.35,26700000,26700000,,,1620590499,16:01:39,20210509
69,2003-12-31,CNS,USD,2003-12-31,2003-12-31,Q4,24401000,0.0,0.0,0.0,0.0,2211000.0,0.0,0.0,17117000.0,17117000.0,0.0,302000.0,7586000.0,0.3108888979959838,7284000.0,0.29851235605098153,0.0,7380000.0,0.3024466210401213,129000.0,7251000.0,0.2971599524609647,0.2715730337078652,0.2715730337078652,26700000,26700000,,,1620590499,16:01:39,20210509
70,2003-09-30,CNS,USD,2003-09-30,2003-09-30,Q3,17362000,0.0,0.0,0.0,0.0,2191000.0,0.0,0.0,14147000.0,14147000.0,0.0,233000.0,3448000.0,0.19859463195484392,3215000.0,0.1851745190646239,0.0,3274000.0,0.18857274507545213,-6000.0,3280000.0,0.18891832738163805,0.12,0.12,26700000,26700000,,,1620590499,16:01:39,20210509
71,2003-06-30,CNS,USD,2003-06-30,2003-06-30,Q1,16835000,0.0,0.0,0.0,0.0,1886000.0,0.0,0.0,15262000.0,15262000.0,0.0,0.0,1807000.0,0.10733590733590734,1573000.0,0.09343629343629344,0.0,1636000.0,0.09717849717849718,1000.0,1635000.0,0.09711909711909712,0.06,0.06,26700000,26700000,,,1620590499,16:01:39,20210509
