,date,symbol,reportedCurrency,fillingDate,acceptedDate,period,revenue,costOfRevenue,grossProfit,grossProfitRatio,researchAndDevelopmentExpenses,generalAndAdministrativeExpenses,sellingAndMarketingExpenses,otherExpenses,operatingExpenses,costAndExpenses,interestExpense,depreciationAndAmortization,ebitda,ebitdaratio,operatingIncome,operatingIncomeRatio,totalOtherIncomeExpensesNet,incomeBeforeTax,incomeBeforeTaxRatio,incomeTaxExpense,netIncome,netIncomeRatio,eps,epsdiluted,weightedAverageShsOut,weightedAverageShsOutDil,link,finalLink,timestamp,est_time,est_date
0,2019-06-30,TIDE.L,GBP,2019-06-30,2019-06-30,Q2,730250.0,93750.0,636500.0,0.8716193084560082,0.0,571250.0,0.0,33750.0,0.0,631250.0,10250.0,94250.0,193250.0,0.26463539883601506,99000.0,0.13557001027045532,0.0,88000.0,0.12050667579596029,0.0,88000.0,0.12050667579596029,0.00019235551467981438,0.00018928259695344456,457486234.0,464913317.0,https://find-and-update.company-information.service.gov.uk/search/companies?q=Crimson+Tide+PLC,https://find-and-update.company-information.service.gov.uk/search/companies?q=Crimson+Tide+PLC,1620598804,18:20:04,20210509
1,2019-03-31,TIDE.L,GBP,2019-03-31,2019-03-31,Q1,730250.0,93750.0,636500.0,0.8716193084560082,0.0,571250.0,0.0,33750.0,0.0,631250.0,10250.0,94250.0,193250.0,0.26463539883601506,99000.0,0.13557001027045532,0.0,88000.0,0.12050667579596029,0.0,88000.0,0.12050667579596029,0.00019235551467981438,0.00018928259695344456,457486234.0,464913317.0,https://find-and-update.company-information.service.gov.uk/search/companies?q=Crimson+Tide+PLC,https://find-and-update.company-information.service.gov.uk/search/companies?q=Crimson+Tide+PLC,1620598804,18:20:04,20210509
2,2019-01-31,TIDE.L,GBP,2019-01-31,2019-01-31,Q1,730250.0,93750.0,636500.0,0.8716193084560082,0.0,571250.0,0.0,33750.0,0.0,631250.0,10250.0,94250.0,193250.0,0.26463539883601506,99000.0,0.13557001027045532,0.0,88000.0,0.12050667579596029,0.0,88000.0,0.12050667579596029,0.00019235551467981438,0.00018928259695344456,457486234.0,464913317.0,https://find-and-update.company-information.service.gov.uk/search/companies?q=Crimson+Tide+PLC,https://find-and-update.company-information.service.gov.uk/search/companies?q=Crimson+Tide+PLC,1620598804,18:20:04,20210509
3,2018-06-30,TIDE.L,GBP,2018-06-30,2018-06-30,Q2,599500.0,81000.0,518500.0,0.8648874061718098,0.0,395250.0,0.0,0.0,491250.0,572250.0,10000.0,96000.0,123250.0,0.20558798999165973,27250.0,0.045454545454545456,0.0,17250.0,0.028773978315262717,0.0,17250.0,0.028773978315262717,5e-05,2.5e-05,454979385.0,463559742.0,https://find-and-update.company-information.service.gov.uk/search/companies?q=Crimson+Tide+PLC,https://find-and-update.company-information.service.gov.uk/search/companies?q=Crimson+Tide+PLC,1620598804,18:20:04,20210509
4,2018-03-31,TIDE.L,GBP,2018-03-31,2018-03-31,Q1,599500.0,81000.0,518500.0,0.8648874061718098,0.0,395250.0,0.0,0.0,491250.0,572250.0,10000.0,96000.0,123250.0,0.20558798999165973,27250.0,0.045454545454545456,0.0,17250.0,0.028773978315262717,0.0,17250.0,0.028773978315262717,5e-05,2.5e-05,454979385.0,463559742.0,https://find-and-update.company-information.service.gov.uk/search/companies?q=Crimson+Tide+PLC,https://find-and-update.company-information.service.gov.uk/search/companies?q=Crimson+Tide+PLC,1620598804,18:20:04,20210509
5,2018-01-31,TIDE.L,GBP,2018-01-31,2018-01-31,Q1,599500.0,81000.0,518500.0,0.8648874061718098,0.0,395250.0,0.0,0.0,491250.0,572250.0,10000.0,96000.0,123250.0,0.20558798999165973,27250.0,0.045454545454545456,0.0,17250.0,0.028773978315262717,0.0,17250.0,0.028773978315262717,5e-05,2.5e-05,454979385.0,463559742.0,https://find-and-update.company-information.service.gov.uk/search/companies?q=Crimson+Tide+PLC,https://find-and-update.company-information.service.gov.uk/search/companies?q=Crimson+Tide+PLC,1620598804,18:20:04,20210509
6,2017-06-30,TIDE.L,GBP,2017-06-30,2017-06-30,Q2,568750.0,57750.0,511000.0,0.8984615384615384,0.0,310000.0,0.0,0.0,408500.0,466250.0,12750.0,98500.0,201000.0,0.3534065934065934,102500.0,0.18021978021978022,0.0,78750.0,0.13846153846153847,1250.0,77500.0,0.13626373626373625,0.000175,0.000175,453538289.0,453538289.0,https://find-and-update.company-information.service.gov.uk/search/companies?q=Crimson+Tide+PLC,https://find-and-update.company-information.service.gov.uk/search/companies?q=Crimson+Tide+PLC,1620598804,18:20:04,20210509
7,2017-03-31,TIDE.L,GBP,2017-03-31,2017-03-31,Q1,568750.0,57750.0,511000.0,0.8984615384615384,0.0,310000.0,0.0,0.0,408500.0,466250.0,12750.0,98500.0,201000.0,0.3534065934065934,102500.0,0.18021978021978022,0.0,78750.0,0.13846153846153847,1250.0,77500.0,0.13626373626373625,0.000175,0.000175,453538289.0,453538289.0,https://find-and-update.company-information.service.gov.uk/search/companies?q=Crimson+Tide+PLC,https://find-and-update.company-information.service.gov.uk/search/companies?q=Crimson+Tide+PLC,1620598804,18:20:04,20210509
8,2017-01-31,TIDE.L,GBP,2017-01-31,2017-01-31,Q1,568750.0,57750.0,511000.0,0.8984615384615384,0.0,310000.0,0.0,0.0,408500.0,466250.0,12750.0,98500.0,201000.0,0.3534065934065934,102500.0,0.18021978021978022,0.0,78750.0,0.13846153846153847,1250.0,77500.0,0.13626373626373625,0.000175,0.000175,453538289.0,453538289.0,https://find-and-update.company-information.service.gov.uk/search/companies?q=Crimson+Tide+PLC,https://find-and-update.company-information.service.gov.uk/search/companies?q=Crimson+Tide+PLC,1620598804,18:20:04,20210509
9,2016-06-30,TIDE.L,GBP,2016-06-30,2016-06-30,Q2,465000.0,39750.0,425250.0,0.9145161290322581,0.0,252250.0,0.0,0.0,328000.0,367750.0,9250.0,75750.0,173000.0,0.3720430107526882,97250.0,0.20913978494623656,0.0,88000.0,0.18924731182795698,1000.0,87000.0,0.1870967741935484,0.0002,0.0002,447431439.0,447431439.0,https://find-and-update.company-information.service.gov.uk/search/companies?q=Crimson+Tide+PLC,https://find-and-update.company-information.service.gov.uk/search/companies?q=Crimson+Tide+PLC,1620598804,18:20:04,20210509
10,2016-03-31,TIDE.L,GBP,2016-03-31,2016-03-31,Q1,465000.0,39750.0,425250.0,0.9145161290322581,0.0,252250.0,0.0,0.0,328000.0,367750.0,9250.0,75750.0,173000.0,0.3720430107526882,97250.0,0.20913978494623656,0.0,88000.0,0.18924731182795698,1000.0,87000.0,0.1870967741935484,0.0002,0.0002,447431439.0,447431439.0,https://find-and-update.company-information.service.gov.uk/search/companies?q=Crimson+Tide+PLC,https://find-and-update.company-information.service.gov.uk/search/companies?q=Crimson+Tide+PLC,1620598804,18:20:04,20210509
11,2016-01-31,TIDE.L,GBP,2016-01-31,2016-01-31,Q1,465000.0,39750.0,425250.0,0.9145161290322581,0.0,252250.0,0.0,0.0,328000.0,367750.0,9250.0,75750.0,173000.0,0.3720430107526882,97250.0,0.20913978494623656,0.0,88000.0,0.18924731182795698,1000.0,87000.0,0.1870967741935484,0.0002,0.0002,447431439.0,447431439.0,https://find-and-update.company-information.service.gov.uk/search/companies?q=Crimson+Tide+PLC,https://find-and-update.company-information.service.gov.uk/search/companies?q=Crimson+Tide+PLC,1620598804,18:20:04,20210509
12,2015-09-30,TIDE.L,GBP,2015-09-30,2015-09-30,Q3,350500.0,26000.0,324500.0,0.9258202567760342,0.0,216750.0,0.0,0.0,0.0,304250.0,4250.0,61500.0,107750.0,0.3074179743223966,46250.0,0.13195435092724678,0.0,42000.0,0.11982881597717546,0.0,42000.0,0.11982881597717546,0.0001,0.0001,445486234.0,445486234.0,https://find-and-update.company-information.service.gov.uk/search/companies?q=Crimson+Tide+PLC,https://find-and-update.company-information.service.gov.uk/search/companies?q=Crimson+Tide+PLC,1620598804,18:20:04,20210509
13,2015-06-30,TIDE.L,GBP,2015-06-30,2015-06-30,Q2,350500.0,26000.0,324500.0,0.9258202567760342,0.0,216750.0,0.0,0.0,0.0,304250.0,4250.0,61500.0,107750.0,0.3074179743223966,46250.0,0.13195435092724678,0.0,42000.0,0.11982881597717546,0.0,42000.0,0.11982881597717546,0.0001,0.0001,445486234.0,445486234.0,https://find-and-update.company-information.service.gov.uk/search/companies?q=Crimson+Tide+PLC,https://find-and-update.company-information.service.gov.uk/search/companies?q=Crimson+Tide+PLC,1620598804,18:20:04,20210509
14,2015-03-31,TIDE.L,GBP,2015-03-31,2015-03-31,Q1,350500.0,26000.0,324500.0,0.9258202567760342,0.0,216750.0,0.0,0.0,0.0,304250.0,4250.0,61500.0,107750.0,0.3074179743223966,46250.0,0.13195435092724678,0.0,42000.0,0.11982881597717546,0.0,42000.0,0.11982881597717546,0.0001,0.0001,445486234.0,445486234.0,https://find-and-update.company-information.service.gov.uk/search/companies?q=Crimson+Tide+PLC,https://find-and-update.company-information.service.gov.uk/search/companies?q=Crimson+Tide+PLC,1620598804,18:20:04,20210509
15,2015-01-31,TIDE.L,GBP,2015-01-31,2015-01-31,Q1,350500.0,26000.0,324500.0,0.9258202567760342,0.0,216750.0,0.0,0.0,0.0,304250.0,4250.0,61500.0,107750.0,0.3074179743223966,46250.0,0.13195435092724678,0.0,42000.0,0.11982881597717546,0.0,42000.0,0.11982881597717546,0.0001,0.0001,445486234.0,445486234.0,https://find-and-update.company-information.service.gov.uk/search/companies?q=Crimson+Tide+PLC,https://find-and-update.company-information.service.gov.uk/search/companies?q=Crimson+Tide+PLC,1620598804,18:20:04,20210509
16,2014-09-30,TIDE.L,GBP,2014-09-30,2014-09-30,Q3,302500.0,41500.0,261000.0,0.8628099173553719,0.0,178500.0,0.0,0.0,0.0,279500.0,2000.0,59500.0,82500.0,0.2727272727272727,23000.0,0.07603305785123966,0.0,21000.0,0.06942148760330578,0.0,21000.0,0.06942148760330578,5e-05,5e-05,445486234.0,445486234.0,https://find-and-update.company-information.service.gov.uk/search/companies?q=Crimson+Tide+PLC,https://find-and-update.company-information.service.gov.uk/search/companies?q=Crimson+Tide+PLC,1620598804,18:20:04,20210509
17,2014-06-30,TIDE.L,GBP,2014-06-30,2014-06-30,Q2,302500.0,41500.0,261000.0,0.8628099173553719,0.0,178500.0,0.0,0.0,0.0,279500.0,2000.0,59500.0,82500.0,0.2727272727272727,23000.0,0.07603305785123966,0.0,21000.0,0.06942148760330578,0.0,21000.0,0.06942148760330578,5e-05,5e-05,445486234.0,445486234.0,https://find-and-update.company-information.service.gov.uk/search/companies?q=Crimson+Tide+PLC,https://find-and-update.company-information.service.gov.uk/search/companies?q=Crimson+Tide+PLC,1620598804,18:20:04,20210509
18,2014-03-31,TIDE.L,GBP,2014-03-31,2014-03-31,Q1,302500.0,41500.0,261000.0,0.8628099173553719,0.0,178500.0,0.0,0.0,0.0,279500.0,2000.0,59500.0,82500.0,0.2727272727272727,23000.0,0.07603305785123966,0.0,21000.0,0.06942148760330578,0.0,21000.0,0.06942148760330578,5e-05,5e-05,445486234.0,445486234.0,https://find-and-update.company-information.service.gov.uk/search/companies?q=Crimson+Tide+PLC,https://find-and-update.company-information.service.gov.uk/search/companies?q=Crimson+Tide+PLC,1620598804,18:20:04,20210509
19,2014-01-31,TIDE.L,GBP,2014-01-31,2014-01-31,Q1,302500.0,41500.0,261000.0,0.8628099173553719,0.0,178500.0,0.0,0.0,0.0,279500.0,2000.0,59500.0,82500.0,0.2727272727272727,23000.0,0.07603305785123966,0.0,21000.0,0.06942148760330578,0.0,21000.0,0.06942148760330578,5e-05,5e-05,445486234.0,445486234.0,https://find-and-update.company-information.service.gov.uk/search/companies?q=Crimson+Tide+PLC,https://find-and-update.company-information.service.gov.uk/search/companies?q=Crimson+Tide+PLC,1620598804,18:20:04,20210509
20,2013-09-30,TIDE.L,GBP,2013-09-30,2013-09-30,Q3,317000.0,62500.0,254500.0,0.8028391167192429,0.0,181750.0,0.0,0.0,0.0,307500.0,4500.0,63250.0,72750.0,0.22949526813880125,9500.0,0.02996845425867508,0.0,5000.0,0.015772870662460567,0.0,5000.0,0.015772870662460567,2.5e-06,2.5e-06,445486234.0,445486234.0,https://find-and-update.company-information.service.gov.uk/search/companies?q=Crimson+Tide+PLC,https://find-and-update.company-information.service.gov.uk/search/companies?q=Crimson+Tide+PLC,1620598804,18:20:04,20210509
21,2013-06-30,TIDE.L,GBP,2013-06-30,2013-06-30,Q2,317000.0,62500.0,254500.0,0.8028391167192429,0.0,181750.0,0.0,0.0,0.0,307500.0,4500.0,63250.0,72750.0,0.22949526813880125,9500.0,0.02996845425867508,0.0,5000.0,0.015772870662460567,0.0,5000.0,0.015772870662460567,2.5e-06,2.5e-06,445486234.0,445486234.0,https://find-and-update.company-information.service.gov.uk/search/companies?q=Crimson+Tide+PLC,https://find-and-update.company-information.service.gov.uk/search/companies?q=Crimson+Tide+PLC,1620598804,18:20:04,20210509
22,2013-03-31,TIDE.L,GBP,2013-03-31,2013-03-31,Q1,317000.0,62500.0,254500.0,0.8028391167192429,0.0,181750.0,0.0,0.0,0.0,307500.0,4500.0,63250.0,72750.0,0.22949526813880125,9500.0,0.02996845425867508,0.0,5000.0,0.015772870662460567,0.0,5000.0,0.015772870662460567,2.5e-06,2.5e-06,445486234.0,445486234.0,https://find-and-update.company-information.service.gov.uk/search/companies?q=Crimson+Tide+PLC,https://find-and-update.company-information.service.gov.uk/search/companies?q=Crimson+Tide+PLC,1620598804,18:20:04,20210509
23,2013-01-31,TIDE.L,GBP,2013-01-31,2013-01-31,Q1,317000.0,62500.0,254500.0,0.8028391167192429,0.0,181750.0,0.0,0.0,0.0,307500.0,4500.0,63250.0,72750.0,0.22949526813880125,9500.0,0.02996845425867508,0.0,5000.0,0.015772870662460567,0.0,5000.0,0.015772870662460567,2.5e-06,2.5e-06,445486234.0,445486234.0,https://find-and-update.company-information.service.gov.uk/search/companies?q=Crimson+Tide+PLC,https://find-and-update.company-information.service.gov.uk/search/companies?q=Crimson+Tide+PLC,1620598804,18:20:04,20210509
24,2012-09-30,TIDE.L,GBP,2012-09-30,2012-09-30,Q3,306500.0,64750.0,241750.0,0.7887438825448614,0.0,192750.0,0.0,0.0,0.0,300750.0,4750.0,43250.0,49000.0,0.1598694942903752,5750.0,0.018760195758564437,0.0,1250.0,0.004078303425774877,0.0,1250.0,0.004078303425774877,2.805922842500224e-06,2.805922842500224e-06,445486234.0,445486234.0,https://find-and-update.company-information.service.gov.uk/search/companies?q=Crimson+Tide+PLC,https://find-and-update.company-information.service.gov.uk/search/companies?q=Crimson+Tide+PLC,1620598804,18:20:04,20210509
25,2012-06-30,TIDE.L,GBP,2012-06-30,2012-06-30,Q2,306500.0,64750.0,241750.0,0.7887438825448614,0.0,192750.0,0.0,0.0,0.0,300750.0,4750.0,43250.0,49000.0,0.1598694942903752,5750.0,0.018760195758564437,0.0,1250.0,0.004078303425774877,0.0,1250.0,0.004078303425774877,2.805922842500224e-06,2.805922842500224e-06,445486234.0,445486234.0,https://find-and-update.company-information.service.gov.uk/search/companies?q=Crimson+Tide+PLC,https://find-and-update.company-information.service.gov.uk/search/companies?q=Crimson+Tide+PLC,1620598804,18:20:04,20210509
26,2012-03-31,TIDE.L,GBP,2012-03-31,2012-03-31,Q1,306500.0,64750.0,241750.0,0.7887438825448614,0.0,192750.0,0.0,0.0,0.0,300750.0,4750.0,43250.0,49000.0,0.1598694942903752,5750.0,0.018760195758564437,0.0,1250.0,0.004078303425774877,0.0,1250.0,0.004078303425774877,2.805922842500224e-06,2.805922842500224e-06,445486234.0,445486234.0,https://find-and-update.company-information.service.gov.uk/search/companies?q=Crimson+Tide+PLC,https://find-and-update.company-information.service.gov.uk/search/companies?q=Crimson+Tide+PLC,1620598804,18:20:04,20210509
27,2012-01-31,TIDE.L,GBP,2012-01-31,2012-01-31,Q1,306500.0,64750.0,241750.0,0.7887438825448614,0.0,192750.0,0.0,0.0,0.0,300750.0,4750.0,43250.0,49000.0,0.1598694942903752,5750.0,0.018760195758564437,0.0,1250.0,0.004078303425774877,0.0,1250.0,0.004078303425774877,2.805922842500224e-06,2.805922842500224e-06,445486234.0,445486234.0,https://find-and-update.company-information.service.gov.uk/search/companies?q=Crimson+Tide+PLC,https://find-and-update.company-information.service.gov.uk/search/companies?q=Crimson+Tide+PLC,1620598804,18:20:04,20210509
28,2011-09-30,TIDE.L,GBP,2011-09-30,2011-09-30,Q3,303250.0,57500.0,245750.0,0.8103874690849134,0.0,264500.0,0.0,0.0,202000.0,295250.0,2750.0,32500.0,40500.0,0.13355317394888705,8000.0,0.026380873866446827,0.0,5250.0,0.01731244847485573,3000.0,3750.0,0.01236603462489695,7.5e-06,7.5e-06,439910892.0,439910892.0,https://find-and-update.company-information.service.gov.uk/search/companies?q=Crimson+Tide+PLC,https://find-and-update.company-information.service.gov.uk/search/companies?q=Crimson+Tide+PLC,1620598804,18:20:04,20210509
29,2011-06-30,TIDE.L,GBP,2011-06-30,2011-06-30,Q2,303250.0,57500.0,245750.0,0.8103874690849134,0.0,264500.0,0.0,0.0,202000.0,295250.0,2750.0,32500.0,40500.0,0.13355317394888705,8000.0,0.026380873866446827,0.0,5250.0,0.01731244847485573,3000.0,3750.0,0.01236603462489695,7.5e-06,7.5e-06,439910892.0,439910892.0,https://find-and-update.company-information.service.gov.uk/search/companies?q=Crimson+Tide+PLC,https://find-and-update.company-information.service.gov.uk/search/companies?q=Crimson+Tide+PLC,1620598804,18:20:04,20210509
30,2011-03-31,TIDE.L,GBP,2011-03-31,2011-03-31,Q1,303250.0,57500.0,245750.0,0.8103874690849134,0.0,264500.0,0.0,0.0,202000.0,295250.0,2750.0,32500.0,40500.0,0.13355317394888705,8000.0,0.026380873866446827,0.0,5250.0,0.01731244847485573,3000.0,3750.0,0.01236603462489695,7.5e-06,7.5e-06,439910892.0,439910892.0,https://find-and-update.company-information.service.gov.uk/search/companies?q=Crimson+Tide+PLC,https://find-and-update.company-information.service.gov.uk/search/companies?q=Crimson+Tide+PLC,1620598804,18:20:04,20210509
31,2011-01-31,TIDE.L,GBP,2011-01-31,2011-01-31,Q1,303250.0,57500.0,245750.0,0.8103874690849134,0.0,264500.0,0.0,0.0,202000.0,295250.0,2750.0,32500.0,40500.0,0.13355317394888705,8000.0,0.026380873866446827,0.0,5250.0,0.01731244847485573,3000.0,3750.0,0.01236603462489695,7.5e-06,7.5e-06,439910892.0,439910892.0,https://find-and-update.company-information.service.gov.uk/search/companies?q=Crimson+Tide+PLC,https://find-and-update.company-information.service.gov.uk/search/companies?q=Crimson+Tide+PLC,1620598804,18:20:04,20210509
32,2010-09-30,TIDE.L,GBP,2010-09-30,2010-09-30,Q3,286000.0,91000.0,195000.0,0.6818181818181818,0.0,228250.0,0.0,0.0,161750.0,282500.0,5500.0,21500.0,25000.0,0.08741258741258741,3500.0,0.012237762237762238,0.0,-2000.0,-0.006993006993006993,0.0,1750.0,0.006118881118881119,5e-06,5e-06,344890344.0,344890344.0,https://find-and-update.company-information.service.gov.uk/search/companies?q=Crimson+Tide+PLC,https://find-and-update.company-information.service.gov.uk/search/companies?q=Crimson+Tide+PLC,1620598804,18:20:04,20210509
33,2010-06-30,TIDE.L,GBP,2010-06-30,2010-06-30,Q2,286000.0,91000.0,195000.0,0.6818181818181818,0.0,228250.0,0.0,0.0,161750.0,282500.0,5500.0,21500.0,25000.0,0.08741258741258741,3500.0,0.012237762237762238,0.0,-2000.0,-0.006993006993006993,0.0,1750.0,0.006118881118881119,5e-06,5e-06,344890344.0,344890344.0,https://find-and-update.company-information.service.gov.uk/search/companies?q=Crimson+Tide+PLC,https://find-and-update.company-information.service.gov.uk/search/companies?q=Crimson+Tide+PLC,1620598804,18:20:04,20210509
34,2010-03-31,TIDE.L,GBP,2010-03-31,2010-03-31,Q1,286000.0,91000.0,195000.0,0.6818181818181818,0.0,228250.0,0.0,0.0,161750.0,282500.0,5500.0,21500.0,25000.0,0.08741258741258741,3500.0,0.012237762237762238,0.0,-2000.0,-0.006993006993006993,0.0,1750.0,0.006118881118881119,5e-06,5e-06,344890344.0,344890344.0,https://find-and-update.company-information.service.gov.uk/search/companies?q=Crimson+Tide+PLC,https://find-and-update.company-information.service.gov.uk/search/companies?q=Crimson+Tide+PLC,1620598804,18:20:04,20210509
35,2010-01-31,TIDE.L,GBP,2010-01-31,2010-01-31,Q1,286000.0,91000.0,195000.0,0.6818181818181818,0.0,228250.0,0.0,0.0,161750.0,282500.0,5500.0,21500.0,25000.0,0.08741258741258741,3500.0,0.012237762237762238,0.0,-2000.0,-0.006993006993006993,0.0,1750.0,0.006118881118881119,5e-06,5e-06,344890344.0,344890344.0,https://find-and-update.company-information.service.gov.uk/search/companies?q=Crimson+Tide+PLC,https://find-and-update.company-information.service.gov.uk/search/companies?q=Crimson+Tide+PLC,1620598804,18:20:04,20210509
36,2009-09-30,TIDE.L,GBP,2009-09-30,2009-09-30,Q3,365250.0,131500.0,233750.0,0.6399726214921286,0.0,0.0,0.0,0.0,215250.0,370500.0,11500.0,11250.0,6000.0,0.01642710472279261,-5250.0,-0.014373716632443531,0.0,-16750.0,-0.0458590006844627,0.0,-16750.0,-0.0458590006844627,-5e-05,-5e-05,323975373.0,323975373.0,https://find-and-update.company-information.service.gov.uk/search/companies?q=Crimson+Tide+PLC,https://find-and-update.company-information.service.gov.uk/search/companies?q=Crimson+Tide+PLC,1620598804,18:20:04,20210509
37,2009-06-30,TIDE.L,GBP,2009-06-30,2009-06-30,Q2,365250.0,131500.0,233750.0,0.6399726214921286,0.0,0.0,0.0,0.0,215250.0,370500.0,11500.0,11250.0,6000.0,0.01642710472279261,-5250.0,-0.014373716632443531,0.0,-16750.0,-0.0458590006844627,0.0,-16750.0,-0.0458590006844627,-5e-05,-5e-05,323975373.0,323975373.0,https://find-and-update.company-information.service.gov.uk/search/companies?q=Crimson+Tide+PLC,https://find-and-update.company-information.service.gov.uk/search/companies?q=Crimson+Tide+PLC,1620598804,18:20:04,20210509
38,2009-03-31,TIDE.L,GBP,2009-03-31,2009-03-31,Q1,365250.0,131500.0,233750.0,0.6399726214921286,0.0,0.0,0.0,0.0,215250.0,370500.0,11500.0,11250.0,6000.0,0.01642710472279261,-5250.0,-0.014373716632443531,0.0,-16750.0,-0.0458590006844627,0.0,-16750.0,-0.0458590006844627,-5e-05,-5e-05,323975373.0,323975373.0,https://find-and-update.company-information.service.gov.uk/search/companies?q=Crimson+Tide+PLC,https://find-and-update.company-information.service.gov.uk/search/companies?q=Crimson+Tide+PLC,1620598804,18:20:04,20210509
39,2009-01-31,TIDE.L,GBP,2009-01-31,2009-01-31,Q1,365250.0,131500.0,233750.0,0.6399726214921286,0.0,0.0,0.0,0.0,215250.0,370500.0,11500.0,11250.0,6000.0,0.01642710472279261,-5250.0,-0.014373716632443531,0.0,-16750.0,-0.0458590006844627,0.0,-16750.0,-0.0458590006844627,-5e-05,-5e-05,323975373.0,323975373.0,https://find-and-update.company-information.service.gov.uk/search/companies?q=Crimson+Tide+PLC,https://find-and-update.company-information.service.gov.uk/search/companies?q=Crimson+Tide+PLC,1620598804,18:20:04,20210509
40,2008-09-30,TIDE.L,GBP,2008-09-30,2008-09-30,Q3,444000.0,204250.0,239750.0,0.5399774774774775,0.0,0.0,0.0,0.0,276000.0,506500.0,8250.0,13250.0,-49250.0,-0.11092342342342343,-62500.0,-0.14076576576576577,0.0,-69750.0,-0.1570945945945946,0.0,-69750.0,-0.1570945945945946,-0.000225,-0.000225,309822080.0,309822080.0,https://find-and-update.company-information.service.gov.uk/search/companies?q=Crimson+Tide+PLC,https://find-and-update.company-information.service.gov.uk/search/companies?q=Crimson+Tide+PLC,1620598804,18:20:04,20210509
41,2008-06-30,TIDE.L,GBP,2008-06-30,2008-06-30,Q2,444000.0,204250.0,239750.0,0.5399774774774775,0.0,0.0,0.0,0.0,276000.0,506500.0,8250.0,13250.0,-49250.0,-0.11092342342342343,-62500.0,-0.14076576576576577,0.0,-69750.0,-0.1570945945945946,0.0,-69750.0,-0.1570945945945946,-0.000225,-0.000225,309822080.0,309822080.0,https://find-and-update.company-information.service.gov.uk/search/companies?q=Crimson+Tide+PLC,https://find-and-update.company-information.service.gov.uk/search/companies?q=Crimson+Tide+PLC,1620598804,18:20:04,20210509
42,2008-03-31,TIDE.L,GBP,2008-03-31,2008-03-31,Q1,444000.0,204250.0,239750.0,0.5399774774774775,0.0,0.0,0.0,0.0,276000.0,506500.0,8250.0,13250.0,-49250.0,-0.11092342342342343,-62500.0,-0.14076576576576577,0.0,-69750.0,-0.1570945945945946,0.0,-69750.0,-0.1570945945945946,-0.000225,-0.000225,309822080.0,309822080.0,https://find-and-update.company-information.service.gov.uk/search/companies?q=Crimson+Tide+PLC,https://find-and-update.company-information.service.gov.uk/search/companies?q=Crimson+Tide+PLC,1620598804,18:20:04,20210509
43,2008-01-31,TIDE.L,GBP,2008-01-31,2008-01-31,Q1,444000.0,204250.0,239750.0,0.5399774774774775,0.0,0.0,0.0,0.0,276000.0,506500.0,8250.0,13250.0,-49250.0,-0.11092342342342343,-62500.0,-0.14076576576576577,0.0,-69750.0,-0.1570945945945946,0.0,-69750.0,-0.1570945945945946,-0.000225,-0.000225,309822080.0,309822080.0,https://find-and-update.company-information.service.gov.uk/search/companies?q=Crimson+Tide+PLC,https://find-and-update.company-information.service.gov.uk/search/companies?q=Crimson+Tide+PLC,1620598804,18:20:04,20210509
44,2007-09-30,TIDE.L,GBP,2007-09-30,2007-09-30,Q3,418500.0,186250.0,232250.0,0.554958183990442,0.0,0.0,0.0,0.0,308750.0,518250.0,4750.0,12500.0,-87250.0,-0.2084826762246117,-99750.0,-0.23835125448028674,0.0,-102000.0,-0.24372759856630824,0.0,-102000.0,-0.24372759856630824,-0.00035,-0.00035,286213068.0,286213068.0,https://find-and-update.company-information.service.gov.uk/search/companies?q=Crimson+Tide+PLC,https://find-and-update.company-information.service.gov.uk/search/companies?q=Crimson+Tide+PLC,1620598804,18:20:04,20210509
45,2007-06-30,TIDE.L,GBP,2007-06-30,2007-06-30,Q2,418500.0,186250.0,232250.0,0.554958183990442,0.0,0.0,0.0,0.0,308750.0,518250.0,4750.0,12500.0,-87250.0,-0.2084826762246117,-99750.0,-0.23835125448028674,0.0,-102000.0,-0.24372759856630824,0.0,-102000.0,-0.24372759856630824,-0.00035,-0.00035,286213068.0,286213068.0,https://find-and-update.company-information.service.gov.uk/search/companies?q=Crimson+Tide+PLC,https://find-and-update.company-information.service.gov.uk/search/companies?q=Crimson+Tide+PLC,1620598804,18:20:04,20210509
46,2007-03-31,TIDE.L,GBP,2007-03-31,2007-03-31,Q1,418500.0,186250.0,232250.0,0.554958183990442,0.0,0.0,0.0,0.0,308750.0,518250.0,4750.0,12500.0,-87250.0,-0.2084826762246117,-99750.0,-0.23835125448028674,0.0,-102000.0,-0.24372759856630824,0.0,-102000.0,-0.24372759856630824,-0.00035,-0.00035,286213068.0,286213068.0,https://find-and-update.company-information.service.gov.uk/search/companies?q=Crimson+Tide+PLC,https://find-and-update.company-information.service.gov.uk/search/companies?q=Crimson+Tide+PLC,1620598804,18:20:04,20210509
47,2007-01-31,TIDE.L,GBP,2007-01-31,2007-01-31,Q1,418500.0,186250.0,232250.0,0.554958183990442,0.0,0.0,0.0,0.0,308750.0,518250.0,4750.0,12500.0,-87250.0,-0.2084826762246117,-99750.0,-0.23835125448028674,0.0,-102000.0,-0.24372759856630824,0.0,-102000.0,-0.24372759856630824,-0.00035,-0.00035,286213068.0,286213068.0,https://find-and-update.company-information.service.gov.uk/search/companies?q=Crimson+Tide+PLC,https://find-and-update.company-information.service.gov.uk/search/companies?q=Crimson+Tide+PLC,1620598804,18:20:04,20210509
48,2006-09-30,TIDE.L,GBP,2006-09-30,2006-09-30,Q3,276250.0,131000.0,145250.0,0.5257918552036199,0.0,0.0,0.0,0.0,219000.0,350000.0,2000.0,17500.0,-56250.0,-0.20361990950226244,-73750.0,-0.2669683257918552,0.0,-74250.0,-0.2687782805429864,0.0,-74250.0,-0.2687782805429864,-0.000325,-0.000325,224089644.0,224089644.0,https://find-and-update.company-information.service.gov.uk/search/companies?q=Crimson+Tide+PLC,https://find-and-update.company-information.service.gov.uk/search/companies?q=Crimson+Tide+PLC,1620598804,18:20:04,20210509
49,2006-06-30,TIDE.L,GBP,2006-06-30,2006-06-30,Q2,276250.0,131000.0,145250.0,0.5257918552036199,0.0,0.0,0.0,0.0,219000.0,350000.0,2000.0,17500.0,-56250.0,-0.20361990950226244,-73750.0,-0.2669683257918552,0.0,-74250.0,-0.2687782805429864,0.0,-74250.0,-0.2687782805429864,-0.000325,-0.000325,224089644.0,224089644.0,https://find-and-update.company-information.service.gov.uk/search/companies?q=Crimson+Tide+PLC,https://find-and-update.company-information.service.gov.uk/search/companies?q=Crimson+Tide+PLC,1620598804,18:20:04,20210509
50,2006-03-31,TIDE.L,GBP,2006-03-31,2006-03-31,Q1,276250.0,131000.0,145250.0,0.5257918552036199,0.0,0.0,0.0,0.0,219000.0,350000.0,2000.0,17500.0,-56250.0,-0.20361990950226244,-73750.0,-0.2669683257918552,0.0,-74250.0,-0.2687782805429864,0.0,-74250.0,-0.2687782805429864,-0.000325,-0.000325,224089644.0,224089644.0,https://find-and-update.company-information.service.gov.uk/search/companies?q=Crimson+Tide+PLC,https://find-and-update.company-information.service.gov.uk/search/companies?q=Crimson+Tide+PLC,1620598804,18:20:04,20210509
51,2006-01-31,TIDE.L,GBP,2006-01-31,2006-01-31,Q1,276250.0,131000.0,145250.0,0.5257918552036199,0.0,0.0,0.0,0.0,219000.0,350000.0,2000.0,17500.0,-56250.0,-0.20361990950226244,-73750.0,-0.2669683257918552,0.0,-74250.0,-0.2687782805429864,0.0,-74250.0,-0.2687782805429864,-0.000325,-0.000325,224089644.0,224089644.0,https://find-and-update.company-information.service.gov.uk/search/companies?q=Crimson+Tide+PLC,https://find-and-update.company-information.service.gov.uk/search/companies?q=Crimson+Tide+PLC,1620598804,18:20:04,20210509
52,2005-09-30,TIDE.L,GBP,2005-09-30,2005-09-30,Q3,171750.0,-64250.0,236000.0,1.3740902474526928,0.0,0.0,0.0,0.0,250500.0,210750.0,2000.0,11000.0,-28000.0,-0.16302765647743814,-39000.0,-0.22707423580786026,0.0,-40500.0,-0.23580786026200873,0.0,-40500.0,-0.23580786026200873,-0.00025,-0.00025,200759000.0,200759000.0,https://find-and-update.company-information.service.gov.uk/search/companies?q=Crimson+Tide+PLC,https://find-and-update.company-information.service.gov.uk/search/companies?q=Crimson+Tide+PLC,1620598804,18:20:04,20210509
53,2005-06-30,TIDE.L,GBP,2005-06-30,2005-06-30,Q2,171750.0,-64250.0,236000.0,1.3740902474526928,0.0,0.0,0.0,0.0,250500.0,210750.0,2000.0,11000.0,-28000.0,-0.16302765647743814,-39000.0,-0.22707423580786026,0.0,-40500.0,-0.23580786026200873,0.0,-40500.0,-0.23580786026200873,-0.00025,-0.00025,200759000.0,200759000.0,https://find-and-update.company-information.service.gov.uk/search/companies?q=Crimson+Tide+PLC,https://find-and-update.company-information.service.gov.uk/search/companies?q=Crimson+Tide+PLC,1620598804,18:20:04,20210509
54,2005-03-31,TIDE.L,GBP,2005-03-31,2005-03-31,Q1,171750.0,-64250.0,236000.0,1.3740902474526928,0.0,0.0,0.0,0.0,250500.0,210750.0,2000.0,11000.0,-28000.0,-0.16302765647743814,-39000.0,-0.22707423580786026,0.0,-40500.0,-0.23580786026200873,0.0,-40500.0,-0.23580786026200873,-0.00025,-0.00025,200759000.0,200759000.0,https://find-and-update.company-information.service.gov.uk/search/companies?q=Crimson+Tide+PLC,https://find-and-update.company-information.service.gov.uk/search/companies?q=Crimson+Tide+PLC,1620598804,18:20:04,20210509
55,2005-01-31,TIDE.L,GBP,2005-01-31,2005-01-31,Q1,171750.0,-64250.0,236000.0,1.3740902474526928,0.0,0.0,0.0,0.0,250500.0,210750.0,2000.0,11000.0,-28000.0,-0.16302765647743814,-39000.0,-0.22707423580786026,0.0,-40500.0,-0.23580786026200873,0.0,-40500.0,-0.23580786026200873,-0.00025,-0.00025,200759000.0,200759000.0,https://find-and-update.company-information.service.gov.uk/search/companies?q=Crimson+Tide+PLC,https://find-and-update.company-information.service.gov.uk/search/companies?q=Crimson+Tide+PLC,1620598804,18:20:04,20210509
56,2004-09-30,TIDE.L,GBP,2004-09-30,2004-09-30,Q3,0.0,0.0,0.0,0.0,0.0,21750.0,0.0,0.0,-32250.0,-3750.0,0.0,2500.0,6250.0,0.0,3750.0,0.0,0.0,-107750.0,0.0,0.0,-107750.0,0.0,-0.007,-0.007,15160482.0,15160482.0,https://find-and-update.company-information.service.gov.uk/search/companies?q=Crimson+Tide+PLC,https://find-and-update.company-information.service.gov.uk/search/companies?q=Crimson+Tide+PLC,1620598804,18:20:04,20210509
57,2004-06-30,TIDE.L,GBP,2004-06-30,2004-06-30,Q2,0.0,0.0,0.0,0.0,0.0,21750.0,0.0,0.0,-32250.0,-3750.0,0.0,2500.0,6250.0,0.0,3750.0,0.0,0.0,-107750.0,0.0,0.0,-107750.0,0.0,-0.007,-0.007,15160482.0,15160482.0,https://find-and-update.company-information.service.gov.uk/search/companies?q=Crimson+Tide+PLC,https://find-and-update.company-information.service.gov.uk/search/companies?q=Crimson+Tide+PLC,1620598804,18:20:04,20210509
58,2004-03-31,TIDE.L,GBP,2004-03-31,2004-03-31,Q1,0.0,0.0,0.0,0.0,0.0,21750.0,0.0,0.0,-32250.0,-3750.0,0.0,2500.0,6250.0,0.0,3750.0,0.0,0.0,-107750.0,0.0,0.0,-107750.0,0.0,-0.007,-0.007,15160482.0,15160482.0,https://find-and-update.company-information.service.gov.uk/search/companies?q=Crimson+Tide+PLC,https://find-and-update.company-information.service.gov.uk/search/companies?q=Crimson+Tide+PLC,1620598804,18:20:04,20210509
59,2004-01-31,TIDE.L,GBP,2004-01-31,2004-01-31,Q1,0.0,0.0,0.0,0.0,0.0,21750.0,0.0,0.0,-32250.0,-3750.0,0.0,2500.0,6250.0,0.0,3750.0,0.0,0.0,-107750.0,0.0,0.0,-107750.0,0.0,-0.007,-0.007,15160482.0,15160482.0,https://find-and-update.company-information.service.gov.uk/search/companies?q=Crimson+Tide+PLC,https://find-and-update.company-information.service.gov.uk/search/companies?q=Crimson+Tide+PLC,1620598804,18:20:04,20210509
60,2003-09-30,TIDE.L,GBP,2003-09-30,2003-09-30,Q3,1621000.0,1524750.0,96250.0,0.05937692782233189,0.0,172750.0,20500.0,28000.0,122000.0,1661750.0,30500.0,7500.0,-33250.0,-0.02051202961135102,-40750.0,-0.02513880320789636,0.0,-185750.0,-0.11458975940777298,0.0,-185750.0,-0.11458975940777298,-0.01225,-0.01225,15163000.0,15163000.0,https://find-and-update.company-information.service.gov.uk/search/companies?q=Crimson+Tide+PLC,https://find-and-update.company-information.service.gov.uk/search/companies?q=Crimson+Tide+PLC,1620598804,18:20:04,20210509
61,2003-06-30,TIDE.L,GBP,2003-06-30,2003-06-30,Q2,1621000.0,1524750.0,96250.0,0.05937692782233189,0.0,172750.0,20500.0,28000.0,122000.0,1661750.0,30500.0,7500.0,-33250.0,-0.02051202961135102,-40750.0,-0.02513880320789636,0.0,-185750.0,-0.11458975940777298,0.0,-185750.0,-0.11458975940777298,-0.01225,-0.01225,15163000.0,15163000.0,https://find-and-update.company-information.service.gov.uk/search/companies?q=Crimson+Tide+PLC,https://find-and-update.company-information.service.gov.uk/search/companies?q=Crimson+Tide+PLC,1620598804,18:20:04,20210509
62,2003-03-31,TIDE.L,GBP,2003-03-31,2003-03-31,Q1,1621000.0,1524750.0,96250.0,0.05937692782233189,0.0,172750.0,20500.0,28000.0,122000.0,1661750.0,30500.0,7500.0,-33250.0,-0.02051202961135102,-40750.0,-0.02513880320789636,0.0,-185750.0,-0.11458975940777298,0.0,-185750.0,-0.11458975940777298,-0.01225,-0.01225,15163000.0,15163000.0,https://find-and-update.company-information.service.gov.uk/search/companies?q=Crimson+Tide+PLC,https://find-and-update.company-information.service.gov.uk/search/companies?q=Crimson+Tide+PLC,1620598804,18:20:04,20210509
63,2003-01-31,TIDE.L,GBP,2003-01-31,2003-01-31,Q1,1621000.0,1524750.0,96250.0,0.05937692782233189,0.0,172750.0,20500.0,28000.0,122000.0,1661750.0,30500.0,7500.0,-33250.0,-0.02051202961135102,-40750.0,-0.02513880320789636,0.0,-185750.0,-0.11458975940777298,0.0,-185750.0,-0.11458975940777298,-0.01225,-0.01225,15163000.0,15163000.0,https://find-and-update.company-information.service.gov.uk/search/companies?q=Crimson+Tide+PLC,https://find-and-update.company-information.service.gov.uk/search/companies?q=Crimson+Tide+PLC,1620598804,18:20:04,20210509
64,2002-09-30,TIDE.L,GBP,2002-09-30,2002-09-30,Q3,2125500.0,1931250.0,194250.0,0.09139026111503176,0.0,271000.0,0.0,15250.0,271750.0,2228500.0,16000.0,18750.0,-84250.0,-0.039637732298282755,-103000.0,-0.04845918607386497,0.0,-391250.0,-0.18407433545048224,0.0,-391250.0,-0.18407433545048224,-0.025806345227887342,-0.012903172613943671,15161000.0,30322000.0,https://find-and-update.company-information.service.gov.uk/search/companies?q=Crimson+Tide+PLC,https://find-and-update.company-information.service.gov.uk/search/companies?q=Crimson+Tide+PLC,1620598804,18:20:04,20210509
65,2002-06-30,TIDE.L,GBP,2002-06-30,2002-06-30,Q2,2125500.0,1931250.0,194250.0,0.09139026111503176,0.0,271000.0,0.0,15250.0,271750.0,2228500.0,16000.0,18750.0,-84250.0,-0.039637732298282755,-103000.0,-0.04845918607386497,0.0,-391250.0,-0.18407433545048224,0.0,-391250.0,-0.18407433545048224,-0.025806345227887342,-0.012903172613943671,15161000.0,30322000.0,https://find-and-update.company-information.service.gov.uk/search/companies?q=Crimson+Tide+PLC,https://find-and-update.company-information.service.gov.uk/search/companies?q=Crimson+Tide+PLC,1620598804,18:20:04,20210509
66,2002-03-31,TIDE.L,GBP,2002-03-31,2002-03-31,Q1,2125500.0,1931250.0,194250.0,0.09139026111503176,0.0,271000.0,0.0,15250.0,271750.0,2228500.0,16000.0,18750.0,-84250.0,-0.039637732298282755,-103000.0,-0.04845918607386497,0.0,-391250.0,-0.18407433545048224,0.0,-391250.0,-0.18407433545048224,-0.025806345227887342,-0.012903172613943671,15161000.0,30322000.0,https://find-and-update.company-information.service.gov.uk/search/companies?q=Crimson+Tide+PLC,https://find-and-update.company-information.service.gov.uk/search/companies?q=Crimson+Tide+PLC,1620598804,18:20:04,20210509
67,2002-01-31,TIDE.L,GBP,2002-01-31,2002-01-31,Q1,2125500.0,1931250.0,194250.0,0.09139026111503176,0.0,271000.0,0.0,15250.0,271750.0,2228500.0,16000.0,18750.0,-84250.0,-0.039637732298282755,-103000.0,-0.04845918607386497,0.0,-391250.0,-0.18407433545048224,0.0,-391250.0,-0.18407433545048224,-0.025806345227887342,-0.012903172613943671,15161000.0,30322000.0,https://find-and-update.company-information.service.gov.uk/search/companies?q=Crimson+Tide+PLC,https://find-and-update.company-information.service.gov.uk/search/companies?q=Crimson+Tide+PLC,1620598804,18:20:04,20210509
68,2001-09-30,TIDE.L,GBP,2001-09-30,2001-09-30,Q3,2266500.0,1856500.0,410000.0,0.18089565409221267,0.0,0.0,0.0,0.0,485000.0,2367750.0,38250.0,21250.0,-80000.0,-0.03529671299360247,-101250.0,-0.04467240238252813,0.0,-106000.0,-0.046768144716523276,0.0,-106000.0,-0.046768144716523276,-0.0195,-0.0195,5454000.0,5454000.0,https://find-and-update.company-information.service.gov.uk/search/companies?q=Crimson+Tide+PLC,https://find-and-update.company-information.service.gov.uk/search/companies?q=Crimson+Tide+PLC,1620598804,18:20:04,20210509
69,2001-06-30,TIDE.L,GBP,2001-06-30,2001-06-30,Q2,2266500.0,1856500.0,410000.0,0.18089565409221267,0.0,0.0,0.0,0.0,485000.0,2367750.0,38250.0,21250.0,-80000.0,-0.03529671299360247,-101250.0,-0.04467240238252813,0.0,-106000.0,-0.046768144716523276,0.0,-106000.0,-0.046768144716523276,-0.0195,-0.0195,5454000.0,5454000.0,https://find-and-update.company-information.service.gov.uk/search/companies?q=Crimson+Tide+PLC,https://find-and-update.company-information.service.gov.uk/search/companies?q=Crimson+Tide+PLC,1620598804,18:20:04,20210509
70,2001-03-31,TIDE.L,GBP,2001-03-31,2001-03-31,Q1,2266500.0,1856500.0,410000.0,0.18089565409221267,0.0,0.0,0.0,0.0,485000.0,2367750.0,38250.0,21250.0,-80000.0,-0.03529671299360247,-101250.0,-0.04467240238252813,0.0,-106000.0,-0.046768144716523276,0.0,-106000.0,-0.046768144716523276,-0.0195,-0.0195,5454000.0,5454000.0,https://find-and-update.company-information.service.gov.uk/search/companies?q=Crimson+Tide+PLC,https://find-and-update.company-information.service.gov.uk/search/companies?q=Crimson+Tide+PLC,1620598804,18:20:04,20210509
71,2001-01-31,TIDE.L,GBP,2001-01-31,2001-01-31,Q1,2266500.0,1856500.0,410000.0,0.18089565409221267,0.0,0.0,0.0,0.0,485000.0,2367750.0,38250.0,21250.0,-80000.0,-0.03529671299360247,-101250.0,-0.04467240238252813,0.0,-106000.0,-0.046768144716523276,0.0,-106000.0,-0.046768144716523276,-0.0195,-0.0195,5454000.0,5454000.0,https://find-and-update.company-information.service.gov.uk/search/companies?q=Crimson+Tide+PLC,https://find-and-update.company-information.service.gov.uk/search/companies?q=Crimson+Tide+PLC,1620598804,18:20:04,20210509
72,2000-09-30,TIDE.L,GBP,2000-09-30,2000-09-30,Q3,11246750.0,10275750.0,971000.0,0.08633605263742859,0.0,0.0,0.0,0.0,-86750.0,10368750.0,58750.0,142000.0,1020000.0,0.09069286682819482,878000.0,0.07806699713250495,0.0,-867500.0,-0.07713339409162646,0.0,-904750.0,-0.08044546202236201,-0.46285575,-0.46285575,1954172.0,1954172.0,https://find-and-update.company-information.service.gov.uk/search/companies?q=Crimson+Tide+PLC,https://find-and-update.company-information.service.gov.uk/search/companies?q=Crimson+Tide+PLC,1620598804,18:20:04,20210509
73,2000-06-30,TIDE.L,GBP,2000-06-30,2000-06-30,Q2,11246750.0,10275750.0,971000.0,0.08633605263742859,0.0,0.0,0.0,0.0,-86750.0,10368750.0,58750.0,142000.0,1020000.0,0.09069286682819482,878000.0,0.07806699713250495,0.0,-867500.0,-0.07713339409162646,0.0,-904750.0,-0.08044546202236201,-0.46285575,-0.46285575,1954172.0,1954172.0,https://find-and-update.company-information.service.gov.uk/search/companies?q=Crimson+Tide+PLC,https://find-and-update.company-information.service.gov.uk/search/companies?q=Crimson+Tide+PLC,1620598804,18:20:04,20210509
74,2000-03-31,TIDE.L,GBP,2000-03-31,2000-03-31,Q1,11246750.0,10275750.0,971000.0,0.08633605263742859,0.0,0.0,0.0,0.0,-86750.0,10368750.0,58750.0,142000.0,1020000.0,0.09069286682819482,878000.0,0.07806699713250495,0.0,-867500.0,-0.07713339409162646,0.0,-904750.0,-0.08044546202236201,-0.46285575,-0.46285575,1954172.0,1954172.0,https://find-and-update.company-information.service.gov.uk/search/companies?q=Crimson+Tide+PLC,https://find-and-update.company-information.service.gov.uk/search/companies?q=Crimson+Tide+PLC,1620598804,18:20:04,20210509
75,2000-01-31,TIDE.L,GBP,2000-01-31,2000-01-31,Q1,11246750.0,10275750.0,971000.0,0.08633605263742859,0.0,0.0,0.0,0.0,-86750.0,10368750.0,58750.0,142000.0,1020000.0,0.09069286682819482,878000.0,0.07806699713250495,0.0,-867500.0,-0.07713339409162646,0.0,-904750.0,-0.08044546202236201,-0.46285575,-0.46285575,1954172.0,1954172.0,https://find-and-update.company-information.service.gov.uk/search/companies?q=Crimson+Tide+PLC,https://find-and-update.company-information.service.gov.uk/search/companies?q=Crimson+Tide+PLC,1620598804,18:20:04,20210509
76,1999-09-30,TIDE.L,GBP,1999-09-30,1999-09-30,Q3,17816750.0,16189500.0,1627250.0,0.09133259432837078,0.0,0.0,0.0,0.0,1113250.0,17685500.0,213750.0,340750.0,472000.0,0.026491924733747736,131250.0,0.007366663392594047,0.0,-1161250.0,-0.06517743134971304,13000.0,-1153750.0,-0.06475647915585053,-0.5987125,-0.5987125,1927338.0,1927338.0,https://find-and-update.company-information.service.gov.uk/search/companies?q=Crimson+Tide+PLC,https://find-and-update.company-information.service.gov.uk/search/companies?q=Crimson+Tide+PLC,1620598804,18:20:04,20210509
77,1999-06-30,TIDE.L,GBP,1999-06-30,1999-06-30,Q2,17816750.0,16189500.0,1627250.0,0.09133259432837078,0.0,0.0,0.0,0.0,1113250.0,17685500.0,213750.0,340750.0,472000.0,0.026491924733747736,131250.0,0.007366663392594047,0.0,-1161250.0,-0.06517743134971304,13000.0,-1153750.0,-0.06475647915585053,-0.5987125,-0.5987125,1927338.0,1927338.0,https://find-and-update.company-information.service.gov.uk/search/companies?q=Crimson+Tide+PLC,https://find-and-update.company-information.service.gov.uk/search/companies?q=Crimson+Tide+PLC,1620598804,18:20:04,20210509
78,1999-03-31,TIDE.L,GBP,1999-03-31,1999-03-31,Q1,17816750.0,16189500.0,1627250.0,0.09133259432837078,0.0,0.0,0.0,0.0,1113250.0,17685500.0,213750.0,340750.0,472000.0,0.026491924733747736,131250.0,0.007366663392594047,0.0,-1161250.0,-0.06517743134971304,13000.0,-1153750.0,-0.06475647915585053,-0.5987125,-0.5987125,1927338.0,1927338.0,https://find-and-update.company-information.service.gov.uk/search/companies?q=Crimson+Tide+PLC,https://find-and-update.company-information.service.gov.uk/search/companies?q=Crimson+Tide+PLC,1620598804,18:20:04,20210509
79,1999-01-31,TIDE.L,GBP,1999-01-31,1999-01-31,Q1,17816750.0,16189500.0,1627250.0,0.09133259432837078,0.0,0.0,0.0,0.0,1113250.0,17685500.0,213750.0,340750.0,472000.0,0.026491924733747736,131250.0,0.007366663392594047,0.0,-1161250.0,-0.06517743134971304,13000.0,-1153750.0,-0.06475647915585053,-0.5987125,-0.5987125,1927338.0,1927338.0,https://find-and-update.company-information.service.gov.uk/search/companies?q=Crimson+Tide+PLC,https://find-and-update.company-information.service.gov.uk/search/companies?q=Crimson+Tide+PLC,1620598804,18:20:04,20210509
80,1998-09-30,TIDE.L,GBP,1998-09-30,1998-09-30,Q3,16895500.0,15553750.0,1341750.0,0.07941463703352963,0.0,0.0,0.0,0.0,1276750.0,17164500.0,250250.0,258750.0,-10250.0,-0.0006066704151993134,-269000.0,-0.0159213991891332,0.0,-481250.0,-0.02848391583557752,-1750.0,-479500.0,-0.028380337959811784,-0.248785,-0.248785,1927338.0,1927338.0,https://find-and-update.company-information.service.gov.uk/search/companies?q=Crimson+Tide+PLC,https://find-and-update.company-information.service.gov.uk/search/companies?q=Crimson+Tide+PLC,1620598804,18:20:04,20210509
81,1998-06-30,TIDE.L,GBP,1998-06-30,1998-06-30,Q2,16895500.0,15553750.0,1341750.0,0.07941463703352963,0.0,0.0,0.0,0.0,1276750.0,17164500.0,250250.0,258750.0,-10250.0,-0.0006066704151993134,-269000.0,-0.0159213991891332,0.0,-481250.0,-0.02848391583557752,-1750.0,-479500.0,-0.028380337959811784,-0.248785,-0.248785,1927338.0,1927338.0,https://find-and-update.company-information.service.gov.uk/search/companies?q=Crimson+Tide+PLC,https://find-and-update.company-information.service.gov.uk/search/companies?q=Crimson+Tide+PLC,1620598804,18:20:04,20210509
82,1998-03-31,TIDE.L,GBP,1998-03-31,1998-03-31,Q1,16895500.0,15553750.0,1341750.0,0.07941463703352963,0.0,0.0,0.0,0.0,1276750.0,17164500.0,250250.0,258750.0,-10250.0,-0.0006066704151993134,-269000.0,-0.0159213991891332,0.0,-481250.0,-0.02848391583557752,-1750.0,-479500.0,-0.028380337959811784,-0.248785,-0.248785,1927338.0,1927338.0,https://find-and-update.company-information.service.gov.uk/search/companies?q=Crimson+Tide+PLC,https://find-and-update.company-information.service.gov.uk/search/companies?q=Crimson+Tide+PLC,1620598804,18:20:04,20210509
83,1998-01-31,TIDE.L,GBP,1998-01-31,1998-01-31,Q1,16895500.0,15553750.0,1341750.0,0.07941463703352963,0.0,0.0,0.0,0.0,1276750.0,17164500.0,250250.0,258750.0,-10250.0,-0.0006066704151993134,-269000.0,-0.0159213991891332,0.0,-481250.0,-0.02848391583557752,-1750.0,-479500.0,-0.028380337959811784,-0.248785,-0.248785,1927338.0,1927338.0,https://find-and-update.company-information.service.gov.uk/search/companies?q=Crimson+Tide+PLC,https://find-and-update.company-information.service.gov.uk/search/companies?q=Crimson+Tide+PLC,1620598804,18:20:04,20210509
84,1997-09-30,TIDE.L,GBP,1997-09-30,1997-09-30,Q3,20414500.0,0.0,0.0,0.0,0.0,0.0,0.0,0.0,20168250.0,20549750.0,246000.0,297500.0,162250.0,0.00794778221362267,-135250.0,-0.006625192877611502,0.0,-399000.0,-0.019544931298831714,87250.0,-486250.0,-0.023818854245756693,-0.25499925,-0.25499925,1906338.0,1906338.0,https://find-and-update.company-information.service.gov.uk/search/companies?q=Crimson+Tide+PLC,https://find-and-update.company-information.service.gov.uk/search/companies?q=Crimson+Tide+PLC,1620598804,18:20:04,20210509
85,1997-06-30,TIDE.L,GBP,1997-06-30,1997-06-30,Q2,20414500.0,0.0,0.0,0.0,0.0,0.0,0.0,0.0,20168250.0,20549750.0,246000.0,297500.0,162250.0,0.00794778221362267,-135250.0,-0.006625192877611502,0.0,-399000.0,-0.019544931298831714,87250.0,-486250.0,-0.023818854245756693,-0.25499925,-0.25499925,1906338.0,1906338.0,https://find-and-update.company-information.service.gov.uk/search/companies?q=Crimson+Tide+PLC,https://find-and-update.company-information.service.gov.uk/search/companies?q=Crimson+Tide+PLC,1620598804,18:20:04,20210509
86,1997-03-31,TIDE.L,GBP,1997-03-31,1997-03-31,Q1,20414500.0,0.0,0.0,0.0,0.0,0.0,0.0,0.0,20168250.0,20549750.0,246000.0,297500.0,162250.0,0.00794778221362267,-135250.0,-0.006625192877611502,0.0,-399000.0,-0.019544931298831714,87250.0,-486250.0,-0.023818854245756693,-0.25499925,-0.25499925,1906338.0,1906338.0,https://find-and-update.company-information.service.gov.uk/search/companies?q=Crimson+Tide+PLC,https://find-and-update.company-information.service.gov.uk/search/companies?q=Crimson+Tide+PLC,1620598804,18:20:04,20210509
87,1997-01-31,TIDE.L,GBP,1997-01-31,1997-01-31,Q1,20414500.0,0.0,0.0,0.0,0.0,0.0,0.0,0.0,20168250.0,20549750.0,246000.0,297500.0,162250.0,0.00794778221362267,-135250.0,-0.006625192877611502,0.0,-399000.0,-0.019544931298831714,87250.0,-486250.0,-0.023818854245756693,-0.25499925,-0.25499925,1906338.0,1906338.0,https://find-and-update.company-information.service.gov.uk/search/companies?q=Crimson+Tide+PLC,https://find-and-update.company-information.service.gov.uk/search/companies?q=Crimson+Tide+PLC,1620598804,18:20:04,20210509
88,1996-09-30,TIDE.L,GBP,1996-09-30,1996-09-30,Q3,21059750.0,0.0,0.0,0.0,0.0,0.0,0.0,0.0,21093750.0,21416750.0,260750.0,282000.0,-75000.0,-0.003561295836845167,-357000.0,-0.016951768183382995,0.0,-656500.0,-0.031173209558518027,-77000.0,-579500.0,-0.02751694583269032,-0.30535625,-0.30535625,1898172.0,1898172.0,https://find-and-update.company-information.service.gov.uk/search/companies?q=Crimson+Tide+PLC,https://find-and-update.company-information.service.gov.uk/search/companies?q=Crimson+Tide+PLC,1620598804,18:20:04,20210509
89,1996-06-30,TIDE.L,GBP,1996-06-30,1996-06-30,Q2,21059750.0,0.0,0.0,0.0,0.0,0.0,0.0,0.0,21093750.0,21416750.0,260750.0,282000.0,-75000.0,-0.003561295836845167,-357000.0,-0.016951768183382995,0.0,-656500.0,-0.031173209558518027,-77000.0,-579500.0,-0.02751694583269032,-0.30535625,-0.30535625,1898172.0,1898172.0,https://find-and-update.company-information.service.gov.uk/search/companies?q=Crimson+Tide+PLC,https://find-and-update.company-information.service.gov.uk/search/companies?q=Crimson+Tide+PLC,1620598804,18:20:04,20210509
90,1996-03-31,TIDE.L,GBP,1996-03-31,1996-03-31,Q1,21059750.0,0.0,0.0,0.0,0.0,0.0,0.0,0.0,21093750.0,21416750.0,260750.0,282000.0,-75000.0,-0.003561295836845167,-357000.0,-0.016951768183382995,0.0,-656500.0,-0.031173209558518027,-77000.0,-579500.0,-0.02751694583269032,-0.30535625,-0.30535625,1898172.0,1898172.0,https://find-and-update.company-information.service.gov.uk/search/companies?q=Crimson+Tide+PLC,https://find-and-update.company-information.service.gov.uk/search/companies?q=Crimson+Tide+PLC,1620598804,18:20:04,20210509
91,1996-01-31,TIDE.L,GBP,1996-01-31,1996-01-31,Q1,21059750.0,0.0,0.0,0.0,0.0,0.0,0.0,0.0,21093750.0,21416750.0,260750.0,282000.0,-75000.0,-0.003561295836845167,-357000.0,-0.016951768183382995,0.0,-656500.0,-0.031173209558518027,-77000.0,-579500.0,-0.02751694583269032,-0.30535625,-0.30535625,1898172.0,1898172.0,https://find-and-update.company-information.service.gov.uk/search/companies?q=Crimson+Tide+PLC,https://find-and-update.company-information.service.gov.uk/search/companies?q=Crimson+Tide+PLC,1620598804,18:20:04,20210509
92,1995-09-30,TIDE.L,GBP,1995-09-30,1995-09-30,Q3,25635000.0,0.0,0.0,0.0,0.0,0.0,0.0,0.0,24691500.0,24997750.0,228750.0,233750.0,871000.0,0.033976984591378975,637250.0,0.02485859176906573,0.0,505000.0,0.019699629412912034,172250.0,333500.0,0.0130095572459528,0.17678525,0.17678525,1885338.0,1885338.0,https://find-and-update.company-information.service.gov.uk/search/companies?q=Crimson+Tide+PLC,https://find-and-update.company-information.service.gov.uk/search/companies?q=Crimson+Tide+PLC,1620598804,18:20:04,20210509
93,1995-06-30,TIDE.L,GBP,1995-06-30,1995-06-30,Q2,25635000.0,0.0,0.0,0.0,0.0,0.0,0.0,0.0,24691500.0,24997750.0,228750.0,233750.0,871000.0,0.033976984591378975,637250.0,0.02485859176906573,0.0,505000.0,0.019699629412912034,172250.0,333500.0,0.0130095572459528,0.17678525,0.17678525,1885338.0,1885338.0,https://find-and-update.company-information.service.gov.uk/search/companies?q=Crimson+Tide+PLC,https://find-and-update.company-information.service.gov.uk/search/companies?q=Crimson+Tide+PLC,1620598804,18:20:04,20210509
94,1995-03-31,TIDE.L,GBP,1995-03-31,1995-03-31,Q1,25635000.0,0.0,0.0,0.0,0.0,0.0,0.0,0.0,24691500.0,24997750.0,228750.0,233750.0,871000.0,0.033976984591378975,637250.0,0.02485859176906573,0.0,505000.0,0.019699629412912034,172250.0,333500.0,0.0130095572459528,0.17678525,0.17678525,1885338.0,1885338.0,https://find-and-update.company-information.service.gov.uk/search/companies?q=Crimson+Tide+PLC,https://find-and-update.company-information.service.gov.uk/search/companies?q=Crimson+Tide+PLC,1620598804,18:20:04,20210509
95,1995-01-31,TIDE.L,GBP,1995-01-31,1995-01-31,Q1,25635000.0,0.0,0.0,0.0,0.0,0.0,0.0,0.0,24691500.0,24997750.0,228750.0,233750.0,871000.0,0.033976984591378975,637250.0,0.02485859176906573,0.0,505000.0,0.019699629412912034,172250.0,333500.0,0.0130095572459528,0.17678525,0.17678525,1885338.0,1885338.0,https://find-and-update.company-information.service.gov.uk/search/companies?q=Crimson+Tide+PLC,https://find-and-update.company-information.service.gov.uk/search/companies?q=Crimson+Tide+PLC,1620598804,18:20:04,20210509
96,1994-09-30,TIDE.L,GBP,1994-09-30,1994-09-30,Q3,19770000.0,0.0,0.0,0.0,0.0,0.0,0.0,0.0,19173000.0,19390250.0,109500.0,211500.0,591250.0,0.02990642387455741,379750.0,0.01920839656044512,0.0,441750.0,0.022344461305007588,187250.0,254500.0,0.012873039959534649,0.1349995,0.1349995,1885338.0,1885338.0,https://find-and-update.company-information.service.gov.uk/search/companies?q=Crimson+Tide+PLC,https://find-and-update.company-information.service.gov.uk/search/companies?q=Crimson+Tide+PLC,1620598804,18:20:04,20210509
97,1994-06-30,TIDE.L,GBP,1994-06-30,1994-06-30,Q2,19770000.0,0.0,0.0,0.0,0.0,0.0,0.0,0.0,19173000.0,19390250.0,109500.0,211500.0,591250.0,0.02990642387455741,379750.0,0.01920839656044512,0.0,441750.0,0.022344461305007588,187250.0,254500.0,0.012873039959534649,0.1349995,0.1349995,1885338.0,1885338.0,https://find-and-update.company-information.service.gov.uk/search/companies?q=Crimson+Tide+PLC,https://find-and-update.company-information.service.gov.uk/search/companies?q=Crimson+Tide+PLC,1620598804,18:20:04,20210509
98,1994-03-31,TIDE.L,GBP,1994-03-31,1994-03-31,Q1,19770000.0,0.0,0.0,0.0,0.0,0.0,0.0,0.0,19173000.0,19390250.0,109500.0,211500.0,591250.0,0.02990642387455741,379750.0,0.01920839656044512,0.0,441750.0,0.022344461305007588,187250.0,254500.0,0.012873039959534649,0.1349995,0.1349995,1885338.0,1885338.0,https://find-and-update.company-information.service.gov.uk/search/companies?q=Crimson+Tide+PLC,https://find-and-update.company-information.service.gov.uk/search/companies?q=Crimson+Tide+PLC,1620598804,18:20:04,20210509
99,1994-01-31,TIDE.L,GBP,1994-01-31,1994-01-31,Q1,19770000.0,0.0,0.0,0.0,0.0,0.0,0.0,0.0,19173000.0,19390250.0,109500.0,211500.0,591250.0,0.02990642387455741,379750.0,0.01920839656044512,0.0,441750.0,0.022344461305007588,187250.0,254500.0,0.012873039959534649,0.1349995,0.1349995,1885338.0,1885338.0,https://find-and-update.company-information.service.gov.uk/search/companies?q=Crimson+Tide+PLC,https://find-and-update.company-information.service.gov.uk/search/companies?q=Crimson+Tide+PLC,1620598804,18:20:04,20210509
100,1993-09-30,TIDE.L,GBP,1993-09-30,1993-09-30,Q3,19549000.0,0.0,0.0,0.0,0.0,0.0,0.0,0.0,19454750.0,19645250.0,119750.0,187750.0,91500.0,0.004680546319504834,-96250.0,-0.004923525500025577,0.0,-130500.0,-0.006675533275359353,116250.0,-246750.0,-0.012622129009156479,-0.13092825,-0.13092825,1885338.0,1885338.0,https://find-and-update.company-information.service.gov.uk/search/companies?q=Crimson+Tide+PLC,https://find-and-update.company-information.service.gov.uk/search/companies?q=Crimson+Tide+PLC,1620598804,18:20:04,20210509
101,1993-06-30,TIDE.L,GBP,1993-06-30,1993-06-30,Q2,19549000.0,0.0,0.0,0.0,0.0,0.0,0.0,0.0,19454750.0,19645250.0,119750.0,187750.0,91500.0,0.004680546319504834,-96250.0,-0.004923525500025577,0.0,-130500.0,-0.006675533275359353,116250.0,-246750.0,-0.012622129009156479,-0.13092825,-0.13092825,1885338.0,1885338.0,https://find-and-update.company-information.service.gov.uk/search/companies?q=Crimson+Tide+PLC,https://find-and-update.company-information.service.gov.uk/search/companies?q=Crimson+Tide+PLC,1620598804,18:20:04,20210509
102,1993-03-31,TIDE.L,GBP,1993-03-31,1993-03-31,Q1,19549000.0,0.0,0.0,0.0,0.0,0.0,0.0,0.0,19454750.0,19645250.0,119750.0,187750.0,91500.0,0.004680546319504834,-96250.0,-0.004923525500025577,0.0,-130500.0,-0.006675533275359353,116250.0,-246750.0,-0.012622129009156479,-0.13092825,-0.13092825,1885338.0,1885338.0,https://find-and-update.company-information.service.gov.uk/search/companies?q=Crimson+Tide+PLC,https://find-and-update.company-information.service.gov.uk/search/companies?q=Crimson+Tide+PLC,1620598804,18:20:04,20210509
103,1993-01-31,TIDE.L,GBP,1993-01-31,1993-01-31,Q1,19549000.0,0.0,0.0,0.0,0.0,0.0,0.0,0.0,19454750.0,19645250.0,119750.0,187750.0,91500.0,0.004680546319504834,-96250.0,-0.004923525500025577,0.0,-130500.0,-0.006675533275359353,116250.0,-246750.0,-0.012622129009156479,-0.13092825,-0.13092825,1885338.0,1885338.0,https://find-and-update.company-information.service.gov.uk/search/companies?q=Crimson+Tide+PLC,https://find-and-update.company-information.service.gov.uk/search/companies?q=Crimson+Tide+PLC,1620598804,18:20:04,20210509
104,1992-09-30,TIDE.L,GBP,1992-09-30,1992-09-30,Q3,19601500.0,0.0,0.0,0.0,0.0,0.0,0.0,0.0,19335750.0,19512750.0,149000.0,175250.0,264000.0,0.013468357013493866,88750.0,0.004527714715710532,0.0,53750.0,0.0027421370813458155,181750.0,-128000.0,-0.006530112491390965,-0.0679285,-0.0679285,1885338.0,1885338.0,https://find-and-update.company-information.service.gov.uk/search/companies?q=Crimson+Tide+PLC,https://find-and-update.company-information.service.gov.uk/search/companies?q=Crimson+Tide+PLC,1620598804,18:20:04,20210509
105,1992-06-30,TIDE.L,GBP,1992-06-30,1992-06-30,Q2,19601500.0,0.0,0.0,0.0,0.0,0.0,0.0,0.0,19335750.0,19512750.0,149000.0,175250.0,264000.0,0.013468357013493866,88750.0,0.004527714715710532,0.0,53750.0,0.0027421370813458155,181750.0,-128000.0,-0.006530112491390965,-0.0679285,-0.0679285,1885338.0,1885338.0,https://find-and-update.company-information.service.gov.uk/search/companies?q=Crimson+Tide+PLC,https://find-and-update.company-information.service.gov.uk/search/companies?q=Crimson+Tide+PLC,1620598804,18:20:04,20210509
106,1992-03-31,TIDE.L,GBP,1992-03-31,1992-03-31,Q1,19601500.0,0.0,0.0,0.0,0.0,0.0,0.0,0.0,19335750.0,19512750.0,149000.0,175250.0,264000.0,0.013468357013493866,88750.0,0.004527714715710532,0.0,53750.0,0.0027421370813458155,181750.0,-128000.0,-0.006530112491390965,-0.0679285,-0.0679285,1885338.0,1885338.0,https://find-and-update.company-information.service.gov.uk/search/companies?q=Crimson+Tide+PLC,https://find-and-update.company-information.service.gov.uk/search/companies?q=Crimson+Tide+PLC,1620598804,18:20:04,20210509
107,1992-01-31,TIDE.L,GBP,1992-01-31,1992-01-31,Q1,19601500.0,0.0,0.0,0.0,0.0,0.0,0.0,0.0,19335750.0,19512750.0,149000.0,175250.0,264000.0,0.013468357013493866,88750.0,0.004527714715710532,0.0,53750.0,0.0027421370813458155,181750.0,-128000.0,-0.006530112491390965,-0.0679285,-0.0679285,1885338.0,1885338.0,https://find-and-update.company-information.service.gov.uk/search/companies?q=Crimson+Tide+PLC,https://find-and-update.company-information.service.gov.uk/search/companies?q=Crimson+Tide+PLC,1620598804,18:20:04,20210509
108,1991-09-30,TIDE.L,GBP,1991-09-30,1991-09-30,Q3,20922000.0,0.0,0.0,0.0,0.0,0.0,0.0,0.0,20753500.0,20922000.0,183500.0,168500.0,547750.0,38.196257416704704,0.0,0.0,0.0,195750.0,0.009356180097505018,281500.0,-85750.0,-0.004098556543351496,-0.0454825,-0.0454825,1885338.0,1885338.0,https://find-and-update.company-information.service.gov.uk/search/companies?q=Crimson+Tide+PLC,https://find-and-update.company-information.service.gov.uk/search/companies?q=Crimson+Tide+PLC,1620598804,18:20:04,20210509
109,1991-06-30,TIDE.L,GBP,1991-06-30,1991-06-30,Q2,20922000.0,0.0,0.0,0.0,0.0,0.0,0.0,0.0,20753500.0,20922000.0,183500.0,168500.0,547750.0,38.196257416704704,0.0,0.0,0.0,195750.0,0.009356180097505018,281500.0,-85750.0,-0.004098556543351496,-0.0454825,-0.0454825,1885338.0,1885338.0,https://find-and-update.company-information.service.gov.uk/search/companies?q=Crimson+Tide+PLC,https://find-and-update.company-information.service.gov.uk/search/companies?q=Crimson+Tide+PLC,1620598804,18:20:04,20210509
110,1991-03-31,TIDE.L,GBP,1991-03-31,1991-03-31,Q1,20922000.0,0.0,0.0,0.0,0.0,0.0,0.0,0.0,20753500.0,20922000.0,183500.0,168500.0,547750.0,38.196257416704704,0.0,0.0,0.0,195750.0,0.009356180097505018,281500.0,-85750.0,-0.004098556543351496,-0.0454825,-0.0454825,1885338.0,1885338.0,https://find-and-update.company-information.service.gov.uk/search/companies?q=Crimson+Tide+PLC,https://find-and-update.company-information.service.gov.uk/search/companies?q=Crimson+Tide+PLC,1620598804,18:20:04,20210509
111,1991-01-31,TIDE.L,GBP,1991-01-31,1991-01-31,Q1,20922000.0,0.0,0.0,0.0,0.0,0.0,0.0,0.0,20753500.0,20922000.0,183500.0,168500.0,547750.0,38.196257416704704,0.0,0.0,0.0,195750.0,0.009356180097505018,281500.0,-85750.0,-0.004098556543351496,-0.0454825,-0.0454825,1885338.0,1885338.0,https://find-and-update.company-information.service.gov.uk/search/companies?q=Crimson+Tide+PLC,https://find-and-update.company-information.service.gov.uk/search/companies?q=Crimson+Tide+PLC,1620598804,18:20:04,20210509
112,1990-09-30,TIDE.L,GBP,1990-09-30,1990-09-30,Q3,22208000.0,0.0,0.0,0.0,0.0,0.0,0.0,0.0,22037750.0,22208000.0,220000.0,170250.0,898500.0,24.716750139120755,0.0,0.0,0.0,508250.0,0.022885896974063402,331750.0,176500.0,0.007947586455331413,0.0932135,0.0932135,1893505.0,1893505.0,https://find-and-update.company-information.service.gov.uk/search/companies?q=Crimson+Tide+PLC,https://find-and-update.company-information.service.gov.uk/search/companies?q=Crimson+Tide+PLC,1620598804,18:20:04,20210509
113,1990-06-30,TIDE.L,GBP,1990-06-30,1990-06-30,Q2,22208000.0,0.0,0.0,0.0,0.0,0.0,0.0,0.0,22037750.0,22208000.0,220000.0,170250.0,898500.0,24.716750139120755,0.0,0.0,0.0,508250.0,0.022885896974063402,331750.0,176500.0,0.007947586455331413,0.0932135,0.0932135,1893505.0,1893505.0,https://find-and-update.company-information.service.gov.uk/search/companies?q=Crimson+Tide+PLC,https://find-and-update.company-information.service.gov.uk/search/companies?q=Crimson+Tide+PLC,1620598804,18:20:04,20210509
114,1990-03-31,TIDE.L,GBP,1990-03-31,1990-03-31,Q1,22208000.0,0.0,0.0,0.0,0.0,0.0,0.0,0.0,22037750.0,22208000.0,220000.0,170250.0,898500.0,24.716750139120755,0.0,0.0,0.0,508250.0,0.022885896974063402,331750.0,176500.0,0.007947586455331413,0.0932135,0.0932135,1893505.0,1893505.0,https://find-and-update.company-information.service.gov.uk/search/companies?q=Crimson+Tide+PLC,https://find-and-update.company-information.service.gov.uk/search/companies?q=Crimson+Tide+PLC,1620598804,18:20:04,20210509
115,1990-01-31,TIDE.L,GBP,1990-01-31,1990-01-31,Q1,22208000.0,0.0,0.0,0.0,0.0,0.0,0.0,0.0,22037750.0,22208000.0,220000.0,170250.0,898500.0,24.716750139120755,0.0,0.0,0.0,508250.0,0.022885896974063402,331750.0,176500.0,0.007947586455331413,0.0932135,0.0932135,1893505.0,1893505.0,https://find-and-update.company-information.service.gov.uk/search/companies?q=Crimson+Tide+PLC,https://find-and-update.company-information.service.gov.uk/search/companies?q=Crimson+Tide+PLC,1620598804,18:20:04,20210509
116,1989-09-30,TIDE.L,GBP,1989-09-30,1989-09-30,Q3,26154500.0,0.0,0.0,0.0,0.0,0.0,0.0,0.0,26022000.0,26154500.0,145500.0,132500.0,1156000.0,22.625,0.0,0.0,0.0,878000.0,0.03356974899156933,385500.0,493500.0,0.01886864593091055,0.24736775,0.24736775,1995005.0,1995005.0,https://find-and-update.company-information.service.gov.uk/search/companies?q=Crimson+Tide+PLC,https://find-and-update.company-information.service.gov.uk/search/companies?q=Crimson+Tide+PLC,1620598804,18:20:04,20210509
117,1989-06-30,TIDE.L,GBP,1989-06-30,1989-06-30,Q2,26154500.0,0.0,0.0,0.0,0.0,0.0,0.0,0.0,26022000.0,26154500.0,145500.0,132500.0,1156000.0,22.625,0.0,0.0,0.0,878000.0,0.03356974899156933,385500.0,493500.0,0.01886864593091055,0.24736775,0.24736775,1995005.0,1995005.0,https://find-and-update.company-information.service.gov.uk/search/companies?q=Crimson+Tide+PLC,https://find-and-update.company-information.service.gov.uk/search/companies?q=Crimson+Tide+PLC,1620598804,18:20:04,20210509
118,1989-03-31,TIDE.L,GBP,1989-03-31,1989-03-31,Q1,26154500.0,0.0,0.0,0.0,0.0,0.0,0.0,0.0,26022000.0,26154500.0,145500.0,132500.0,1156000.0,22.625,0.0,0.0,0.0,878000.0,0.03356974899156933,385500.0,493500.0,0.01886864593091055,0.24736775,0.24736775,1995005.0,1995005.0,https://find-and-update.company-information.service.gov.uk/search/companies?q=Crimson+Tide+PLC,https://find-and-update.company-information.service.gov.uk/search/companies?q=Crimson+Tide+PLC,1620598804,18:20:04,20210509
119,1989-01-31,TIDE.L,GBP,1989-01-31,1989-01-31,Q1,26154500.0,0.0,0.0,0.0,0.0,0.0,0.0,0.0,26022000.0,26154500.0,145500.0,132500.0,1156000.0,22.625,0.0,0.0,0.0,878000.0,0.03356974899156933,385500.0,493500.0,0.01886864593091055,0.24736775,0.24736775,1995005.0,1995005.0,https://find-and-update.company-information.service.gov.uk/search/companies?q=Crimson+Tide+PLC,https://find-and-update.company-information.service.gov.uk/search/companies?q=Crimson+Tide+PLC,1620598804,18:20:04,20210509
120,1988-09-30,TIDE.L,GBP,1988-09-30,1988-09-30,Q3,20503250.0,0.0,0.0,0.0,0.0,0.0,0.0,0.0,20373500.0,20503250.0,55750.0,129750.0,1249000.0,16.415732586068856,0.0,0.0,0.0,1063500.0,0.05186982551546706,440000.0,843250.0,0.04112762610805604,0.396046,0.396046,2129172.0,2129172.0,https://find-and-update.company-information.service.gov.uk/search/companies?q=Crimson+Tide+PLC,https://find-and-update.company-information.service.gov.uk/search/companies?q=Crimson+Tide+PLC,1620598804,18:20:04,20210509
121,1988-06-30,TIDE.L,GBP,1988-06-30,1988-06-30,Q2,20503250.0,0.0,0.0,0.0,0.0,0.0,0.0,0.0,20373500.0,20503250.0,55750.0,129750.0,1249000.0,16.415732586068856,0.0,0.0,0.0,1063500.0,0.05186982551546706,440000.0,843250.0,0.04112762610805604,0.396046,0.396046,2129172.0,2129172.0,https://find-and-update.company-information.service.gov.uk/search/companies?q=Crimson+Tide+PLC,https://find-and-update.company-information.service.gov.uk/search/companies?q=Crimson+Tide+PLC,1620598804,18:20:04,20210509
122,1988-03-31,TIDE.L,GBP,1988-03-31,1988-03-31,Q1,20503250.0,0.0,0.0,0.0,0.0,0.0,0.0,0.0,20373500.0,20503250.0,55750.0,129750.0,1249000.0,16.415732586068856,0.0,0.0,0.0,1063500.0,0.05186982551546706,440000.0,843250.0,0.04112762610805604,0.396046,0.396046,2129172.0,2129172.0,https://find-and-update.company-information.service.gov.uk/search/companies?q=Crimson+Tide+PLC,https://find-and-update.company-information.service.gov.uk/search/companies?q=Crimson+Tide+PLC,1620598804,18:20:04,20210509
123,1988-01-31,TIDE.L,GBP,1988-01-31,1988-01-31,Q1,20503250.0,0.0,0.0,0.0,0.0,0.0,0.0,0.0,20373500.0,20503250.0,55750.0,129750.0,1249000.0,16.415732586068856,0.0,0.0,0.0,1063500.0,0.05186982551546706,440000.0,843250.0,0.04112762610805604,0.396046,0.396046,2129172.0,2129172.0,https://find-and-update.company-information.service.gov.uk/search/companies?q=Crimson+Tide+PLC,https://find-and-update.company-information.service.gov.uk/search/companies?q=Crimson+Tide+PLC,1620598804,18:20:04,20210509
124,1987-09-30,TIDE.L,GBP,1987-09-30,1987-09-30,Q3,14434750.0,0.0,0.0,0.0,0.0,0.0,0.0,0.0,14335000.0,14434750.0,51750.0,99750.0,976250.0,14.785915492957747,0.0,0.0,0.0,824750.0,0.057136424253970454,401750.0,423000.0,0.029304283066904517,0.19545575,0.19545575,2164172.0,2164172.0,https://find-and-update.company-information.service.gov.uk/search/companies?q=Crimson+Tide+PLC,https://find-and-update.company-information.service.gov.uk/search/companies?q=Crimson+Tide+PLC,1620598804,18:20:04,20210509
125,1987-06-30,TIDE.L,GBP,1987-06-30,1987-06-30,Q2,14434750.0,0.0,0.0,0.0,0.0,0.0,0.0,0.0,14335000.0,14434750.0,51750.0,99750.0,976250.0,14.785915492957747,0.0,0.0,0.0,824750.0,0.057136424253970454,401750.0,423000.0,0.029304283066904517,0.19545575,0.19545575,2164172.0,2164172.0,https://find-and-update.company-information.service.gov.uk/search/companies?q=Crimson+Tide+PLC,https://find-and-update.company-information.service.gov.uk/search/companies?q=Crimson+Tide+PLC,1620598804,18:20:04,20210509
126,1987-03-31,TIDE.L,GBP,1987-03-31,1987-03-31,Q1,14434750.0,0.0,0.0,0.0,0.0,0.0,0.0,0.0,14335000.0,14434750.0,51750.0,99750.0,976250.0,14.785915492957747,0.0,0.0,0.0,824750.0,0.057136424253970454,401750.0,423000.0,0.029304283066904517,0.19545575,0.19545575,2164172.0,2164172.0,https://find-and-update.company-information.service.gov.uk/search/companies?q=Crimson+Tide+PLC,https://find-and-update.company-information.service.gov.uk/search/companies?q=Crimson+Tide+PLC,1620598804,18:20:04,20210509
127,1987-01-31,TIDE.L,GBP,1987-01-31,1987-01-31,Q1,14434750.0,0.0,0.0,0.0,0.0,0.0,0.0,0.0,14335000.0,14434750.0,51750.0,99750.0,976250.0,14.785915492957747,0.0,0.0,0.0,824750.0,0.057136424253970454,401750.0,423000.0,0.029304283066904517,0.19545575,0.19545575,2164172.0,2164172.0,https://find-and-update.company-information.service.gov.uk/search/companies?q=Crimson+Tide+PLC,https://find-and-update.company-information.service.gov.uk/search/companies?q=Crimson+Tide+PLC,1620598804,18:20:04,20210509
128,1986-09-30,TIDE.L,GBP,1986-09-30,1986-09-30,Q3,12307500.0,0.0,0.0,0.0,0.0,0.0,0.0,0.0,12213000.0,12307500.0,31500.0,93750.0,778750.0,15.804173354735152,0.0,0.0,0.0,653500.0,0.05309770465163518,289500.0,306500.0,0.024903514117408085,0.1416245,0.1416245,2164172.0,2164172.0,https://find-and-update.company-information.service.gov.uk/search/companies?q=Crimson+Tide+PLC,https://find-and-update.company-information.service.gov.uk/search/companies?q=Crimson+Tide+PLC,1620598804,18:20:04,20210509
129,1986-06-30,TIDE.L,GBP,1986-06-30,1986-06-30,Q2,12307500.0,0.0,0.0,0.0,0.0,0.0,0.0,0.0,12213000.0,12307500.0,31500.0,93750.0,778750.0,15.804173354735152,0.0,0.0,0.0,653500.0,0.05309770465163518,289500.0,306500.0,0.024903514117408085,0.1416245,0.1416245,2164172.0,2164172.0,https://find-and-update.company-information.service.gov.uk/search/companies?q=Crimson+Tide+PLC,https://find-and-update.company-information.service.gov.uk/search/companies?q=Crimson+Tide+PLC,1620598804,18:20:04,20210509
130,1986-03-31,TIDE.L,GBP,1986-03-31,1986-03-31,Q1,12307500.0,0.0,0.0,0.0,0.0,0.0,0.0,0.0,12213000.0,12307500.0,31500.0,93750.0,778750.0,15.804173354735152,0.0,0.0,0.0,653500.0,0.05309770465163518,289500.0,306500.0,0.024903514117408085,0.1416245,0.1416245,2164172.0,2164172.0,https://find-and-update.company-information.service.gov.uk/search/companies?q=Crimson+Tide+PLC,https://find-and-update.company-information.service.gov.uk/search/companies?q=Crimson+Tide+PLC,1620598804,18:20:04,20210509
131,1986-01-31,TIDE.L,GBP,1986-01-31,1986-01-31,Q1,12307500.0,0.0,0.0,0.0,0.0,0.0,0.0,0.0,12213000.0,12307500.0,31500.0,93750.0,778750.0,15.804173354735152,0.0,0.0,0.0,653500.0,0.05309770465163518,289500.0,306500.0,0.024903514117408085,0.1416245,0.1416245,2164172.0,2164172.0,https://find-and-update.company-information.service.gov.uk/search/companies?q=Crimson+Tide+PLC,https://find-and-update.company-information.service.gov.uk/search/companies?q=Crimson+Tide+PLC,1620598804,18:20:04,20210509
132,1985-09-30,TIDE.L,GBP,1985-09-30,1985-09-30,Q3,12203250.0,0.0,0.0,0.0,0.0,0.0,0.0,0.0,12102750.0,12203250.0,72750.0,98250.0,484500.0,25.187306501547987,0.0,0.0,0.0,313500.0,0.025689877696515272,235000.0,12250.0,0.0010038309466740417,0.00566025,0.00566025,2164172.0,2164172.0,https://find-and-update.company-information.service.gov.uk/search/companies?q=Crimson+Tide+PLC,https://find-and-update.company-information.service.gov.uk/search/companies?q=Crimson+Tide+PLC,1620598804,18:20:04,20210509
133,1985-06-30,TIDE.L,GBP,1985-06-30,1985-06-30,Q2,12203250.0,0.0,0.0,0.0,0.0,0.0,0.0,0.0,12102750.0,12203250.0,72750.0,98250.0,484500.0,25.187306501547987,0.0,0.0,0.0,313500.0,0.025689877696515272,235000.0,12250.0,0.0010038309466740417,0.00566025,0.00566025,2164172.0,2164172.0,https://find-and-update.company-information.service.gov.uk/search/companies?q=Crimson+Tide+PLC,https://find-and-update.company-information.service.gov.uk/search/companies?q=Crimson+Tide+PLC,1620598804,18:20:04,20210509
134,1985-03-31,TIDE.L,GBP,1985-03-31,1985-03-31,Q1,12203250.0,0.0,0.0,0.0,0.0,0.0,0.0,0.0,12102750.0,12203250.0,72750.0,98250.0,484500.0,25.187306501547987,0.0,0.0,0.0,313500.0,0.025689877696515272,235000.0,12250.0,0.0010038309466740417,0.00566025,0.00566025,2164172.0,2164172.0,https://find-and-update.company-information.service.gov.uk/search/companies?q=Crimson+Tide+PLC,https://find-and-update.company-information.service.gov.uk/search/companies?q=Crimson+Tide+PLC,1620598804,18:20:04,20210509
135,1985-01-31,TIDE.L,GBP,1985-01-31,1985-01-31,Q1,12203250.0,0.0,0.0,0.0,0.0,0.0,0.0,0.0,12102750.0,12203250.0,72750.0,98250.0,484500.0,25.187306501547987,0.0,0.0,0.0,313500.0,0.025689877696515272,235000.0,12250.0,0.0010038309466740417,0.00566025,0.00566025,2164172.0,2164172.0,https://find-and-update.company-information.service.gov.uk/search/companies?q=Crimson+Tide+PLC,https://find-and-update.company-information.service.gov.uk/search/companies?q=Crimson+Tide+PLC,1620598804,18:20:04,20210509
