,date,symbol,reportedCurrency,fillingDate,acceptedDate,period,revenue,costOfRevenue,grossProfit,grossProfitRatio,researchAndDevelopmentExpenses,generalAndAdministrativeExpenses,sellingAndMarketingExpenses,otherExpenses,operatingExpenses,costAndExpenses,interestExpense,depreciationAndAmortization,ebitda,ebitdaratio,operatingIncome,operatingIncomeRatio,totalOtherIncomeExpensesNet,incomeBeforeTax,incomeBeforeTaxRatio,incomeTaxExpense,netIncome,netIncomeRatio,eps,epsdiluted,weightedAverageShsOut,weightedAverageShsOutDil,link,finalLink,timestamp,est_time,est_date
0,2019-06-30,ROX,USD,2019-08-09,2019-08-09 17:21:44,Q1,22635741.0,13794530.0,8841211.0,0.39058632982238134,0.0,-6256512808.0,6259002000.0,-1192000.0,2489192.0,16283722.0,0.0,162724.0,-30058276.0,-1.327912172170551,-30221000.0,-1.335100980347849,0.0,-1315422000.0,-58.11261049505735,-582019.0,-733403000.0,-32.40022051851539,-4.37649,-4.37649,167577755,167577755,https://www.sec.gov/Archives/edgar/data/1311538/000149315219012010/0001493152-19-012010-index.htm,https://www.sec.gov/Archives/edgar/data/1311538/000149315219012010/form10-q.htm,1620597391,17:56:31,20210509
1,2019-03-31,ROX,USD,2019-06-14 00:00:00,2019-06-14 17:17:01,Q4,26891910.0,15856057.0,11035853.0,0.41037817693127787,0.0,-19564318.0,22358000.0,0.0,2793682.0,18649739.0,0.0,10804.0,2888421.0,0.10740854777514873,2877617.0,0.10700679126175865,0.0,1745572.0,0.06491067387924472,9447000.0,8748617.0,0.32532523721818196,0.05255591523768473,0.05220631461496784,166463032,167577755,https://www.sec.gov/Archives/edgar/data/1311538/000149315219009240/0001493152-19-009240-index.html,https://www.sec.gov/Archives/edgar/data/1311538/000149315219009240/form10-k.htm,1620597391,17:56:31,20210509
2,2018-12-31,ROX,USD,2019-02-08 00:00:00,2019-02-08 17:34:43,Q3,22535242.0,14397207.0,8138035.0,0.36112481064103946,0.0,-5797732530.0,5800828000.0,-1455000.0,3095470.0,17492677.0,0.0,282761.0,-955114239.0,-42.38313655562252,-955397000.0,-42.395684057885866,-10366000.0,-2056070000.0,-91.2379818242023,5288.0,-2050782000.0,-91.0033271442126,-12.33448,-12.33448,166264144,166264144,https://www.sec.gov/Archives/edgar/data/1311538/000149315219001628/0001493152-19-001628-index.html,https://www.sec.gov/Archives/edgar/data/1311538/000149315219001628/form10-q.htm,1620597391,17:56:31,20210509
3,2018-09-30,ROX,USD,2018-11-08 00:00:00,2018-11-08 17:31:27,Q2,23310163.0,14170668.0,9139495.0,0.39208198587028326,0.0,-5319865754.0,5322430000.0,-8506000.0,2564246.0,16734914.0,0.0,209980.0,1258419.0,0.05398585157898724,1048439.0,0.044977763561756305,0.0,-1541000.0,-0.06610850383156909,217000.0,34472000.0,1.478839937755905,0.2073327367565192,0.2076480551957348,166264144,166011668,https://www.sec.gov/Archives/edgar/data/1311538/000149315218015502/0001493152-18-015502-index.html,https://www.sec.gov/Archives/edgar/data/1311538/000149315218015502/form10-q.htm,1620597391,17:56:31,20210509
4,2018-06-30,ROX,USD,2018-08-09 00:00:00,2018-08-09 17:01:45,Q1,23104388.0,13844836.0,9259552.0,0.40077027792296427,0.0,-5819372734.0,5821890000.0,-405000.0,2517266.0,16362102.0,0.0,278472.0,963076.0,0.04168368363619932,684604.0,0.029630908206700824,0.0,-289251000.0,-12.519310184714696,18115.0,-307366000.0,-13.303360383317662,-1.8486607671705813,-1.8569684443687076,166264144,165520314,https://www.sec.gov/Archives/edgar/data/1311538/000149315218011285/0001493152-18-011285-index.html,https://www.sec.gov/Archives/edgar/data/1311538/000149315218011285/form10-q.htm,1620597391,17:56:31,20210509
5,2018-03-31,ROX,USD,2018-06-14 00:00:00,2018-06-14 17:02:28,Q4,24071457.0,14664310.0,9407147.0,0.3908008975111062,0.0,-19377562.0,21780000.0,0.0,21780000.0,672526.0,0.0,256976.0,1665640.0,0.0691956452822943,1408664.0,0.058520097059351246,0.0,349892.0,0.014535555533676255,159707.0,270000.0,0.01121660396377336,0.0016239219924651944,0.0016497422763450658,166264144,163661927,https://www.sec.gov/Archives/edgar/data/1311538/000149315218008701/0001493152-18-008701-index.html,https://www.sec.gov/Archives/edgar/data/1311538/000149315218008701/form10-k.htm,1620597391,17:56:31,20210509
6,2017-12-31,ROX,USD,2018-02-09 00:00:00,2018-02-08 18:06:04,Q3,24079623.0,14401686.0,9677937.0,0.40191397514819893,0.0,-2980287.0,5438815.0,931000.0,7897343.0,22299029.0,0.0,234920.0,1807126.0,0.0750479357587949,1572206.0,0.06529196906446584,872000.0,601518.0,0.024980374485098874,63085000.0,465580.0,0.01933502031987793,0.00285,0.00285,163249687,163249687,https://www.sec.gov/Archives/edgar/data/1311538/000149315218001675/0001493152-18-001675-index.html,https://www.sec.gov/Archives/edgar/data/1311538/000149315218001675/form10-q.htm,1620597391,17:56:31,20210509
7,2017-09-30,ROX,USD,2017-11-09 00:00:00,2017-11-09 17:16:41,Q2,20894150.0,12350901.0,8543249.0,0.4088823426652915,0.0,-2600326.0,4899208.0,-59000.0,7198090.0,19548991.0,0.0,203298.0,1362174.0,0.06519403756553868,1158876.0,0.055464137091003944,0.0,305957.0,0.014643189600917003,25335.0,280622000.0,13.430649248713156,1.7189741993195982,1.72014204366142,163249687,163138853,https://www.sec.gov/Archives/edgar/data/1311538/000149315217012721/0001493152-17-012721-index.html,https://www.sec.gov/Archives/edgar/data/1311538/000149315217012721/form10-q.htm,1620597391,17:56:31,20210509
8,2017-06-30,ROX,USD,2017-08-09 00:00:00,2017-08-09 17:11:40,Q1,20852287.0,12273668.0,8578619.0,0.4113994306715614,0.0,-3793202.0,6056199.0,0.0,8319196.0,20592864.0,0.0,226897.0,281368.0,0.013493388039403064,54471.0,0.002612231454516236,0.0,-846805000.0,-40.60969427478147,18413.0,-865218000.0,-41.492714923787496,-5.299967282632523,-5.305721360668211,163249687,163072642,https://www.sec.gov/Archives/edgar/data/1311538/000149315217008760/0001493152-17-008760-index.html,https://www.sec.gov/Archives/edgar/data/1311538/000149315217008760/form10-q.htm,1620597391,17:56:31,20210509
9,2017-03-31,ROX,USD,2017-06-14 00:00:00,2017-06-14 16:42:48,Q4,22580876.0,12994134.0,9586742.0,0.42455137701478013,0.0,-3228353.0,5817559.0,0.0,8406765.0,21400899.0,0.0,307617.0,1216008.0,0.05385123234368764,908391.0,0.04022833303721255,0.0,472433.0,0.020921818976376294,-188000.0,191350.0,0.008473984800235385,0.0011721308843918334,0.00118989908194451,163249687,160811957,https://www.sec.gov/Archives/edgar/data/1311538/000149315217006635/0001493152-17-006635-index.html,https://www.sec.gov/Archives/edgar/data/1311538/000149315217006635/form10-k.htm,1620597391,17:56:31,20210509
10,2016-12-31,ROX,USD,2017-02-09 00:00:00,2017-02-09 17:16:33,Q3,18309539.0,10639299.0,7670240.0,0.4189204326771963,0.0,-2719744.0,4642419.0,-70000.0,6565094.0,17204393.0,0.0,286452.0,1140188.0,0.062272895019366684,853736.0,0.04662793530738267,333000.0,618583.0,0.033784739200697515,273781000.0,422566.0,0.023079008160718846,0.00263,0.00263,160728918,160728918,https://www.sec.gov/Archives/edgar/data/1311538/000114420417007105/0001144204-17-007105-index.html,https://www.sec.gov/Archives/edgar/data/1311538/000114420417007105/v458558_10q.htm,1620597391,17:56:31,20210509
11,2016-09-30,ROX,USD,2016-11-09 00:00:00,2016-11-09 17:18:38,Q2,19627791.0,11900531.0,7727260.0,0.39368974328287887,0.0,-2890938.0,5031597.0,-27000.0,7172256.0,19072787.0,0.0,298267.0,599808.0,0.030559118955362834,301541.0,0.015362961629253134,-333000.0,-11892000.0,-0.6058756178930171,477962.0,-489854000.0,-24.95716405376438,-3.0477029653120664,-3.0499442615329913,160728918,160610804,https://www.sec.gov/Archives/edgar/data/1311538/000114420416132879/0001144204-16-132879-index.html,https://www.sec.gov/Archives/edgar/data/1311538/000114420416132879/v452073_10q.htm,1620597391,17:56:31,20210509
12,2016-06-30,ROX,USD,2016-08-09,2016-08-09 17:01:57,Q1,16750925.0,10034810.0,6716115.0,0.4009399480924188,0.0,-2640680.0,4630915.0,-306000.0,6621150.0,16655960.0,0.0,298438.0,-158370562.0,-9.454436814683369,-158669000.0,-9.472253024832957,0.0,-384890000.0,-22.977238570407305,210813.0,-595703000.0,-35.5623943155378,-3.7062590068577452,-3.7110377187239076,160728918,160521947,https://www.sec.gov/Archives/edgar/data/1311538/000114420416117766/0001144204-16-117766-index.htm,https://www.sec.gov/Archives/edgar/data/1311538/000114420416117766/v445709_10q.htm,1620597391,17:56:31,20210509
13,2016-03-31,ROX,USD,2016-06-14 00:00:00,2016-06-13 19:32:32,Q4,19963408.0,11795649.0,8167759.0,0.4091365061516551,0.0,-3433828.0,5310887.0,0.0,7187946.0,18983595.0,0.0,282034.0,1018909.0,0.05103883064454726,736875.0,0.03691128288316303,0.0,384368.0,0.019253626434925338,-1451000.0,426268.0,0.021352466472658375,0.002652092761552716,0.00267453509586318,160728918,159380223,https://www.sec.gov/Archives/edgar/data/1311538/000114420416108091/0001144204-16-108091-index.html,https://www.sec.gov/Archives/edgar/data/1311538/000114420416108091/v441661_10k.htm,1620597391,17:56:31,20210509
14,2015-12-31,ROX,USD,2016-02-09 00:00:00,2016-02-09 17:09:20,Q3,17207372.0,10505277.0,6702095.0,0.3894897489285406,0.0,-2867245.0,4618614.0,0.0,6369983.0,16875260.0,0.0,281100.0,377962.0,0.021965120530898035,96862.0,0.005629098969906619,0.0,-211949000.0,-12.317337011136855,383962.0,-595911000.0,-34.631145302141434,-3.707553111257801,-3.745045455710671,160728918,159119831,https://www.sec.gov/Archives/edgar/data/1311538/000114420416080045/0001144204-16-080045-index.html,https://www.sec.gov/Archives/edgar/data/1311538/000114420416080045/v430680_10q.htm,1620597391,17:56:31,20210509
15,2015-09-30,ROX,USD,2015-11-09 00:00:00,2015-11-06 17:35:57,Q2,18536509.0,11480107.0,7056402.0,0.380675886705528,0.0,-3249881.0,4941213.0,600000.0,6632545.0,18112652.0,0.0,281791.0,472579.0,0.025494498451677176,190788.0,0.01029255292892529,600000.0,171423.0,0.009247857835582742,579962.0,-682057000.0,-36.795331850242135,-4.243523869177045,-4.2988237289785625,160728918,158661309,https://www.sec.gov/Archives/edgar/data/1311538/000114420415063440/0001144204-15-063440-index.html,https://www.sec.gov/Archives/edgar/data/1311538/000114420415063440/v423113_10q.htm,1620597391,17:56:31,20210509
16,2015-06-30,ROX,USD,2015-08-10 00:00:00,2015-08-10 08:16:06,Q1,16513079.0,9885765.0,6627314.0,0.4013372672655415,0.0,-2285854.0,4351945.0,-821000.0,6418036.0,16303801.0,0.0,271715.0,-18706285.0,-1.1328162967063864,-18978000.0,-1.1492708295042977,-821000.0,-1374106000.0,-83.21319119226645,523962.0,-850144000.0,-51.483069874491605,-5.28930332250479,-5.396520891145276,160728918,157535571,https://www.sec.gov/Archives/edgar/data/1311538/000114420415047530/0001144204-15-047530-index.html,https://www.sec.gov/Archives/edgar/data/1311538/000114420415047530/v416693_10q.htm,1620597391,17:56:31,20210509
17,2015-03-31,ROX,USD,2015-06-15 00:00:00,2015-06-15 17:31:01,Q4,16157004.0,9728402.0,6428602.0,0.39788329569021585,0.0,-2444682.0,4388705.0,-16798000.0,6332728.0,16061130.0,0.0,290198.0,-422752802.0,-26.165296610683516,-423043000.0,-26.18325773763502,-196000.0,-1699181000.0,-105.16683662391864,597113.0,-1102068000.0,-68.209923077323,-6.856687730580007,-7.089244432943395,160728918,155456341,https://www.sec.gov/Archives/edgar/data/1311538/000114420415037266/0001144204-15-037266-index.html,https://www.sec.gov/Archives/edgar/data/1311538/000114420415037266/v412188_10k.htm,1620597391,17:56:31,20210509
18,2014-12-31,ROX,USD,2015-02-17,2015-02-17 06:09:26,Q3,15936514.0,9941654.0,5994860.0,0.37617135089894815,0.0,-2469584.0,4034964.0,-208000.0,5600344.0,15541998.0,0.0,264595.0,421459.0,0.026446122407949444,156864.0,0.009843056015889046,-208000.0,-570848000.0,-35.82012979752034,258962.0,-311886000.0,-19.570528410416483,-1.9404473313259036,-2.012303163447083,160728918,154989569,https://www.sec.gov/Archives/edgar/data/1311538/000114420415009314/0001144204-15-009314-index.htm,https://www.sec.gov/Archives/edgar/data/1311538/000114420415009314/v400623_10q.htm,1620597391,17:56:31,20210509
19,2014-09-30,ROX,USD,2014-11-14 00:00:00,2014-11-14 17:15:58,Q2,13381704.0,8498031.0,4883673.0,0.36495150393402814,0.0,-2223506.0,3591823.0,17006000.0,4960140.0,13458171.0,0.0,255541.0,-292084459.0,-21.827149890626785,-292340000.0,-21.846246188078887,64000.0,-1129426000.0,-84.40076091953611,259962.0,-869464000.0,-64.97408700715545,-5.409505711971507,-5.625309441222544,160728918,154562875,https://www.sec.gov/Archives/edgar/data/1311538/000114420414068953/0001144204-14-068953-index.html,https://www.sec.gov/Archives/edgar/data/1311538/000114420414068953/v393337_10q.htm,1620597391,17:56:31,20210509
20,2014-06-30,ROX,USD,2014-08-14 00:00:00,2014-08-14 16:43:44,Q1,11982199.0,7435545.0,4546654.0,0.37945071685088855,0.0,-1628710.0,3239326.0,0.0,4849942.0,12285487.0,0.0,264148.0,-519121852.0,-43.324422503749105,-519386000.0,-43.346467539055226,16942000.0,-1353457000.0,-112.95564361766985,162962.0,-1190495000.0,-99.35530197754186,-7.406850085309477,-7.734043568165002,160728918,153929182,https://www.sec.gov/Archives/edgar/data/1311538/000114420414050286/0001144204-14-050286-index.html,https://www.sec.gov/Archives/edgar/data/1311538/000114420414050286/v385648_10q.htm,1620597391,17:56:31,20210509
21,2014-03-31,ROX,USD,2014-06-30 00:00:00,2014-06-27 17:59:48,Q4,12482870.0,7629958.0,4852912.0,0.38876572454892183,0.0,-1682337.0,3332827.0,654000.0,4983317.0,12613275.0,0.0,256301.0,-545638699.0,-43.71099747093417,-545895000.0,-43.73152968828482,0.0,-623120000.0,-49.91800763766666,-479300.0,-623120000.0,-49.91800763766666,-3.8768381430900942,-5.348144170284251,160728918,116511444,https://www.sec.gov/Archives/edgar/data/1311538/000114420414040167/0001144204-14-040167-index.html,https://www.sec.gov/Archives/edgar/data/1311538/000114420414040167/v381537_10k.htm,1620597391,17:56:31,20210509
22,2013-12-31,ROX,USD,2014-02-14,2014-02-14 16:41:47,Q3,13579289.0,8731204.0,4848085.0,0.35702053325472344,0.0,-1995167.0,3368324.0,-480000.0,4741481.0,13472685.0,0.0,270093.0,-110127907.0,-8.109990662986847,-110398000.0,-8.12988073234173,0.0,-2159640000.0,-159.03925455890953,-37038.0,-2159640000.0,-159.03925455890953,-13.436536666040395,-19.511989921027777,160728918,110682714,https://www.sec.gov/Archives/edgar/data/1311538/000114420414009924/0001144204-14-009924-index.htm,https://www.sec.gov/Archives/edgar/data/1311538/000114420414009924/v367096_10q.htm,1620597391,17:56:31,20210509
23,2013-09-30,ROX,USD,2013-11-13 00:00:00,2013-11-13 08:32:48,Q2,11659707.0,7475352.0,4184355.0,0.35887308317438854,0.0,-1688691.0,2933150.0,-174000.0,4177609.0,11652961.0,0.0,251522.0,-207640478.0,-17.80837871826453,-207892000.0,-17.82995061539711,0.0,-4148491000.0,-355.797191130103,-37038.0,-4148491000.0,-355.797191130103,-25.81048296486386,-37.73250861359957,160728918,109944744,https://www.sec.gov/Archives/edgar/data/1311538/000114420413060749/0001144204-13-060749-index.html,https://www.sec.gov/Archives/edgar/data/1311538/000114420413060749/v359075_10q.htm,1620597391,17:56:31,20210509
24,2013-06-30,ROX,USD,2013-07-01 00:00:00,2013-07-01 17:02:56,Q1,10418617.0,6500153.0,3918464.0,0.3761021256468109,0.0,-1629778.0,2895383.0,0.0,4160988.0,10661141.0,0.0,243516.0,-455404484.0,-43.710646432247195,-455648000.0,-43.734019592043744,0.0,-1040461000.0,-99.86555797184981,-37038.0,-1040461000.0,-99.86555797184981,-6.473390183588494,-9.508524206557707,160728918,109424026,https://www.sec.gov/Archives/edgar/data/1311538/000114420413037596/0001144204-13-037596-index.html,https://www.sec.gov/Archives/edgar/data/1311538/000114420413037596/v348215_10k.htm,1620597391,17:56:31,20210509
25,2013-03-31,ROX,USD,2013-07-01 00:00:00,2013-07-01 17:02:56,Q4,10799161.0,6808525.0,3990636.0,0.3695320404983313,0.0,-1785095.0,2984994.0,16000.0,4184893.0,10993418.0,0.0,255491.0,-2702521509.0,-250.25291399952275,-2702777000.0,-250.27657241150493,0.0,-2938366000.0,-272.0920634482623,-37038.0,-2938366000.0,-272.0920634482623,-18.281501776799118,-27.079554909593753,160728918,108508652,https://www.sec.gov/Archives/edgar/data/1311538/000114420413037596/0001144204-13-037596-index.html,https://www.sec.gov/Archives/edgar/data/1311538/000114420413037596/v348215_10k.htm,1620597391,17:56:31,20210509
26,2012-12-31,ROX,USD,2013-02-14 00:00:00,2013-02-14 17:08:09,Q3,10606669.0,6748049.0,3858620.0,0.3637918747158038,0.0,-1723713.0,2886256.0,0.0,4048799.0,10796848.0,0.0,258019.0,-441324981.0,-41.60825429736706,-441583000.0,-41.63258040766616,0.0,-476999000.0,-44.971611728432364,-37038.0,-476999000.0,-44.971611728432364,-2.9677235803951594,-4.3973160570259155,160728918,108475032,https://www.sec.gov/Archives/edgar/data/1311538/000114420413009303/0001144204-13-009303-index.html,https://www.sec.gov/Archives/edgar/data/1311538/000114420413009303/v332292_10q.htm,1620597391,17:56:31,20210509
27,2012-09-30,ROX,USD,2012-11-19 00:00:00,2012-11-16 17:36:30,Q2,10317737.0,6594889.0,3722848.0,0.36082020698918765,0.0,-1611260.0,2770866.0,-16000.0,3930472.0,10525361.0,0.0,254449.0,-537226551.0,-52.06825401732957,-537481000.0,-52.09291533598889,0.0,-703857000.0,-68.21815675278407,-37038.0,-703857000.0,-68.21815675278407,-4.379155964952119,-6.490632971371987,160728918,108441966,https://www.sec.gov/Archives/edgar/data/1311538/000114420412063593/0001144204-12-063593-index.html,https://www.sec.gov/Archives/edgar/data/1311538/000114420412063593/v326193_10q.htm,1620597391,17:56:31,20210509
28,2012-06-30,ROX,USD,2012-08-14 00:00:00,2012-08-14 16:05:11,Q1,9719427.0,6286775.0,3432652.0,0.35317431778642916,0.0,-1294392.0,2622992.0,0.0,3951592.0,10238367.0,0.0,248902.0,-749773098.0,-77.14169755068895,-750022000.0,-77.16730626198438,0.0,-719043000.0,-73.97997844934686,-37038.0,-719043000.0,-73.97997844934686,-4.473638029467728,-6.633711975085305,160728918,108392255,https://www.sec.gov/Archives/edgar/data/1311538/000114420412045637/0001144204-12-045637-index.html,https://www.sec.gov/Archives/edgar/data/1311538/000114420412045637/v318928_10q.htm,1620597391,17:56:31,20210509
29,2012-03-31,ROX,USD,2012-06-29 00:00:00,2012-06-29 16:17:51,Q4,6495734.0,4637696.0,1858038.0,0.28603973007515393,0.0,-1834611.0,2998321.0,0.0,4162031.0,8799727.0,0.0,202426.0,-951531574.0,-146.48561255741075,-951734000.0,-146.5167754714094,0.0,-1223466000.0,-188.34915345979377,-37038.0,-1223466000.0,-188.34915345979377,-7.6119842976856225,-11.287393181367063,160728918,108392255,https://www.sec.gov/Archives/edgar/data/1311538/000114420412037336/0001144204-12-037336-index.html,https://www.sec.gov/Archives/edgar/data/1311538/000114420412037336/v315702_10k.htm,1620597391,17:56:31,20210509
30,2011-12-31,ROX,USD,2012-02-14 00:00:00,2012-02-14 16:44:46,Q3,8709204.0,5499113.0,3210091.0,0.3685860384025911,0.0,-1215785.0,2495172.0,0.0,3774559.0,9273672.0,0.0,261752.0,-792970248.0,-91.0496812337844,-793232000.0,-91.07973587482851,0.0,-1253556000.0,-143.934623646432,-37038.0,-1253556000.0,-143.934623646432,-7.7991939197898414,-11.564996041460711,160728918,108392255,https://www.sec.gov/Archives/edgar/data/1311538/000114420412008901/0001144204-12-008901-index.html,https://www.sec.gov/Archives/edgar/data/1311538/000114420412008901/v301648_10q.htm,1620597391,17:56:31,20210509
31,2011-09-30,ROX,USD,2011-11-14 00:00:00,2011-11-14 17:22:00,Q2,9399954.0,6107115.0,3292839.0,0.3503037355289185,0.0,-1470686.0,2656399.0,0.0,3842112.0,9949227.0,0.0,235068.0,-774848932.0,-82.43114083324238,-775084000.0,-82.45614818966135,0.0,-821156000.0,-87.35744877049399,-37038.0,-821156000.0,-87.35744877049399,-5.108949965058559,-7.575781129380508,160728918,108392255,https://www.sec.gov/Archives/edgar/data/1311538/000114420411064653/0001144204-11-064653-index.html,https://www.sec.gov/Archives/edgar/data/1311538/000114420411064653/v239322_10q.htm,1620597391,17:56:31,20210509
32,2011-06-30,ROX,USD,2011-08-15 00:00:00,2011-08-15 15:35:53,Q1,7392384.0,4646095.0,2746289.0,0.37150248147282394,0.0,-1338381.0,2606781.0,0.0,3875181.0,8521276.0,0.0,233005.0,-1356803995.0,-183.54078941245476,-1357037000.0,-183.57230901425035,0.0,-1661947000.0,-224.81881352483853,-37038.0,-1661947000.0,-224.81881352483853,-10.340062141151227,-15.332709887805176,160728918,108392255,https://www.sec.gov/Archives/edgar/data/1311538/000114420411047107/0001144204-11-047107-index.html,https://www.sec.gov/Archives/edgar/data/1311538/000114420411047107/v231128_10q.htm,1620597391,17:56:31,20210509
33,2011-03-31,ROX,USD,2011-06-29 00:00:00,2011-06-29 17:17:41,Q4,8948453000.0,5816581000.0,3131872000.0,0.3499903279371306,0.0,-1551933000.0,2793306000.0,0.0,4034679000.0,9851260000.0,160538000.0,224706000.0,-888197000.0,-0.09925704476516779,-1112903000.0,-0.12436820084991226,622000.0,-1391583000.0,-0.1555110140266703,0.0,-1391583000.0,-0.1555110140266703,-12.95377,-12.95377,107426871,107426871,https://www.sec.gov/Archives/edgar/data/1311538/000114420411038263/0001144204-11-038263-index.html,https://www.sec.gov/Archives/edgar/data/1311538/000114420411038263/v227270_10k.htm,1620597391,17:56:31,20210509
34,2010-12-31,ROX,USD,2011-02-14 00:00:00,2011-02-14 19:25:05,Q3,8719754000.0,5994034000.0,2725720000.0,0.31259138732583513,0.0,-1577558000.0,2645359000.0,0.0,3713160000.0,9707194000.0,147606000.0,229569000.0,-987440000.0,-0.11324172677348467,-1217009000.0,-0.13956918968126852,0.0,-1428941000.0,-0.16387400378496916,0.0,-1428941000.0,-0.16387400378496916,-13.29242,-13.29242,107500417,107500417,https://www.sec.gov/Archives/edgar/data/1311538/000114420411008655/0001144204-11-008655-index.html,https://www.sec.gov/Archives/edgar/data/1311538/000114420411008655/v211141_10q.htm,1620597391,17:56:31,20210509
35,2010-09-30,ROX,USD,2010-11-15 00:00:00,2010-11-15 16:51:26,Q2,8218574000.0,5194853000.0,3023721000.0,0.36791309538613387,0.0,-1463518000.0,2806555000.0,-300000.0,4149592000.0,9344445000.0,71697000.0,229745000.0,-1125871000.0,-0.13699104005147364,-1355616000.0,-0.16494540293729787,0.0,-1502336000.0,-0.18279764835116166,0.0,-1502336000.0,-0.18279764835116166,-13.9557,-13.9557,107650369,107650369,https://www.sec.gov/Archives/edgar/data/1311538/000114420410060902/0001144204-10-060902-index.html,https://www.sec.gov/Archives/edgar/data/1311538/000114420410060902/v202112_10q.htm,1620597391,17:56:31,20210509
36,2010-06-30,ROX,USD,2010-08-12 00:00:00,2010-08-12 16:06:46,Q1,6110495000.0,3884551000.0,2225944000.0,0.3642821080779871,0.0,-1266454000.0,2511453000.0,0.0,3756452000.0,7641003000.0,25543000.0,235731000.0,-1505919000.0,-0.246447955525698,-1741650000.0,-0.28502600853122373,957000.0,-1671683000.0,-0.27357570867826586,0.0,-1671683000.0,-0.27357570867826586,-15.46372,-15.46372,108103518,108103518,https://www.sec.gov/Archives/edgar/data/1311538/000114420410043188/0001144204-10-043188-index.html,https://www.sec.gov/Archives/edgar/data/1311538/000114420410043188/v193204_10q.htm,1620597391,17:56:31,20210509
37,2010-03-31,ROX,USD,2010-06-29 00:00:00,2010-06-28 20:50:46,Q4,6423521000.0,4577625000.0,1845896000.0,0.2873651382162524,0.0,-658551000.0,2219032000.0,-1936000.0,3779513000.0,8357138000.0,6118000.0,237440000.0,-1276018000.0,-0.19864775097645046,-1513458000.0,-0.2356119019459888,346000.0,-1570847000.0,-0.24454609862721707,0.0,-1570847000.0,-0.24454609862721707,-15.00448,-15.00448,104691880,104691880,https://www.sec.gov/Archives/edgar/data/1311538/000114420410035459/0001144204-10-035459-index.html,https://www.sec.gov/Archives/edgar/data/1311538/000114420410035459/v189224_10k.htm,1620597391,17:56:31,20210509
38,2009-12-31,ROX,USD,2010-02-16 00:00:00,2010-02-12 17:43:26,Q3,7490526000.0,4924823000.0,2565703000.0,0.3425264126978533,0.0,-957106000.0,2265354000.0,-26376000.0,3573602000.0,8498425000.0,-1408000.0,240774000.0,-1007899000.0,-0.13455650511058903,-1248673000.0,-0.16670030916386913,0.0,-202267000.0,-0.02700304357798104,0.0,-202267000.0,-0.02700304357798104,-1.95193,-1.95193,103623882,103623882,https://www.sec.gov/Archives/edgar/data/1311538/000095012310012457/0000950123-10-012457-index.html,https://www.sec.gov/Archives/edgar/data/1311538/000095012310012457/g22086e10vq.htm,1620597391,17:56:31,20210509
39,2009-09-30,ROX,USD,2009-11-16 00:00:00,2009-11-16 10:03:18,Q2,8707569000.0,5749934000.0,2957635000.0,0.3396625395675877,0.0,-1042599000.0,2418223000.0,-11469000.0,3793847000.0,9543781000.0,-8076000.0,227360000.0,-836212000.0,-0.0960327733262866,-1063572000.0,-0.12214339042274601,143000.0,-487240000.0,-0.055955916054182285,0.0,-487240000.0,-0.055955916054182285,-4.76979,-4.76979,102151195,102151195,https://www.sec.gov/Archives/edgar/data/1311538/000095012309062717/0000950123-09-062717-index.html,https://www.sec.gov/Archives/edgar/data/1311538/000095012309062717/g21261e10vq.htm,1620597391,17:56:31,20210509
40,2009-06-30,ROX,USD,2009-08-14 00:00:00,2009-08-14 16:35:37,Q1,5854226000.0,3545220000.0,2309006000.0,0.3944169562295682,0.0,-1305406000.0,2679490000.0,-10212000.0,4053574000.0,7598794000.0,-18781000.0,219372000.0,-1744568000.0,-0.29800147790672926,-1963940000.0,-0.3354738952681362,2000.0,-606103000.0,-0.10353255921448881,0.0,-606103000.0,-0.10353255921448881,-5.95919,-5.95919,101708944,101708944,https://www.sec.gov/Archives/edgar/data/1311538/000095012309035478/0000950123-09-035478-index.html,https://www.sec.gov/Archives/edgar/data/1311538/000095012309035478/g20200e10vq.htm,1620597391,17:56:31,20210509
41,2009-03-31,ROX,USD,2009-06-29 00:00:00,2009-06-26 18:43:30,Q4,5870836000.0,4410188000.0,1460648000.0,0.24879727520918657,0.0,-133692000.0,2166071000.0,-39960000.0,4198450000.0,8608638000.0,18405000.0,579657000.0,-7222956000.0,-1.2303113219309822,-7802613000.0,-1.3290463232152967,3750000.0,-9014115000.0,-1.5354056900925184,0.0,-9014115000.0,-1.5354056900925184,-0.28272,-0.28272,31883995000,31883995000,https://www.sec.gov/Archives/edgar/data/1311538/000095012309018127/0000950123-09-018127-index.html,https://www.sec.gov/Archives/edgar/data/1311538/000095012309018127/g19616e10vk.htm,1620597391,17:56:31,20210509
42,2008-12-31,ROX,USD,2009-02-17 00:00:00,2009-02-17 17:18:33,Q3,6912185000.0,4754560000.0,2157625000.0,0.3121480400191835,0.0,-1007646000.0,3960445000.0,-9841000.0,6913244000.0,11667804000.0,526363000.0,240020000.0,-2045800000.0,-0.29597008760616217,-2285820000.0,-0.33069427395244777,31590000.0,-2238542000.0,-0.3238544685942289,0.0,-2238542000.0,-0.3238544685942289,-0.14322,-0.14322,15629776000,15629776000,https://www.sec.gov/Archives/edgar/data/1311538/000095014409001385/0000950144-09-001385-index.html,https://www.sec.gov/Archives/edgar/data/1311538/000095014409001385/g17672e10vq.htm,1620597391,17:56:31,20210509
43,2008-09-30,ROX,USD,2008-11-14 00:00:00,2008-11-14 16:42:49,Q2,7431100000.0,5085928000.0,2345172000.0,0.3155888091937937,0.0,-1727681000.0,3874105000.0,-16487000.0,6020529000.0,11106457000.0,528894000.0,244352000.0,-5889109000.0,-0.7924949199983852,-6133461000.0,-0.8253772658152898,9811000.0,-6133461000.0,-0.8253772658152898,0.0,-6133461000.0,-0.8253772658152898,-0.39242,-0.39242,15629776000,15629776000,https://www.sec.gov/Archives/edgar/data/1311538/000095014408008699/0000950144-08-008699-index.html,https://www.sec.gov/Archives/edgar/data/1311538/000095014408008699/g16674e10vq.htm,1620597391,17:56:31,20210509
44,2008-06-30,ROX,USD,2008-08-14 00:00:00,2008-08-14 17:28:18,Q1,5891395000.0,3952685000.0,1938710000.0,0.32907486257499285,0.0,-1357371000.0,3429344000.0,-11725000.0,5501317000.0,9454002000.0,505350000.0,243507000.0,-4058674000.0,-0.6889156133649161,-4302181000.0,-0.7302482688735011,15573000.0,-4302181000.0,-0.7302482688735011,0.0,-4302181000.0,-0.7302482688735011,-0.27526,-0.27526,15629776000,15629776000,https://www.sec.gov/Archives/edgar/data/1311538/000095012308009641/0000950123-08-009641-index.html,https://www.sec.gov/Archives/edgar/data/1311538/000095012308009641/y65659e10vq.htm,1620597391,17:56:31,20210509
45,2008-03-31,ROX,USD,2008-06-30 00:00:00,2008-06-30 18:16:30,Q4,27325000.0,19272000.0,8053000.0,0.29471180237877403,0.0,-9474000.0,17843000.0,-122000.0,26212000.0,45484000.0,1679000.0,237728000.0,210144000.0,7.690539798719121,-27584000.0,-1.0094784995425434,12000.0,-27584000.0,-1.0094784995425434,0.0,-27584000.0,-1.0094784995425434,-1.80713,-1.80713,15264000,15264000,https://www.sec.gov/Archives/edgar/data/1311538/000095013608003320/0000950136-08-003320-index.html,https://www.sec.gov/Archives/edgar/data/1311538/000095013608003320/file1.htm,1620597391,17:56:31,20210509
46,2007-12-31,ROX,USD,2008-02-14,2008-02-14 17:25:14,Q3,6401749000.0,4616017000.0,1785732000.0,0.27894439472712845,0.0,-2938718000.0,5011180000.0,-19255000.0,7083642000.0,11699659000.0,392919000.0,236150000.0,-6621750000.0,-1.034365764730857,-6857900000.0,-1.071254121334654,0.0,-6857900000.0,-1.071254121334654,0.0,-6857900000.0,-1.071254121334654,-0.45291,-0.45291,15141981000,15141981000,https://www.sec.gov/Archives/edgar/data/1311538/000095013608000728/0000950136-08-000728-index.htm,https://www.sec.gov/Archives/edgar/data/1311538/000095013608000728/file1.htm,1620597391,17:56:31,20210509
47,2007-09-30,ROX,USD,2007-11-14 00:00:00,2007-11-14 17:13:52,Q2,8920952000.0,6436721000.0,2484231000.0,0.2784715129057975,0.0,-2345513000.0,4436622000.0,-10297000.0,6527731000.0,12964452000.0,313354000.0,284274000.0,-2996484000.0,-0.3358928508975275,-3280758000.0,-0.36775873247608554,0.0,-3280758000.0,-0.36775873247608554,0.0,-3280758000.0,-0.36775873247608554,-0.22021343282890826,-0.00022197101044630748,14898083000,14780119230000,https://www.sec.gov/Archives/edgar/data/1311538/000095013607007835/0000950136-07-007835-index.html,https://www.sec.gov/Archives/edgar/data/1311538/000095013607007835/file1.htm,1620597391,17:56:31,20210509
48,2007-06-30,ROX,USD,2007-08-14 00:00:00,2007-08-14 16:39:16,Q1,5624085000.0,3504538000.0,2119547000.0,0.37686965968686464,0.0,-2176688000.0,4237608000.0,-11167000.0,6298528000.0,9803066000.0,487460000.0,271427000.0,-4133477000.0,-0.7349599090340918,-4404904000.0,-0.7832214484667284,0.0,-4404904000.0,-0.7832214484667284,0.0,-4404904000.0,-0.7832214484667284,-0.31094,-0.31094,14166391000,14166391000,https://www.sec.gov/Archives/edgar/data/1311538/000095013607005678/0000950136-07-005678-index.html,https://www.sec.gov/Archives/edgar/data/1311538/000095013607005678/file1.htm,1620597391,17:56:31,20210509
49,2007-03-31,ROX,USD,2007-06-29 00:00:00,2007-06-29 17:18:07,Q4,25164000.0,16780000.0,8384000.0,0.333174376092831,0.0,-8120000.0,16766000.0,-47000.0,25412000.0,42192000.0,1085000.0,257674000.0,241116000.0,9.581783500238435,-16558000.0,-0.6580034970592911,5000.0,-16558000.0,-0.6580034970592911,0.0,-16558000.0,-0.6580034970592911,-1.39166,-1.39166,11898000,11898000,https://www.sec.gov/Archives/edgar/data/1311538/000095013607004591/0000950136-07-004591-index.html,https://www.sec.gov/Archives/edgar/data/1311538/000095013607004591/file1.htm,1620597391,17:56:31,20210509
50,2006-12-31,ROX,USD,2007-02-14,2007-02-13 21:57:50,Q3,7380605000.0,4938243000.0,2442362000.0,0.3309162324768769,0.0,-2498452000.0,4599783000.0,-21132000.0,6701114000.0,11639357000.0,208093000.0,262926000.0,-3467586000.0,-0.46982408623683286,-3730512000.0,-0.5054479951169315,1096000.0,-3730512000.0,-0.5054479951169315,0.0,-3730512000.0,-0.5054479951169315,-0.3154,-0.3154,11827837000,11827837000,https://www.sec.gov/Archives/edgar/data/1311538/000095013607000875/0000950136-07-000875-index.htm,https://www.sec.gov/Archives/edgar/data/1311538/000095013607000875/file1.htm,1620597391,17:56:31,20210509
51,2006-09-30,ROX,USD,2006-11-14,2006-11-14 16:53:03,Q2,6252062000.0,4231445000.0,2020617000.0,0.323192092464854,0.0,-2795372000.0,4694074000.0,-9558000.0,6592776000.0,10824221000.0,75931000.0,245794000.0,-3972400000.0,-0.635374377285446,-4218194000.0,-0.6746884467876358,2644000.0,-4218194000.0,-0.6746884467876358,0.0,-4218194000.0,-0.6746884467876358,-0.36003,-0.36003,11716233000,11716233000,https://www.sec.gov/Archives/edgar/data/1311538/000095013606009554/0000950136-06-009554-index.htm,https://www.sec.gov/Archives/edgar/data/1311538/000095013606009554/file1.htm,1620597391,17:56:31,20210509
52,2006-06-30,ROX,USD,2006-08-14,2006-08-14 15:59:22,Q1,5460405000.0,3564059000.0,1896346000.0,0.3472903566676831,0.0,-1306781000.0,3542572000.0,-6308000.0,5778363000.0,9342422000.0,422676000.0,234494000.0,-3829452000.0,-0.701312814708799,-4063946000.0,-0.7442572483176614,1300000.0,-4063946000.0,-0.7442572483176614,0.0,-4063946000.0,-0.7442572483176614,-0.35578,-0.35578,11422725000,11422725000,https://www.sec.gov/Archives/edgar/data/1311538/000095013606006777/0000950136-06-006777-index.htm,https://www.sec.gov/Archives/edgar/data/1311538/000095013606006777/file1.htm,1620597391,17:56:31,20210509
