,date,symbol,reportedCurrency,fillingDate,acceptedDate,period,revenue,costOfRevenue,grossProfit,grossProfitRatio,researchAndDevelopmentExpenses,generalAndAdministrativeExpenses,sellingAndMarketingExpenses,otherExpenses,operatingExpenses,costAndExpenses,interestExpense,depreciationAndAmortization,ebitda,ebitdaratio,operatingIncome,operatingIncomeRatio,totalOtherIncomeExpensesNet,incomeBeforeTax,incomeBeforeTaxRatio,incomeTaxExpense,netIncome,netIncomeRatio,eps,epsdiluted,weightedAverageShsOut,weightedAverageShsOutDil,link,finalLink,timestamp,est_time,est_date
0,2019-06-30,9923.HK,CNY,2019-06-30,2019-06-30,Q2,564504750,402746000,161758750,0.2865498474547823,19600000.0,15162250.0,16717250,-45380250,132250.0,470638750,1403750.0,2669000.0,96535000,0.1710083041816743,93866000.0,0.1662802660207908,0.0,37759750,0.06689004831225955,16594000.0,21165750,0.037494370065088024,0.051,0.051,414802672,414802672,https://www1.hkexnews.hk/search/titlesearch.xhtml,https://www1.hkexnews.hk/search/titlesearch.xhtml,1620585969,14:46:09,20210509
1,2019-03-31,9923.HK,CNY,2019-03-31,2019-03-31,Q1,564504750,402746000,161758750,0.2865498474547823,19600000.0,15162250.0,16717250,-45380250,132250.0,470638750,1403750.0,2669000.0,96535000,0.1710083041816743,93866000.0,0.1662802660207908,0.0,37759750,0.06689004831225955,16594000.0,21165750,0.037494370065088024,0.051,0.051,414802672,414802672,https://www1.hkexnews.hk/search/titlesearch.xhtml,https://www1.hkexnews.hk/search/titlesearch.xhtml,1620585969,14:46:09,20210509
2,2019-01-31,9923.HK,CNY,2019-01-31,2019-01-31,Q1,564504750,402746000,161758750,0.2865498474547823,19600000.0,15162250.0,16717250,-45380250,132250.0,470638750,1403750.0,2669000.0,96535000,0.1710083041816743,93866000.0,0.1662802660207908,0.0,37759750,0.06689004831225955,16594000.0,21165750,0.037494370065088024,0.051,0.051,414802672,414802672,https://www1.hkexnews.hk/search/titlesearch.xhtml,https://www1.hkexnews.hk/search/titlesearch.xhtml,1620585969,14:46:09,20210509
3,2018-06-30,9923.HK,CNY,2018-06-30,2018-06-30,Q2,248222750,180839000,67383750,0.2714648435729602,21780250.0,5970750.0,16645250,-53304000,14250.0,239562250,990750.0,2871250.0,11531750,0.04645726469471473,8660500.0,0.03489003324634829,0.0,-46990250,-0.1893067819126168,-1291750.0,-45698500,-0.18410278671072655,-0.11016925,-0.11016925,414802672,414802672,https://www1.hkexnews.hk/search/titlesearch.xhtml,https://www1.hkexnews.hk/search/titlesearch.xhtml,1620585969,14:46:09,20210509
4,2018-03-31,9923.HK,CNY,2018-03-31,2018-03-31,Q1,248222750,180839000,67383750,0.2714648435729602,21780250.0,5970750.0,16645250,-53304000,14250.0,239562250,990750.0,2871250.0,11531750,0.04645726469471473,8660500.0,0.03489003324634829,0.0,-46990250,-0.1893067819126168,-1291750.0,-45698500,-0.18410278671072655,-0.11016925,-0.11016925,414802672,414802672,https://www1.hkexnews.hk/search/titlesearch.xhtml,https://www1.hkexnews.hk/search/titlesearch.xhtml,1620585969,14:46:09,20210509
5,2018-01-31,9923.HK,CNY,2018-01-31,2018-01-31,Q1,248222750,180839000,67383750,0.2714648435729602,21780250.0,5970750.0,16645250,-53304000,14250.0,239562250,990750.0,2871250.0,11531750,0.04645726469471473,8660500.0,0.03489003324634829,0.0,-46990250,-0.1893067819126168,-1291750.0,-45698500,-0.18410278671072655,-0.11016925,-0.11016925,414802672,414802672,https://www1.hkexnews.hk/search/titlesearch.xhtml,https://www1.hkexnews.hk/search/titlesearch.xhtml,1620585969,14:46:09,20210509
6,2017-06-30,9923.HK,CNY,2017-06-30,2017-06-30,Q2,76172000,46635500,29536500,0.38776059444415273,6062500.0,4723500.0,13391750,-68928000,93250.0,89011500,1487500.0,1853250.0,-10986250,-0.14422950690542458,-12839500.0,-0.16855931313343486,0.0,-83169250,-1.0918611825867772,2336750.0,-85506000,-1.1225384655779027,-0.2061365,-0.2061365,414802672,414802672,https://www1.hkexnews.hk/search/titlesearch.xhtml,https://www1.hkexnews.hk/search/titlesearch.xhtml,1620585969,14:46:09,20210509
7,2017-03-31,9923.HK,CNY,2017-03-31,2017-03-31,Q1,76172000,46635500,29536500,0.38776059444415273,6062500.0,4723500.0,13391750,-68928000,93250.0,89011500,1487500.0,1853250.0,-10986250,-0.14422950690542458,-12839500.0,-0.16855931313343486,0.0,-83169250,-1.0918611825867772,2336750.0,-85506000,-1.1225384655779027,-0.2061365,-0.2061365,414802672,414802672,https://www1.hkexnews.hk/search/titlesearch.xhtml,https://www1.hkexnews.hk/search/titlesearch.xhtml,1620585969,14:46:09,20210509
8,2017-01-31,9923.HK,CNY,2017-01-31,2017-01-31,Q1,76172000,46635500,29536500,0.38776059444415273,6062500.0,4723500.0,13391750,-68928000,93250.0,89011500,1487500.0,1853250.0,-10986250,-0.14422950690542458,-12839500.0,-0.16855931313343486,0.0,-83169250,-1.0918611825867772,2336750.0,-85506000,-1.1225384655779027,-0.2061365,-0.2061365,414802672,414802672,https://www1.hkexnews.hk/search/titlesearch.xhtml,https://www1.hkexnews.hk/search/titlesearch.xhtml,1620585969,14:46:09,20210509
