,date,symbol,reportedCurrency,fillingDate,acceptedDate,period,revenue,costOfRevenue,grossProfit,grossProfitRatio,researchAndDevelopmentExpenses,generalAndAdministrativeExpenses,sellingAndMarketingExpenses,otherExpenses,operatingExpenses,costAndExpenses,interestExpense,depreciationAndAmortization,ebitda,ebitdaratio,operatingIncome,operatingIncomeRatio,totalOtherIncomeExpensesNet,incomeBeforeTax,incomeBeforeTaxRatio,incomeTaxExpense,netIncome,netIncomeRatio,eps,epsdiluted,weightedAverageShsOut,weightedAverageShsOutDil,link,finalLink,timestamp,est_time,est_date
0,2021-03-31,RIIL.NS,INR,2021-03-31,2021-03-31,Q1,150787000,0.0,0.0,0.0,0.0,0.0,0.0,38045000.0,167222000,167222000,0.0,30096000.0,13661000.0,0.09059799584844848,-16435000.0,0.18393495460483994,0.0,27735000,0.18393495460483994,-2335000.0,30070000,0.19942037443546196,1.9949636952433218,1.9949636952433218,15072956,15072956,https://www.nseindia.com/companies-listing/corporate-filings-annual-reports,https://www.nseindia.com/companies-listing/corporate-filings-annual-reports,1620597271,17:54:31,20210509
1,2020-12-31,RIIL.NS,INR,2020-12-31,2020-12-31,Q4,126664000,0.0,0.0,0.0,0.0,0.0,0.0,38720000.0,144056000,144056000,0.0,32235000.0,14843000.0,0.11718404597991537,-17392000.0,-0.13730815385587064,0.0,25781000,0.20353849554727468,1815000.0,23966000,0.18920924651045284,1.59,1.59,15072956,15072956,https://www.nseindia.com/companies-listing/corporate-filings-annual-reports,https://www.nseindia.com/companies-listing/corporate-filings-annual-reports,1620597271,17:54:31,20210509
2,2020-09-30,RIIL.NS,INR,2020-09-30,2020-09-30,Q3,136282000,0.0,0.0,0.0,0.0,0.0,0.0,40904000.0,157536000,157536000,0.0,33320000.0,12066000.0,0.08853700415315302,-21254000.0,-0.15595603234469702,0.0,24103000,0.17686121424692916,2183000.0,21920000,0.16084295798417986,1.45,1.45,15117241,15117241,https://www.nseindia.com/companies-listing/corporate-filings-annual-reports,https://www.nseindia.com/companies-listing/corporate-filings-annual-reports,1620597271,17:54:31,20210509
3,2020-06-30,RIIL.NS,INR,2020-06-30,2020-06-30,Q2,129407000,0.0,0.0,0.0,0.0,0.0,0.0,40095000.0,151321000,151321000,0.0,34510000.0,12596000.0,0.09733631101872386,-21914000.0,-0.16934168939856423,0.0,22635000,0.1749132581699599,2097000.0,20538000,0.15870857063373697,1.36,1.36,15101471,15101471,https://www.nseindia.com/companies-listing/corporate-filings-annual-reports,https://www.nseindia.com/companies-listing/corporate-filings-annual-reports,1620597271,17:54:31,20210509
4,2020-03-31,RIIL.NS,INR,2020-03-31,2020-03-31,Q1,194748000,0.0,0.0,0.0,0.0,0.0,0.0,-120300000.0,212833000,212833000,0.0,34496000.0,16411000.0,0.08426787438125168,-18085000.0,-0.0928635980857313,0.0,26925000,0.13825559184176475,53000.0,26872000,0.13798344527286543,1.7775730373022431,1.7775730373022431,15117241,15117241,https://www.nseindia.com/companies-listing/corporate-filings-annual-reports,https://www.nseindia.com/companies-listing/corporate-filings-annual-reports,1620597271,17:54:31,20210509
5,2019-12-31,RIIL.NS,INR,2019-12-31,2019-12-31,Q4,199836000,0.0,0.0,0.0,0.0,0.0,0.0,44385000.0,221214000,221214000,0.0,35034000.0,13656000.0,0.0683360355491503,-21378000.0,-0.10697772173182009,0.0,26823000,0.1342250645529334,2240000.0,24583000,0.12301587301587301,1.63,1.63,15081595,15081595,https://www.nseindia.com/companies-listing/corporate-filings-annual-reports,https://www.nseindia.com/companies-listing/corporate-filings-annual-reports,1620597271,17:54:31,20210509
6,2019-09-30,RIIL.NS,INR,2019-09-30,2019-09-30,Q3,199682000,0.0,0.0,0.0,0.0,0.0,0.0,36972000.0,214056000,214056000,0.0,35438000.0,21064000.0,0.1054877254835188,-14374000.0,-0.0719844552839014,0.0,26414000,0.13228032571789144,1769000.0,24645000,0.12342123977123627,1.63,1.63,15119632,15119632,https://www.nseindia.com/companies-listing/corporate-filings-annual-reports,https://www.nseindia.com/companies-listing/corporate-filings-annual-reports,1620597271,17:54:31,20210509
7,2019-06-30,RIIL.NS,INR,2019-06-30,2019-06-30,Q2,203698000,0.0,0.0,0.0,0.0,0.0,0.0,39503000.0,216763000,216763000,0.0,35426000.0,22361000.0,0.10977525552533653,-13065000.0,-0.06413906862119412,0.0,30254000,0.1485237950298972,9270000.0,20984000,0.1030152480633094,1.39,1.39,15096403,15096403,https://www.nseindia.com/companies-listing/corporate-filings-annual-reports,https://www.nseindia.com/companies-listing/corporate-filings-annual-reports,1620597271,17:54:31,20210509
8,2019-03-31,RIIL.NS,INR,2019-03-31,2019-03-31,Q1,209153000,0.0,0.0,0.0,0.0,0.0,0.0,-114592000.0,218487000,218487000,0.0,35381000.0,26047000.0,0.12453562702901703,-9334000.0,-0.0446276171032689,0.0,35237000,0.1684747529320641,9753000.0,25484000,0.12184381768370522,1.6857573415678164,1.6857573415678164,15117241,15117241,https://www.nseindia.com/companies-listing/corporate-filings-annual-reports,https://www.nseindia.com/companies-listing/corporate-filings-annual-reports,1620597271,17:54:31,20210509
9,2018-12-31,RIIL.NS,INR,2018-12-31,2018-12-31,Q4,211839000,0.0,0.0,0.0,0.0,0.0,0.0,38336000.0,220762000,220762000,0.0,36009000.0,27086000.0,0.12786125312147434,-8923000.0,-0.04212161122361793,0.0,32243000,0.1522052124490769,10427000.0,21816000,0.1029838698256695,1.44,1.44,15150000,15150000,https://www.nseindia.com/companies-listing/corporate-filings-annual-reports,https://www.nseindia.com/companies-listing/corporate-filings-annual-reports,1620597271,17:54:31,20210509
10,2018-09-30,RIIL.NS,INR,2018-09-30,2018-09-30,Q3,212827000,0.0,0.0,0.0,0.0,0.0,0.0,38945000.0,219590000,219590000,0.0,35597000.0,28834000.0,0.13548093052103352,-6763000.0,-0.03177698318352465,0.0,35012000,0.1645092023098573,11171000.0,23841000,0.11202056130096276,1.58,1.58,15089241,15089241,https://www.nseindia.com/companies-listing/corporate-filings-annual-reports,https://www.nseindia.com/companies-listing/corporate-filings-annual-reports,1620597271,17:54:31,20210509
11,2017-09-30,RIIL.NS,INR,2017-09-30,2017-09-30,Q3,198560000,0.0,0.0,0.0,0.0,0.0,0.0,0.0,157410000,157410000,0.0,34873000.0,76023000.0,0.38287167606768735,41150000.0,0.20724214343271555,0.0,41150000,0.20724214343271555,14276000.0,26874000,0.13534448025785656,1.78,1.78,15097753,15097753,https://www.nseindia.com/companies-listing/corporate-filings-annual-reports,https://www.nseindia.com/companies-listing/corporate-filings-annual-reports,1620597271,17:54:31,20210509
12,2017-06-30,RIIL.NS,INR,2017-06-30,2017-06-30,Q2,242370000,0.0,0.0,0.0,0.0,0.0,0.0,5817000.0,220575000,220575000,0.0,34338000.0,56133000.0,0.23160044559970294,21795000.0,0.08992449560589182,0.0,27552000,0.11367743532615422,9149000.0,18403000,0.07592936419523869,1.22,1.22,15084426,15084426,https://www.nseindia.com/companies-listing/corporate-filings-annual-reports,https://www.nseindia.com/companies-listing/corporate-filings-annual-reports,1620597271,17:54:31,20210509
13,2016-09-30,RIIL.NS,INR,2016-09-30,2016-09-30,Q3,232749000,0.0,0.0,0.0,0.0,0.0,0.0,0.0,187309000,187309000,0.0,36599000.0,82039000.0,0.3524784209599182,45440000.0,0.1952317732836661,0.0,45440000,0.1952317732836661,11637000.0,33803000,0.14523370669691385,2.24,2.24,15090625,15090625,https://www.nseindia.com/companies-listing/corporate-filings-annual-reports,https://www.nseindia.com/companies-listing/corporate-filings-annual-reports,1620597271,17:54:31,20210509
14,2016-06-30,RIIL.NS,INR,2016-06-30,2016-06-30,Q2,231226000,1221000.0,230005000.0,0.9947194519647444,0.0,0.0,0.0,31542000.0,220415000,221636000,0.0,36466000.0,46056000.0,0.1991817529170595,9590000.0,0.04147457465855916,0.0,41132000,0.1778865698494114,10899000.0,30233000,0.13075086711701972,2.0,2.0,15116500,15116500,https://www.nseindia.com/companies-listing/corporate-filings-annual-reports,https://www.nseindia.com/companies-listing/corporate-filings-annual-reports,1620597271,17:54:31,20210509
15,2016-03-31,RIIL.NS,INR,2016-03-31,2016-03-31,Q1,227734000,0.0,0.0,0.0,0.0,0.0,0.0,0.0,299493000,299493000,0.0,31599000.0,-40160000.0,-0.1763460879798361,-71759000.0,-0.31510007289205827,0.0,39515000,0.17351383631780937,2571000.0,36944000,0.16222434946033532,2.443832178107103,2.443832178107103,15117241,15117241,https://www.nseindia.com/companies-listing/corporate-filings-annual-reports,https://www.nseindia.com/companies-listing/corporate-filings-annual-reports,1620597271,17:54:31,20210509
16,2015-12-31,RIIL.NS,INR,2015-12-31,2015-12-31,Q4,221341000,0.0,0.0,0.0,0.0,0.0,0.0,0.0,169552000,169552000,0.0,31558000.0,83347000.0,0.37655472777298377,51789000.0,0.23397834111167837,0.0,51789000,0.23397834111167837,12209000.0,39580000,0.17881910716948057,2.62,2.62,15106870,15106870,https://www.nseindia.com/companies-listing/corporate-filings-annual-reports,https://www.nseindia.com/companies-listing/corporate-filings-annual-reports,1620597271,17:54:31,20210509
17,2015-09-30,RIIL.NS,INR,2015-09-30,2015-09-30,Q3,214853000,0.0,0.0,0.0,0.0,0.0,0.0,0.0,157367000,157367000,0.0,31637000.0,89123000.0,0.41480919512410813,57486000.0,0.267559680339581,0.0,57486000,0.267559680339581,15789000.0,41697000,0.19407222612670058,2.76,2.76,15107609,15107609,https://www.nseindia.com/companies-listing/corporate-filings-annual-reports,https://www.nseindia.com/companies-listing/corporate-filings-annual-reports,1620597271,17:54:31,20210509
18,2015-06-30,RIIL.NS,INR,2015-06-30,2015-06-30,Q2,233005000,0.0,0.0,0.0,0.0,0.0,0.0,0.0,167448000,167448000,0.0,28451000.0,94008000.0,0.403459153237055,65557000.0,0.2813544773717302,0.0,65557000,0.2813544773717302,21180000.0,44377000,0.19045514044762987,2.94,2.94,15094218,15094218,https://www.nseindia.com/companies-listing/corporate-filings-annual-reports,https://www.nseindia.com/companies-listing/corporate-filings-annual-reports,1620597271,17:54:31,20210509
19,2015-03-31,RIIL.NS,INR,2015-03-31,2015-03-31,Q1,223455000,0.0,0.0,0.0,0.0,0.0,0.0,0.0,255575000,255575000,0.0,28244000.0,-3876000.0,-0.01734577431697657,-32120000.0,-0.14374258799310824,0.0,66359000,0.29696806963370703,9175000.0,57184000,0.25590834843704546,3.7827008248396647,3.7827008248396647,15117241,15117241,https://www.nseindia.com/companies-listing/corporate-filings-annual-reports,https://www.nseindia.com/companies-listing/corporate-filings-annual-reports,1620597271,17:54:31,20210509
20,2014-12-31,RIIL.NS,INR,2014-12-31,2014-12-31,Q4,227118000,0.0,227118000.0,1.0,0.0,0.0,0.0,0.0,168184000,168184000,0.0,29461000.0,88395000.0,0.38920296938155496,58934000.0,0.2594862582446129,0.0,58934000,0.2594862582446129,5697000.0,53237000,0.23440238114108083,3.53,3.53,15081303,15081303,https://www.nseindia.com/companies-listing/corporate-filings-annual-reports,https://www.nseindia.com/companies-listing/corporate-filings-annual-reports,1620597271,17:54:31,20210509
21,2014-09-30,RIIL.NS,INR,2014-09-30,2014-09-30,Q3,237953000,0.0,237953000.0,1.0,0.0,0.0,0.0,0.0,176519000,176519000,0.0,27944000.0,89378000.0,0.37561199060318634,61434000.0,0.2581770349606855,0.0,61434000,0.2581770349606855,7168000.0,54266000,0.228053439124533,3.59,3.59,15115877,15115877,https://www.nseindia.com/companies-listing/corporate-filings-annual-reports,https://www.nseindia.com/companies-listing/corporate-filings-annual-reports,1620597271,17:54:31,20210509
22,2014-06-30,RIIL.NS,INR,2014-06-30,2014-06-30,Q2,212407000,0.0,212407000.0,1.0,0.0,0.0,0.0,0.0,152140000,152140000,0.0,27651000.0,87918000.0,0.41391291247463596,60267000.0,0.2837335869345172,0.0,60267000,0.2837335869345172,4235000.0,56032000,0.2637954493025183,3.71,3.71,15102965,15102965,https://www.nseindia.com/companies-listing/corporate-filings-annual-reports,https://www.nseindia.com/companies-listing/corporate-filings-annual-reports,1620597271,17:54:31,20210509
23,2014-03-31,RIIL.NS,INR,2014-03-31,2014-03-31,Q1,228069000,-10528000.0,238597000.0,1.0461614686783385,0.0,0.0,0.0,0.0,205178000,194650000,0.0,28300000.0,61719000.0,0.27061547163358457,33419000.0,0.14653021673265545,0.0,104574000,0.45851913236783604,37598000.0,66976000,0.2936655135068773,4.430438067369568,4.430438067369568,15117241,15117241,https://www.nseindia.com/companies-listing/corporate-filings-annual-reports,https://www.nseindia.com/companies-listing/corporate-filings-annual-reports,1620597271,17:54:31,20210509
24,2013-12-31,RIIL.NS,INR,2013-12-31,2013-12-31,Q4,208490000,4024000.0,204466000.0,0.9806993141157849,0.0,0.0,0.0,0.0,116163000,120187000,0.0,25934000.0,114237000.0,0.5479255599788959,88303000.0,0.42353590100244615,0.0,88303000,0.42353590100244615,27684000.0,60919000,0.2921914720130462,4.03,4.03,15100000,15100000,https://www.nseindia.com/companies-listing/corporate-filings-annual-reports,https://www.nseindia.com/companies-listing/corporate-filings-annual-reports,1620597271,17:54:31,20210509
25,2013-09-30,RIIL.NS,INR,2013-09-30,2013-09-30,Q3,206977000,2896000.0,204081000.0,0.9860081071809911,0.0,0.0,0.0,0.0,130766000,133662000,0.0,24631000.0,97946000.0,0.473221662310305,73315000.0,0.3542181015281891,0.0,73315000,0.3542181015281891,14342000.0,58973000,0.28492537818211683,3.91,3.91,15100000,15100000,https://www.nseindia.com/companies-listing/corporate-filings-annual-reports,https://www.nseindia.com/companies-listing/corporate-filings-annual-reports,1620597271,17:54:31,20210509
26,2013-06-30,RIIL.NS,INR,2013-06-30,2013-06-30,Q2,204784000,3608000.0,201176000.0,0.9823814360496914,0.0,0.0,0.0,24370000.0,155732000,159340000,0.0,23527000.0,68971000.0,0.3367987733416673,45444000.0,0.22191186811469646,0.0,69814000,0.3409153058832721,15283000.0,54531000,0.2662854519884366,3.61,3.61,15105540,15105540,https://www.nseindia.com/companies-listing/corporate-filings-annual-reports,https://www.nseindia.com/companies-listing/corporate-filings-annual-reports,1620597271,17:54:31,20210509
27,2013-03-31,RIIL.NS,INR,2013-03-31,2013-03-31,Q1,233246000,-8266000.0,241512000.0,1.0354389785891291,0.0,0.0,0.0,0.0,246123000,237857000,0.0,22124000.0,17513000.0,0.07508381708582355,-4611000.0,-0.019768827761247783,0.0,84927000,0.3641091379916483,18237000.0,66690000,0.2859213019730242,4.411519271274434,4.411519271274434,15117241,15117241,https://www.nseindia.com/companies-listing/corporate-filings-annual-reports,https://www.nseindia.com/companies-listing/corporate-filings-annual-reports,1620597271,17:54:31,20210509
28,2012-12-31,RIIL.NS,INR,2012-12-31,2012-12-31,Q4,208324000,3034000.0,205290000.0,0.9854361475394098,0.0,0.0,0.0,0.0,103244000,106278000,0.0,27597000.0,129643000.0,0.6223142796797296,102046000.0,0.489842744954974,0.0,102046000,0.489842744954974,39226000.0,62820000,0.30154950941802194,4.16,4.16,15100000,15100000,https://www.nseindia.com/companies-listing/corporate-filings-annual-reports,https://www.nseindia.com/companies-listing/corporate-filings-annual-reports,1620597271,17:54:31,20210509
29,2012-09-30,RIIL.NS,INR,2012-09-30,2012-09-30,Q3,191774000,3611000.0,188163000.0,0.9811705444950828,0.0,0.0,0.0,0.0,95923000,99534000,0.0,26551000.0,118791000.0,0.6194322483756922,92240000.0,0.4809828235318656,0.0,92240000,0.4809828235318656,31177000.0,61063000,0.3184112549146391,4.04,4.04,15100000,15100000,https://www.nseindia.com/companies-listing/corporate-filings-annual-reports,https://www.nseindia.com/companies-listing/corporate-filings-annual-reports,1620597271,17:54:31,20210509
30,2012-06-30,RIIL.NS,INR,2012-06-30,2012-06-30,Q2,169307000,1621000.0,167686000.0,0.9904256764339336,0.0,0.0,0.0,21678000.0,114661000,116282000,0.0,25239000.0,78264000.0,0.46226086340198574,53025000.0,0.31318846828542235,0.0,74703000,0.44122806499435935,21472000.0,53231000,0.31440519293354674,3.53,3.53,15079603,15079603,https://www.nseindia.com/companies-listing/corporate-filings-annual-reports,https://www.nseindia.com/companies-listing/corporate-filings-annual-reports,1620597271,17:54:31,20210509
31,2012-03-31,RIIL.NS,INR,2012-03-31,2012-03-31,Q1,157410000,1299000.0,156111000.0,0.991747665332571,0.0,0.0,0.0,0.0,160372000,161671000,0.0,16008000.0,11747000.0,0.07462677085318595,-4261000.0,-0.027069436503398766,0.0,83825000,0.5325265230925609,21468000.0,62357000,0.39614382821929994,4.124892895469484,4.124892895469484,15117241,15117241,https://www.nseindia.com/companies-listing/corporate-filings-annual-reports,https://www.nseindia.com/companies-listing/corporate-filings-annual-reports,1620597271,17:54:31,20210509
32,2011-12-31,RIIL.NS,INR,2011-12-31,2011-12-31,Q4,151535000,2724000.0,148811000.0,0.9820239548619131,0.0,0.0,0.0,0.0,68900000,71624000,0.0,15578000.0,95489000.0,0.6301448510245158,79911000.0,0.5273435179991421,0.0,79911000,0.5273435179991421,19982000.0,59929000,0.39547959217342527,3.97,3.97,15100000,15100000,https://www.nseindia.com/companies-listing/corporate-filings-annual-reports,https://www.nseindia.com/companies-listing/corporate-filings-annual-reports,1620597271,17:54:31,20210509
33,2011-09-30,RIIL.NS,INR,2011-09-30,2011-09-30,Q3,148873000,2404000.0,146469000.0,0.9838520080874302,0.0,0.0,0.0,23762000.0,91782000,94186000,0.0,16020000.0,70707000.0,0.47494844599087815,54687000.0,0.3673399474720063,0.0,78449000,0.5269525031402605,19620000.0,58829000,0.3951623195609681,3.9,3.9,15084359,15084359,https://www.nseindia.com/companies-listing/corporate-filings-annual-reports,https://www.nseindia.com/companies-listing/corporate-filings-annual-reports,1620597271,17:54:31,20210509
34,2010-09-30,RIIL.NS,INR,2010-09-30,2010-09-30,Q3,124893000,2197000.0,122696000.0,0.9824089420543985,0.0,0.0,0.0,45269000.0,87804000,90001000,0.0,15732000.0,50624000.0,0.40533897015845566,34892000.0,0.27937514512422634,0.0,80161000,0.6418374128253785,13454000.0,66707000,0.5341132008999704,4.42,4.42,15092081,15092081,https://www.nseindia.com/companies-listing/corporate-filings-annual-reports,https://www.nseindia.com/companies-listing/corporate-filings-annual-reports,1620597271,17:54:31,20210509
35,2009-09-30,RIIL.NS,INR,2009-09-30,2009-09-30,Q3,136880000,6464000.0,130416000.0,0.9527761542957335,0.0,0.0,0.0,17691000.0,81449000,87913000,3532000.0,9628000.0,58595000.0,0.42807568673290475,48967000.0,0.3577367036820573,0.0,63126000,0.4611776738749269,7597000.0,55529000,0.40567650496785507,3.68,3.68,15089402,15089402,https://www.nseindia.com/companies-listing/corporate-filings-annual-reports,https://www.nseindia.com/companies-listing/corporate-filings-annual-reports,1620597271,17:54:31,20210509
