,date,symbol,reportedCurrency,fillingDate,acceptedDate,period,revenue,costOfRevenue,grossProfit,grossProfitRatio,researchAndDevelopmentExpenses,generalAndAdministrativeExpenses,sellingAndMarketingExpenses,otherExpenses,operatingExpenses,costAndExpenses,interestExpense,depreciationAndAmortization,ebitda,ebitdaratio,operatingIncome,operatingIncomeRatio,totalOtherIncomeExpensesNet,incomeBeforeTax,incomeBeforeTaxRatio,incomeTaxExpense,netIncome,netIncomeRatio,eps,epsdiluted,weightedAverageShsOut,weightedAverageShsOutDil,link,finalLink,timestamp,est_time,est_date
0,2016-06-30,OUTR,USD,2016-07-28 00:00:00,2016-07-28 16:14:27,Q2,518027000,0.0,518027000,1.0,1317000.0,40259000.0,7422000.0,-10286000.0,46119000.0,446180000.0,10336000.0,38391000.0,110238000.0,0.21280357973619135,71847000.0,0.1386935430006544,-10286000.0,61561000.0,0.11883743511438594,21013000.0,40548000.0,0.07827391236364127,2.5150725716412357,2.500493339911199,16122000,16216000,https://www.sec.gov/Archives/edgar/data/941604/000094160416000006/0000941604-16-000006-index.html,https://www.sec.gov/Archives/edgar/data/941604/000094160416000006/a2016q210-q.htm,1620596255,17:37:35,20210509
1,2016-03-31,OUTR,USD,2016-04-28 00:00:00,2016-04-28 16:10:54,Q1,535956000,0.0,535956000,1.0,1045000.0,38548000.0,9222000.0,8980000.0,57795000.0,477187000.0,264000.0,40546000.0,99315000.0,0.1853043906589347,58769000.0,0.10965265805401936,780000.0,59549000.0,0.11110800140310026,21098000.0,38451000.0,0.07174282963526857,2.3891512364856466,2.3829325731284086,16094000,16136000,https://www.sec.gov/Archives/edgar/data/941604/000162828016014936/0001628280-16-014936-index.html,https://www.sec.gov/Archives/edgar/data/941604/000162828016014936/a2016q110-q.htm,1620596255,17:37:35,20210509
2,2015-12-31,OUTR,USD,2016-02-04 00:00:00,2016-02-04 16:23:37,Q4,527151000,0.0,527151000,1.0,1561000.0,14145000.0,31091000.0,5950000.0,52747000.0,495535000.0,6145000.0,47956000.0,79572000.0,0.15094726179026502,31616000.0,0.05997522531494771,-6964000.0,25714000.0,0.048779192299739545,8664000.0,17018000.0,0.03228297015466157,0.9742943836949677,0.9731800766283525,17467000,17487000,https://www.sec.gov/Archives/edgar/data/941604/000162828016010759/0001628280-16-010759-index.html,https://www.sec.gov/Archives/edgar/data/941604/000162828016010759/a201510-k.htm,1620596255,17:37:35,20210509
3,2015-09-30,OUTR,USD,2015-10-29 00:00:00,2015-10-29 16:13:31,Q3,512055000,0.0,512055000,1.0,1514000.0,43235000.0,4583000.0,6964000.0,44490000.0,439850000.0,11990000.0,43881000.0,116086000.0,0.22670611555399323,72205000.0,0.1410102430402984,6964000.0,58520000.0,0.11428459833416332,20928000.0,37336000.0,0.0729140424368476,2.100478199718706,2.0988251166451177,17775000,17789000,https://www.sec.gov/Archives/edgar/data/941604/000162828015008017/0001628280-15-008017-index.html,https://www.sec.gov/Archives/edgar/data/941604/000162828015008017/a2015q310-q.htm,1620596255,17:37:35,20210509
4,2015-06-30,OUTR,USD,2015-07-30 00:00:00,2015-07-30 16:18:55,Q2,545369000,0.0,545369000,1.0,2039000.0,33830000.0,14953000.0,8388000.0,46686000.0,562861000.0,12191000.0,49176000.0,107834000.0,0.1977266768004782,58658000.0,0.10755653511659079,-1704000.0,42527000.0,0.077978396278483,18185000.0,-45616000.0,-0.08364245125777225,-2.52622,-2.52622,18057000,18057000,https://www.sec.gov/Archives/edgar/data/941604/000162828015005613/0001628280-15-005613-index.html,https://www.sec.gov/Archives/edgar/data/941604/000162828015005613/a2015q210-q.htm,1620596255,17:37:35,20210509
5,2015-03-31,OUTR,USD,2015-05-07 00:00:00,2015-05-07 16:09:09,Q1,608636000,0.0,608636000,1.0,2084000.0,47042000.0,1514000.0,-10092000.0,46989000.0,526090000.0,12088000.0,52589000.0,135135000.0,0.222029258867369,82546000.0,0.13562457692282415,-14549000.0,67997000.0,0.11172030573281896,25842000.0,35599000.0,0.0584898034293075,1.9486014560183917,1.9467898939079078,18269000,18286000,https://www.sec.gov/Archives/edgar/data/941604/000162828015003887/0001628280-15-003887-index.html,https://www.sec.gov/Archives/edgar/data/941604/000162828015003887/a2015q110-q.htm,1620596255,17:37:35,20210509
6,2014-12-31,OUTR,USD,2015-02-05,2015-02-05 16:10:36,Q4,600600000,0.0,600600000,1.0,3162000.0,30794000.0,11098000.0,405432000.0,450486000.0,515418000.0,12609000.0,53025000.0,138207000.0,0.23011488511488512,85182000.0,0.14182817182817184,-13088000.0,72094000.0,0.12003663003663004,28294000.0,43800000.0,0.07292707292707293,2.169175911251981,2.116044253345572,20192000,20699000,https://www.sec.gov/Archives/edgar/data/941604/000162828015000486/0001628280-15-000486-index.htm,https://www.sec.gov/Archives/edgar/data/941604/000162828015000486/a201410-k.htm,1620596255,17:37:35,20210509
7,2014-09-30,OUTR,USD,2014-10-30 00:00:00,2014-10-30 16:08:29,Q3,552864000,0.0,552864000,1.0,2999000.0,38102000.0,9762000.0,381410000.0,432273000.0,496303000.0,12473000.0,52470000.0,109031000.0,0.19721124905944318,56561000.0,0.10230544944145395,-68155000.0,29731000.0,0.053776335590669674,11841000.0,17890000.0,0.03235877177750767,0.8604270873412851,0.8370765487553808,20792000,21372000,https://www.sec.gov/Archives/edgar/data/941604/000144530514004611/0001445305-14-004611-index.html,https://www.sec.gov/Archives/edgar/data/941604/000144530514004611/a2014q310-q.htm,1620596255,17:37:35,20210509
8,2014-06-30,OUTR,USD,2014-07-31 00:00:00,2014-07-31 16:06:46,Q2,549170000,0.0,549170000,1.0,3412000.0,39191000.0,9783000.0,382913000.0,435299000.0,501255000.0,12914000.0,54217000.0,102132000.0,0.18597519893657702,47915000.0,0.08724984977329424,-20568000.0,27347000.0,0.049796966331008614,5537000.0,21753000.0,0.03961068521587122,1.0010584445467097,0.9673159018143009,21730000,22488000,https://www.sec.gov/Archives/edgar/data/941604/000144530514003294/0001445305-14-003294-index.html,https://www.sec.gov/Archives/edgar/data/941604/000144530514003294/a2014q210-q.htm,1620596255,17:37:35,20210509
9,2014-03-31,OUTR,USD,2014-05-01 00:00:00,2014-05-01 16:09:16,Q1,600369000,0.0,600369000,1.0,3474000.0,45394000.0,7597000.0,422597000.0,479062000.0,541650000.0,9700000.0,54258000.0,112977000.0,0.1881792697491043,58719000.0,0.0978048500172394,-20757000.0,37962000.0,0.06323111286558766,14076000.0,23175000.0,0.03860126022496165,0.9678833945873705,0.9354187689202825,23944000,24775000,https://www.sec.gov/Archives/edgar/data/941604/000144530514001762/0001445305-14-001762-index.html,https://www.sec.gov/Archives/edgar/data/941604/000144530514001762/a2014q110-q.htm,1620596255,17:37:35,20210509
10,2013-12-31,OUTR,USD,2014-02-06,2014-02-06 16:31:15,Q4,590332000,0.0,590332000,1.0,979000.0,41193000.0,7783000.0,392599000.0,442554000.0,495976000.0,8800000.0,49302000.0,143658000.0,0.24335119898633312,94356000.0,0.15983548240651024,-18400000.0,63952000.0,0.10833226049070692,7978000.0,22675000.0,0.038410589295515066,0.83314961787184,0.798950001761742,27216000,28381000,https://www.sec.gov/Archives/edgar/data/941604/000144530514000256/0001445305-14-000256-index.htm,https://www.sec.gov/Archives/edgar/data/941604/000144530514000256/a201310-k.htm,1620596255,17:37:35,20210509
11,2013-09-30,OUTR,USD,2013-10-24 00:00:00,2013-10-24 16:07:38,Q3,587353000,0.0,587353000,1.0,3819000.0,52715000.0,9123000.0,409434000.0,475091000.0,538934000.0,8400000.0,56599000.0,105018000.0,0.17879878029055782,48419000.0,0.08243594567491781,47130000.0,95549000.0,0.16267729968179273,12893000.0,82656000.0,0.14072627534038304,3.017633529261436,2.8918900006997412,27391000,28582000,https://www.sec.gov/Archives/edgar/data/941604/000144530513002481/0001445305-13-002481-index.html,https://www.sec.gov/Archives/edgar/data/941604/000144530513002481/a2013q3_10q.htm,1620596255,17:37:35,20210509
12,2013-06-30,OUTR,USD,2013-07-25 00:00:00,2013-07-25 16:30:47,Q2,554230000,0.0,554230000,1.0,3889000.0,48207000.0,7539000.0,362622000.0,422257000.0,483899000.0,13200000.0,51448000.0,121779000.0,0.2197264673510997,70331000.0,0.1268985800119084,-22627000.0,47704000.0,0.08607256914999188,847000.0,46857000.0,0.08454432275409127,1.7060622610595304,1.6305459860110658,27465000,28737000,https://www.sec.gov/Archives/edgar/data/941604/000144530513001698/0001445305-13-001698-index.html,https://www.sec.gov/Archives/edgar/data/941604/000144530513001698/outerwallq210q.htm,1620596255,17:37:35,20210509
13,2013-03-31,OUTR,USD,2013-04-25 00:00:00,2013-04-25 16:10:39,Q1,574686000,0.0,574686000,1.0,4397000.0,47259000.0,7957000.0,410223000.0,469836000.0,526824000.0,6700000.0,53678000.0,101540000.0,0.17668779124600217,47862000.0,0.08328374103423435,-12499000.0,35363000.0,0.06153447273815614,12759000.0,22604000.0,0.03933278346784157,0.8221729167424435,0.7811452465701352,27493000,28937000,https://www.sec.gov/Archives/edgar/data/941604/000119312513173712/0001193125-13-173712-index.html,https://www.sec.gov/Archives/edgar/data/941604/000119312513173712/d523992d10q.htm,1620596255,17:37:35,20210509
14,2012-12-31,OUTR,USD,2013-02-08 00:00:00,2013-02-08 17:08:59,Q4,564082000,0.0,564082000,1.0,3229000.0,25991000.0,27635000.0,407167000.0,464022000.0,516253000.0,-14400000.0,49986000.0,97815000.0,0.17340563960558925,47829000.0,0.08479086373966906,-21012000.0,33793000.0,0.059907956644601315,10908000.0,22885000.0,0.04057034260976241,0.7551559148655338,0.7112886181388699,30305000,32174000,https://www.sec.gov/Archives/edgar/data/941604/000119312513046335/0001193125-13-046335-index.html,https://www.sec.gov/Archives/edgar/data/941604/000119312513046335/d468126d10k.htm,1620596255,17:37:35,20210509
15,2012-09-30,OUTR,USD,2012-10-25 00:00:00,2012-10-25 16:07:20,Q3,537562000,0.0,537562000,1.0,3140000.0,68577000.0,-12567000.0,355162000.0,414312000.0,470693000.0,5000000.0,58291000.0,125160000.0,0.23282895740398316,66869000.0,0.1243930932618005,-9934000.0,56935000.0,0.105913364411919,20161000.0,36774000.0,0.06840885330436303,1.2015683711811795,1.125137682046261,30605000,32684000,https://www.sec.gov/Archives/edgar/data/941604/000119312512435403/0001193125-12-435403-index.html,https://www.sec.gov/Archives/edgar/data/941604/000119312512435403/d425855d10q.htm,1620596255,17:37:35,20210509
16,2012-06-30,OUTR,USD,2012-07-26 00:00:00,2012-07-26 16:16:17,Q2,532220000,0.0,532220000,1.0,3614000.0,47178000.0,5610000.0,359382000.0,415784000.0,462440000.0,4200000.0,44160000.0,113940000.0,0.21408440118747887,69780000.0,0.13111119461876666,-8130000.0,61650000.0,0.11583555672466274,24775000.0,36875000.0,0.06928525797602496,1.2018447298090085,1.120548194967789,30682000,32908000,https://www.sec.gov/Archives/edgar/data/941604/000119312512316861/0001193125-12-316861-index.html,https://www.sec.gov/Archives/edgar/data/941604/000119312512316861/d385355d10q.htm,1620596255,17:37:35,20210509
17,2012-03-31,OUTR,USD,2012-04-26,2012-04-26 16:32:56,Q1,568179000,0.0,568179000,1.0,3930000.0,40854000.0,6957000.0,393253000.0,444994000.0,489899000.0,5200000.0,41323000.0,119603000.0,0.2105023240915275,78280000.0,0.13777348335647746,11088000.0,89368000.0,0.15728846015076234,35672000.0,53696000.0,0.09450542874692658,1.755344883949003,1.6457030771116832,30590000,32628000,https://www.sec.gov/Archives/edgar/data/941604/000119312512186156/0001193125-12-186156-index.htm,https://www.sec.gov/Archives/edgar/data/941604/000119312512186156/d339624d10q.htm,1620596255,17:37:35,20210509
18,2011-12-31,OUTR,USD,2012-02-09 00:00:00,2012-02-09 16:06:20,Q4,520455000,0.0,520455000,1.0,4018000.0,40255000.0,8307000.0,373971000.0,426551000.0,465796000.0,5905000.0,39776000.0,94435000.0,0.18144700310305406,54659000.0,0.10502156766675314,-25157000.0,49384000.0,0.09488620533955866,17862000.0,31522000.0,0.06056623531333161,1.0328309305373526,0.9891116759233111,30520000,31869000,https://www.sec.gov/Archives/edgar/data/941604/000119312512049236/0001193125-12-049236-index.html,https://www.sec.gov/Archives/edgar/data/941604/000119312512049236/d271136d10k.htm,1620596255,17:37:35,20210509
19,2011-09-30,OUTR,USD,2011-10-27 00:00:00,2011-10-27 16:11:13,Q3,465617000,0.0,465617000,1.0,3239000.0,32353000.0,7723000.0,317824000.0,361139000.0,399978000.0,6424000.0,39735000.0,105374000.0,0.2263104654684,65639000.0,0.14097208650027812,-5969000.0,59670000.0,0.12815253738587723,22544000.0,37126000.0,0.07973506121984378,1.2129508625196028,1.161748599680821,30608000,31957000,https://www.sec.gov/Archives/edgar/data/941604/000119312511284135/0001193125-11-284135-index.html,https://www.sec.gov/Archives/edgar/data/941604/000119312511284135/d230005d10q.htm,1620596255,17:37:35,20210509
20,2011-06-30,OUTR,USD,2011-07-28 00:00:00,2011-07-28 16:05:50,Q2,435228000,0.0,435228000,1.0,2093000.0,31200000.0,7857000.0,300370000.0,341520000.0,377010000.0,6268000.0,35997000.0,94215000.0,0.21647274531969452,58218000.0,0.13376437177755107,-6647000.0,51571000.0,0.11849191688034777,20110000.0,26739000.0,0.06143676417877526,0.8680647988832256,0.8319280669549797,30803000,32141000,https://www.sec.gov/Archives/edgar/data/941604/000119312511200818/0001193125-11-200818-index.html,https://www.sec.gov/Archives/edgar/data/941604/000119312511200818/d10q.htm,1620596255,17:37:35,20210509
21,2011-03-31,OUTR,USD,2011-04-28 00:00:00,2011-04-28 16:13:09,Q1,424072000,0.0,424072000,1.0,2207000.0,30545000.0,5117000.0,320190000.0,358059000.0,392703000.0,7386000.0,35152000.0,66521000.0,0.1568625139127318,31369000.0,0.07397092946480786,-7266000.0,24103000.0,0.05683704653926692,9261000.0,8496000.0,0.02003433379237488,0.27347346058518684,0.26432704872129925,31067000,32142000,https://www.sec.gov/Archives/edgar/data/941604/000119312511115217/0001193125-11-115217-index.html,https://www.sec.gov/Archives/edgar/data/941604/000119312511115217/d10q.htm,1620596255,17:37:35,20210509
22,2010-12-31,OUTR,USD,2011-02-10,2011-02-09 20:03:21,Q4,390756000,0.0,390756000,1.0,2509000.0,20115000.0,7461000.0,286198000.0,316283000.0,347601000.0,7697000.0,31827000.0,74982000.0,0.1918895679145042,43155000.0,0.11043976292110677,-7072000.0,22415000.0,0.05736316268976036,13668000.0,11694000.0,0.02992660381414489,0.3739925802737623,0.3609593480877859,31268000,32397000,https://www.sec.gov/Archives/edgar/data/941604/000119312511029330/0001193125-11-029330-index.htm,https://www.sec.gov/Archives/edgar/data/941604/000119312511029330/d10k.htm,1620596255,17:37:35,20210509
23,2010-09-30,OUTR,USD,2010-10-28 00:00:00,2010-10-28 16:13:12,Q3,380187000,0.0,380187000,1.0,1699000.0,29844000.0,7811000.0,743958000.0,781448000.0,877122000.0,8741000.0,31890000.0,78081000.0,0.20537524954824862,46191000.0,0.12149547459539647,-27209000.0,21399000.0,0.056285459523865884,15969000.0,19505000.0,0.05130370054736222,0.6218913403902564,0.6061406507349514,31364000,32179000,https://www.sec.gov/Archives/edgar/data/941604/000119312510239751/0001193125-10-239751-index.html,https://www.sec.gov/Archives/edgar/data/941604/000119312510239751/d10q.htm,1620596255,17:37:35,20210509
24,2010-06-30,OUTR,USD,2010-07-29 00:00:00,2010-07-29 16:23:58,Q2,665478000,0.0,665478000,1.0,3229000.0,59021000.0,4377000.0,-277150.0,68213850.0,68213850.0,18426000.0,65308000.0,127075574.0,0.1909538316818888,61767574.0,0.09281685344970082,0.0,29986574.0,0.045060203342559786,13395000.0,27715574.0,0.0416476187041495,0.8843514358647097,0.8640326090345107,31340000,32077000,https://www.sec.gov/Archives/edgar/data/941604/000119312510170710/0001193125-10-170710-index.html,https://www.sec.gov/Archives/edgar/data/941604/000119312510170710/d10q.htm,1620596255,17:37:35,20210509
25,2010-03-31,OUTR,USD,2010-04-29 00:00:00,2010-04-29 16:13:10,Q1,350061000,0.0,350061000,1.0,1424000.0,34102000.0,4187000.0,0.0,43900000.0,43900000.0,9270000.0,33481000.0,53959000.0,0.15414170673111258,20478000.0,0.05849837599732618,0.0,10668000.0,0.030474688697112787,-4226000.0,6442000.0,0.0184025069916386,0.21,0.21,30676190,30676190,https://www.sec.gov/Archives/edgar/data/941604/000119312510099339/0001193125-10-099339-index.html,https://www.sec.gov/Archives/edgar/data/941604/000119312510099339/d10q.htm,1620596255,17:37:35,20210509
26,2009-12-31,OUTR,USD,2010-02-23 00:00:00,2010-02-23 16:25:31,Q4,328005000,0.0,328005000,1.0,1396000.0,24357000.0,6152000.0,0.0,38057000.0,38057000.0,9821000.0,24994000.0,41454000.0,0.12638221978323502,16460000.0,0.050182161857288764,0.0,6078000.0,0.01853020533223579,-2719000.0,3359000.0,0.01024069755034222,0.04985,0.04985,67376470,67376470,https://www.sec.gov/Archives/edgar/data/941604/000119312510037612/0001193125-10-037612-index.html,https://www.sec.gov/Archives/edgar/data/941604/000119312510037612/d10k.htm,1620596255,17:37:35,20210509
27,2009-09-30,OUTR,USD,2009-11-06 00:00:00,2009-11-06 14:29:35,Q3,231663000,0.0,231663000,1.0,1360000.0,23383000.0,5756000.0,0.0,36255000.0,36255000.0,9324000.0,18006000.0,50964000.0,0.2199919710959454,32958000.0,0.14226699990935107,0.0,22299000.0,0.09625619973841312,-8943000.0,41363000.0,0.17854814968294463,0.57543,0.57543,71881333,71881333,https://www.sec.gov/Archives/edgar/data/941604/000095012309059164/0000950123-09-059164-index.html,https://www.sec.gov/Archives/edgar/data/941604/000095012309059164/v53895e10vq.htm,1620596255,17:37:35,20210509
28,2009-06-30,OUTR,USD,2009-08-06 00:00:00,2009-08-06 16:36:37,Q2,313968000,0.0,313968000,1.0,1299000.0,28373000.0,5714000.0,0.0,41100000.0,41100000.0,8647000.0,25713000.0,46524000.0,0.14818070631401925,20811000.0,0.06628382510319523,0.0,12307000.0,0.03919826224328594,-7288000.0,6958000.0,0.022161494165010447,0.16635,0.16635,41826666,41826666,https://www.sec.gov/Archives/edgar/data/941604/000095012309031226/0000950123-09-031226-index.html,https://www.sec.gov/Archives/edgar/data/941604/000095012309031226/v53163e10vq.htm,1620596255,17:37:35,20210509
29,2009-03-31,OUTR,USD,2009-05-11 00:00:00,2009-05-08 19:06:29,Q1,271155000,0.0,271155000,1.0,1257000.0,28163000.0,5135000.0,0.0,39690000.0,39690000.0,6539000.0,23145000.0,37258000.0,0.13740480536962255,14113000.0,0.05204772178274419,0.0,7529000.0,0.027766406667773046,0.0,5590000.0,0.020615515111283213,0.07,0.07,79857142,79857142,https://www.sec.gov/Archives/edgar/data/941604/000095013409010171/0000950134-09-010171-index.html,https://www.sec.gov/Archives/edgar/data/941604/000095013409010171/v52382e10vq.htm,1620596255,17:37:35,20210509
30,2008-12-31,OUTR,USD,2009-02-26,2009-02-26 13:55:14,Q4,260981000,0.0,260981000,1.0,1180000.0,24161000.0,5311000.0,0.0,35963000.0,35963000.0,5490000.0,23089000.0,41860000.0,0.16039481801357186,18771000.0,0.07192477613312846,0.0,8641000.0,0.03310968997743131,-4421000.0,4220000.0,0.01616975948440691,0.14952,0.14952,28224000,28224000,https://www.sec.gov/Archives/edgar/data/941604/000095013409003842/0000950134-09-003842-index.htm,https://www.sec.gov/Archives/edgar/data/941604/000095013409003842/v51175e10vk.htm,1620596255,17:37:35,20210509
31,2008-09-30,OUTR,USD,2008-11-10,2008-11-10 14:32:51,Q3,240497000,0.0,240497000,1.0,1157000.0,15386000.0,7374000.0,1133000.0,31291000.0,31291000.0,15093000.0,17746000.0,38214000.0,0.15889595296407025,20468000.0,0.08510709073294054,1133000.0,11187000.0,0.046516172758911754,-6676000.0,4511000.0,0.01875699073169312,0.15928,0.15928,28321052,28321052,https://www.sec.gov/Archives/edgar/data/941604/000095013408020032/0000950134-08-020032-index.htm,https://www.sec.gov/Archives/edgar/data/941604/000095013408020032/v50341e10vq.htm,1620596255,17:37:35,20210509
32,2008-06-30,OUTR,USD,2008-08-07,2008-08-07 12:55:37,Q2,219903000,0.0,219903000,1.0,1175000.0,19391000.0,3815000.0,-264000.0,28196000.0,28196000.0,264000.0,18855000.0,34316000.0,0.15605062231984101,15461000.0,0.07030827228368872,-264000.0,5265000.0,0.023942374592433938,-5097000.0,2680000.0,0.01218719162539847,0.09463,0.09463,28321052,28321052,https://www.sec.gov/Archives/edgar/data/941604/000095013408014521/0000950134-08-014521-index.htm,https://www.sec.gov/Archives/edgar/data/941604/000095013408014521/v42773e10vq.htm,1620596255,17:37:35,20210509
33,2008-03-31,OUTR,USD,2008-05-12,2008-05-09 19:42:14,Q1,190519000,0.0,190519000,1.0,1246000.0,16993000.0,2803000.0,-869000.0,23845000.0,23845000.0,869000.0,16971000.0,31722000.0,0.16650307843312215,14751000.0,0.07742534865289026,-869000.0,5213000.0,0.027362100367942305,0.0,2701000.0,0.014177063704932316,0.1,0.1,27010000,27010000,https://www.sec.gov/Archives/edgar/data/941604/000095013408009131/0000950134-08-009131-index.htm,https://www.sec.gov/Archives/edgar/data/941604/000095013408009131/v40545e10vq.htm,1620596255,17:37:35,20210509
34,2007-12-31,OUTR,USD,2008-02-29,2008-02-28 21:01:29,Q4,133314000,0.0,133314000,1.0,1070000.0,11848000.0,2009000.0,0.0,16936000.0,16936000.0,4605000.0,14724000.0,-35916000.0,-0.2694090643143256,-50640000.0,-0.37985507898645304,292000.0,-56275000.0,-0.42212370793765097,6311000.0,-49844000.0,-0.3738842132109156,-1.798100097509521,-1.7648019381238715,27720370,28243396,https://www.sec.gov/Archives/edgar/data/941604/000095013408003747/0000950134-08-003747-index.htm,https://www.sec.gov/Archives/edgar/data/941604/000095013408003747/v36953e10vk.htm,1620596255,17:37:35,20210509
35,2007-09-30,OUTR,USD,2007-11-09,2007-11-08 19:12:30,Q3,143291000,0.0,143291000,1.0,1397000.0,10035000.0,5650000.0,0.0,22732000.0,22732000.0,4365000.0,15100000.0,32025000.0,0.22349624191330927,16925000.0,0.11811628085504323,1808000.0,16585000.0,0.11574348702989022,0.0,9065000.0,0.06326287066180011,0.32701583709019755,0.3209599865398623,27720370,28243396,https://www.sec.gov/Archives/edgar/data/941604/000119312507240682/0001193125-07-240682-index.htm,https://www.sec.gov/Archives/edgar/data/941604/000119312507240682/d10q.htm,1620596255,17:37:35,20210509
36,2007-06-30,OUTR,USD,2007-08-09,2007-08-09 15:17:52,Q2,137356000,0.0,137356000,1.0,1345000.0,10790000.0,2614000.0,0.0,17363000.0,17363000.0,4125000.0,14549000.0,25606000.0,0.1864206878476368,11057000.0,0.08049884970441772,173000.0,6004000.0,0.04371123212673637,0.0,3348000.0,0.024374617781531202,0.11909,0.11909,28114285,28114285,https://www.sec.gov/Archives/edgar/data/941604/000119312507177331/0001193125-07-177331-index.htm,https://www.sec.gov/Archives/edgar/data/941604/000119312507177331/d10q.htm,1620596255,17:37:35,20210509
37,2007-03-31,OUTR,USD,2007-05-08,2007-05-08 16:35:29,Q1,132336000,0.0,132336000,1.0,1341000.0,10621000.0,1626000.0,0.0,15214000.0,15214000.0,3974000.0,14468000.0,23744000.0,0.17942207713698466,9276000.0,0.0700943054044251,75000.0,5122000.0,0.03870450973280135,0.0,2556000.0,0.019314472252448315,0.09,0.09,28400000,28400000,https://www.sec.gov/Archives/edgar/data/941604/000119312507106117/0001193125-07-106117-index.htm,https://www.sec.gov/Archives/edgar/data/941604/000119312507106117/d10q.htm,1620596255,17:37:35,20210509
38,2006-12-31,OUTR,USD,2007-03-09,2007-03-09 13:57:04,Q4,138047000,0.0,138047000,1.0,1155000.0,8421000.0,5481000.0,0.0,20538000.0,20538000.0,3910000.0,13272000.0,23864000.0,0.17286866067353873,10592000.0,0.0767274913616377,165000.0,6729000.0,0.04874426825646338,0.0,5040000.0,0.036509304801987726,0.18128523461978227,0.1785794831236542,27801492,28222727,https://www.sec.gov/Archives/edgar/data/941604/000119312507050684/0001193125-07-050684-index.htm,https://www.sec.gov/Archives/edgar/data/941604/000119312507050684/d10k.htm,1620596255,17:37:35,20210509
39,2006-09-30,OUTR,USD,2006-11-09,2006-11-09 14:39:44,Q3,140036000,0.0,140036000,1.0,1457000.0,10028000.0,4626000.0,0.0,20737000.0,20737000.0,4120000.0,13410000.0,26919000.0,0.1922291410780085,13509000.0,0.09646805107258134,487000.0,9433000.0,0.06736124996429489,0.0,5289000.0,0.03776885943614499,0.19074,0.19074,27728571,27728571,https://www.sec.gov/Archives/edgar/data/941604/000119312506230104/0001193125-06-230104-index.htm,https://www.sec.gov/Archives/edgar/data/941604/000119312506230104/d10q.htm,1620596255,17:37:35,20210509
40,2006-06-30,OUTR,USD,2006-08-09,2006-08-09 11:01:05,Q2,130327000,0.0,130327000,1.0,1393000.0,10422000.0,3389000.0,0.0,18593000.0,18593000.0,3986000.0,13295000.0,23787000.0,0.1825178205590553,10492000.0,0.08050519078932224,420000.0,7230000.0,0.055475841537056786,0.0,4119000.0,0.031605116361153096,0.14892,0.14892,27660000,27660000,https://www.sec.gov/Archives/edgar/data/941604/000119312506167064/0001193125-06-167064-index.htm,https://www.sec.gov/Archives/edgar/data/941604/000119312506167064/d10q.htm,1620596255,17:37:35,20210509
41,2006-03-31,OUTR,USD,2006-05-03,2006-05-03 13:47:43,Q1,126032000,0.0,126032000,1.0,1241000.0,11842000.0,924000.0,0.0,14931000.0,14931000.0,3732000.0,12859000.0,23475000.0,0.1862622191189539,10616000.0,0.08423257585375143,471000.0,7308000.0,0.05798527358131268,0.0,4179000.0,0.03315824552494605,0.15,0.15,27860000,27860000,https://www.sec.gov/Archives/edgar/data/941604/000119312506098042/0001193125-06-098042-index.htm,https://www.sec.gov/Archives/edgar/data/941604/000119312506098042/d10q.htm,1620596255,17:37:35,20210509
42,2005-12-31,OUTR,USD,2006-02-27,2006-02-24 19:26:17,Q4,125607000,0.0,125607000,1.0,1446000.0,4769000.0,5031000.0,0.0,16277000.0,16277000.0,3613000.0,11887000.0,24178000.0,0.1924892720947081,12291000.0,0.09785282667367265,338000.0,9016000.0,0.07177943904400233,0.0,5519000.0,0.043938633993328396,0.21311,0.21311,25897674,25897674,https://www.sec.gov/Archives/edgar/data/941604/000119312506039073/0001193125-06-039073-index.htm,https://www.sec.gov/Archives/edgar/data/941604/000119312506039073/d10k.htm,1620596255,17:37:35,20210509
43,2005-09-30,OUTR,USD,2005-10-28,2005-10-27 20:29:23,Q3,118707000,0.0,118707000,1.0,1445000.0,6761000.0,2785000.0,0.0,13776000.0,13776000.0,3353000.0,11696000.0,25769000.0,0.217080711331261,14073000.0,0.11855240213298289,472000.0,11192000.0,0.09428256126428938,0.0,6820000.0,0.05745238275754589,0.26868023990387707,0.2646093252826916,25383333,25773846,https://www.sec.gov/Archives/edgar/data/941604/000119312505210213/0001193125-05-210213-index.htm,https://www.sec.gov/Archives/edgar/data/941604/000119312505210213/d10q.htm,1620596255,17:37:35,20210509
44,2005-06-30,OUTR,USD,2005-07-29,2005-07-29 17:15:56,Q2,109840000,0.0,109840000,1.0,1516000.0,6749000.0,1938000.0,0.0,12141000.0,12141000.0,3100000.0,10958000.0,22169000.0,0.20182993445010924,11211000.0,0.10206664238892935,532000.0,8643000.0,0.07868718135469774,0.0,5265000.0,0.04793335761107065,0.20672,0.20672,25469230,25469230,https://www.sec.gov/Archives/edgar/data/941604/000119312505152842/0001193125-05-152842-index.htm,https://www.sec.gov/Archives/edgar/data/941604/000119312505152842/d10q.htm,1620596255,17:37:35,20210509
45,2005-03-31,OUTR,USD,2005-05-05,2005-05-05 16:51:34,Q1,105585000,0.0,105585000,1.0,1309000.0,7598000.0,994000.0,0.0,10895000.0,10895000.0,2850000.0,10806000.0,20816000.0,0.19714921627125065,10010000.0,0.0948051333049202,488000.0,7648000.0,0.07243453142018279,0.0,4668000.0,0.04421082540133542,0.18,0.18,25933333,25933333,https://www.sec.gov/Archives/edgar/data/941604/000119312505097574/0001193125-05-097574-index.htm,https://www.sec.gov/Archives/edgar/data/941604/000119312505097574/d10q.htm,1620596255,17:37:35,20210509
46,2004-12-31,OUTR,USD,2005-03-01,2005-02-28 21:24:22,Q4,109793000,0.0,109793000,1.0,1058000.0,4856000.0,4567000.0,0.0,15048000.0,15048000.0,3106000.0,10116000.0,20074000.0,0.18283497126410608,9958000.0,0.09069794977821902,201000.0,6347000.0,0.0578087856238558,0.0,4551000.0,0.04145073001010993,0.21003240480180874,0.20779801904701026,21668085,21901075,https://www.sec.gov/Archives/edgar/data/941604/000119312505038981/0001193125-05-038981-index.htm,https://www.sec.gov/Archives/edgar/data/941604/000119312505038981/d10k.htm,1620596255,17:37:35,20210509
47,2004-09-30,OUTR,USD,2004-11-01,2004-11-01 16:29:06,Q3,106430000,0.0,106430000,1.0,1410000.0,4456000.0,3642000.0,0.0,13150000.0,13150000.0,2793000.0,9684000.0,22322000.0,0.20973409752889222,12638000.0,0.11874471483604247,190000.0,10035000.0,0.09428732500234896,0.0,6649000.0,0.06247298693977262,0.31107416543325533,0.3068704599129289,21374324,21667123,https://www.sec.gov/Archives/edgar/data/941604/000119312504182774/0001193125-04-182774-index.htm,https://www.sec.gov/Archives/edgar/data/941604/000119312504182774/d10q.htm,1620596255,17:37:35,20210509
48,2004-06-30,OUTR,USD,2004-07-30,2004-07-29 19:23:33,Q2,47825000,0.0,47825000,1.0,1556000.0,270000.0,4143000.0,0.0,10112000.0,10112000.0,126000.0,7534000.0,14620000.0,0.30569785676947203,7086000.0,0.14816518557239938,61000.0,7021000.0,0.14680606377417668,0.0,4551000.0,0.09515943544171458,0.21345,0.21345,21320930,21320930,https://www.sec.gov/Archives/edgar/data/941604/000119312504127476/0001193125-04-127476-index.htm,https://www.sec.gov/Archives/edgar/data/941604/000119312504127476/d10q.htm,1620596255,17:37:35,20210509
49,2004-03-31,OUTR,USD,2004-05-07,2004-05-06 21:14:11,Q1,43052000,0.0,43052000,1.0,1441000.0,4968000.0,573000.0,0.0,7555000.0,7555000.0,246000.0,7968000.0,15279000.0,0.35489640434823005,7311000.0,0.16981789463904115,69000.0,7134000.0,0.1657065873827,0.0,4617000.0,0.10724240453405184,0.2200000066709987,0.21000000272904487,20986363,21985714,https://www.sec.gov/Archives/edgar/data/941604/000119312504080919/0001193125-04-080919-index.htm,https://www.sec.gov/Archives/edgar/data/941604/000119312504080919/d10q.htm,1620596255,17:37:35,20210509
50,2003-12-31,OUTR,USD,2004-02-18,2004-02-17 19:04:51,Q4,46366000,0.0,46366000,1.0,1389000.0,492000.0,4730000.0,0.0,11341000.0,11341000.0,216000.0,-12580000.0,-5427000.0,-0.11704697407583142,7153000.0,0.15427252728292284,263000.0,6978000.0,0.1504982098951818,9025000.0,4430000.0,0.09554414872967261,0.20615,0.20615,21489010,21489010,https://www.sec.gov/Archives/edgar/data/941604/000119312504025356/0001193125-04-025356-index.htm,https://www.sec.gov/Archives/edgar/data/941604/000119312504025356/d10k.htm,1620596255,17:37:35,20210509
51,2003-09-30,OUTR,USD,2003-11-03,2003-10-31 21:23:51,Q3,48671000,0.0,48671000,1.0,1566000.0,2607000.0,3051000.0,0.0,10275000.0,10275000.0,300000.0,6802000.0,18012000.0,0.3700766370117729,11210000.0,0.2303219576339093,0.0,10948000.0,0.22493887530562348,-4014000.0,6934000.0,0.14246676665776334,0.3209124094246245,0.3163279462237017,21607142,21920289,https://www.sec.gov/Archives/edgar/data/941604/000119312503071097/0001193125-03-071097-index.htm,https://www.sec.gov/Archives/edgar/data/941604/000119312503071097/d10q.htm,1620596255,17:37:35,20210509
52,2003-06-30,OUTR,USD,2003-08-04,2003-08-04 15:28:00,Q2,43102000,0.0,43102000,1.0,1524000.0,3853000.0,2634000.0,0.0,10645000.0,10645000.0,336000.0,6680000.0,13889000.0,0.32223562711707116,7209000.0,0.16725441974850355,0.0,6925000.0,0.1606653983573848,-2676000.0,4249000.0,0.098580112291773,0.19712123206290733,0.19193383707721762,21555263,22137837,https://www.sec.gov/Archives/edgar/data/941604/000119312503028458/0001193125-03-028458-index.htm,https://www.sec.gov/Archives/edgar/data/941604/000119312503028458/d10q.htm,1620596255,17:37:35,20210509
53,2003-03-31,OUTR,USD,2003-05-06,2003-05-06 13:36:13,Q1,37997000,0.0,37997000,1.0,1293000.0,5129000.0,704000.0,0.0,7830000.0,7830000.0,358000.0,6380000.0,12883000.0,0.3390530831381425,6503000.0,0.17114509040187384,0.0,6277000.0,0.16519725241466432,-2335000.0,3942000.0,0.10374503250256599,0.18,0.18,21900000,21900000,https://www.sec.gov/Archives/edgar/data/941604/000103221003000774/0001032210-03-000774-index.htm,https://www.sec.gov/Archives/edgar/data/941604/000103221003000774/d10q.htm,1620596255,17:37:35,20210509
54,2002-12-31,OUTR,USD,2003-03-21,2003-03-21 14:53:13,Q4,41651000,0.0,41651000,1.0,1249000.0,2271000.0,3239000.0,0.0,9998000.0,9998000.0,457000.0,6428000.0,13643000.0,0.3275551607404384,7215000.0,0.17322513264987635,0.0,13158000.0,0.3159107824542028,0.0,49405000.0,1.1861659984154043,2.26284,2.26284,21833208,21833208,https://www.sec.gov/Archives/edgar/data/941604/000103221003000379/0001032210-03-000379-index.htm,https://www.sec.gov/Archives/edgar/data/941604/000103221003000379/d10k.htm,1620596255,17:37:35,20210509
55,2002-09-30,OUTR,USD,2002-11-12,2002-11-12 10:10:27,Q3,42941000,0.0,42941000,1.0,1170000.0,2573000.0,2711000.0,0.0,9165000.0,9165000.0,535000.0,6409000.0,15635000.0,0.3641042360448057,9226000.0,0.21485293775179898,0.0,8758000.0,0.20395426282573764,0.0,8758000.0,0.20395426282573764,0.40386,0.40386,21685714,21685714,https://www.sec.gov/Archives/edgar/data/941604/000103221002001542/0001032210-02-001542-index.htm,https://www.sec.gov/Archives/edgar/data/941604/000103221002001542/d10q.htm,1620596255,17:37:35,20210509
