,date,symbol,reportedCurrency,fillingDate,acceptedDate,period,revenue,costOfRevenue,grossProfit,grossProfitRatio,researchAndDevelopmentExpenses,generalAndAdministrativeExpenses,sellingAndMarketingExpenses,otherExpenses,operatingExpenses,costAndExpenses,interestExpense,depreciationAndAmortization,ebitda,ebitdaratio,operatingIncome,operatingIncomeRatio,totalOtherIncomeExpensesNet,incomeBeforeTax,incomeBeforeTaxRatio,incomeTaxExpense,netIncome,netIncomeRatio,eps,epsdiluted,weightedAverageShsOut,weightedAverageShsOutDil,link,finalLink,timestamp,est_time,est_date
0,2020-09-30,IMOS,TWD,2020-09-30,2020-09-30,Q2,5686127000,4590534000,1095593000,0.19267825006370767,244960000,149394000,0.0,-15706000.0,394400000,0.0,-37665000,1063102000,1780047000,0.31305086924720466,716945000,0.12608670189744267,0.0,539192000,0.09482588060379235,115757000,423435000,0.07446808697730459,11.644986524393598,11.644986524393598,36362000,36362000,,,1620593564,16:52:44,20210509
1,2020-06-30,IMOS,TWD,2020-06-30,2020-06-30,Q1,5428133000,4303669000,1124464000,0.20715483574186558,252420000,145810000,0.0,-20516000.0,387284000,0.0,-46398000,1047728000,1794478000,0.3305884362081769,746750000,0.13757032113988363,0.0,656347000,0.12091579185697919,111418000,544929000,0.10038976568923422,14.9862218799846,14.9862218799846,36362000,36362000,,,1620593564,16:52:44,20210509
2,2019-09-30,IMOS,TWD,2019-09-30,2019-09-30,Q2,5399048000,4246288000,1152760000,0.21351171539871475,253256000,124849000,14844000.0,-17175000.0,366931000,4613219000.0,44578000,953152000,1738981000,0.3220903018458069,785829000,0.14554954873525852,-10146000.0,731105000,0.13541368774643234,145181000,585924000,0.10852357674908614,16.2,16.0,36362000,36491350,,,1620593564,16:52:44,20210509
3,2019-06-30,IMOS,USD,2019-06-30,2019-06-30,Q1,4905345000,4067087000,838258000,0.17088665527093405,263720000,138558000,14324000.0,1028391000.0,397811000,4464898000.0,43989000,921281000,1361728000,0.27760086191694977,440447000,0.08978919933256478,975260000.0,1369425000,0.27916996663843213,94876000,1274549000,0.25982861552041703,35.0,34.8,36351600,36683050,,,1620593564,16:52:44,20210509
4,2018-09-30,IMOS,USD,2018-09-30,2018-09-30,Q2,5005190000,4029372000,975818000,0.19496123024300777,233590000,119017000,13801000.0,2634000.0,349700000,4379072000.0,33467000,858872000,1484990000,0.29669003574289887,626118000,0.12509375268471326,-37772000.0,564711000,0.11282508755911363,125103000,439608000,0.087830432011572,13.177664,12.942349,33413023,33675777,,,1620593564,16:52:44,20210509
5,2018-06-30,IMOS,USD,2018-06-30,2018-06-30,Q1,4491581000,3756341000,735240000,0.16369291792800797,249520000,120918000,13847000.0,2338000.0,341045000,4097386000.0,37852000,843380000,1237575000,0.2755321567172005,394195000,0.08776308386735093,137564000.0,476991000,0.10619668219275129,352891000,124100000,0.02762946944516864,3.529732,3.294416,36107789,36420390,,,1620593564,16:52:44,20210509
6,2017-09-30,IMOS,USD,2017-09-30,2017-09-30,Q2,4431093000,3670257000,760836000,0.17170391142772223,246933000,125035000,14349000.0,2956000.0,373024000,4043281000.0,48542000,744531000,1132343000,0.2555448508979613,387812000,0.08752061850202647,-59787000.0,288090000,0.06501556162328347,60871000,162037000,0.03656817855098054,4.502598684429901,4.466710660152308,35987440,36276583,,,1620593564,16:52:44,20210509
7,2017-06-30,IMOS,USD,2017-06-30,2017-06-30,Q1,4541251000,3630813000,910438000,0.20048176152342162,244621000,235639000,13230000.0,3240000.0,482250000,4113063000.0,49699000,709293000,1137481000,0.25047745654226117,428188000,0.0942885561709758,11475000.0,392188000,0.08636122513377921,70791000,321397000,0.07077278926005191,8.948075924381204,8.869965750683745,35918001,36234300,,,1620593564,16:52:44,20210509
8,2016-09-30,IMOS,USD,2016-09-30,2016-09-30,Q2,5015601000,4061227000,954374000,0.19028108495871182,217221000,229818000,19870000.0,-117692000.0,466909000,4528136000.0,43499000,844825000,1332290000,0.2656291838206428,487465000,0.09718974854658495,-110594000.0,333372000,0.0664670096365321,78312000,255060000,0.050853327447697695,7.059463,7.059463,36130227,36130227,,,1620593564,16:52:44,20210509
9,2016-06-30,IMOS,USD,2016-06-30,2016-06-30,Q1,4727088000,3930165000,796923000,0.16858645322447985,217457000,157055000,21018000.0,70380000.0,395530000,4325695000.0,56464000,832085000,1233478000,0.2609382351248803,401393000,0.08491337584576382,78222000.0,423151000,0.08951620955649651,108281000,314870000,0.06660971828745307,8.706671,8.471356,36164224,37168785,,,1620593564,16:52:44,20210509
10,2015-09-30,IMOS,USD,2015-09-30,2015-09-30,Q2,4827089000,3963118000,863971000,0.1789838554872305,187530000,162595000,20037000.0,239074000.0,370162000,4333280000.0,34644000,760135000,1253944000,0.2597722975482739,493809000,0.10229954326510242,247381000.0,706546000,0.14637103231367807,123075000,583471000,0.12087429918942866,15.295503,15.295503,38146571,38146571,,,1620593564,16:52:44,20210509
11,2015-06-30,IMOS,USD,2015-06-30,2015-06-30,Q1,5069135000,3944894000,1124241000,0.2217816254646996,169692000,154499000,28692000.0,-1210000.0,352883000,4297777000.0,37225000,753979000,1525337000,0.3009067621990734,771358000,0.15216757888673313,7131000.0,741264000,0.14623086581832995,227040000,503489000,0.09932444095491637,11.599686,11.599686,43405399,43405399,,,1620593564,16:52:44,20210509
12,2014-09-30,IMOS,USD,2014-09-30,2014-09-30,Q2,5806281000,4318105000,1488176000,0.2563045088585964,164018000,147649000,26876000.0,72010000.0,338543000,4656648000.0,33723000,720942000,1870575000,0.32216404958699035,1149633000,0.19799816784616522,72010000.0,1187920000,0.20459223382402608,198801000,933015000,0.1606906382932552,25.414067,25.178751,36712542,37055650,,,1620593564,16:52:44,20210509
13,2014-06-30,IMOS,USD,2014-06-30,2014-06-30,Q1,5413399000,4146646000,1266753000,0.23400325747280037,169038000,162440000,24364000.0,-86499000.0,355842000,4502488000.0,32256000,728113000,1639024000,0.30277169667338394,910911000,0.16826969525061797,-86499000.0,792156000,0.14633246136115222,281407000,495330000,0.09150073733711482,11.399692,11.399692,43451176,43451176,,,1620593564,16:52:44,20210509
14,2013-09-30,IMOS,USD,2013-09-30,2013-09-30,Q2,5111888000,3988364000,1123524000,0.21978650549464307,137164000,150671000,33788000.0,34381000.0,321623000,4309987000.0,42100000,778364000,1580265000,0.309135294044001,801901000,0.15686982969892924,34381000.0,794182000,0.15535982008995503,157039000,625866000,0.12243343359635422,17.413342,17.178027,35941751,36434103,,,1620593564,16:52:44,20210509
15,2013-06-30,IMOS,USD,2013-06-30,2013-06-30,Q1,4939177000,4189946000,749231000,0.15169146600739353,141778000,152852000,26762000.0,376072000.0,321392000,4511338000.0,48870000,854299000,1282138000,0.25958535197260596,427839000,0.08662151609468541,376072000.0,755041000,0.15286777533989973,182090000,537805000,0.10888554915120474,12.799654,12.599659,42017153,42684092,,,1620593564,16:52:44,20210509
16,2012-09-30,IMOS,USD,2012-09-30,2012-09-30,Q2,5139944000,4195961000,943983000,0.18365628108010515,137617000,141530000,16773000.0,-22500000.0,295920000,4491881000.0,53109000,1075564000,1723627000,0.3353396457237666,648063000,0.12608366939406343,-22500000.0,572454000,0.11137358694958545,65608000,490811000,0.0954895617539802,13.648295,13.648295,35961341,35961341,,,1620593564,16:52:44,20210509
