,date,symbol,reportedCurrency,fillingDate,acceptedDate,period,revenue,costOfRevenue,grossProfit,grossProfitRatio,researchAndDevelopmentExpenses,generalAndAdministrativeExpenses,sellingAndMarketingExpenses,otherExpenses,operatingExpenses,costAndExpenses,interestExpense,depreciationAndAmortization,ebitda,ebitdaratio,operatingIncome,operatingIncomeRatio,totalOtherIncomeExpensesNet,incomeBeforeTax,incomeBeforeTaxRatio,incomeTaxExpense,netIncome,netIncomeRatio,eps,epsdiluted,weightedAverageShsOut,weightedAverageShsOutDil,link,finalLink,timestamp,est_time,est_date
0,2020-09-30,VYSM,USD,2020-12-18,2020-12-17 18:13:40,Q3,0.0,0.0,0.0,0.0,0.0,11705.0,0.0,77635.0,89340.0,89340.0,38640.0,0.0,-89340.0,0.0,-89.34,0.0,1032.32,942.98,0.0,0.0,942.98,0.0,0.0010151868291444883,0.0010151868291444883,928873359,928873359,https://www.sec.gov/Archives/edgar/data/1075857/000149315220023866/0001493152-20-023866-index.htm,https://www.sec.gov/Archives/edgar/data/1075857/000149315220023866/form10-q.htm,1620599698,18:34:58,20210509
1,2020-06-30,VYSM,USD,2020-06-30,2020-06-30,Q2,0.0,0.0,0.0,0.0,0.0,9280.0,0.0,61350.0,70630.0,70630.0,60647.0,-50647.0,-121277.0,0.0,-70630.0,0.0,-1626610.0,-1697240.0,0.0,0.0,-1697240.0,0.0,-0.00183,-0.00183,928873359,928873359,,,1620599698,18:34:58,20210509
2,2020-03-31,VYSM,USD,2020-03-31,2020-03-31,Q1,0.0,0.0,0.0,0.0,0.0,44709.0,0.0,62500.0,107209.0,107209.0,112357.0,-102357.0,-209566.0,0.0,-107209.0,0.0,-477663.0,-584872.0,0.0,0.0,-584872.0,0.0,-0.00088,-0.00088,663862161,663862161,,,1620599698,18:34:58,20210509
3,2019-12-31,VYSM,USD,2020-07-02,2020-07-02 17:29:57,Q4,1400.0,0.0,1400.0,1.0,0.0,82424.0,0.0,559684.0,642108.0,642108.0,71711.0,-46594.0,-688702.0,-491.93,-642108.0,-458.6485714285714,-288583.0,-930691.0,-664.7792857142857,0.0,-930691.0,-664.7792857142857,-0.00238,-0.00238,390579210,390579210,https://www.sec.gov/Archives/edgar/data/1075857/000149315220012559/0001493152-20-012559-index.htm,https://www.sec.gov/Archives/edgar/data/1075857/000149315220012559/form10-k.htm,1620599698,18:34:58,20210509
4,2019-09-30,VYSM,USD,2019-12-09,2019-12-09,Q3,1400.0,0.0,1400.0,1.0,0.0,4297.0,0.0,35000.0,35000.0,35000.0,70476.0,-33161.0,-68161.0,-48.68642857142857,-35000.0,-25.0,-236614.0,-109370.0,-78.12142857142857,0.0,-109370.0,-78.12142857142857,-0.00029,-0.00029,372520421,372520421,https://www.sec.gov/Archives/edgar/data/1075857/000149315219018915/0001493152-19-018915-index.htm,https://www.sec.gov/Archives/edgar/data/1075857/000149315219018915/form10q.htm,1620599698,18:34:58,20210509
5,2019-06-30,VYSM,USD,2019-06-30,2019-06-30,Q2,700.0,0.0,700.0,1.0,0.0,2819.0,0.0,9499.0,12318.0,12318.0,0.0,-15220.0,-26838.0,-38.34,-11618.0,-16.597142857142856,0.0,-127286.0,-181.83714285714285,0.0,-127286.0,-181.83714285714285,-0.00035,-0.00035,368520421,368520421,,,1620599698,18:34:58,20210509
6,2019-03-31,VYSM,USD,2019-03-31,2019-03-31,Q1,700.0,0.0,700.0,1.0,0.0,1478.0,0.0,24275.0,25753.0,25753.0,0.0,-18948.0,-44001.0,-62.85857142857143,-25053.0,-35.79,0.0,-71629.0,-102.32714285714286,0.0,-71629.0,-102.32714285714286,-0.00019,-0.00019,368520421,368520421,,,1620599698,18:34:58,20210509
7,2018-12-31,VYSM,USD,2018-12-31,2018-12-31,Q4,1400.0,0.0,1400.0,1.0,0.0,199.0,0.0,0.0,199.0,199.0,178721.0,-89136.0,900240.0,643.0285714285715,989376.0,706.6971428571428,0.0,-1067763.0,-762.6878571428572,0.0,-174767.0,-124.83357142857143,-0.00053,-0.00053,326916485,326916485,,,1620599698,18:34:58,20210509
8,2018-09-30,VYSM,USD,2018-09-30,2018-09-30,Q3,-55100.0,-15473.0,-61677.0,1.1193647912885663,0.0,-66025.0,0.0,-59000.0,-125025.0,-140498.0,-35957.0,-8077.0,55271.0,-1.003103448275862,63348.0,-1.1496914700544465,0.0,266503.0,-4.836715063520871,0.0,266503.0,-4.836715063520871,0.00082,0.00082,326705526,326705526,,,1620599698,18:34:58,20210509
9,2018-06-30,VYSM,USD,2018-06-30,2018-06-30,Q2,33849.0,9297.0,25327.0,0.7482348075275488,0.0,44275.0,0.0,3000.0,47275.0,56572.0,-26823.0,17867.0,-4081.0,-0.12056486159118437,-21948.0,-0.6484091110520251,0.0,1011384.0,29.879287423557564,0.0,1011384.0,29.879287423557564,0.003095705213140472,0.0024590518416665237,326705526,411290231,,,1620599698,18:34:58,20210509
10,2018-03-31,VYSM,USD,2018-03-31,2018-03-31,Q1,52353.0,6176.0,67452.0,1.2884075411151223,0.0,65795.0,0.0,69500.0,135295.0,141471.0,-22997.0,13013.0,-54830.0,-1.04731342998491,-67843.0,-1.2958760720493572,0.0,-184882.0,-3.531449964662961,0.0,-184882.0,-3.531449964662961,-0.00057,-0.00057,326705526,326705526,,,1620599698,18:34:58,20210509
11,2017-12-31,VYSM,USD,2017-12-31,2017-12-31,Q4,3937.0,4305.0,6695.0,1.700533401066802,0.0,21860.0,0.0,29109.0,50969.0,55274.0,-9156.0,200.0,-44074.0,-11.19481838963678,-44274.0,-11.245618491236982,0.0,-112430.0,-28.55727711455423,-59000.0,-53430.0,-13.571247142494284,-0.00016,-0.00016,326705526,326705526,,,1620599698,18:34:58,20210509
12,2017-09-30,VYSM,USD,2017-09-30,2017-09-30,Q3,3571.0,6485.0,3194.0,0.8944273312797536,0.0,8679.0,0.0,70000.0,78679.0,85164.0,-45780.0,200.0,-75285.0,-21.08232987958555,-75485.0,-21.138336600392048,0.0,-43610.0,-12.212265471856623,0.0,-43610.0,-12.212265471856623,-0.00013,-0.00013,326705526,326705526,,,1620599698,18:34:58,20210509
13,2017-06-30,VYSM,USD,2017-06-30,2017-06-30,Q2,2515.0,7828.0,15824.0,6.291848906560636,0.0,42902.0,0.0,38701.0,81603.0,89431.0,9156.0,200.0,-65579.0,-26.075149105367792,-65779.0,-26.154671968190854,0.0,-74935.0,-29.795228628230618,0.0,-74935.0,-29.795228628230618,-0.00023,-0.00023,326705526,326705526,,,1620599698,18:34:58,20210509
14,2017-03-31,VYSM,USD,2017-03-31,2017-03-31,Q1,8764.0,0.0,8764.0,1.0,0.0,311.0,0.0,30000.0,30311.0,30311.0,9156.0,200.0,-21347.0,-2.4357599269739847,-21547.0,-2.4585805568233683,0.0,-30703.0,-3.5033089913281605,0.0,-30703.0,-3.5033089913281605,-9e-05,-9e-05,326705526,326705526,,,1620599698,18:34:58,20210509
15,2016-12-31,VYSM,USD,2016-12-31,2016-12-31,Q4,6975.0,461.0,6514.0,0.9339068100358423,0.0,3992.0,0.0,30805.0,34797.0,35258.0,9156.0,200.0,-28083.0,-4.026236559139785,-28283.0,-4.054910394265233,0.0,-117439.0,-16.837132616487455,-80000.0,-37439.0,-5.367598566308244,-0.00012,-0.00012,323612873,323612873,,,1620599698,18:34:58,20210509
16,2016-09-30,VYSM,USD,2016-09-30,2016-09-30,Q3,7180.0,-21.0,7201.0,1.002924791086351,0.0,18036.0,0.0,29261.0,47297.0,47276.0,9156.0,200.0,-39896.0,-5.556545961002786,-40096.0,-5.584401114206128,0.0,-49252.0,-6.859610027855153,0.0,-49252.0,-6.859610027855153,-0.00015,-0.00015,322574464,322574464,,,1620599698,18:34:58,20210509
17,2016-06-30,VYSM,USD,2016-06-30,2016-06-30,Q2,19525.0,0.0,19525.0,1.0,0.0,10351.0,0.0,28367.0,38718.0,38718.0,9256.0,200.0,-18993.0,-0.972752880921895,-19193.0,-0.9829961587708067,0.0,-28449.0,-1.457055057618438,0.0,-28449.0,-1.457055057618438,-9e-05,-9e-05,326705526,326705526,,,1620599698,18:34:58,20210509
18,2016-03-31,VYSM,USD,2016-03-31,2016-03-31,Q1,24615.0,734.0,23881.0,0.9701807840747512,0.0,12504.0,0.0,60668.0,73172.0,73906.0,26188.0,200.0,-49091.0,-1.9943530367661995,-49291.0,-2.002478163721308,0.0,-75479.0,-3.066382287223238,0.0,-75479.0,-3.066382287223238,-0.00023,-0.00023,321329122,321329122,,,1620599698,18:34:58,20210509
19,2015-12-31,VYSM,USD,2015-12-31,2015-12-31,Q4,55991.0,1344.0,54647.0,0.9759961422371453,0.0,25633.0,0.0,58792.0,84425.0,85769.0,7732.0,175.0,-29603.0,-0.5287099712453788,-29778.0,-0.5318354735582504,0.0,-213510.0,-3.813291421835652,-176000.0,-37510.0,-0.6699290957475309,-0.00013,-0.00013,296940184,296940184,,,1620599698,18:34:58,20210509
20,2015-09-30,VYSM,USD,2015-09-30,2015-09-30,Q3,21807.0,3996.0,17811.0,0.8167560874948411,0.0,11286.0,0.0,100743.0,112029.0,116025.0,7897.0,250.0,-93968.0,-4.309075067638831,-94218.0,-4.320539276379145,0.0,-102115.0,-4.682670702068143,0.0,-102115.0,-4.682670702068143,-0.00034,-0.00034,301736478,301736478,,,1620599698,18:34:58,20210509
21,2015-06-30,VYSM,USD,2015-06-30,2015-06-30,Q2,51599.0,9208.0,42391.0,0.8215469292040544,0.0,61478.0,0.0,167189.0,228667.0,237875.0,23810.0,250.0,-186026.0,-3.605224907459447,-186276.0,-3.6100699625961745,-8025.0,-194036.0,-3.760460474040195,0.0,-194036.0,-3.760460474040195,-0.00065,-0.00065,296353592,296353592,,,1620599698,18:34:58,20210509
22,2015-03-31,VYSM,USD,2015-03-31,2015-03-31,Q1,72990.0,33780.0,39210.0,0.5371968762844225,0.0,32504.0,0.0,83819.0,116323.0,150103.0,-8025.0,250.0,-76863.0,-1.0530620632963419,-77113.0,-1.0564871900260309,8025.0,-85138.0,-1.1664337580490478,0.0,-85138.0,-1.1664337580490478,-0.0003,-0.0003,285038859,285038859,,,1620599698,18:34:58,20210509
23,2014-12-31,VYSM,USD,2014-12-31,2014-12-31,Q4,100395.0,25853.0,74542.0,0.7424871756561582,0.0,74954.0,0.0,318198.0,393152.0,419005.0,-57458.0,1670.0,-316940.0,-3.156930126002291,-318610.0,-3.1735644205388716,48224.0,-875826.0,-8.723800986104886,-562000.0,-313826.0,-3.1259126450520442,-0.0012,-0.0012,261754044,261754044,,,1620599698,18:34:58,20210509
24,2014-09-30,VYSM,USD,2014-09-30,2014-09-30,Q3,100722.0,21544.0,79178.0,0.7861043267607871,0.0,64659.0,0.0,198747.0,263406.0,284950.0,8581.0,1600.0,-182628.0,-1.8131887770298445,-184228.0,-1.829074085105538,-8581.0,-192809.0,-1.9142689779789916,0.0,-192809.0,-1.9142689779789916,-0.00075,-0.00075,256298599,256298599,,,1620599698,18:34:58,20210509
25,2014-06-30,VYSM,USD,2014-06-30,2014-06-30,Q2,100777.0,18482.0,82295.0,0.8166049793107555,0.0,78893.0,0.0,446859.0,525752.0,544234.0,9042.0,1600.0,-441857.0,-4.384502416225924,-443457.0,-4.400379054744634,-9042.0,-452499.0,-4.490101908173492,0.0,-452499.0,-4.490101908173492,-0.00181,-0.00181,249835845,249835845,,,1620599698,18:34:58,20210509
26,2014-03-31,VYSM,USD,2014-03-31,2014-03-31,Q1,90273.0,19071.0,71202.0,0.7887408195141404,0.0,60576.0,0.0,380756.0,441332.0,460403.0,8881.0,1600.0,-368530.0,-4.082394514417379,-370130.0,-4.100118529349861,-8881.0,-379011.0,-4.1984978897344725,0.0,-379011.0,-4.1984978897344725,-0.00155,-0.00155,244557551,244557551,,,1620599698,18:34:58,20210509
27,2013-12-31,VYSM,USD,2013-12-31,2013-12-31,Q4,42525.0,57336.0,-14811.0,-0.34828924162257496,0.0,97074.0,0.0,502347.0,599421.0,656757.0,-29193.0,3955.0,-610277.0,-14.351017048794827,-614232.0,-14.444021164021164,995326.0,-1451112.0,-34.12373897707231,-843400.0,-607712.0,-14.290699588477366,-0.00312,-0.00312,194843005,194843005,,,1620599698,18:34:58,20210509
28,2013-09-30,VYSM,USD,2013-09-30,2013-09-30,Q3,102556.0,35318.0,67238.0,0.6556222941612387,0.0,100346.0,0.0,507510.0,607856.0,643174.0,-92700.0,2880.0,-537738.0,-5.243359725418308,-540618.0,-5.271441943913569,-9146.0,-549764.0,-5.360622489176645,0.0,-549764.0,-5.360622489176645,-0.00294,-0.00294,186965012,186965012,,,1620599698,18:34:58,20210509
29,2013-06-30,VYSM,USD,2013-06-30,2013-06-30,Q2,405612.0,224588.0,181024.0,0.4462984329852174,0.0,143970.0,0.0,395902.0,539872.0,764460.0,41777.0,5762.0,-353086.0,-0.8705018589193614,-358848.0,-0.8847075530309754,-491777.0,-850625.0,-2.097139630977387,0.0,-850625.0,-2.097139630977387,-0.0047,-0.0047,181154143,181154143,,,1620599698,18:34:58,20210509
30,2013-03-31,VYSM,USD,2013-03-31,2013-03-31,Q1,0.0,0.0,0.0,0.0,0.0,0.0,0.0,0.0,0.0,0.0,0.0,0.0,0.0,0.0,0.0,0.0,0.0,0.0,0.0,0.0,0.0,0.0,0.0,0.0,181154143,181154143,,,1620599698,18:34:58,20210509
31,2012-12-31,VYSM,USD,2012-12-31,2012-12-31,Q4,0.0,0.0,0.0,0.0,0.0,0.0,0.0,0.0,0.0,0.0,0.0,0.0,0.0,0.0,0.0,0.0,0.0,0.0,0.0,0.0,0.0,0.0,0.0,0.0,181154143,181154143,,,1620599698,18:34:58,20210509
32,2012-09-30,VYSM,USD,2012-09-30,2012-09-30,Q3,0.0,0.0,0.0,0.0,0.0,0.0,0.0,0.0,0.0,0.0,0.0,0.0,0.0,0.0,0.0,0.0,0.0,0.0,0.0,0.0,0.0,0.0,0.0,0.0,181154143,181154143,,,1620599698,18:34:58,20210509
33,2012-06-30,VYSM,USD,2012-06-30,2012-06-30,Q2,0.0,0.0,0.0,0.0,0.0,0.0,0.0,0.0,0.0,0.0,0.0,0.0,0.0,0.0,0.0,0.0,0.0,0.0,0.0,0.0,0.0,0.0,0.0,0.0,181154143,181154143,,,1620599698,18:34:58,20210509
34,2012-03-31,VYSM,USD,2012-03-31,2012-03-31,Q1,0.0,0.0,0.0,0.0,0.0,0.0,0.0,0.0,0.0,0.0,0.0,0.0,0.0,0.0,0.0,0.0,0.0,0.0,0.0,0.0,0.0,0.0,0.0,0.0,181154143,181154143,,,1620599698,18:34:58,20210509
35,2011-12-31,VYSM,USD,2011-12-31,2011-12-31,Q4,0.0,0.0,0.0,0.0,0.0,0.0,0.0,0.0,0.0,0.0,0.0,0.0,0.0,0.0,0.0,0.0,0.0,0.0,0.0,0.0,0.0,0.0,0.0,0.0,181154143,181154143,,,1620599698,18:34:58,20210509
36,2011-09-30,VYSM,USD,2011-09-30,2011-09-30,Q3,0.0,0.0,0.0,0.0,0.0,0.0,0.0,0.0,0.0,0.0,0.0,0.0,0.0,0.0,0.0,0.0,0.0,0.0,0.0,0.0,0.0,0.0,0.0,0.0,181154143,181154143,,,1620599698,18:34:58,20210509
37,2011-06-30,VYSM,USD,2011-06-30,2011-06-30,Q2,0.0,0.0,0.0,0.0,0.0,0.0,0.0,0.0,0.0,0.0,0.0,0.0,0.0,0.0,0.0,0.0,0.0,0.0,0.0,0.0,0.0,0.0,0.0,0.0,181154143,181154143,,,1620599698,18:34:58,20210509
38,2007-12-31,VYSM,USD,2008-03-31,2008-03-31,Q4,166627.0,129083.0,37544.0,0.22531762559489157,0.0,-474143.0,0.0,954135.0,479992.0,609075.0,-50445.0,28304.0,-414144.0,-2.4854555384181434,-442448.0,-2.655319966151944,-30600.0,-473048.0,-2.8389636733542583,0.0,-473048.0,-2.8389636733542583,-0.0044,-0.0044,107508600,107508600,https://www.sec.gov/Archives/edgar/data/1075857/000102317508000034/0001023175-08-000034-index.htm,https://www.sec.gov/Archives/edgar/data/1075857/000102317508000034/f2007vsform10ksb.htm,1620599698,18:34:58,20210509
