,date,symbol,reportedCurrency,fillingDate,acceptedDate,period,revenue,costOfRevenue,grossProfit,grossProfitRatio,researchAndDevelopmentExpenses,generalAndAdministrativeExpenses,sellingAndMarketingExpenses,otherExpenses,operatingExpenses,costAndExpenses,interestExpense,depreciationAndAmortization,ebitda,ebitdaratio,operatingIncome,operatingIncomeRatio,totalOtherIncomeExpensesNet,incomeBeforeTax,incomeBeforeTaxRatio,incomeTaxExpense,netIncome,netIncomeRatio,eps,epsdiluted,weightedAverageShsOut,weightedAverageShsOutDil,link,finalLink,timestamp,est_time,est_date
0,2019-06-30,VLE.L,GBP,2019-06-30,2019-06-30,Q2,5759000.0,4863500.0,895500.0,0.1554957457891995,0.0,570250.0,306250.0,0.0,0.0,5740000.0,33000.0,158250.0,177250.0,0.030777912832088906,19000.0,0.003299183886091335,0.0,34250.0,0.005947213057822538,7750.0,735500.0,0.12771314464316721,0.3055,0.3055,2405768.0,2405768.0,https://find-and-update.company-information.service.gov.uk/search/companies?q=Volvere+PLC,https://find-and-update.company-information.service.gov.uk/search/companies?q=Volvere+PLC,1620599547,18:32:27,20210509
1,2019-03-31,VLE.L,GBP,2019-03-31,2019-03-31,Q1,5759000.0,4863500.0,895500.0,0.1554957457891995,0.0,570250.0,306250.0,0.0,0.0,5740000.0,33000.0,158250.0,177250.0,0.030777912832088906,19000.0,0.003299183886091335,0.0,34250.0,0.005947213057822538,7750.0,735500.0,0.12771314464316721,0.3055,0.3055,2405768.0,2405768.0,https://find-and-update.company-information.service.gov.uk/search/companies?q=Volvere+PLC,https://find-and-update.company-information.service.gov.uk/search/companies?q=Volvere+PLC,1620599547,18:32:27,20210509
2,2019-01-31,VLE.L,GBP,2019-01-31,2019-01-31,Q1,5759000.0,4863500.0,895500.0,0.1554957457891995,0.0,570250.0,306250.0,0.0,0.0,5740000.0,33000.0,158250.0,177250.0,0.030777912832088906,19000.0,0.003299183886091335,0.0,34250.0,0.005947213057822538,7750.0,735500.0,0.12771314464316721,0.3055,0.3055,2405768.0,2405768.0,https://find-and-update.company-information.service.gov.uk/search/companies?q=Volvere+PLC,https://find-and-update.company-information.service.gov.uk/search/companies?q=Volvere+PLC,1620599547,18:32:27,20210509
3,2018-06-30,VLE.L,GBP,2018-06-30,2018-06-30,Q2,4660000.0,3925000.0,735000.0,0.157725321888412,0.0,1206250.0,273750.0,0.0,0.0,5405000.0,17000.0,115000.0,-630000.0,-0.1351931330472103,-745000.0,-0.15987124463519314,0.0,-608000.0,-0.13047210300429185,-100500.0,5239000.0,1.1242489270386267,1.47525,1.47525,3574895.0,3574895.0,https://find-and-update.company-information.service.gov.uk/search/companies?q=Volvere+PLC,https://find-and-update.company-information.service.gov.uk/search/companies?q=Volvere+PLC,1620599547,18:32:27,20210509
4,2018-03-31,VLE.L,GBP,2018-03-31,2018-03-31,Q1,4660000.0,3925000.0,735000.0,0.157725321888412,0.0,1206250.0,273750.0,0.0,0.0,5405000.0,17000.0,115000.0,-630000.0,-0.1351931330472103,-745000.0,-0.15987124463519314,0.0,-608000.0,-0.13047210300429185,-100500.0,5239000.0,1.1242489270386267,1.47525,1.47525,3574895.0,3574895.0,https://find-and-update.company-information.service.gov.uk/search/companies?q=Volvere+PLC,https://find-and-update.company-information.service.gov.uk/search/companies?q=Volvere+PLC,1620599547,18:32:27,20210509
5,2018-01-31,VLE.L,GBP,2018-01-31,2018-01-31,Q1,4660000.0,3925000.0,735000.0,0.157725321888412,0.0,1206250.0,273750.0,0.0,0.0,5405000.0,17000.0,115000.0,-630000.0,-0.1351931330472103,-745000.0,-0.15987124463519314,0.0,-608000.0,-0.13047210300429185,-100500.0,5239000.0,1.1242489270386267,1.47525,1.47525,3574895.0,3574895.0,https://find-and-update.company-information.service.gov.uk/search/companies?q=Volvere+PLC,https://find-and-update.company-information.service.gov.uk/search/companies?q=Volvere+PLC,1620599547,18:32:27,20210509
6,2017-06-30,VLE.L,GBP,2017-06-30,2017-06-30,Q2,10854500.0,8423250.0,2431250.0,0.22398544382514166,0.0,1316000.0,243500.0,0.0,0.0,9982750.0,41000.0,173750.0,1045500.0,0.09631949882537197,871750.0,0.08031231286563177,0.0,863500.0,0.07955225943157215,168750.0,562750.0,0.051844856971762866,0.141,0.141,3987670.0,3987670.0,https://find-and-update.company-information.service.gov.uk/search/companies?q=Volvere+PLC,https://find-and-update.company-information.service.gov.uk/search/companies?q=Volvere+PLC,1620599547,18:32:27,20210509
7,2017-03-31,VLE.L,GBP,2017-03-31,2017-03-31,Q1,10854500.0,8423250.0,2431250.0,0.22398544382514166,0.0,1316000.0,243500.0,0.0,0.0,9982750.0,41000.0,173750.0,1045500.0,0.09631949882537197,871750.0,0.08031231286563177,0.0,863500.0,0.07955225943157215,168750.0,562750.0,0.051844856971762866,0.141,0.141,3987670.0,3987670.0,https://find-and-update.company-information.service.gov.uk/search/companies?q=Volvere+PLC,https://find-and-update.company-information.service.gov.uk/search/companies?q=Volvere+PLC,1620599547,18:32:27,20210509
8,2017-01-31,VLE.L,GBP,2017-01-31,2017-01-31,Q1,10854500.0,8423250.0,2431250.0,0.22398544382514166,0.0,1316000.0,243500.0,0.0,0.0,9982750.0,41000.0,173750.0,1045500.0,0.09631949882537197,871750.0,0.08031231286563177,0.0,863500.0,0.07955225943157215,168750.0,562750.0,0.051844856971762866,0.141,0.141,3987670.0,3987670.0,https://find-and-update.company-information.service.gov.uk/search/companies?q=Volvere+PLC,https://find-and-update.company-information.service.gov.uk/search/companies?q=Volvere+PLC,1620599547,18:32:27,20210509
9,2016-06-30,VLE.L,GBP,2016-06-30,2016-06-30,Q2,8241000.0,6258250.0,1982750.0,0.24059580148040285,0.0,1266250.0,233000.0,0.0,0.0,7757500.0,40500.0,117000.0,600500.0,0.07286737046474942,483500.0,0.058670064312583425,0.0,496000.0,0.060186870525421675,77750.0,333500.0,0.04046838975852445,0.0815,0.0815,4085958.0,4085958.0,https://find-and-update.company-information.service.gov.uk/search/companies?q=Volvere+PLC,https://find-and-update.company-information.service.gov.uk/search/companies?q=Volvere+PLC,1620599547,18:32:27,20210509
10,2016-03-31,VLE.L,GBP,2016-03-31,2016-03-31,Q1,8241000.0,6258250.0,1982750.0,0.24059580148040285,0.0,1266250.0,233000.0,0.0,0.0,7757500.0,40500.0,117000.0,600500.0,0.07286737046474942,483500.0,0.058670064312583425,0.0,496000.0,0.060186870525421675,77750.0,333500.0,0.04046838975852445,0.0815,0.0815,4085958.0,4085958.0,https://find-and-update.company-information.service.gov.uk/search/companies?q=Volvere+PLC,https://find-and-update.company-information.service.gov.uk/search/companies?q=Volvere+PLC,1620599547,18:32:27,20210509
11,2016-01-31,VLE.L,GBP,2016-01-31,2016-01-31,Q1,8241000.0,6258250.0,1982750.0,0.24059580148040285,0.0,1266250.0,233000.0,0.0,0.0,7757500.0,40500.0,117000.0,600500.0,0.07286737046474942,483500.0,0.058670064312583425,0.0,496000.0,0.060186870525421675,77750.0,333500.0,0.04046838975852445,0.0815,0.0815,4085958.0,4085958.0,https://find-and-update.company-information.service.gov.uk/search/companies?q=Volvere+PLC,https://find-and-update.company-information.service.gov.uk/search/companies?q=Volvere+PLC,1620599547,18:32:27,20210509
12,2015-09-30,VLE.L,GBP,2015-09-30,2015-09-30,Q3,6966000.0,5385000.0,1581000.0,0.22695951765719208,0.0,1117250.0,223250.0,0.0,0.0,6747750.0,43000.0,22250.0,240500.0,0.034524834912431815,218250.0,0.03133074935400517,0.0,335750.0,0.04819839219064025,83750.0,1624750.0,0.23324002296870514,0.397,0.397,4091547.0,4091547.0,https://find-and-update.company-information.service.gov.uk/search/companies?q=Volvere+PLC,https://find-and-update.company-information.service.gov.uk/search/companies?q=Volvere+PLC,1620599547,18:32:27,20210509
13,2015-06-30,VLE.L,GBP,2015-06-30,2015-06-30,Q2,6966000.0,5385000.0,1581000.0,0.22695951765719208,0.0,1117250.0,223250.0,0.0,0.0,6747750.0,43000.0,22250.0,240500.0,0.034524834912431815,218250.0,0.03133074935400517,0.0,335750.0,0.04819839219064025,83750.0,1624750.0,0.23324002296870514,0.397,0.397,4091547.0,4091547.0,https://find-and-update.company-information.service.gov.uk/search/companies?q=Volvere+PLC,https://find-and-update.company-information.service.gov.uk/search/companies?q=Volvere+PLC,1620599547,18:32:27,20210509
14,2015-03-31,VLE.L,GBP,2015-03-31,2015-03-31,Q1,6966000.0,5385000.0,1581000.0,0.22695951765719208,0.0,1117250.0,223250.0,0.0,0.0,6747750.0,43000.0,22250.0,240500.0,0.034524834912431815,218250.0,0.03133074935400517,0.0,335750.0,0.04819839219064025,83750.0,1624750.0,0.23324002296870514,0.397,0.397,4091547.0,4091547.0,https://find-and-update.company-information.service.gov.uk/search/companies?q=Volvere+PLC,https://find-and-update.company-information.service.gov.uk/search/companies?q=Volvere+PLC,1620599547,18:32:27,20210509
15,2015-01-31,VLE.L,GBP,2015-01-31,2015-01-31,Q1,6966000.0,5385000.0,1581000.0,0.22695951765719208,0.0,1117250.0,223250.0,0.0,0.0,6747750.0,43000.0,22250.0,240500.0,0.034524834912431815,218250.0,0.03133074935400517,0.0,335750.0,0.04819839219064025,83750.0,1624750.0,0.23324002296870514,0.397,0.397,4091547.0,4091547.0,https://find-and-update.company-information.service.gov.uk/search/companies?q=Volvere+PLC,https://find-and-update.company-information.service.gov.uk/search/companies?q=Volvere+PLC,1620599547,18:32:27,20210509
16,2014-09-30,VLE.L,GBP,2014-09-30,2014-09-30,Q3,6037000.0,4104500.0,1932500.0,0.3201093258240848,0.0,1541000.0,178250.0,0.0,0.0,5863250.0,39000.0,104000.0,277750.0,0.04600795096902435,173750.0,0.028780851416266358,0.0,412000.0,0.06824581745900282,0.0,267250.0,0.04426867649494782,0.064,0.064,4175676.0,4175676.0,https://find-and-update.company-information.service.gov.uk/search/companies?q=Volvere+PLC,https://find-and-update.company-information.service.gov.uk/search/companies?q=Volvere+PLC,1620599547,18:32:27,20210509
17,2014-06-30,VLE.L,GBP,2014-06-30,2014-06-30,Q2,6037000.0,4104500.0,1932500.0,0.3201093258240848,0.0,1541000.0,178250.0,0.0,0.0,5863250.0,39000.0,104000.0,277750.0,0.04600795096902435,173750.0,0.028780851416266358,0.0,412000.0,0.06824581745900282,0.0,267250.0,0.04426867649494782,0.064,0.064,4175676.0,4175676.0,https://find-and-update.company-information.service.gov.uk/search/companies?q=Volvere+PLC,https://find-and-update.company-information.service.gov.uk/search/companies?q=Volvere+PLC,1620599547,18:32:27,20210509
18,2014-03-31,VLE.L,GBP,2014-03-31,2014-03-31,Q1,6037000.0,4104500.0,1932500.0,0.3201093258240848,0.0,1541000.0,178250.0,0.0,0.0,5863250.0,39000.0,104000.0,277750.0,0.04600795096902435,173750.0,0.028780851416266358,0.0,412000.0,0.06824581745900282,0.0,267250.0,0.04426867649494782,0.064,0.064,4175676.0,4175676.0,https://find-and-update.company-information.service.gov.uk/search/companies?q=Volvere+PLC,https://find-and-update.company-information.service.gov.uk/search/companies?q=Volvere+PLC,1620599547,18:32:27,20210509
19,2014-01-31,VLE.L,GBP,2014-01-31,2014-01-31,Q1,6037000.0,4104500.0,1932500.0,0.3201093258240848,0.0,1541000.0,178250.0,0.0,0.0,5863250.0,39000.0,104000.0,277750.0,0.04600795096902435,173750.0,0.028780851416266358,0.0,412000.0,0.06824581745900282,0.0,267250.0,0.04426867649494782,0.064,0.064,4175676.0,4175676.0,https://find-and-update.company-information.service.gov.uk/search/companies?q=Volvere+PLC,https://find-and-update.company-information.service.gov.uk/search/companies?q=Volvere+PLC,1620599547,18:32:27,20210509
20,2013-09-30,VLE.L,GBP,2013-09-30,2013-09-30,Q3,4034250.0,2874250.0,1160000.0,0.2875379562496127,0.0,1017250.0,130750.0,0.0,0.0,4022250.0,34750.0,86000.0,98000.0,0.024291999752122453,12000.0,0.002974530581892545,0.0,127000.0,0.03148044865836277,0.0,172250.0,0.04269690772758258,0.03785,0.037775,4548805.0,4558704.0,https://find-and-update.company-information.service.gov.uk/search/companies?q=Volvere+PLC,https://find-and-update.company-information.service.gov.uk/search/companies?q=Volvere+PLC,1620599547,18:32:27,20210509
21,2013-06-30,VLE.L,GBP,2013-06-30,2013-06-30,Q2,4034250.0,2874250.0,1160000.0,0.2875379562496127,0.0,1017250.0,130750.0,0.0,0.0,4022250.0,34750.0,86000.0,98000.0,0.024291999752122453,12000.0,0.002974530581892545,0.0,127000.0,0.03148044865836277,0.0,172250.0,0.04269690772758258,0.03785,0.037775,4548805.0,4558704.0,https://find-and-update.company-information.service.gov.uk/search/companies?q=Volvere+PLC,https://find-and-update.company-information.service.gov.uk/search/companies?q=Volvere+PLC,1620599547,18:32:27,20210509
22,2013-03-31,VLE.L,GBP,2013-03-31,2013-03-31,Q1,4034250.0,2874250.0,1160000.0,0.2875379562496127,0.0,1017250.0,130750.0,0.0,0.0,4022250.0,34750.0,86000.0,98000.0,0.024291999752122453,12000.0,0.002974530581892545,0.0,127000.0,0.03148044865836277,0.0,172250.0,0.04269690772758258,0.03785,0.037775,4548805.0,4558704.0,https://find-and-update.company-information.service.gov.uk/search/companies?q=Volvere+PLC,https://find-and-update.company-information.service.gov.uk/search/companies?q=Volvere+PLC,1620599547,18:32:27,20210509
23,2013-01-31,VLE.L,GBP,2013-01-31,2013-01-31,Q1,4034250.0,2874250.0,1160000.0,0.2875379562496127,0.0,1017250.0,130750.0,0.0,0.0,4022250.0,34750.0,86000.0,98000.0,0.024291999752122453,12000.0,0.002974530581892545,0.0,127000.0,0.03148044865836277,0.0,172250.0,0.04269690772758258,0.03785,0.037775,4548805.0,4558704.0,https://find-and-update.company-information.service.gov.uk/search/companies?q=Volvere+PLC,https://find-and-update.company-information.service.gov.uk/search/companies?q=Volvere+PLC,1620599547,18:32:27,20210509
24,2012-09-30,VLE.L,GBP,2012-09-30,2012-09-30,Q3,3835250.0,2396750.0,1438500.0,0.375073332898768,0.0,1576000.0,107250.0,0.0,0.0,4080000.0,34250.0,126000.0,-118750.0,-0.030962779479825304,-244750.0,-0.06381591812789257,0.0,-32500.0,-0.008474023857636398,54750.0,-81250.0,-0.021185059644091,-0.0164,-0.0164,4953801.0,4953801.0,https://find-and-update.company-information.service.gov.uk/search/companies?q=Volvere+PLC,https://find-and-update.company-information.service.gov.uk/search/companies?q=Volvere+PLC,1620599547,18:32:27,20210509
25,2012-06-30,VLE.L,GBP,2012-06-30,2012-06-30,Q2,3835250.0,2396750.0,1438500.0,0.375073332898768,0.0,1576000.0,107250.0,0.0,0.0,4080000.0,34250.0,126000.0,-118750.0,-0.030962779479825304,-244750.0,-0.06381591812789257,0.0,-32500.0,-0.008474023857636398,54750.0,-81250.0,-0.021185059644091,-0.0164,-0.0164,4953801.0,4953801.0,https://find-and-update.company-information.service.gov.uk/search/companies?q=Volvere+PLC,https://find-and-update.company-information.service.gov.uk/search/companies?q=Volvere+PLC,1620599547,18:32:27,20210509
26,2012-03-31,VLE.L,GBP,2012-03-31,2012-03-31,Q1,3835250.0,2396750.0,1438500.0,0.375073332898768,0.0,1576000.0,107250.0,0.0,0.0,4080000.0,34250.0,126000.0,-118750.0,-0.030962779479825304,-244750.0,-0.06381591812789257,0.0,-32500.0,-0.008474023857636398,54750.0,-81250.0,-0.021185059644091,-0.0164,-0.0164,4953801.0,4953801.0,https://find-and-update.company-information.service.gov.uk/search/companies?q=Volvere+PLC,https://find-and-update.company-information.service.gov.uk/search/companies?q=Volvere+PLC,1620599547,18:32:27,20210509
27,2012-01-31,VLE.L,GBP,2012-01-31,2012-01-31,Q1,3835250.0,2396750.0,1438500.0,0.375073332898768,0.0,1576000.0,107250.0,0.0,0.0,4080000.0,34250.0,126000.0,-118750.0,-0.030962779479825304,-244750.0,-0.06381591812789257,0.0,-32500.0,-0.008474023857636398,54750.0,-81250.0,-0.021185059644091,-0.0164,-0.0164,4953801.0,4953801.0,https://find-and-update.company-information.service.gov.uk/search/companies?q=Volvere+PLC,https://find-and-update.company-information.service.gov.uk/search/companies?q=Volvere+PLC,1620599547,18:32:27,20210509
28,2011-09-30,VLE.L,GBP,2011-09-30,2011-09-30,Q3,3055250.0,1562500.0,1492750.0,0.48858522215857947,0.0,0.0,204750.0,-220000.0,1521000.0,3415750.0,10500.0,82000.0,-278500.0,-0.09115457000245479,-360500.0,-0.11799361754357254,0.0,288500.0,0.09442762458063989,17000.0,357750.0,0.11709352753457164,0.0673,0.067175,5314731.0,5326671.0,https://find-and-update.company-information.service.gov.uk/search/companies?q=Volvere+PLC,https://find-and-update.company-information.service.gov.uk/search/companies?q=Volvere+PLC,1620599547,18:32:27,20210509
29,2011-06-30,VLE.L,GBP,2011-06-30,2011-06-30,Q2,3055250.0,1562500.0,1492750.0,0.48858522215857947,0.0,0.0,204750.0,-220000.0,1521000.0,3415750.0,10500.0,82000.0,-278500.0,-0.09115457000245479,-360500.0,-0.11799361754357254,0.0,288500.0,0.09442762458063989,17000.0,357750.0,0.11709352753457164,0.0673,0.067175,5314731.0,5326671.0,https://find-and-update.company-information.service.gov.uk/search/companies?q=Volvere+PLC,https://find-and-update.company-information.service.gov.uk/search/companies?q=Volvere+PLC,1620599547,18:32:27,20210509
30,2011-03-31,VLE.L,GBP,2011-03-31,2011-03-31,Q1,3055250.0,1562500.0,1492750.0,0.48858522215857947,0.0,0.0,204750.0,-220000.0,1521000.0,3415750.0,10500.0,82000.0,-278500.0,-0.09115457000245479,-360500.0,-0.11799361754357254,0.0,288500.0,0.09442762458063989,17000.0,357750.0,0.11709352753457164,0.0673,0.067175,5314731.0,5326671.0,https://find-and-update.company-information.service.gov.uk/search/companies?q=Volvere+PLC,https://find-and-update.company-information.service.gov.uk/search/companies?q=Volvere+PLC,1620599547,18:32:27,20210509
31,2011-01-31,VLE.L,GBP,2011-01-31,2011-01-31,Q1,3055250.0,1562500.0,1492750.0,0.48858522215857947,0.0,0.0,204750.0,-220000.0,1521000.0,3415750.0,10500.0,82000.0,-278500.0,-0.09115457000245479,-360500.0,-0.11799361754357254,0.0,288500.0,0.09442762458063989,17000.0,357750.0,0.11709352753457164,0.0673,0.067175,5314731.0,5326671.0,https://find-and-update.company-information.service.gov.uk/search/companies?q=Volvere+PLC,https://find-and-update.company-information.service.gov.uk/search/companies?q=Volvere+PLC,1620599547,18:32:27,20210509
32,2010-09-30,VLE.L,GBP,2010-09-30,2010-09-30,Q3,2244750.0,684750.0,1560000.0,0.694954894754427,0.0,526000.0,0.0,-291000.0,1431000.0,2218000.0,0.0,58000.0,84750.0,0.03775476110925493,26750.0,0.011916694509410847,0.0,234250.0,0.10435460518988751,-279000.0,273250.0,0.12172847755874819,0.0486,0.048475,5623258.0,5636012.0,https://find-and-update.company-information.service.gov.uk/search/companies?q=Volvere+PLC,https://find-and-update.company-information.service.gov.uk/search/companies?q=Volvere+PLC,1620599547,18:32:27,20210509
33,2010-06-30,VLE.L,GBP,2010-06-30,2010-06-30,Q2,2244750.0,684750.0,1560000.0,0.694954894754427,0.0,526000.0,0.0,-291000.0,1431000.0,2218000.0,0.0,58000.0,84750.0,0.03775476110925493,26750.0,0.011916694509410847,0.0,234250.0,0.10435460518988751,-279000.0,273250.0,0.12172847755874819,0.0486,0.048475,5623258.0,5636012.0,https://find-and-update.company-information.service.gov.uk/search/companies?q=Volvere+PLC,https://find-and-update.company-information.service.gov.uk/search/companies?q=Volvere+PLC,1620599547,18:32:27,20210509
34,2010-03-31,VLE.L,GBP,2010-03-31,2010-03-31,Q1,2244750.0,684750.0,1560000.0,0.694954894754427,0.0,526000.0,0.0,-291000.0,1431000.0,2218000.0,0.0,58000.0,84750.0,0.03775476110925493,26750.0,0.011916694509410847,0.0,234250.0,0.10435460518988751,-279000.0,273250.0,0.12172847755874819,0.0486,0.048475,5623258.0,5636012.0,https://find-and-update.company-information.service.gov.uk/search/companies?q=Volvere+PLC,https://find-and-update.company-information.service.gov.uk/search/companies?q=Volvere+PLC,1620599547,18:32:27,20210509
35,2010-01-31,VLE.L,GBP,2010-01-31,2010-01-31,Q1,2244750.0,684750.0,1560000.0,0.694954894754427,0.0,526000.0,0.0,-291000.0,1431000.0,2218000.0,0.0,58000.0,84750.0,0.03775476110925493,26750.0,0.011916694509410847,0.0,234250.0,0.10435460518988751,-279000.0,273250.0,0.12172847755874819,0.0486,0.048475,5623258.0,5636012.0,https://find-and-update.company-information.service.gov.uk/search/companies?q=Volvere+PLC,https://find-and-update.company-information.service.gov.uk/search/companies?q=Volvere+PLC,1620599547,18:32:27,20210509
36,2009-09-30,VLE.L,GBP,2009-09-30,2009-09-30,Q3,2722500.0,940250.0,1782250.0,0.6546372819100091,0.0,517750.0,0.0,-149500.0,1585750.0,2596250.0,1750.0,62500.0,188750.0,0.06932966023875115,126250.0,0.046372819100091826,0.0,131250.0,0.048209366391184574,32000.0,1614750.0,0.5931129476584022,0.283925,0.283925,5687457.0,5687457.0,https://find-and-update.company-information.service.gov.uk/search/companies?q=Volvere+PLC,https://find-and-update.company-information.service.gov.uk/search/companies?q=Volvere+PLC,1620599547,18:32:27,20210509
37,2009-06-30,VLE.L,GBP,2009-06-30,2009-06-30,Q2,2722500.0,940250.0,1782250.0,0.6546372819100091,0.0,517750.0,0.0,-149500.0,1585750.0,2596250.0,1750.0,62500.0,188750.0,0.06932966023875115,126250.0,0.046372819100091826,0.0,131250.0,0.048209366391184574,32000.0,1614750.0,0.5931129476584022,0.283925,0.283925,5687457.0,5687457.0,https://find-and-update.company-information.service.gov.uk/search/companies?q=Volvere+PLC,https://find-and-update.company-information.service.gov.uk/search/companies?q=Volvere+PLC,1620599547,18:32:27,20210509
38,2009-03-31,VLE.L,GBP,2009-03-31,2009-03-31,Q1,2722500.0,940250.0,1782250.0,0.6546372819100091,0.0,517750.0,0.0,-149500.0,1585750.0,2596250.0,1750.0,62500.0,188750.0,0.06932966023875115,126250.0,0.046372819100091826,0.0,131250.0,0.048209366391184574,32000.0,1614750.0,0.5931129476584022,0.283925,0.283925,5687457.0,5687457.0,https://find-and-update.company-information.service.gov.uk/search/companies?q=Volvere+PLC,https://find-and-update.company-information.service.gov.uk/search/companies?q=Volvere+PLC,1620599547,18:32:27,20210509
39,2009-01-31,VLE.L,GBP,2009-01-31,2009-01-31,Q1,2722500.0,940250.0,1782250.0,0.6546372819100091,0.0,517750.0,0.0,-149500.0,1585750.0,2596250.0,1750.0,62500.0,188750.0,0.06932966023875115,126250.0,0.046372819100091826,0.0,131250.0,0.048209366391184574,32000.0,1614750.0,0.5931129476584022,0.283925,0.283925,5687457.0,5687457.0,https://find-and-update.company-information.service.gov.uk/search/companies?q=Volvere+PLC,https://find-and-update.company-information.service.gov.uk/search/companies?q=Volvere+PLC,1620599547,18:32:27,20210509
40,2008-09-30,VLE.L,GBP,2008-09-30,2008-09-30,Q3,761250.0,244500.0,516750.0,0.6788177339901478,0.0,249500.0,0.0,-500.0,641250.0,921500.0,2250.0,17750.0,-142500.0,-0.18719211822660098,-160250.0,-0.21050903119868636,0.0,-44500.0,-0.05845648604269294,1000.0,80750.0,0.10607553366174056,0.014225,0.014225,5675232.0,5675232.0,https://find-and-update.company-information.service.gov.uk/search/companies?q=Volvere+PLC,https://find-and-update.company-information.service.gov.uk/search/companies?q=Volvere+PLC,1620599547,18:32:27,20210509
41,2008-06-30,VLE.L,GBP,2008-06-30,2008-06-30,Q2,761250.0,244500.0,516750.0,0.6788177339901478,0.0,249500.0,0.0,-500.0,641250.0,921500.0,2250.0,17750.0,-142500.0,-0.18719211822660098,-160250.0,-0.21050903119868636,0.0,-44500.0,-0.05845648604269294,1000.0,80750.0,0.10607553366174056,0.014225,0.014225,5675232.0,5675232.0,https://find-and-update.company-information.service.gov.uk/search/companies?q=Volvere+PLC,https://find-and-update.company-information.service.gov.uk/search/companies?q=Volvere+PLC,1620599547,18:32:27,20210509
42,2008-03-31,VLE.L,GBP,2008-03-31,2008-03-31,Q1,761250.0,244500.0,516750.0,0.6788177339901478,0.0,249500.0,0.0,-500.0,641250.0,921500.0,2250.0,17750.0,-142500.0,-0.18719211822660098,-160250.0,-0.21050903119868636,0.0,-44500.0,-0.05845648604269294,1000.0,80750.0,0.10607553366174056,0.014225,0.014225,5675232.0,5675232.0,https://find-and-update.company-information.service.gov.uk/search/companies?q=Volvere+PLC,https://find-and-update.company-information.service.gov.uk/search/companies?q=Volvere+PLC,1620599547,18:32:27,20210509
43,2008-01-31,VLE.L,GBP,2008-01-31,2008-01-31,Q1,761250.0,244500.0,516750.0,0.6788177339901478,0.0,249500.0,0.0,-500.0,641250.0,921500.0,2250.0,17750.0,-142500.0,-0.18719211822660098,-160250.0,-0.21050903119868636,0.0,-44500.0,-0.05845648604269294,1000.0,80750.0,0.10607553366174056,0.014225,0.014225,5675232.0,5675232.0,https://find-and-update.company-information.service.gov.uk/search/companies?q=Volvere+PLC,https://find-and-update.company-information.service.gov.uk/search/companies?q=Volvere+PLC,1620599547,18:32:27,20210509
44,2007-09-30,VLE.L,GBP,2007-09-30,2007-09-30,Q3,948750.0,295000.0,653750.0,0.689064558629776,0.0,17750.0,0.0,0.0,760750.0,1154500.0,10250.0,74750.0,-131000.0,-0.1380764163372859,-205750.0,-0.2168642951251647,0.0,-91000.0,-0.09591567852437417,0.0,812750.0,0.8566534914361001,0.14431122573542793,0.14258546794875168,5631925.0,5700090.0,https://find-and-update.company-information.service.gov.uk/search/companies?q=Volvere+PLC,https://find-and-update.company-information.service.gov.uk/search/companies?q=Volvere+PLC,1620599547,18:32:27,20210509
45,2007-06-30,VLE.L,GBP,2007-06-30,2007-06-30,Q2,948750.0,295000.0,653750.0,0.689064558629776,0.0,17750.0,0.0,0.0,760750.0,1154500.0,10250.0,74750.0,-131000.0,-0.1380764163372859,-205750.0,-0.2168642951251647,0.0,-91000.0,-0.09591567852437417,0.0,812750.0,0.8566534914361001,0.14431122573542793,0.14258546794875168,5631925.0,5700090.0,https://find-and-update.company-information.service.gov.uk/search/companies?q=Volvere+PLC,https://find-and-update.company-information.service.gov.uk/search/companies?q=Volvere+PLC,1620599547,18:32:27,20210509
46,2007-03-31,VLE.L,GBP,2007-03-31,2007-03-31,Q1,948750.0,295000.0,653750.0,0.689064558629776,0.0,17750.0,0.0,0.0,760750.0,1154500.0,10250.0,74750.0,-131000.0,-0.1380764163372859,-205750.0,-0.2168642951251647,0.0,-91000.0,-0.09591567852437417,0.0,812750.0,0.8566534914361001,0.14431122573542793,0.14258546794875168,5631925.0,5700090.0,https://find-and-update.company-information.service.gov.uk/search/companies?q=Volvere+PLC,https://find-and-update.company-information.service.gov.uk/search/companies?q=Volvere+PLC,1620599547,18:32:27,20210509
47,2007-01-31,VLE.L,GBP,2007-01-31,2007-01-31,Q1,948750.0,295000.0,653750.0,0.689064558629776,0.0,17750.0,0.0,0.0,760750.0,1154500.0,10250.0,74750.0,-131000.0,-0.1380764163372859,-205750.0,-0.2168642951251647,0.0,-91000.0,-0.09591567852437417,0.0,812750.0,0.8566534914361001,0.14431122573542793,0.14258546794875168,5631925.0,5700090.0,https://find-and-update.company-information.service.gov.uk/search/companies?q=Volvere+PLC,https://find-and-update.company-information.service.gov.uk/search/companies?q=Volvere+PLC,1620599547,18:32:27,20210509
48,2006-09-30,VLE.L,GBP,2006-09-30,2006-09-30,Q3,855000.0,271500.0,583500.0,0.6824561403508772,0.0,561000.0,0.0,-5500.0,552500.0,1066750.0,11000.0,86750.0,-125000.0,-0.14619883040935672,-211750.0,-0.2476608187134503,0.0,-137000.0,-0.16023391812865498,0.0,-30250.0,-0.035380116959064324,-0.007577552808654392,-0.0074015586581475746,3992054.0,4086977.0,https://find-and-update.company-information.service.gov.uk/search/companies?q=Volvere+PLC,https://find-and-update.company-information.service.gov.uk/search/companies?q=Volvere+PLC,1620599547,18:32:27,20210509
49,2006-06-30,VLE.L,GBP,2006-06-30,2006-06-30,Q2,855000.0,271500.0,583500.0,0.6824561403508772,0.0,561000.0,0.0,-5500.0,552500.0,1066750.0,11000.0,86750.0,-125000.0,-0.14619883040935672,-211750.0,-0.2476608187134503,0.0,-137000.0,-0.16023391812865498,0.0,-30250.0,-0.035380116959064324,-0.007577552808654392,-0.0074015586581475746,3992054.0,4086977.0,https://find-and-update.company-information.service.gov.uk/search/companies?q=Volvere+PLC,https://find-and-update.company-information.service.gov.uk/search/companies?q=Volvere+PLC,1620599547,18:32:27,20210509
50,2006-03-31,VLE.L,GBP,2006-03-31,2006-03-31,Q1,855000.0,271500.0,583500.0,0.6824561403508772,0.0,561000.0,0.0,-5500.0,552500.0,1066750.0,11000.0,86750.0,-125000.0,-0.14619883040935672,-211750.0,-0.2476608187134503,0.0,-137000.0,-0.16023391812865498,0.0,-30250.0,-0.035380116959064324,-0.007577552808654392,-0.0074015586581475746,3992054.0,4086977.0,https://find-and-update.company-information.service.gov.uk/search/companies?q=Volvere+PLC,https://find-and-update.company-information.service.gov.uk/search/companies?q=Volvere+PLC,1620599547,18:32:27,20210509
51,2006-01-31,VLE.L,GBP,2006-01-31,2006-01-31,Q1,855000.0,271500.0,583500.0,0.6824561403508772,0.0,561000.0,0.0,-5500.0,552500.0,1066750.0,11000.0,86750.0,-125000.0,-0.14619883040935672,-211750.0,-0.2476608187134503,0.0,-137000.0,-0.16023391812865498,0.0,-30250.0,-0.035380116959064324,-0.007577552808654392,-0.0074015586581475746,3992054.0,4086977.0,https://find-and-update.company-information.service.gov.uk/search/companies?q=Volvere+PLC,https://find-and-update.company-information.service.gov.uk/search/companies?q=Volvere+PLC,1620599547,18:32:27,20210509
52,2005-09-30,VLE.L,GBP,2005-09-30,2005-09-30,Q3,2656500.0,1447750.0,1208750.0,0.4550159984942594,0.0,1091250.0,0.0,34000.0,1106250.0,2698750.0,0.0,1500.0,-40750.0,-0.015339732731037078,-42250.0,-0.01590438546960286,0.0,-15750.0,-0.005928853754940711,-750.0,-15000.0,-0.00564652738565782,-0.00408979666621588,-0.0038087325604483943,3667664.0,3938318.0,https://find-and-update.company-information.service.gov.uk/search/companies?q=Volvere+PLC,https://find-and-update.company-information.service.gov.uk/search/companies?q=Volvere+PLC,1620599547,18:32:27,20210509
53,2005-06-30,VLE.L,GBP,2005-06-30,2005-06-30,Q2,2656500.0,1447750.0,1208750.0,0.4550159984942594,0.0,1091250.0,0.0,34000.0,1106250.0,2698750.0,0.0,1500.0,-40750.0,-0.015339732731037078,-42250.0,-0.01590438546960286,0.0,-15750.0,-0.005928853754940711,-750.0,-15000.0,-0.00564652738565782,-0.00408979666621588,-0.0038087325604483943,3667664.0,3938318.0,https://find-and-update.company-information.service.gov.uk/search/companies?q=Volvere+PLC,https://find-and-update.company-information.service.gov.uk/search/companies?q=Volvere+PLC,1620599547,18:32:27,20210509
54,2005-03-31,VLE.L,GBP,2005-03-31,2005-03-31,Q1,2656500.0,1447750.0,1208750.0,0.4550159984942594,0.0,1091250.0,0.0,34000.0,1106250.0,2698750.0,0.0,1500.0,-40750.0,-0.015339732731037078,-42250.0,-0.01590438546960286,0.0,-15750.0,-0.005928853754940711,-750.0,-15000.0,-0.00564652738565782,-0.00408979666621588,-0.0038087325604483943,3667664.0,3938318.0,https://find-and-update.company-information.service.gov.uk/search/companies?q=Volvere+PLC,https://find-and-update.company-information.service.gov.uk/search/companies?q=Volvere+PLC,1620599547,18:32:27,20210509
55,2005-01-31,VLE.L,GBP,2005-01-31,2005-01-31,Q1,2656500.0,1447750.0,1208750.0,0.4550159984942594,0.0,1091250.0,0.0,34000.0,1106250.0,2698750.0,0.0,1500.0,-40750.0,-0.015339732731037078,-42250.0,-0.01590438546960286,0.0,-15750.0,-0.005928853754940711,-750.0,-15000.0,-0.00564652738565782,-0.00408979666621588,-0.0038087325604483943,3667664.0,3938318.0,https://find-and-update.company-information.service.gov.uk/search/companies?q=Volvere+PLC,https://find-and-update.company-information.service.gov.uk/search/companies?q=Volvere+PLC,1620599547,18:32:27,20210509
56,2004-09-30,VLE.L,GBP,2004-09-30,2004-09-30,Q3,2625250.0,1446750.0,1178500.0,0.4489096276545091,0.0,1097000.0,0.0,0.0,1097500.0,2715500.0,0.0,21000.0,-69250.0,-0.02637844014855728,-90250.0,-0.03437767831635082,0.0,-52750.0,-0.020093324445290925,0.0,-52750.0,-0.020093324445290925,-0.01453758758724275,-0.013829373064051626,3628525.0,3814345.0,https://find-and-update.company-information.service.gov.uk/search/companies?q=Volvere+PLC,https://find-and-update.company-information.service.gov.uk/search/companies?q=Volvere+PLC,1620599547,18:32:27,20210509
57,2004-06-30,VLE.L,GBP,2004-06-30,2004-06-30,Q2,2625250.0,1446750.0,1178500.0,0.4489096276545091,0.0,1097000.0,0.0,0.0,1097500.0,2715500.0,0.0,21000.0,-69250.0,-0.02637844014855728,-90250.0,-0.03437767831635082,0.0,-52750.0,-0.020093324445290925,0.0,-52750.0,-0.020093324445290925,-0.01453758758724275,-0.013829373064051626,3628525.0,3814345.0,https://find-and-update.company-information.service.gov.uk/search/companies?q=Volvere+PLC,https://find-and-update.company-information.service.gov.uk/search/companies?q=Volvere+PLC,1620599547,18:32:27,20210509
58,2004-03-31,VLE.L,GBP,2004-03-31,2004-03-31,Q1,2625250.0,1446750.0,1178500.0,0.4489096276545091,0.0,1097000.0,0.0,0.0,1097500.0,2715500.0,0.0,21000.0,-69250.0,-0.02637844014855728,-90250.0,-0.03437767831635082,0.0,-52750.0,-0.020093324445290925,0.0,-52750.0,-0.020093324445290925,-0.01453758758724275,-0.013829373064051626,3628525.0,3814345.0,https://find-and-update.company-information.service.gov.uk/search/companies?q=Volvere+PLC,https://find-and-update.company-information.service.gov.uk/search/companies?q=Volvere+PLC,1620599547,18:32:27,20210509
59,2004-01-31,VLE.L,GBP,2004-01-31,2004-01-31,Q1,2625250.0,1446750.0,1178500.0,0.4489096276545091,0.0,1097000.0,0.0,0.0,1097500.0,2715500.0,0.0,21000.0,-69250.0,-0.02637844014855728,-90250.0,-0.03437767831635082,0.0,-52750.0,-0.020093324445290925,0.0,-52750.0,-0.020093324445290925,-0.01453758758724275,-0.013829373064051626,3628525.0,3814345.0,https://find-and-update.company-information.service.gov.uk/search/companies?q=Volvere+PLC,https://find-and-update.company-information.service.gov.uk/search/companies?q=Volvere+PLC,1620599547,18:32:27,20210509
60,2003-09-30,VLE.L,GBP,2003-09-30,2003-09-30,Q3,1765250.0,1022500.0,742750.0,0.4207619317377142,0.0,942000.0,0.0,-22750.0,834500.0,1964250.0,0.0,20000.0,-179000.0,-0.1014020676957938,-199000.0,-0.11273190766180427,0.0,136500.0,0.07732615776802153,0.0,136500.0,0.07732615776802153,0.041325,0.0386,3303602.0,3535655.0,https://find-and-update.company-information.service.gov.uk/search/companies?q=Volvere+PLC,https://find-and-update.company-information.service.gov.uk/search/companies?q=Volvere+PLC,1620599547,18:32:27,20210509
61,2003-06-30,VLE.L,GBP,2003-06-30,2003-06-30,Q2,1765250.0,1022500.0,742750.0,0.4207619317377142,0.0,942000.0,0.0,-22750.0,834500.0,1964250.0,0.0,20000.0,-179000.0,-0.1014020676957938,-199000.0,-0.11273190766180427,0.0,136500.0,0.07732615776802153,0.0,136500.0,0.07732615776802153,0.041325,0.0386,3303602.0,3535655.0,https://find-and-update.company-information.service.gov.uk/search/companies?q=Volvere+PLC,https://find-and-update.company-information.service.gov.uk/search/companies?q=Volvere+PLC,1620599547,18:32:27,20210509
62,2003-03-31,VLE.L,GBP,2003-03-31,2003-03-31,Q1,1765250.0,1022500.0,742750.0,0.4207619317377142,0.0,942000.0,0.0,-22750.0,834500.0,1964250.0,0.0,20000.0,-179000.0,-0.1014020676957938,-199000.0,-0.11273190766180427,0.0,136500.0,0.07732615776802153,0.0,136500.0,0.07732615776802153,0.041325,0.0386,3303602.0,3535655.0,https://find-and-update.company-information.service.gov.uk/search/companies?q=Volvere+PLC,https://find-and-update.company-information.service.gov.uk/search/companies?q=Volvere+PLC,1620599547,18:32:27,20210509
63,2003-01-31,VLE.L,GBP,2003-01-31,2003-01-31,Q1,1765250.0,1022500.0,742750.0,0.4207619317377142,0.0,942000.0,0.0,-22750.0,834500.0,1964250.0,0.0,20000.0,-179000.0,-0.1014020676957938,-199000.0,-0.11273190766180427,0.0,136500.0,0.07732615776802153,0.0,136500.0,0.07732615776802153,0.041325,0.0386,3303602.0,3535655.0,https://find-and-update.company-information.service.gov.uk/search/companies?q=Volvere+PLC,https://find-and-update.company-information.service.gov.uk/search/companies?q=Volvere+PLC,1620599547,18:32:27,20210509
