,date,symbol,reportedCurrency,fillingDate,acceptedDate,period,revenue,costOfRevenue,grossProfit,grossProfitRatio,researchAndDevelopmentExpenses,generalAndAdministrativeExpenses,sellingAndMarketingExpenses,otherExpenses,operatingExpenses,costAndExpenses,interestExpense,depreciationAndAmortization,ebitda,ebitdaratio,operatingIncome,operatingIncomeRatio,totalOtherIncomeExpensesNet,incomeBeforeTax,incomeBeforeTaxRatio,incomeTaxExpense,netIncome,netIncomeRatio,eps,epsdiluted,weightedAverageShsOut,weightedAverageShsOutDil,link,finalLink,timestamp,est_time,est_date
0,2016-09-30,ARIA,USD,2016-11-08 00:00:00,2016-11-08 17:32:16,Q3,46016000.0,1131000.0,44885000.0,0.9754215924895688,43626000.0,26249000.0,0.0,1131000.0,71006000.0,72137000.0,8420000.0,4317000.0,-20673000.0,-0.4492567802503477,-24990000.0,-0.5430719749652295,3042000.0,-30161000.0,-0.6554459318497914,-2334000.0,-28155000.0,-0.6118523991655076,-0.1468877330091769,-0.14432614479262248,191677000,195079000,https://www.sec.gov/Archives/edgar/data/884731/000088473116000114/0000884731-16-000114-index.html,https://www.sec.gov/Archives/edgar/data/884731/000088473116000114/a2016q310-q.htm,1620588716,15:31:56,20210509
1,2016-06-30,ARIA,USD,2016-08-08,2016-08-08 16:57:46,Q2,68126000.0,1108000.0,67018000.0,0.9837360185538561,42864000.0,34242000.0,0.0,2682000.0,79788000.0,80896000.0,5402000.0,3780000.0,-7882000.0,-0.11569738425857969,-11662000.0,-0.17118280832574934,123264000.0,111602000.0,1.6381704488741449,1754000.0,109848000.0,1.612424037812289,0.5754397728582354,0.5676781875310071,190894000,193504000,https://www.sec.gov/Archives/edgar/data/884731/000088473116000095/0000884731-16-000095-index.htm,https://www.sec.gov/Archives/edgar/data/884731/000088473116000095/a2016q210-q.htm,1620588716,15:31:56,20210509
2,2016-03-31,ARIA,USD,2016-05-10 00:00:00,2016-05-10 16:43:57,Q1,35597000.0,486000.0,35111000.0,0.9863471640868613,44079000.0,35977000.0,0.0,3404000.0,83460000.0,83946000.0,4946000.0,3520000.0,-44343000.0,-1.2456948619265669,-47863000.0,-1.3445795994044443,-5672000.0,-53535000.0,-1.5039188695676602,252000.0,-53787000.0,-1.5109981178189174,-0.281763701321152,-0.28263725407768625,190894000,190304000,https://www.sec.gov/Archives/edgar/data/884731/000088473116000054/0000884731-16-000054-index.html,https://www.sec.gov/Archives/edgar/data/884731/000088473116000054/a2016q110-q.htm,1620588716,15:31:56,20210509
3,2015-12-31,ARIA,USD,2016-02-29 00:00:00,2016-02-29 16:52:31,Q4,36504000.0,448000.0,36056000.0,0.987727372342757,44815000.0,43834000.0,0.0,448000.0,89097000.0,89545000.0,5252000.0,3736000.0,-48857000.0,-1.3384012710935789,-52593000.0,-1.4407462195923735,11930000.0,-57937000.0,-1.5871411352180582,1934000.0,-59871000.0,-1.6401216305062458,-0.3136347920835647,-0.31733353121074476,190894000,188669000,https://www.sec.gov/Archives/edgar/data/884731/000119312516485544/0001193125-16-485544-index.html,https://www.sec.gov/Archives/edgar/data/884731/000119312516485544/d19643d10k.htm,1620588716,15:31:56,20210509
4,2015-09-30,ARIA,USD,2015-11-06 00:00:00,2015-11-06 16:51:39,Q3,29071000.0,483000.0,28588000.0,0.9833855044546111,48218000.0,36744000.0,0.0,483000.0,85445000.0,85928000.0,5229000.0,3257000.0,-53117000.0,-1.8271473289532525,-56374000.0,-1.9391833786247463,-4918000.0,-61292000.0,-2.108355405730797,4814000.0,-55450000.0,-1.9073991262770458,-0.2904753423365847,-0.29423313664728107,190894000,188456000,https://www.sec.gov/Archives/edgar/data/884731/000119312515370277/0001193125-15-370277-index.html,https://www.sec.gov/Archives/edgar/data/884731/000119312515370277/d72579d10q.htm,1620588716,15:31:56,20210509
5,2015-06-30,ARIA,USD,2015-08-07 00:00:00,2015-08-07 16:40:37,Q2,29238000.0,488000.0,28750000.0,0.98330939188727,38739000.0,48622000.0,0.0,488000.0,87849000.0,88337000.0,3812000.0,2903000.0,-55708000.0,-1.9053286818523838,-58611000.0,-2.0046172788836447,-4248000.0,-62859000.0,-2.1499076544223272,300000.0,-63159000.0,-2.1601682741637593,-0.33085901075989815,-0.3355594517054511,190894000,188220000,https://www.sec.gov/Archives/edgar/data/884731/000119312515283163/0001193125-15-283163-index.html,https://www.sec.gov/Archives/edgar/data/884731/000119312515283163/d34431d10q.htm,1620588716,15:31:56,20210509
6,2015-03-31,ARIA,USD,2015-05-08 00:00:00,2015-05-08 17:31:24,Q1,23991000.0,695000.0,23296000.0,0.9710308032178734,39444000.0,33550000.0,0.0,695000.0,73689000.0,74384000.0,3856000.0,2859000.0,-46839000.0,-1.952357133925222,-49698000.0,-2.0715268225584595,-2764000.0,-52462000.0,-2.186736692926514,214000.0,-52676000.0,-2.1956567045975572,-0.2759437174557608,-0.28043463215447434,190894000,187837000,https://www.sec.gov/Archives/edgar/data/884731/000119312515179902/0001193125-15-179902-index.html,https://www.sec.gov/Archives/edgar/data/884731/000119312515179902/d910729d10q.htm,1620588716,15:31:56,20210509
7,2014-12-31,ARIA,USD,2015-03-02,2015-03-02 16:40:28,Q4,66835000.0,947000.0,65888000.0,0.9858307772873495,32645000.0,40379000.0,0.0,947000.0,73971000.0,74918000.0,3763000.0,2735000.0,-4401000.0,-0.06584873195182166,-7136000.0,-0.10677040472806164,1636000.0,-5500000.0,-0.08229221216428519,251000.0,-5751000.0,-0.08604772948305528,-0.030126667155594204,-0.030781170551556186,190894000,186835000,https://www.sec.gov/Archives/edgar/data/884731/000119312515073392/0001193125-15-073392-index.htm,https://www.sec.gov/Archives/edgar/data/884731/000119312515073392/d862791d10k.htm,1620588716,15:31:56,20210509
8,2014-09-30,ARIA,USD,2014-11-07 00:00:00,2014-11-07 16:51:26,Q3,14682000.0,594000.0,14088000.0,0.9595422966898243,27600000.0,33621000.0,0.0,594000.0,61815000.0,62409000.0,3721000.0,3257000.0,-43876000.0,-2.9884211960223404,-47133000.0,-3.210257458111974,-2821000.0,-49954000.0,-3.402397493529492,154000.0,-50108000.0,-3.4128865277210187,-0.2624912254968726,-0.26838347535926044,190894000,186703000,https://www.sec.gov/Archives/edgar/data/884731/000119312514403566/0001193125-14-403566-index.html,https://www.sec.gov/Archives/edgar/data/884731/000119312514403566/d796920d10q.htm,1620588716,15:31:56,20210509
9,2014-06-30,ARIA,USD,2014-08-08 00:00:00,2014-08-08 16:32:18,Q2,12113000.0,2395000.0,9718000.0,0.8022785437133658,31794000.0,34199000.0,0.0,2395000.0,68388000.0,70783000.0,558000.0,1525000.0,-54750000.0,-4.519937257491951,-56275000.0,-4.645835053248576,-540000.0,-56815000.0,-4.690415256336168,106000.0,-56921000.0,-4.699166185090399,-0.2981811895606986,-0.30514916771651435,190894000,186535000,https://www.sec.gov/Archives/edgar/data/884731/000119312514303215/0001193125-14-303215-index.html,https://www.sec.gov/Archives/edgar/data/884731/000119312514303215/d750121d10q.htm,1620588716,15:31:56,20210509
10,2014-03-31,ARIA,USD,2014-05-09 00:00:00,2014-05-09 16:31:45,Q1,11782000.0,1288000.0,10494000.0,0.8906806993719233,28554000.0,31591000.0,0.0,1288000.0,61433000.0,62721000.0,33000.0,1297000.0,-48354000.0,-4.104057036156849,-49651000.0,-4.214140213885588,-52000.0,-49703000.0,-4.218553726022747,119000.0,-49822000.0,-4.228653878798167,-0.26099301182855406,-0.2674977986813564,190894000,186252000,https://www.sec.gov/Archives/edgar/data/884731/000119312514192554/0001193125-14-192554-index.html,https://www.sec.gov/Archives/edgar/data/884731/000119312514192554/d699188d10q.htm,1620588716,15:31:56,20210509
11,2013-12-31,ARIA,USD,2014-03-03,2014-03-03 17:12:35,Q4,8353000.0,8699000.0,-346000.0,-0.04142224350532743,35824000.0,37638000.0,0.0,8699000.0,82161000.0,90860000.0,35000.0,1289000.0,-72519000.0,-8.681790973303006,-73808000.0,-8.836106787980366,-171000.0,-73979000.0,-8.856578474799473,184000.0,-74163000.0,-8.8786064886867,-0.3885035674248536,-0.40399291842571156,190894000,183575000,https://www.sec.gov/Archives/edgar/data/884731/000119312514080539/0001193125-14-080539-index.htm,https://www.sec.gov/Archives/edgar/data/884731/000119312514080539/d658676d10k.htm,1620588716,15:31:56,20210509
12,2013-09-30,ARIA,USD,2013-11-12 00:00:00,2013-11-12 16:34:21,Q3,16732000.0,416000.0,16316000.0,0.9751374611522831,45145000.0,37394000.0,0.0,416000.0,82955000.0,83371000.0,38000.0,1078000.0,-65145000.0,-3.8934377241214437,-66223000.0,-3.957865168539326,-7000.0,-66230000.0,-3.9582835285680136,110000.0,-66340000.0,-3.9648577575902464,-0.3475227089379446,-0.3627931903816602,190894000,182859000,https://www.sec.gov/Archives/edgar/data/884731/000119312513438348/0001193125-13-438348-index.html,https://www.sec.gov/Archives/edgar/data/884731/000119312513438348/d600691d10q.htm,1620588716,15:31:56,20210509
13,2013-06-30,ARIA,USD,2013-08-09 00:00:00,2013-08-09 16:33:51,Q2,14012000.0,228000.0,13784000.0,0.9837282329431916,40668000.0,42102000.0,0.0,228000.0,82998000.0,83226000.0,39000.0,958000.0,-68028000.0,-4.854981444476163,-68986000.0,-4.923351413074507,87000.0,-68781000.0,-4.908721096203254,86000.0,-68985000.0,-4.923280045675136,-0.36137856611522623,-0.3797666954764906,190894000,181651000,https://www.sec.gov/Archives/edgar/data/884731/000119312513329260/0001193125-13-329260-index.html,https://www.sec.gov/Archives/edgar/data/884731/000119312513329260/d559107d10q.htm,1620588716,15:31:56,20210509
14,2013-03-31,ARIA,USD,2013-05-10 00:00:00,2013-05-10 16:32:25,Q1,6464000.0,269000.0,6195000.0,0.958384900990099,41263000.0,29481000.0,0.0,269000.0,71013000.0,71282000.0,41000.0,811000.0,-63738000.0,-9.86045792079208,-64549000.0,-9.985922029702971,-62000.0,-64729000.0,-10.013768564356436,59000.0,-64670000.0,-10.004641089108912,-0.33877439835720347,-0.3622137212180956,190894000,178541000,https://www.sec.gov/Archives/edgar/data/884731/000119312513214315/0001193125-13-214315-index.html,https://www.sec.gov/Archives/edgar/data/884731/000119312513214315/d508928d10q.htm,1620588716,15:31:56,20210509
15,2012-12-31,ARIA,USD,2013-03-01 00:00:00,2013-03-01 16:32:55,Q4,74000.0,0.0,74000.0,1.0,37688000.0,22915000.0,0.0,76000.0,60603000.0,60603000.0,45000.0,846000.0,-59683000.0,-806.527027027027,-60529000.0,-817.9594594594595,76000.0,-60453000.0,-816.9324324324324,0.0,-60453000.0,-816.9324324324324,-0.36646,-0.36646,164964000,164964000,https://www.sec.gov/Archives/edgar/data/884731/000119312513087814/0001193125-13-087814-index.html,https://www.sec.gov/Archives/edgar/data/884731/000119312513087814/d440641d10k.htm,1620588716,15:31:56,20210509
16,2012-09-30,ARIA,USD,2012-11-09 00:00:00,2012-11-09 16:31:49,Q3,85000.0,0.0,85000.0,1.0,38823000.0,14482000.0,0.0,7000.0,53305000.0,53305000.0,46000.0,821000.0,-52399000.0,-616.4588235294118,-53220000.0,-626.1176470588235,7000.0,-53213000.0,-626.035294117647,0.0,-53213000.0,-626.035294117647,-0.32372,-0.32372,164378000,164378000,https://www.sec.gov/Archives/edgar/data/884731/000119312512463425/0001193125-12-463425-index.html,https://www.sec.gov/Archives/edgar/data/884731/000119312512463425/d413091d10q.htm,1620588716,15:31:56,20210509
17,2012-06-30,ARIA,USD,2012-08-09 00:00:00,2012-08-09 16:31:53,Q2,318000.0,0.0,318000.0,1.0,39424000.0,12224000.0,0.0,18000.0,51648000.0,51648000.0,51000.0,5625000.0,-45705000.0,-143.72641509433961,-51330000.0,-161.41509433962264,18000.0,-51312000.0,-161.35849056603774,0.0,-51312000.0,-161.35849056603774,-0.3121585613646595,-0.31400963227239626,164378000,163409000,https://www.sec.gov/Archives/edgar/data/884731/000119312512347660/0001193125-12-347660-index.html,https://www.sec.gov/Archives/edgar/data/884731/000119312512347660/d361426d10q.htm,1620588716,15:31:56,20210509
18,2012-03-31,ARIA,USD,2012-05-09,2012-05-09 16:31:13,Q1,81000.0,0.0,81000.0,1.0,28774000.0,11288000.0,0.0,-15913000.0,40062000.0,40062000.0,57000.0,1015000.0,-38966000.0,-481.0617283950617,-39981000.0,-493.5925925925926,-15913000.0,-55894000.0,-690.0493827160494,0.0,-55894000.0,-690.0493827160494,-0.3400333377945954,-0.34204970350470293,164378000,163409000,https://www.sec.gov/Archives/edgar/data/884731/000119312512222173/0001193125-12-222173-index.htm,https://www.sec.gov/Archives/edgar/data/884731/000119312512222173/d333019d10q.htm,1620588716,15:31:56,20210509
19,2011-12-31,ARIA,USD,2012-02-29 00:00:00,2012-02-29 16:30:51,Q4,78000.0,0.0,78000.0,1.0,24723000.0,7046000.0,0.0,-20111000.0,31769000.0,31769000.0,60000.0,1021000.0,-30670000.0,-393.20512820512823,-31691000.0,-406.29487179487177,-20111000.0,-51802000.0,-664.1282051282051,0.0,-51802000.0,-664.1282051282051,-0.39133,-0.39133,132375000,132375000,https://www.sec.gov/Archives/edgar/data/884731/000115752312001143/0001157523-12-001143-index.html,https://www.sec.gov/Archives/edgar/data/884731/000115752312001143/a50174603.htm,1620588716,15:31:56,20210509
20,2011-09-30,ARIA,USD,2011-11-07 00:00:00,2011-11-07 17:01:17,Q3,25100000.0,0.0,25100000.0,1.0,19691000.0,6329000.0,0.0,14830000.0,26020000.0,26020000.0,49000.0,1500000.0,580000.0,0.023107569721115537,-920000.0,-0.036653386454183264,14830000.0,13910000.0,0.5541832669322709,0.0,13910000.0,0.5541832669322709,0.10601,0.10601,131215000,131215000,https://www.sec.gov/Archives/edgar/data/884731/000115752311006553/0001157523-11-006553-index.html,https://www.sec.gov/Archives/edgar/data/884731/000115752311006553/a50048699.htm,1620588716,15:31:56,20210509
21,2011-06-30,ARIA,USD,2011-08-09 00:00:00,2011-08-09 16:30:43,Q2,66000.0,2301598000.0,-2301532000.0,-34871.69696969697,33329000.0,11005000.0,0.0,-22922000.0,24906000.0,24906000.0,-61977000.0,-350654000.0,-375494000.0,-5689.30303030303,-24840000.0,-376.3636363636364,-22922000.0,-47762000.0,-723.6666666666666,-192217000.0,-47762000.0,-723.6666666666666,-0.36594,-0.36594,130518000,130518000,https://www.sec.gov/Archives/edgar/data/884731/000115752311004881/0001157523-11-004881-index.html,https://www.sec.gov/Archives/edgar/data/884731/000115752311004881/a6819113.htm,1620588716,15:31:56,20210509
22,2011-03-31,ARIA,USD,2011-05-10 00:00:00,2011-05-10 17:13:45,Q1,56000.0,0.0,56000.0,1.0,14574000.0,4854000.0,0.0,-18577000.0,19428000.0,19428000.0,60000.0,946000.0,-18426000.0,-329.0357142857143,-19372000.0,-345.92857142857144,-18577000.0,-37949000.0,-677.6607142857143,0.0,-37949000.0,-677.6607142857143,-0.29418,-0.29418,128998000,128998000,https://www.sec.gov/Archives/edgar/data/884731/000115752311002995/0001157523-11-002995-index.html,https://www.sec.gov/Archives/edgar/data/884731/000115752311002995/a6715574.htm,1620588716,15:31:56,20210509
23,2010-12-31,ARIA,USD,2011-03-15,2011-03-15 16:31:08,Q4,536000.0,0.0,536000.0,1.0,16168000.0,3850000.0,0.0,-10820000.0,20018000.0,20018000.0,46000.0,2282000.0,-17200000.0,-32.08955223880597,-19482000.0,-36.34701492537314,-10820000.0,-30302000.0,-56.53358208955224,0.0,-30302000.0,-56.53358208955224,-0.26811,-0.26811,113020000,113020000,https://www.sec.gov/Archives/edgar/data/884731/000115752311001591/0001157523-11-001591-index.htm,https://www.sec.gov/Archives/edgar/data/884731/000115752311001591/a6641668.htm,1620588716,15:31:56,20210509
24,2010-09-30,ARIA,USD,2010-11-09 00:00:00,2010-11-09 16:30:39,Q3,1241000.0,0.0,1241000.0,1.0,13168000.0,3670000.0,0.0,-4803000.0,16838000.0,16838000.0,51000.0,903000.0,-14694000.0,-11.840451248992748,-15597000.0,-12.56809024979855,-4803000.0,-20400000.0,-16.438356164383563,0.0,-20400000.0,-16.438356164383563,-0.18538,-0.18538,110045000,110045000,https://www.sec.gov/Archives/edgar/data/884731/000115752310006767/0001157523-10-006767-index.html,https://www.sec.gov/Archives/edgar/data/884731/000115752310006767/a6500815.htm,1620588716,15:31:56,20210509
25,2010-06-30,ARIA,USD,2010-08-09 00:00:00,2010-08-09 16:31:00,Q2,175049000.0,0.0,175049000.0,1.0,13814000.0,4001000.0,0.0,2114000.0,17815000.0,17815000.0,38000.0,1624000.0,158858000.0,0.9075058983484624,157234000.0,0.8982284960211141,2114000.0,159348000.0,0.910305114567921,0.0,159348000.0,0.910305114567921,1.45315,1.45315,109657000,109657000,https://www.sec.gov/Archives/edgar/data/884731/000115752310004940/0001157523-10-004940-index.html,https://www.sec.gov/Archives/edgar/data/884731/000115752310004940/a6385699.htm,1620588716,15:31:56,20210509
26,2010-03-31,ARIA,USD,2010-05-10 00:00:00,2010-05-10 17:00:55,Q1,2154000.0,0.0,2154000.0,1.0,14835000.0,4574000.0,0.0,-6143000.0,19409000.0,19409000.0,71000.0,1338000.0,-15917000.0,-7.389507892293407,-17255000.0,-8.010677808727948,-6143000.0,-23398000.0,-10.862581244196843,0.0,-23398000.0,-10.862581244196843,-0.21463,-0.21463,109016202,109016202,https://www.sec.gov/Archives/edgar/data/884731/000115752310003028/0001157523-10-003028-index.html,https://www.sec.gov/Archives/edgar/data/884731/000115752310003028/a6282794.htm,1620588716,15:31:56,20210509
27,2009-12-31,ARIA,USD,2010-03-16 00:00:00,2010-03-16 17:00:46,Q4,2154000.0,0.0,2154000.0,1.0,15508000.0,4476000.0,0.0,-178000.0,19984000.0,19984000.0,62000.0,1029000.0,-16801000.0,-7.799907149489322,-17830000.0,-8.277623026926648,-178000.0,-18008000.0,-8.360259981429898,0.0,-18008000.0,-8.360259981429898,-0.19295,-0.19295,93330308,93330308,https://www.sec.gov/Archives/edgar/data/884731/000115752310001604/0001157523-10-001604-index.html,https://www.sec.gov/Archives/edgar/data/884731/000115752310001604/a6212068.htm,1620588716,15:31:56,20210509
28,2009-09-30,ARIA,USD,2009-11-09 00:00:00,2009-11-09 16:30:31,Q3,2155000.0,0.0,2155000.0,1.0,14384000.0,3472000.0,0.0,-5111000.0,17856000.0,17856000.0,65000.0,1128000.0,-14573000.0,-6.762412993039443,-15701000.0,-7.28584686774942,-5111000.0,-20812000.0,-9.65754060324826,0.0,-20812000.0,-9.65754060324826,-0.23618,-0.23618,88119741,88119741,https://www.sec.gov/Archives/edgar/data/884731/000115752309007884/0001157523-09-007884-index.html,https://www.sec.gov/Archives/edgar/data/884731/000115752309007884/a6094055.htm,1620588716,15:31:56,20210509
29,2009-06-30,ARIA,USD,2009-08-10 00:00:00,2009-08-10 16:30:33,Q2,2093000.0,0.0,2093000.0,1.0,15806000.0,4814000.0,0.0,-2686000.0,20620000.0,20620000.0,79000.0,1086000.0,-17441000.0,-8.333014811275682,-18527000.0,-8.851887243191591,-2427000.0,-20954000.0,-10.01146679407549,0.0,-20954000.0,-10.01146679407549,-0.25572,-0.25572,81941432,81941432,https://www.sec.gov/Archives/edgar/data/884731/000115752309005845/0001157523-09-005845-index.html,https://www.sec.gov/Archives/edgar/data/884731/000115752309005845/a6025668.htm,1620588716,15:31:56,20210509
30,2009-03-31,ARIA,USD,2009-05-11 00:00:00,2009-05-11 17:06:41,Q1,1900000.0,0.0,1900000.0,1.0,17749000.0,4126000.0,0.0,0.0,21875000.0,21875000.0,81000.0,976000.0,-18999000.0,-9.999473684210527,-19975000.0,-10.513157894736842,-259000.0,-20234000.0,-10.649473684210527,0.0,-20234000.0,-10.649473684210527,-0.26197,-0.26197,77237551,77237551,https://www.sec.gov/Archives/edgar/data/884731/000115752309003735/0001157523-09-003735-index.html,https://www.sec.gov/Archives/edgar/data/884731/000115752309003735/a5961038.htm,1620588716,15:31:56,20210509
31,2008-12-31,ARIA,USD,2009-03-16 00:00:00,2009-03-16 16:02:51,Q4,2601000.0,0.0,2601000.0,1.0,14774000.0,4661000.0,0.0,0.0,19435000.0,19435000.0,131000.0,973000.0,-15861000.0,-6.098039215686274,-16834000.0,-6.472126105344098,52000.0,-16782000.0,-6.4521337946943484,0.0,-16782000.0,-6.4521337946943484,-0.24046,-0.24046,69790784,69790784,https://www.sec.gov/Archives/edgar/data/884731/000115752309002131/0001157523-09-002131-index.html,https://www.sec.gov/Archives/edgar/data/884731/000115752309002131/a5915319.htm,1620588716,15:31:56,20210509
32,2008-09-30,ARIA,USD,2008-11-10 00:00:00,2008-11-10 16:30:36,Q3,1536000.0,0.0,1536000.0,1.0,13365000.0,8253000.0,0.0,0.0,21618000.0,21618000.0,148000.0,814000.0,-19268000.0,-12.544270833333334,-20082000.0,-13.07421875,90000.0,-19992000.0,-13.015625,0.0,-19992000.0,-13.015625,-0.2882,-0.2882,69369602,69369602,https://www.sec.gov/Archives/edgar/data/884731/000115752308009161/0001157523-08-009161-index.html,https://www.sec.gov/Archives/edgar/data/884731/000115752308009161/a5825792.htm,1620588716,15:31:56,20210509
33,2008-06-30,ARIA,USD,2008-08-11 00:00:00,2008-08-11 16:30:28,Q2,1450000.0,0.0,1450000.0,1.0,11827000.0,7030000.0,0.0,0.0,18857000.0,18857000.0,192000.0,652000.0,-16755000.0,-11.555172413793104,-17407000.0,-12.004827586206897,140000.0,-17267000.0,-11.908275862068965,0.0,-17267000.0,-11.908275862068965,-0.24902,-0.24902,69339484,69339484,https://www.sec.gov/Archives/edgar/data/884731/000115752308006714/0001157523-08-006714-index.html,https://www.sec.gov/Archives/edgar/data/884731/000115752308006714/a5752446.htm,1620588716,15:31:56,20210509
34,2008-03-31,ARIA,USD,2008-05-09 00:00:00,2008-05-09 16:00:31,Q1,1495000.0,0.0,1495000.0,1.0,10875000.0,8148000.0,0.0,0.0,19023000.0,19023000.0,79000.0,577000.0,-16951000.0,-11.338461538461539,-17528000.0,-11.724414715719064,517000.0,-17011000.0,-11.378595317725752,0.0,-17011000.0,-11.378595317725752,-0.24542,-0.24542,69315236,69315236,https://www.sec.gov/Archives/edgar/data/884731/000115752308004073/0001157523-08-004073-index.html,https://www.sec.gov/Archives/edgar/data/884731/000115752308004073/a5680879.htm,1620588716,15:31:56,20210509
35,2007-12-31,ARIA,USD,2008-03-17,2008-03-17 16:16:38,Q4,1602000.0,0.0,1602000.0,1.0,9760000.0,8405000.0,0.0,2172000.0,18165000.0,18165000.0,53000.0,542000.0,-16021000.0,-10.000624219725344,-16563000.0,-10.338951310861423,847000.0,-15716000.0,-9.81023720349563,0.0,-15716000.0,-9.81023720349563,-0.23039,-0.23039,68215803,68215803,https://www.sec.gov/Archives/edgar/data/884731/000115752308002270/0001157523-08-002270-index.htm,https://www.sec.gov/Archives/edgar/data/884731/000115752308002270/a5631880.htm,1620588716,15:31:56,20210509
36,2007-09-30,ARIA,USD,2007-11-09 00:00:00,2007-11-09 16:21:29,Q3,1602000.0,0.0,1602000.0,1.0,8242000.0,5006000.0,0.0,0.0,13248000.0,13248000.0,82000.0,615000.0,-11031000.0,-6.885767790262173,-11646000.0,-7.269662921348314,796000.0,-10850000.0,-6.772784019975031,0.0,-10850000.0,-6.772784019975031,-0.15986,-0.15986,67870622,67870622,https://www.sec.gov/Archives/edgar/data/884731/000115752307011109/0001157523-07-011109-index.html,https://www.sec.gov/Archives/edgar/data/884731/000115752307011109/a5540895.htm,1620588716,15:31:56,20210509
37,2007-06-30,ARIA,USD,2007-08-09 00:00:00,2007-08-09 11:56:07,Q2,189000.0,0.0,189000.0,1.0,10540000.0,6898000.0,0.0,0.0,17438000.0,17438000.0,97000.0,578000.0,-16671000.0,-88.2063492063492,-17249000.0,-91.26455026455027,244000.0,-17005000.0,-89.97354497354497,0.0,-17005000.0,-89.97354497354497,-0.25299,-0.25299,67215100,67215100,https://www.sec.gov/Archives/edgar/data/884731/000115752307008144/0001157523-07-008144-index.html,https://www.sec.gov/Archives/edgar/data/884731/000115752307008144/a5466934.htm,1620588716,15:31:56,20210509
38,2007-03-31,ARIA,USD,2007-05-10 00:00:00,2007-05-10 09:56:24,Q1,190000.0,0.0,190000.0,1.0,11023000.0,4403000.0,0.0,0.0,15426000.0,15426000.0,105000.0,572000.0,-14664000.0,-77.17894736842105,-15236000.0,-80.18947368421053,285000.0,-14951000.0,-78.68947368421053,0.0,-14951000.0,-78.68947368421053,-0.22782,-0.22782,65625902,65625902,https://www.sec.gov/Archives/edgar/data/884731/000115752307004948/0001157523-07-004948-index.html,https://www.sec.gov/Archives/edgar/data/884731/000115752307004948/a5399230.htm,1620588716,15:31:56,20210509
39,2006-12-31,ARIA,USD,2007-03-14,2007-03-14 15:10:54,Q4,208000.0,0.0,208000.0,1.0,10930000.0,4020000.0,0.0,1739000.0,14950000.0,14950000.0,114000.0,1158000.0,-13584000.0,-65.3076923076923,-14742000.0,-70.875,388000.0,-14354000.0,-69.00961538461539,0.0,-14354000.0,-69.00961538461539,-0.22901,-0.22901,62679807,62679807,https://www.sec.gov/Archives/edgar/data/884731/000115752307002659/0001157523-07-002659-index.htm,https://www.sec.gov/Archives/edgar/data/884731/000115752307002659/a5352485.htm,1620588716,15:31:56,20210509
40,2006-09-30,ARIA,USD,2006-11-09,2006-11-09 12:27:01,Q3,230000.0,0.0,230000.0,1.0,10564000.0,5244000.0,0.0,0.0,15808000.0,15808000.0,123000.0,1132000.0,-14446000.0,-62.80869565217391,-15578000.0,-67.7304347826087,358000.0,-15220000.0,-66.17391304347827,0.0,-15220000.0,-66.17391304347827,-0.24634,-0.24634,61784415,61784415,https://www.sec.gov/Archives/edgar/data/884731/000115752306011109/0001157523-06-011109-index.htm,https://www.sec.gov/Archives/edgar/data/884731/000115752306011109/a5268006.htm,1620588716,15:31:56,20210509
41,2006-06-30,ARIA,USD,2006-08-08,2006-08-08 17:00:34,Q2,229000.0,0.0,229000.0,1.0,10144000.0,7531000.0,0.0,0.0,17675000.0,17675000.0,125000.0,1643000.0,-15803000.0,-69.00873362445415,-17446000.0,-76.18340611353712,450000.0,-16996000.0,-74.21834061135371,0.0,-16996000.0,-74.21834061135371,-0.27489,-0.27489,61827494,61827494,https://www.sec.gov/Archives/edgar/data/884731/000115752306008179/0001157523-06-008179-index.htm,https://www.sec.gov/Archives/edgar/data/884731/000115752306008179/a5204567.htm,1620588716,15:31:56,20210509
42,2006-03-31,ARIA,USD,2006-05-10,2006-05-10 15:37:41,Q1,229000.0,0.0,229000.0,1.0,11674000.0,4456000.0,0.0,0.0,16130000.0,16130000.0,121000.0,701000.0,-15200000.0,-66.37554585152839,-15901000.0,-69.43668122270742,543000.0,-15358000.0,-67.06550218340611,0.0,-15358000.0,-67.06550218340611,-0.2488,-0.2488,61728913,61728913,https://www.sec.gov/Archives/edgar/data/884731/000115752306004988/0001157523-06-004988-index.htm,https://www.sec.gov/Archives/edgar/data/884731/000115752306004988/a5144411.htm,1620588716,15:31:56,20210509
43,2005-12-31,ARIA,USD,2006-03-16,2006-03-16 15:42:21,Q4,242000.0,0.0,242000.0,1.0,10788000.0,4453000.0,0.0,1478000.0,15241000.0,15241000.0,124000.0,647000.0,-14352000.0,-59.30578512396694,-14999000.0,-61.97933884297521,540000.0,-14459000.0,-59.747933884297524,0.0,-14459000.0,-59.747933884297524,-0.25689,-0.25689,56283948,56283948,https://www.sec.gov/Archives/edgar/data/884731/000115752306002757/0001157523-06-002757-index.htm,https://www.sec.gov/Archives/edgar/data/884731/000115752306002757/a5100014.htm,1620588716,15:31:56,20210509
44,2005-09-30,ARIA,USD,2005-11-09,2005-11-09 12:39:30,Q3,321000.0,0.0,321000.0,1.0,12381000.0,2892000.0,0.0,0.0,15273000.0,15273000.0,117000.0,725000.0,-14227000.0,-44.320872274143305,-14952000.0,-46.57943925233645,358000.0,-14594000.0,-45.46417445482866,0.0,-14594000.0,-45.46417445482866,-0.2679,-0.2679,54474950,54474950,https://www.sec.gov/Archives/edgar/data/884731/000115752305009893/0001157523-05-009893-index.htm,https://www.sec.gov/Archives/edgar/data/884731/000115752305009893/a5008244.htm,1620588716,15:31:56,20210509
45,2005-06-30,ARIA,USD,2005-08-01,2005-08-01 07:43:32,Q2,350000.0,0.0,350000.0,1.0,12093000.0,2600000.0,0.0,0.0,14693000.0,14693000.0,107000.0,251000.0,-14092000.0,-40.26285714285714,-14343000.0,-40.98,260000.0,-14083000.0,-40.23714285714286,0.0,-14083000.0,-40.23714285714286,-0.26645,-0.26645,52854653,52854653,https://www.sec.gov/Archives/edgar/data/884731/000115752305006785/0001157523-05-006785-index.htm,https://www.sec.gov/Archives/edgar/data/884731/000115752305006785/a4941323.htm,1620588716,15:31:56,20210509
46,2005-03-31,ARIA,USD,2005-05-10,2005-05-10 14:54:21,Q1,304000.0,0.0,304000.0,1.0,10654000.0,2316000.0,0.0,0.0,12970000.0,12970000.0,74000.0,347000.0,-12319000.0,-40.52302631578947,-12666000.0,-41.66447368421053,320000.0,-12346000.0,-40.61184210526316,0.0,-12346000.0,-40.61184210526316,-0.23379,-0.23379,52807513,52807513,https://www.sec.gov/Archives/edgar/data/884731/000115752305004558/0001157523-05-004558-index.htm,https://www.sec.gov/Archives/edgar/data/884731/000115752305004558/d63754_10-q.htm,1620588716,15:31:56,20210509
47,2004-12-31,ARIA,USD,2005-02-18,2005-02-18 16:21:08,Q4,179000.0,0.0,179000.0,1.0,8875000.0,2273000.0,0.0,255000.0,11148000.0,11148000.0,77000.0,160000.0,-10809000.0,-60.385474860335194,-10969000.0,-61.279329608938546,255000.0,-10714000.0,-59.85474860335196,0.0,-10714000.0,-59.85474860335196,-0.20782,-0.20782,51555072,51555072,https://www.sec.gov/Archives/edgar/data/884731/000115752305001630/0001157523-05-001630-index.htm,https://www.sec.gov/Archives/edgar/data/884731/000115752305001630/d62484_10-k.htm,1620588716,15:31:56,20210509
48,2004-09-30,ARIA,USD,2004-11-08,2004-11-08 08:46:05,Q3,185000.0,0.0,185000.0,1.0,7401000.0,2386000.0,0.0,223000.0,9787000.0,9787000.0,58000.0,255000.0,-9347000.0,-50.524324324324326,-9602000.0,-51.902702702702705,223000.0,-9379000.0,-50.6972972972973,0.0,-9379000.0,-50.6972972972973,-0.18487,-0.18487,50732653,50732653,https://www.sec.gov/Archives/edgar/data/884731/000115752304010437/0001157523-04-010437-index.htm,https://www.sec.gov/Archives/edgar/data/884731/000115752304010437/d61096_10-q.htm,1620588716,15:31:56,20210509
49,2004-06-30,ARIA,USD,2004-08-04,2004-08-04 12:41:37,Q2,188000.0,0.0,188000.0,1.0,7102000.0,2565000.0,0.0,234000.0,9667000.0,9667000.0,71000.0,259000.0,-9220000.0,-49.04255319148936,-9479000.0,-50.420212765957444,234000.0,-9245000.0,-49.17553191489362,0.0,-9245000.0,-49.17553191489362,-0.18498,-0.18498,49978892,49978892,https://www.sec.gov/Archives/edgar/data/884731/000115752304007353/0001157523-04-007353-index.htm,https://www.sec.gov/Archives/edgar/data/884731/000115752304007353/d60256_10-q.htm,1620588716,15:31:56,20210509
50,2004-03-31,ARIA,USD,2004-05-06,2004-05-06 12:13:37,Q1,190000.0,0.0,190000.0,1.0,4333000.0,2218000.0,0.0,126000.0,6551000.0,6551000.0,66000.0,237000.0,-6124000.0,-32.23157894736842,-6361000.0,-33.47894736842105,126000.0,-6235000.0,-32.81578947368421,0.0,-6235000.0,-32.81578947368421,-0.13115,-0.13115,47540854,47540854,https://www.sec.gov/Archives/edgar/data/884731/000115752304004523/0001157523-04-004523-index.htm,https://www.sec.gov/Archives/edgar/data/884731/000115752304004523/d59478_10q.htm,1620588716,15:31:56,20210509
51,2003-12-31,ARIA,USD,2004-03-02,2004-03-02 16:06:23,Q4,191000.0,0.0,191000.0,1.0,3850000.0,2133000.0,0.0,81000.0,5983000.0,5983000.0,97000.0,276000.0,-5516000.0,-28.87958115183246,-5792000.0,-30.32460732984293,81000.0,-5711000.0,-29.900523560209425,0.0,-5711000.0,-29.900523560209425,-0.1463,-0.1463,39036073,39036073,https://www.sec.gov/Archives/edgar/data/884731/000095013504001070/0000950135-04-001070-index.htm,https://www.sec.gov/Archives/edgar/data/884731/000095013504001070/b48974ape10vk.htm,1620588716,15:31:56,20210509
52,2003-09-30,ARIA,USD,2003-11-04,2003-11-04 09:33:46,Q3,190000.0,0.0,190000.0,1.0,3292000.0,1292000.0,0.0,-5000.0,4584000.0,4584000.0,59000.0,270000.0,-4124000.0,-21.705263157894738,-4394000.0,-23.126315789473683,-5000.0,-4399000.0,-23.152631578947368,0.0,-4399000.0,-23.152631578947368,-0.11926,-0.11926,36885579,36885579,https://www.sec.gov/Archives/edgar/data/884731/000095013503005456/0000950135-03-005456-index.htm,https://www.sec.gov/Archives/edgar/data/884731/000095013503005456/b48022ape10vq.htm,1620588716,15:31:56,20210509
53,2003-06-30,ARIA,USD,2003-08-01,2003-08-01 09:26:59,Q2,153000.0,0.0,153000.0,1.0,3206000.0,1237000.0,0.0,-14000.0,4443000.0,4443000.0,76000.0,307000.0,-3983000.0,-26.03267973856209,-4290000.0,-28.03921568627451,-14000.0,-4304000.0,-28.130718954248366,0.0,-4304000.0,-28.130718954248366,-0.12017,-0.12017,35814896,35814896,https://www.sec.gov/Archives/edgar/data/884731/000095013503004084/0000950135-03-004084-index.htm,https://www.sec.gov/Archives/edgar/data/884731/000095013503004084/b47136ape10vq.htm,1620588716,15:31:56,20210509
54,2003-03-31,ARIA,USD,2003-05-13,2003-05-13 11:52:32,Q1,126000.0,0.0,126000.0,1.0,4541000.0,885000.0,0.0,-12000.0,5426000.0,5426000.0,71000.0,749000.0,-4551000.0,-36.11904761904762,-5300000.0,-42.06349206349206,-12000.0,-5312000.0,-42.15873015873016,0.0,-5312000.0,-42.15873015873016,-0.15243,-0.15243,34849405,34849405,https://www.sec.gov/Archives/edgar/data/884731/000095013503002998/0000950135-03-002998-index.htm,https://www.sec.gov/Archives/edgar/data/884731/000095013503002998/b46496ape10vq.htm,1620588716,15:31:56,20210509
55,2002-12-31,ARIA,USD,2003-03-14,2003-03-14 16:47:14,Q4,42000.0,0.0,42000.0,1.0,5376000.0,1506000.0,0.0,826000.0,6882000.0,6882000.0,72000.0,879000.0,-5961000.0,-141.92857142857142,-6840000.0,-162.85714285714286,0.0,-6814000.0,-162.23809523809524,0.0,-6814000.0,-162.23809523809524,-0.20982,-0.20982,32475083,32475083,https://www.sec.gov/Archives/edgar/data/884731/000095013503001768/0000950135-03-001768-index.htm,https://www.sec.gov/Archives/edgar/data/884731/000095013503001768/b45651ape10vk.htm,1620588716,15:31:56,20210509
56,2002-09-30,ARIA,USD,2002-11-14,2002-11-14 12:53:57,Q3,12000.0,0.0,12000.0,1.0,6515000.0,1373000.0,0.0,0.0,7888000.0,7888000.0,79000.0,1374000.0,-6502000.0,-541.8333333333334,-7876000.0,-656.3333333333334,0.0,-7819000.0,-651.5833333333334,0.0,-7819000.0,-651.5833333333334,-0.24114,-0.24114,32425400,32425400,https://www.sec.gov/Archives/edgar/data/884731/000095013502005021/0000950135-02-005021-index.htm,https://www.sec.gov/Archives/edgar/data/884731/000095013502005021/b44477ape10vq.htm,1620588716,15:31:56,20210509
57,2002-06-30,ARIA,USD,2002-07-31,2002-07-31,Q2,13000.0,0.0,13000.0,1.0,6028000.0,1655000.0,0.0,0.0,7683000.0,7683000.0,87000.0,-466000.0,-8136000.0,-625.8461538461538,-7670000.0,-590.0,418000.0,-7043000.0,-541.7692307692307,0.0,-7043000.0,-541.7692307692307,-0.21748,-0.21748,32385139,32385139,https://www.sec.gov/Archives/edgar/data/884731/000095013502003481/0000950135-02-003481-index.htm,https://www.sec.gov/Archives/edgar/data/884731/000095013502003481/b43661ape10vq.htm,1620588716,15:31:56,20210509
