,date,symbol,reportedCurrency,fillingDate,acceptedDate,period,revenue,costOfRevenue,grossProfit,grossProfitRatio,researchAndDevelopmentExpenses,generalAndAdministrativeExpenses,sellingAndMarketingExpenses,otherExpenses,operatingExpenses,costAndExpenses,interestExpense,depreciationAndAmortization,ebitda,ebitdaratio,operatingIncome,operatingIncomeRatio,totalOtherIncomeExpensesNet,incomeBeforeTax,incomeBeforeTaxRatio,incomeTaxExpense,netIncome,netIncomeRatio,eps,epsdiluted,weightedAverageShsOut,weightedAverageShsOutDil,link,finalLink,timestamp,est_time,est_date
0,2020-12-31,IOLCP.NS,INR,2020-12-31,2020-12-31,Q4,5130100000,2863600000,2266500000,0.4418042533283952,0.0,0.0,0.0,78100000.0,793700000,3657300000,14600000.0,99700000,1572500000,0.306524239293581,1472800000.0,0.28708992027445857,0.0,1536300000.0,0.29946784663066994,388200000.0,1148100000.0,0.22379680707978403,19.54,19.54,58756397,58756397,https://www.nseindia.com/companies-listing/corporate-filings-annual-reports,https://www.nseindia.com/companies-listing/corporate-filings-annual-reports,1620593691,16:54:51,20210509
1,2020-09-30,IOLCP.NS,INR,2020-09-30,2020-09-30,Q3,5334800000,2905500000,2429300000,0.4553685236559946,0.0,0.0,0.0,44800000.0,812500000,3718000000,11100000.0,96200000,1713000000,0.32109919772062684,1616800000.0,0.3030666566694159,0.0,1650500000.0,0.30938366949089,380900000.0,1269600000.0,0.23798455424758191,21.61,21.61,58750578,58750578,https://www.nseindia.com/companies-listing/corporate-filings-annual-reports,https://www.nseindia.com/companies-listing/corporate-filings-annual-reports,1620593691,16:54:51,20210509
2,2020-06-30,IOLCP.NS,INR,2020-06-30,2020-06-30,Q2,4601100000,2482400000,2118700000,0.4604768424941862,0.0,0.0,0.0,58000000.0,691100000,3173500000,18200000.0,93600000,1521200000,0.33061659168459717,1427600000.0,0.31027363021886073,0.0,1467400000.0,0.3189237356284367,192000000.0,1275400000.0,0.2771945839038491,22.3,22.3,57192825,57192825,https://www.nseindia.com/companies-listing/corporate-filings-annual-reports,https://www.nseindia.com/companies-listing/corporate-filings-annual-reports,1620593691,16:54:51,20210509
3,2020-03-31,IOLCP.NS,INR,2020-03-31,2020-03-31,Q1,4183200000,2621000000,1562200000,0.3734461656148403,0.0,0.0,0.0,-91900000.0,286500000,2907500000,-21600000.0,93600000,1369300000,0.32733314209217823,1275700000.0,0.30495792694587875,0.0,1300800000.0,0.31095811818703384,398200000.0,902600000.0,0.21576783323771276,15.363253107058794,15.363253107058794,58750578,58750578,https://www.nseindia.com/companies-listing/corporate-filings-annual-reports,https://www.nseindia.com/companies-listing/corporate-filings-annual-reports,1620593691,16:54:51,20210509
4,2019-12-31,IOLCP.NS,INR,2019-12-31,2019-12-31,Q4,5112500000,2892900000,2219600000,0.43415158924205377,0.0,0.0,0.0,39600000.0,714000000,3606900000,37600000.0,89400000,1595000000,0.3119804400977995,1505600000.0,0.2944938875305623,0.0,1507600000.0,0.2948850855745721,527500000.0,980100000.0,0.19170660146699267,17.22,17.22,56916376,56916376,https://www.nseindia.com/companies-listing/corporate-filings-annual-reports,https://www.nseindia.com/companies-listing/corporate-filings-annual-reports,1620593691,16:54:51,20210509
5,2019-09-30,IOLCP.NS,INR,2019-09-30,2019-09-30,Q3,4489600000,2524000000,1965600000,0.4378118317890235,0.0,0.0,0.0,33900000.0,724800000,3248800000,60900000.0,88400000,1329200000,0.29606200997861726,1240800000.0,0.2763720598717035,0.0,1213800000.0,0.2703581610833927,336800000.0,877000000.0,0.19534034212401996,15.42,15.42,56874189,56874189,https://www.nseindia.com/companies-listing/corporate-filings-annual-reports,https://www.nseindia.com/companies-listing/corporate-filings-annual-reports,1620593691,16:54:51,20210509
6,2019-06-30,IOLCP.NS,INR,2019-06-30,2019-06-30,Q2,4928000000,2808600000,2119400000,0.43007305194805195,0.0,0.0,0.0,33200000.0,759200000,3567800000,83200000.0,85900000,1446100000,0.2934456168831169,1360200000.0,0.2760146103896104,0.0,1310200000.0,0.2658685064935065,457000000.0,853200000.0,0.1731331168831169,15.0,15.0,56880000,56880000,https://www.nseindia.com/companies-listing/corporate-filings-annual-reports,https://www.nseindia.com/companies-listing/corporate-filings-annual-reports,1620593691,16:54:51,20210509
7,2019-03-31,IOLCP.NS,INR,2019-03-31,2019-03-31,Q1,3987100000,2277100000,1710000000,0.42888314815279277,0.0,0.0,0.0,-74300000.0,217600000,2494700000,40600000.0,79900000,1572300000,0.39434676832785737,1492400000.0,0.37430714052820346,0.0,1425200000.0,0.3574527852323744,408700000.0,1016500000.0,0.25494720473527127,17.30195743776342,17.30195743776342,58750578,58750578,https://www.nseindia.com/companies-listing/corporate-filings-annual-reports,https://www.nseindia.com/companies-listing/corporate-filings-annual-reports,1620593691,16:54:51,20210509
8,2018-12-31,IOLCP.NS,INR,2018-12-31,2018-12-31,Q4,4782900000,2776100000,2006800000,0.4195780802442033,0.0,0.0,0.0,8500000.0,735500000,3511600000,128500000.0,83800000,1355100000,0.2833218340337452,1271300000.0,0.26580108302494304,0.0,1151300000.0,0.2407117021054172,328900000.0,822400000.0,0.17194589056848356,14.63,14.63,56213260,56213260,https://www.nseindia.com/companies-listing/corporate-filings-annual-reports,https://www.nseindia.com/companies-listing/corporate-filings-annual-reports,1620593691,16:54:51,20210509
9,2018-09-30,IOLCP.NS,INR,2018-09-30,2018-09-30,Q3,4229100000,2888700000,1340400000,0.3169468681279705,0.0,0.0,0.0,57900000.0,671000000,3559700000,139000000.0,81600000,751000000,0.17757915395710672,669400000.0,0.158284268520489,0.0,588300000.0,0.13910761154855644,204300000.0,384000000.0,0.09079946087820104,6.84,6.84,56140351,56140351,https://www.nseindia.com/companies-listing/corporate-filings-annual-reports,https://www.nseindia.com/companies-listing/corporate-filings-annual-reports,1620593691,16:54:51,20210509
10,2018-06-30,IOLCP.NS,INR,2018-06-30,2018-06-30,Q2,3618400000,2727600000,890800000,0.2461861596285651,0.0,0.0,0.0,35600000.0,571300000,3298900000,158400000.0,79200000,398700000,0.11018682290515144,319500000.0,0.08829869555604687,0.0,196700000.0,0.054361043555162504,52600000.0,144100000.0,0.03982423170462083,2.56,2.56,56289062,56289062,https://www.nseindia.com/companies-listing/corporate-filings-annual-reports,https://www.nseindia.com/companies-listing/corporate-filings-annual-reports,1620593691,16:54:51,20210509
11,2018-03-31,IOLCP.NS,INR,2018-03-31,2018-03-31,Q1,2875200000,2103800000,771400000,0.2682943795214246,0.0,0.0,0.0,8800000.0,502700000,2606500000,150200000.0,76900000,345600000,0.12020033388981637,268700000.0,0.09345436839176405,0.0,127300000.0,0.04427518085698386,12400000.0,114900000.0,0.03996243739565943,2.05,2.05,56048780,56048780,https://www.nseindia.com/companies-listing/corporate-filings-annual-reports,https://www.nseindia.com/companies-listing/corporate-filings-annual-reports,1620593691,16:54:51,20210509
12,2017-12-31,IOLCP.NS,INR,2017-12-31,2017-12-31,Q4,2626800000,1852000000,774800000,0.2949596467184407,0.0,0.0,0.0,0.0,523400000,2375400000,155800000.0,76400000,327800000,0.12479061976549413,251400000.0,0.09570580173595249,0.0,95600000.0,0.03639409167047358,7600000.0,88000000.0,0.03350083752093802,1.56,1.56,56410256,56410256,https://www.nseindia.com/companies-listing/corporate-filings-annual-reports,https://www.nseindia.com/companies-listing/corporate-filings-annual-reports,1620593691,16:54:51,20210509
13,2017-09-30,IOLCP.NS,INR,2017-09-30,2017-09-30,Q3,2177900000,1495800000,682100000,0.31319160659350753,0.0,0.0,0.0,3500000.0,461100000,1956900000,166100000.0,75700000,296700000,0.13623215023646632,221000000.0,0.10147389687313467,0.0,58400000.0,0.02681482161715414,14100000.0,44300000.0,0.020340695165067268,0.788179,0.788179,56205502,56205502,https://www.nseindia.com/companies-listing/corporate-filings-annual-reports,https://www.nseindia.com/companies-listing/corporate-filings-annual-reports,1620593691,16:54:51,20210509
14,2017-06-30,IOLCP.NS,INR,2017-06-30,2017-06-30,Q2,2153100000,1513300000,639800000,0.2971529422692861,0.0,0.0,0.0,0.0,436700000,1950000000,171400000.0,73100000,276200000,0.12828015419627514,203100000.0,0.09432910686916539,0.0,31700000.0,0.014722957596024338,1900000.0,29800000.0,0.013840509033486601,0.53,0.53,56226415,56226415,https://www.nseindia.com/companies-listing/corporate-filings-annual-reports,https://www.nseindia.com/companies-listing/corporate-filings-annual-reports,1620593691,16:54:51,20210509
15,2017-03-31,IOLCP.NS,INR,2017-03-31,2017-03-31,Q1,1932900000,1339700000,593200000,0.3068963733250556,0.0,0.0,0.0,3100000.0,404100000,1743800000,168900000.0,72700000,261800000,0.13544415127528583,189100000.0,0.09783227275078897,0.0,23300000.0,0.012054425992032696,3300000.0,20000000.0,0.010347146774276993,0.35,0.35,57142857,57142857,https://www.nseindia.com/companies-listing/corporate-filings-annual-reports,https://www.nseindia.com/companies-listing/corporate-filings-annual-reports,1620593691,16:54:51,20210509
16,2016-12-31,IOLCP.NS,INR,2016-12-31,2016-12-31,Q4,1830300000,1239100000,591200000,0.32300715729661805,0.0,0.0,0.0,0.0,410600000,1649700000,167200000.0,76400000,257000000,0.14041413975850953,180600000.0,0.09867234879527946,0.0,13400000.0,0.007321204174179096,3200000.0,10200000.0,0.005572856908703491,0.19,0.19,53684211,53684211,https://www.nseindia.com/companies-listing/corporate-filings-annual-reports,https://www.nseindia.com/companies-listing/corporate-filings-annual-reports,1620593691,16:54:51,20210509
17,2016-09-30,IOLCP.NS,INR,2016-09-30,2016-09-30,Q3,1723500000,1147700000,575800000,0.3340876124165941,0.0,0.0,0.0,0.0,395800000,1543500000,167100000.0,74800000,254800000,0.14783870031911808,180000000.0,0.10443864229765012,0.0,12900000.0,0.007484769364664926,3100000.0,9800000.0,0.0056861038584276186,0.17,0.17,57647059,57647059,https://www.nseindia.com/companies-listing/corporate-filings-annual-reports,https://www.nseindia.com/companies-listing/corporate-filings-annual-reports,1620593691,16:54:51,20210509
18,2016-06-30,IOLCP.NS,INR,2016-06-30,2016-06-30,Q2,1619831000,1067381000,552450000,0.34105409761882566,0.0,0.0,0.0,0.0,370305000,1437686000,171741000.0,74802000,256947000,0.1586258072601401,182145000.0,0.11244691575849579,0.0,10404000.0,0.006422892264686872,3125000.0,7279000.0,0.004493678661539382,0.13,0.13,55992308,55992308,https://www.nseindia.com/companies-listing/corporate-filings-annual-reports,https://www.nseindia.com/companies-listing/corporate-filings-annual-reports,1620593691,16:54:51,20210509
19,2016-03-31,IOLCP.NS,INR,2016-03-31,2016-03-31,Q1,1421821425,904275017,517546408,0.36400239783979904,0.0,0.0,0.0,0.0,351863280,1256138297,986507.0,73919582,239602710,0.16851814565953668,165683128.0,0.11652878841659035,0.0,15914552.0,0.011193073701220952,4646757.0,11267795.0,0.007924901680251442,0.1917903684283753,0.1917903684283753,58750578,58750578,https://www.nseindia.com/companies-listing/corporate-filings-annual-reports,https://www.nseindia.com/companies-listing/corporate-filings-annual-reports,1620593691,16:54:51,20210509
20,2015-12-31,IOLCP.NS,INR,2015-12-31,2015-12-31,Q4,1431471000,975436000,456035000,0.3185778824719467,0.0,0.0,0.0,0.0,359715000,1335151000,153892000.0,74682000,171002000,0.11945893420125171,96320000.0,0.0672874267100067,0.0,-57572000.0,-0.040218767966658076,4647000.0,-62219000.0,-0.043465078929297206,-1.14,-1.14,54578070,54578070,https://www.nseindia.com/companies-listing/corporate-filings-annual-reports,https://www.nseindia.com/companies-listing/corporate-filings-annual-reports,1620593691,16:54:51,20210509
21,2015-09-30,IOLCP.NS,INR,2015-09-30,2015-09-30,Q3,1581419000,1206660000,374759000,0.23697641169101927,0.0,0.0,0.0,0.0,366912000,1573572000,154099000.0,74551000,82398000,0.05210383838818175,7847000.0,0.004961999318333725,0.0,-146252000.0,-0.09248149921051917,-16968000.0,-129284000.0,-0.08175189497533544,-2.5099999864097646,-2.410000012489558,51507570,53644813,https://www.nseindia.com/companies-listing/corporate-filings-annual-reports,https://www.nseindia.com/companies-listing/corporate-filings-annual-reports,1620593691,16:54:51,20210509
22,2015-06-30,IOLCP.NS,INR,2015-06-30,2015-06-30,Q2,1369442000,1049673000,319769000,0.23350313485346585,0.0,0.0,0.0,0.0,371988000,1421661000,145374000.0,73711000,21492000,0.01569398338885473,-52219000.0,-0.038131589362674724,0.0,-197593000.0,-0.14428723523887832,-18175000.0,-179418000.0,-0.13101540627496455,-3.7200000124402233,-3.440000023007725,48230645,52156395,https://www.nseindia.com/companies-listing/corporate-filings-annual-reports,https://www.nseindia.com/companies-listing/corporate-filings-annual-reports,1620593691,16:54:51,20210509
23,2015-03-31,IOLCP.NS,INR,2015-03-31,2015-03-31,Q1,748274468,602557356,145717112,0.1947375170897853,0.0,0.0,0.0,0.0,320462349,923019705,0.0,72679473,-102065764,-0.13640150555023348,-174745237.0,-0.23353093613772746,0.0,-309369134.0,-0.4134433917368406,-28814072.0,-280555062.0,-0.3749360348347473,-4.775358329240608,-4.775358329240608,58750578,58750578,https://www.nseindia.com/companies-listing/corporate-filings-annual-reports,https://www.nseindia.com/companies-listing/corporate-filings-annual-reports,1620593691,16:54:51,20210509
24,2014-12-31,IOLCP.NS,INR,2014-12-31,2014-12-31,Q4,677949000,532454000,145495000,0.21461053855083495,0.0,0.0,0.0,0.0,325795000,858249000,0.0,77797000,-102503000,-0.15119573891251406,-180300000.0,-0.2659492085687861,0.0,-320955000.0,-0.4734205670338034,-20017000.0,-300938000.0,-0.4438947472449993,-7.87999990154517,-7.559999953776526,38190102,39806614,https://www.nseindia.com/companies-listing/corporate-filings-annual-reports,https://www.nseindia.com/companies-listing/corporate-filings-annual-reports,1620593691,16:54:51,20210509
25,2014-09-30,IOLCP.NS,INR,2014-09-30,2014-09-30,Q3,1212405000,913255000,299150000,0.24674098176764364,0.0,0.0,0.0,0.0,290833000,1204088000,0.0,60477000,68794000,0.05674176533419113,8317000.0,0.006859918921482508,0.0,-143140000.0,-0.1180628585332459,-45614000.0,-97526000.0,-0.0804401169576173,-2.88,-2.88,33863194,33863194,https://www.nseindia.com/companies-listing/corporate-filings-annual-reports,https://www.nseindia.com/companies-listing/corporate-filings-annual-reports,1620593691,16:54:51,20210509
26,2014-06-30,IOLCP.NS,INR,2014-06-30,2014-06-30,Q2,1208625000,744013000,464612000,0.38441369324645774,0.0,0.0,0.0,0.0,294061000,1038074000,151467000.0,78152000,248703000,0.20577350294756439,170551000.0,0.14111159375323198,0.0,19084000.0,0.015789843830799462,6572000.0,12512000.0,0.010352259799358776,0.42,0.42,29790476,29790476,https://www.nseindia.com/companies-listing/corporate-filings-annual-reports,https://www.nseindia.com/companies-listing/corporate-filings-annual-reports,1620593691,16:54:51,20210509
27,2014-03-31,IOLCP.NS,INR,2014-03-31,2014-03-31,Q1,1296989823,850195011,446794812,0.3444859813676425,0.0,0.0,0.0,0.0,300056429,1150251440,0.0,78880933,225619316,0.17395611900649433,146738383.0,0.11313765181332498,0.0,9779058.0,0.007539810896419038,1675933.0,8103125.0,0.006247639616213088,0.13792417497577641,0.13792417497577641,58750578,58750578,https://www.nseindia.com/companies-listing/corporate-filings-annual-reports,https://www.nseindia.com/companies-listing/corporate-filings-annual-reports,1620593691,16:54:51,20210509
28,2013-12-31,IOLCP.NS,INR,2013-12-31,2013-12-31,Q4,1390981000,896685000,494296000,0.3553578373823941,0.0,0.0,0.0,0.0,337382000,1234067000,0.0,79374000,236288000,0.1698714791934613,156914000.0,0.1128081548202312,0.0,13254000.0,0.00952852698922559,7360000.0,5894000.0,0.004237297274369671,0.21,0.21,28066667,28066667,https://www.nseindia.com/companies-listing/corporate-filings-annual-reports,https://www.nseindia.com/companies-listing/corporate-filings-annual-reports,1620593691,16:54:51,20210509
29,2013-09-30,IOLCP.NS,INR,2013-09-30,2013-09-30,Q3,1549389000,1020556000,528833000,0.34131712565404815,0.0,0.0,0.0,0.0,357276000,1377832000,0.0,79591000,251148000,0.16209486449174482,171557000.0,0.11072558279424986,0.0,15235000.0,0.009832908327088937,4487000.0,10748000.0,0.006936928040666353,0.41,0.41,26151164,26151164,https://www.nseindia.com/companies-listing/corporate-filings-annual-reports,https://www.nseindia.com/companies-listing/corporate-filings-annual-reports,1620593691,16:54:51,20210509
30,2013-06-30,IOLCP.NS,INR,2013-06-30,2013-06-30,Q2,1391434000,931814000,459620000,0.33032109320312714,0.0,0.0,0.0,0.0,293528000,1225342000,153537000.0,78457000,244549000,0.17575321574720756,166092000.0,0.11936750144095946,0.0,12555000.0,0.009023065413091818,4306000.0,8249000.0,0.005928416295706443,0.32,0.32,25778125,25778125,https://www.nseindia.com/companies-listing/corporate-filings-annual-reports,https://www.nseindia.com/companies-listing/corporate-filings-annual-reports,1620593691,16:54:51,20210509
31,2013-03-31,IOLCP.NS,INR,2013-03-31,2013-03-31,Q1,1354940256,895671951,459268305,0.33895834371017464,0.0,0.0,0.0,0.0,341453095,1237125046,0.0,76946641,194761851,0.14374202119801804,117815210.0,0.08695232832465198,0.0,4928003.0,0.003637062946633715,4256311.0,671692.0,0.0004957355108652112,0.011432942838451735,0.011432942838451735,58750578,58750578,https://www.nseindia.com/companies-listing/corporate-filings-annual-reports,https://www.nseindia.com/companies-listing/corporate-filings-annual-reports,1620593691,16:54:51,20210509
32,2012-12-31,IOLCP.NS,INR,2012-12-31,2012-12-31,Q4,1170498000,717887000,452611000,0.3866824206448879,0.0,163679000.0,0.0,0.0,292358000,1010245000,153737000.0,79060000,239313000,0.2044540016300754,160253000.0,0.13691010151234773,0.0,6516000.0,0.0055668612846839554,3001000.0,3515000.0,0.0030029953062713477,0.13,0.13,26151164,26151164,https://www.nseindia.com/companies-listing/corporate-filings-annual-reports,https://www.nseindia.com/companies-listing/corporate-filings-annual-reports,1620593691,16:54:51,20210509
33,2012-09-30,IOLCP.NS,INR,2012-09-30,2012-09-30,Q3,1042016000,595678000,446338000,0.42834083161870834,0.0,184080000.0,0.0,0.0,301890000,897568000,136563000.0,79563000,224011000,0.21497846482203728,144448000.0,0.1386235911924577,0.0,7885000.0,0.007567062309983724,3041000.0,4844000.0,0.004648681018333691,0.19,0.19,26151164,26151164,https://www.nseindia.com/companies-listing/corporate-filings-annual-reports,https://www.nseindia.com/companies-listing/corporate-filings-annual-reports,1620593691,16:54:51,20210509
34,2012-06-30,IOLCP.NS,INR,2012-06-30,2012-06-30,Q2,1247656000,790523000,457133000,0.36639346101810116,0.0,187126000.0,0.0,0.0,302769000,1093292000,144079000.0,78171000,232535000,0.18637749507877172,154364000.0,0.12372320575543258,0.0,10285000.0,0.008243458132690422,3400000.0,6885000.0,0.005518348006181191,0.26,0.26,26151164,26151164,https://www.nseindia.com/companies-listing/corporate-filings-annual-reports,https://www.nseindia.com/companies-listing/corporate-filings-annual-reports,1620593691,16:54:51,20210509
