,date,symbol,reportedCurrency,fillingDate,acceptedDate,period,revenue,costOfRevenue,grossProfit,grossProfitRatio,researchAndDevelopmentExpenses,generalAndAdministrativeExpenses,sellingAndMarketingExpenses,otherExpenses,operatingExpenses,costAndExpenses,interestExpense,depreciationAndAmortization,ebitda,ebitdaratio,operatingIncome,operatingIncomeRatio,totalOtherIncomeExpensesNet,incomeBeforeTax,incomeBeforeTaxRatio,incomeTaxExpense,netIncome,netIncomeRatio,eps,epsdiluted,weightedAverageShsOut,weightedAverageShsOutDil,link,finalLink,timestamp,est_time,est_date
0,2020-03-31,PLUGD,USD,2020-05-08,2020-05-08 15:33:08,Q1,40813000.0,45284000.0,-4471000.0,-0.10954842819689804,10412000.0,11013000.0,0.0,-11583000.0,21425000.0,66709000.0,0.0,3175000.0,-22721000.0,-0.5567098718545561,-25896000.0,-0.6345037120525323,-11583000.0,-37479000.0,-0.9183103422928969,0.0,-37479000.0,-0.9183103422928969,-0.1228,-0.1228,305192201,305192201,https://www.sec.gov/Archives/edgar/data/1093691/000155837020005975/0001558370-20-005975-index.htm,https://www.sec.gov/Archives/edgar/data/1093691/000155837020005975/plug-20200331x10q.htm,1620596633,17:43:53,20210509
1,2019-12-31,PLUGD,USD,2020-03-10,2020-03-09 21:56:15,Q4,98202000.0,78882000.0,19320000.0,0.1967373373251054,9341000.0,10982000.0,0.0,-10806000.0,20323000.0,99205000.0,0.0,9538000.0,-2199000.0,-0.02239261929492271,-11737000.0,-0.11951895073420093,-10806000.0,-11737000.0,-0.11951895073420093,-9336000.0,-11737000.0,-0.11951895073420093,-0.04949,-0.04949,237152780,237152780,https://www.sec.gov/Archives/edgar/data/1093691/000155837020002267/0001558370-20-002267-index.htm,https://www.sec.gov/Archives/edgar/data/1093691/000155837020002267/plug-20191231x10k.htm,1620596633,17:43:53,20210509
2,2019-09-30,PLUGD,USD,2019-11-08,2019-11-08 16:16:16,Q3,56376000.0,51114000.0,5262000.0,0.09333759046402725,8028000.0,10400000.0,0.0,-8490000.0,18428000.0,69542000.0,0.0,945000.0,-20284000.0,-0.3597984958138215,-21229000.0,-0.3765609479211012,-8490000.0,-21229000.0,-0.3765609479211012,0.0,-21229000.0,-0.3765609479211012,-0.08951613386104941,-0.09249330175133011,237152780,229519323,https://www.sec.gov/Archives/edgar/data/1093691/000155837019010607/0001558370-19-010607-index.htm,https://www.sec.gov/Archives/edgar/data/1093691/000155837019010607/plug-20190930x10q.htm,1620596633,17:43:53,20210509
3,2019-06-30,PLUGD,USD,2019-08-09,2019-08-09 16:02:37,Q2,57068000.0,46914000.0,10154000.0,0.17792808579238803,8933000.0,13627000.0,0.0,-7861000.0,22560000.0,69474000.0,0.0,3271000.0,-15290000.0,-0.2679259830377795,-18561000.0,-0.3252435690754889,-7861000.0,-18561000.0,-0.3252435690754889,0.0,-18561000.0,-0.3252435690754889,-0.07826600219487201,-0.08216495688360576,237152780,225899224,https://www.sec.gov/Archives/edgar/data/1093691/000155837019007894/0001558370-19-007894-index.htm,https://www.sec.gov/Archives/edgar/data/1093691/000155837019007894/plug-20190630x10q.htm,1620596633,17:43:53,20210509
4,2019-03-31,PLUGD,USD,2019-05-08,2019-05-08 17:30:08,Q1,18593000.0,25363000.0,-6770000.0,-0.3641155273490023,7373000.0,9324000.0,0.0,-8345000.0,16697000.0,42060000.0,0.0,1241000.0,-32697000.0,-1.7585650513634163,-33938000.0,-1.8253106007637283,-8345000.0,-33938000.0,-1.8253106007637283,0.0,-33938000.0,-1.8253106007637283,-0.14310606015244687,-0.15384052736268053,237152780,220605068,https://www.sec.gov/Archives/edgar/data/1093691/000155837019004508/0001558370-19-004508-index.htm,https://www.sec.gov/Archives/edgar/data/1093691/000155837019004508/plug-20190331x10q.htm,1620596633,17:43:53,20210509
5,2018-12-31,PLUGD,USD,2019-03-13,2019-03-13 16:42:08,Q4,59820000.0,55313000.0,4507000.0,0.07534269475091943,8430000.0,8996000.0,0.0,-6542000.0,17426000.0,72739000.0,0.0,2257000.0,-16226000.0,-0.27124707455700436,-18483000.0,-0.30897693079237715,-6542000.0,-18483000.0,-0.30897693079237715,-1636000.0,-18483000.0,-0.30897693079237715,-0.07793710029458648,-0.0844426291007666,237152780,218882337,https://www.sec.gov/Archives/edgar/data/1093691/000155837019001929/0001558370-19-001929-index.htm,https://www.sec.gov/Archives/edgar/data/1093691/000155837019001929/plug-20181231x10k.htm,1620596633,17:43:53,20210509
6,2018-09-30,PLUGD,USD,2018-11-09,2018-11-09 17:11:23,Q3,51611000.0,47202000.0,4409000.0,0.08542752513998954,8402000.0,8652000.0,0.0,-6352000.0,17054000.0,64256000.0,0.0,2845000.0,-14436000.0,-0.27970781422564955,-17281000.0,-0.3348317219197458,-6352000.0,-17281000.0,-0.3348317219197458,-1716000.0,-17281000.0,-0.3348317219197458,-0.07286863767736562,-0.07893358457121522,237152780,218930891,https://www.sec.gov/Archives/edgar/data/1093691/000155837018009196/0001558370-18-009196-index.htm,https://www.sec.gov/Archives/edgar/data/1093691/000155837018009196/plug-20180930x10q.htm,1620596633,17:43:53,20210509
7,2018-06-30,PLUGD,USD,2018-08-09,2018-08-09 16:04:04,Q2,36006000.0,38316000.0,-2310000.0,-0.06415597400433261,8427000.0,12241000.0,0.0,-6136000.0,20668000.0,58984000.0,0.0,-870000.0,-29650000.0,-0.8234738654668666,-28780000.0,-0.7993112259067933,-6136000.0,-28780000.0,-0.7993112259067933,-2912000.0,-28780000.0,-0.7993112259067933,-0.12135636782330783,-0.13043249470994941,237152780,220650537,https://www.sec.gov/Archives/edgar/data/1093691/000155837018006886/0001558370-18-006886-index.htm,https://www.sec.gov/Archives/edgar/data/1093691/000155837018006886/plug-20180630x10q.htm,1620596633,17:43:53,20210509
8,2018-03-31,PLUGD,USD,2018-05-10,2018-05-10 17:16:13,Q1,27195000.0,31179000.0,-3984000.0,-0.14649751792608937,8648000.0,8309000.0,0.0,-3105000.0,16957000.0,48136000.0,0.0,3632000.0,-19156000.0,-0.7043941901084758,-22788000.0,-0.8379481522338665,-3105000.0,-22788000.0,-0.8379481522338665,-2953000.0,-22788000.0,-0.8379481522338665,-0.09608995517573102,-0.10039396215521218,237152780,226985762,https://www.sec.gov/Archives/edgar/data/1093691/000155837018004683/0001558370-18-004683-index.htm,https://www.sec.gov/Archives/edgar/data/1093691/000155837018004683/plug-20180331x10q.htm,1620596633,17:43:53,20210509
9,2017-12-31,PLUGD,USD,2018-03-12,2018-03-09 18:26:57,Q4,33663000.0,32530000.0,1133000.0,0.03365713097466061,8634000.0,8426000.0,0.0,-30159000.0,17060000.0,49590000.0,0.0,-3972000.0,-23411000.0,-0.695451979918605,-19439000.0,-0.5774589311707216,-2988000.0,-19439000.0,-0.5774589311707216,7144000.0,-19439000.0,-0.5774589311707216,-0.08196825691859906,-0.08985227853688653,237152780,216343985,https://www.sec.gov/Archives/edgar/data/1093691/000155837018001828/0001558370-18-001828-index.htm,https://www.sec.gov/Archives/edgar/data/1093691/000155837018001828/plug-20171231x10k.htm,1620596633,17:43:53,20210509
10,2017-09-30,PLUGD,USD,2017-11-08,2017-11-08 16:26:50,Q3,61427000.0,54780000.0,6647000.0,0.10820974490045095,7436000.0,9535000.0,0.0,24447000.0,16971000.0,71751000.0,0.0,-21391000.0,-62374000.0,-1.015416673449786,-40983000.0,-0.6671821837302815,-2724000.0,-40983000.0,-0.6671821837302815,0.0,-40983000.0,-0.6671821837302815,-0.17281264845387856,-0.1929341428015077,237152780,212419634,https://www.sec.gov/Archives/edgar/data/1093691/000155837017008557/0001558370-17-008557-index.htm,https://www.sec.gov/Archives/edgar/data/1093691/000155837017008557/plug-20170930x10q.htm,1620596633,17:43:53,20210509
11,2017-06-30,PLUGD,USD,2017-08-08,2017-08-08 16:34:19,Q2,22604000.0,24327000.0,-1723000.0,-0.07622544682357105,6625000.0,17904000.0,0.0,-2251000.0,24529000.0,48856000.0,0.0,-4236000.0,-46855000.0,-2.0728632100513185,-42619000.0,-1.8854627499557601,-2251000.0,-42619000.0,-1.8854627499557601,0.0,-42619000.0,-1.8854627499557601,-0.17971115497781642,-0.20714156096755634,237152780,205748184,https://www.sec.gov/Archives/edgar/data/1093691/000155837017006291/0001558370-17-006291-index.htm,https://www.sec.gov/Archives/edgar/data/1093691/000155837017006291/plug-20170630x10q.htm,1620596633,17:43:53,20210509
12,2017-03-31,PLUGD,USD,2017-05-09,2017-05-09 17:23:00,Q1,15235000.0,19714000.0,-4479000.0,-0.2939940925500492,5998000.0,9145000.0,0.0,-2137000.0,15143000.0,34857000.0,0.0,3792000.0,-20247000.0,-1.3289793239251724,-24039000.0,-1.577879881851001,-2137000.0,-24039000.0,-1.577879881851001,0.0,-24039000.0,-1.577879881851001,-0.10136503565338766,-0.1257363979490306,237152780,191185690,https://www.sec.gov/Archives/edgar/data/1093691/000155837017004026/0001558370-17-004026-index.htm,https://www.sec.gov/Archives/edgar/data/1093691/000155837017004026/plug-20170331x10q.htm,1620596633,17:43:53,20210509
13,2016-12-31,PLUGD,USD,2017-03-10,2017-03-10 17:28:32,Q4,32578000.0,29567000.0,3011000.0,0.09242433544109521,6145000.0,8803000.0,0.0,-6909000.0,14948000.0,44515000.0,0.0,3176000.0,-16035000.0,-0.49220332739885814,-19211000.0,-0.5896924304745533,-10704000.0,-19211000.0,-0.5896924304745533,0.0,-19211000.0,-0.5896924304745533,-0.08100685136391823,-0.10636150421110946,237152780,180619860,https://www.sec.gov/Archives/edgar/data/1093691/000155837017001631/0001558370-17-001631-index.htm,https://www.sec.gov/Archives/edgar/data/1093691/000155837017001631/plug-20161231x10k.htm,1620596633,17:43:53,20210509
14,2016-09-30,PLUGD,USD,2016-11-08,2016-11-08 16:09:25,Q3,17559000.0,17178000.0,381000.0,0.02169827438920212,5001000.0,8636000.0,0.0,-2113000.0,13637000.0,30815000.0,0.0,1694000.0,-11700000.0,-0.6663249615581753,-13394000.0,-0.7627997038555726,-2113000.0,-13394000.0,-0.7627997038555726,0.0,-13394000.0,-0.7627997038555726,-0.05647835964646925,-0.07430318614602949,237152780,180261449,https://www.sec.gov/Archives/edgar/data/1093691/000155837016009674/0001558370-16-009674-index.htm,https://www.sec.gov/Archives/edgar/data/1093691/000155837016009674/plug-20160930x10q.htm,1620596633,17:43:53,20210509
15,2016-06-30,PLUGD,USD,2016-08-09,2016-08-09 12:04:15,Q2,20459000.0,20075000.0,384000.0,0.018769245808690552,5201000.0,8559000.0,0.0,-1121000.0,13760000.0,33835000.0,0.0,1414000.0,-11714000.0,-0.5725597536536488,-13128000.0,-0.6416735910846082,-87000.0,-13128000.0,-0.6416735910846082,0.0,-13128000.0,-0.6416735910846082,-0.055356719832674955,-0.07285063410295116,237152780,180204334,https://www.sec.gov/Archives/edgar/data/1093691/000155837016007743/0001558370-16-007743-index.htm,https://www.sec.gov/Archives/edgar/data/1093691/000155837016007743/plug-20160630x10q.htm,1620596633,17:43:53,20210509
16,2016-03-31,PLUGD,USD,2016-05-10,2016-05-10 16:02:14,Q1,15332000.0,15162000.0,170000.0,0.011087920688755543,4830000.0,8290000.0,0.0,-561000.0,13120000.0,28282000.0,0.0,716000.0,-11430000.0,-0.7454996086616228,-12146000.0,-0.7921993216801461,87000.0,-12146000.0,-0.7921993216801461,-392000.0,-12146000.0,-0.7921993216801461,-0.051215929241900514,-0.06743066509591968,237152780,180125763,https://www.sec.gov/Archives/edgar/data/1093691/000155837016005803/0001558370-16-005803-index.htm,https://www.sec.gov/Archives/edgar/data/1093691/000155837016005803/plug-20160331x10q.htm,1620596633,17:43:53,20210509
17,2015-12-31,PLUGD,USD,2016-03-15,2016-03-14 21:45:52,Q4,38431000.0,82542000.0,-44111000.0,-1.147797351096771,4491000.0,10212000.0,0.0,-204000.0,14703000.0,97245000.0,0.0,671000.0,-24529000.0,-0.6382607790585725,-25200000.0,-0.6557206421898988,66000.0,-25200000.0,-0.6557206421898988,-13344000.0,-25200000.0,-0.6557206421898988,-0.10626061393840713,-0.1431271444258699,237152780,176067231,https://www.sec.gov/Archives/edgar/data/1093691/000104746916011132/0001047469-16-011132-index.htm,https://www.sec.gov/Archives/edgar/data/1093691/000104746916011132/a2227737z10-k.htm,1620596633,17:43:53,20210509
18,2015-09-30,PLUGD,USD,2015-11-09,2015-11-09 15:07:37,Q3,31432000.0,15145000.0,16287000.0,0.5181662000509035,4131000.0,8201000.0,0.0,-36000.0,12332000.0,27477000.0,0.0,625000.0,-29865000.0,-0.9501463476711631,-30490000.0,-0.9700305421226775,28000.0,-30490000.0,-0.9700305421226775,0.0,-30490000.0,-0.9700305421226775,-0.1745,-0.1745,174724746,174724746,https://www.sec.gov/Archives/edgar/data/1093691/000110465915077181/0001104659-15-077181-index.htm,https://www.sec.gov/Archives/edgar/data/1093691/000110465915077181/a15-18069_110q.htm,1620596633,17:43:53,20210509
19,2015-06-30,PLUGD,USD,2015-08-06,2015-08-06 11:49:24,Q2,24009461.0,11653065.0,12356396.0,0.514646955214863,3425056.0,8610031.0,0.0,-150000.0,11426643.0,23079708.0,0.0,607362.0,-9256869.0,-0.3855508876271733,-9864231.0,-0.4108476654265583,63000.0,-9225179.0,-0.38423099127464794,0.0,-9225179.0,-0.38423099127464794,-0.0532,-0.0532,173402611,173402611,https://www.sec.gov/Archives/edgar/data/1093691/000110465915056946/0001104659-15-056946-index.htm,https://www.sec.gov/Archives/edgar/data/1093691/000110465915056946/a15-12551_110q.htm,1620596633,17:43:53,20210509
20,2015-03-31,PLUGD,USD,2015-05-11,2015-05-11 13:53:03,Q1,9415539.0,3837935.0,5577604.0,0.5923828683626078,2900944.0,7140969.0,0.0,-90023000.0,10650357.0,14488292.0,0.0,1083638.0,-11678131.0,-1.2403040335768352,-12761769.0,-1.3553944176748671,31176000.0,-11051821.0,-1.1737852713477157,0.0,-11051821.0,-1.1737852713477157,-0.06373503222509147,-0.06374855414126301,173402611,173365830,https://www.sec.gov/Archives/edgar/data/1093691/000110465915036713/0001104659-15-036713-index.htm,https://www.sec.gov/Archives/edgar/data/1093691/000110465915036713/a15-7292_110q.htm,1620596633,17:43:53,20210509
21,2014-12-31,PLUGD,USD,2015-03-17,2015-03-17 15:27:46,Q4,21453107.0,10383500.0,11069607.0,0.5159908539122096,2173317.0,8775264.0,0.0,-82425000.0,11557025.0,21940525.0,0.0,1116475.0,-7155530525.0,-333.54285348970666,-7156647000.0,-333.59489606796814,29845000.0,-7156647000.0,-333.59489606796814,0.0,-7156647000.0,-333.59489606796814,-41.27185259050108,-44.945677702870555,173402611,159228815,https://www.sec.gov/Archives/edgar/data/1093691/000104746915002340/0001047469-15-002340-index.htm,https://www.sec.gov/Archives/edgar/data/1093691/000104746915002340/a2223676z10-k.htm,1620596633,17:43:53,20210509
22,2014-09-30,PLUGD,USD,2014-11-14,2014-11-14 15:53:51,Q3,19881094.0,11058189.0,8822905.0,0.4437836770954355,1643526.0,4950594.0,0.0,-93255000.0,7202564.0,18260753.0,0.0,1108001.0,-81654747999.0,-4107.155672570131,-81655856000.0,-4107.211403959963,628339000.0,-81655856000.0,-4107.211403959963,-324680.0,-81655856000.0,-4107.211403959963,-470.90326684873276,-528.3827196622734,173402611,154539225,https://www.sec.gov/Archives/edgar/data/1093691/000110465914080963/0001104659-14-080963-index.htm,https://www.sec.gov/Archives/edgar/data/1093691/000110465914080963/a14-23739_110q.htm,1620596633,17:43:53,20210509
23,2014-06-30,PLUGD,USD,2014-08-14,2014-08-14 16:15:24,Q2,17321242000.0,17125268000.0,195974000.0,0.011314084752121124,327543000.0,8083364000.0,0.0,-121139000.0,8410907000.0,25536175000.0,0.0,-2065510.0,12878834.0,0.0007435283220452668,14944344.0,0.0008627755446174126,48770000.0,-8900201.0,-0.0005138315716621245,-410259.0,-9189342.0,-0.0005305244277517744,-0.06255,-0.06255,146905767,146905767,https://www.sec.gov/Archives/edgar/data/1093691/000100329714000434/0001003297-14-000434-index.htm,https://www.sec.gov/Archives/edgar/data/1093691/000100329714000434/esplugpower10q.htm,1620596633,17:43:53,20210509
24,2014-03-31,PLUGD,USD,2014-05-15,2014-05-15,Q1,5574441000.0,7881263000.0,-2306822000.0,-0.41382122440617813,346399000.0,0.0,0.0,-90469000.0,346399000.0,8227662000.0,90469000.0,0.0,0.0,0.0,0.0,0.0,45009000.0,0.0,0.0,0.0,0.0,0.0,-0.57,-0.57,146905767,146905767,https://www.sec.gov/Archives/edgar/data/1093691/000100329714000263/0001003297-14-000263-index.htm,https://www.sec.gov/Archives/edgar/data/1093691/000100329714000263/esplug10q.htm,1620596633,17:43:53,20210509
25,2013-12-31,PLUGD,USD,2013-12-31,2013-12-31,Q4,26601428.0,20414084.0,6187344.0,0.2325944306448511,3121007.0,12325466.0,0.0,0.0,17717331.0,38131415.0,0.0,4178798.0,-24785773.0,-0.931745957397475,-28964571.0,-1.0888351933587925,0.0,-63079941.0,-2.3712990520659267,410259.0,-62790800.0,-2.3604296731739365,-0.82148,-0.82148,76436408,76436408,,,1620596633,17:43:53,20210509
26,2013-09-30,PLUGD,USD,2013-11-14,2013-11-14 14:51:05,Q3,4626816000.0,8542504000.0,-3915688000.0,-0.8463029435361165,461808000.0,2753030000.0,0.0,-124651000.0,3214838000.0,11757342000.0,0.0,-2086548.0,10908232.0,0.002357610935900628,12994780.0,0.0028085793772650567,26028000.0,17897143.0,0.0038681337230613883,0.0,17897143.0,0.0038681337230613883,0.30505,0.30505,58669943,58669943,https://www.sec.gov/Archives/edgar/data/1093691/000100329713000535/0001003297-13-000535-index.htm,https://www.sec.gov/Archives/edgar/data/1093691/000100329713000535/esplugpower10q3.htm,1620596633,17:43:53,20210509
27,2013-06-30,PLUGD,USD,2013-08-14,2013-08-14 15:18:07,Q2,7497274.0,8973308.0,-1476034.0,-0.19687609122995905,823581.0,3215425.0,0.0,-146922000.0,4607297.0,13580605.0,0.0,968020.0,-5648090.0,-0.7533524851832812,-6616110.0,-0.8824687479742637,40869000.0,-9320764.0,-1.2432204025089653,0.0,-9320764.0,-1.2432204025089653,-0.1219414182832872,-0.15886778686660732,76436408,58669943,https://www.sec.gov/Archives/edgar/data/1093691/000100329713000374/0001003297-13-000374-index.htm,https://www.sec.gov/Archives/edgar/data/1093691/000100329713000374/es10q2q2013v.htm,1620596633,17:43:53,20210509
28,2013-03-31,PLUGD,USD,2013-05-15,2013-05-15 16:11:37,Q1,6445107.0,7998192.0,-1553085.0,-0.24097117394637513,750484.0,2881275.0,0.0,-82607000.0,4205489.0,12203681.0,0.0,1118528.0,-5260142.0,-0.8161450228832509,-6378670.0,-0.9896918701272144,16212000.0,-8576379.0,-1.3306806233007458,0.0,-8576379.0,-1.3306806233007458,-0.11220280000598667,-0.17658935856461927,76436408,48566794,https://www.sec.gov/Archives/edgar/data/1093691/000100329713000222/0001003297-13-000222-index.htm,https://www.sec.gov/Archives/edgar/data/1093691/000100329713000222/esq1201310qv.htm,1620596633,17:43:53,20210509
29,2012-12-31,PLUGD,USD,2012-12-31,2012-12-31,Q4,7439049.0,2117526.0,5321523.0,0.7153499056129352,1566239.0,3989470.0,0.0,0.0,6151731.0,8269257.0,0.0,1268980.0,-2730236.0,-0.36701411699264247,-3999216.0,-0.5375977493897406,0.0,-4065880.0,-0.5465591099077315,0.0,-4065834.0,-0.5465529263216307,-0.0531923739796878,-0.21652038074634522,76436408,18778066,updating...,,1620596633,17:43:53,20210509
30,2012-09-30,PLUGD,USD,2012-11-14,2012-11-14 14:18:14,Q3,4775654.0,10848860.0,-6073206.0,-1.2717014256057915,1284975.0,3053434.0,0.0,-59349000.0,4916499.0,15765359.0,0.0,1061769.0,-10719258.0,-2.2445633624211467,-11781027.0,-2.4668929114211373,0.0,-10325464.0,-2.162104708590698,0.0,-10325464.0,-2.162104708590698,-0.31188,-0.31188,33107175,33107175,https://www.sec.gov/Archives/edgar/data/1093691/000100329712000474/0001003297-12-000474-index.htm,https://www.sec.gov/Archives/edgar/data/1093691/000100329712000474/es10q-ppwer.htm,1620596633,17:43:53,20210509
31,2012-06-30,PLUGD,USD,2012-08-14,2012-08-14 14:12:27,Q2,7659097.0,8642527.0,-983430.0,-0.12840025397249832,1577077.0,3567268.0,0.0,-42965000.0,5717336.0,14359863.0,0.0,1062196.0,-6471134.0,-0.8448951619231353,-7533330.0,-0.9835793958478395,0.0,-6479554.0,-0.8459945082298866,0.0,-6479554.0,-0.8459945082298866,-0.21144,-0.21144,30645479,30645479,https://www.sec.gov/Archives/edgar/data/1093691/000100329712000366/0001003297-12-000366-index.htm,https://www.sec.gov/Archives/edgar/data/1093691/000100329712000366/esplugpower10-q.htm,1620596633,17:43:53,20210509
32,2012-03-31,PLUGD,USD,2012-05-15,2012-05-15 15:09:34,Q1,7752142.0,9060689.0,-1308547.0,-0.1687981205710628,1227457.0,3935793.0,0.0,-55848000.0,5739023.0,14799712.0,0.0,1062048.0,-6751480.0,-0.8709179991800976,-7813528.0,-1.0079185855986643,0.0,-6583102.0,-0.8491978088120676,0.0,-6583102.0,-0.8491978088120676,-0.08612521404721164,-0.2808778202546336,76436408,23437600,https://www.sec.gov/Archives/edgar/data/1093691/000100329712000221/0001003297-12-000221-index.htm,https://www.sec.gov/Archives/edgar/data/1093691/000100329712000221/esplugpower10q-5.htm,1620596633,17:43:53,20210509
33,2011-12-31,PLUGD,USD,2011-12-31,2011-12-31,Q4,11867245.0,11481985.0,385260.0,0.0324641481658127,2007927.0,3494945.0,0.0,0.0,6071180.0,17553165.0,0.0,1100282.0,-5312081.0,-0.4476254598266068,-6412363.0,-0.5403413344883332,0.0,-7167540.0,-0.6039767443918113,0.0,-7167540.0,-0.6039767443918113,-0.0937712823972576,-0.3816974548923196,76436408,18778066,updating...,,1620596633,17:43:53,20210509
34,2011-09-30,PLUGD,USD,2011-11-09,2011-11-09 16:57:45,Q3,5470254.0,7565994.0,-2095740.0,-0.3831156651958026,1478847.0,3606505.0,0.0,-17042000.0,5669958.0,13235952.0,0.0,1131284.0,-7656227.0,-1.399610877301127,-8787511.0,-1.6064173619725886,0.0,-6290546.0,-1.1499550112298258,0.0,-6290546.0,-1.1499550112298258,-0.08229777097845833,-0.3606599033228686,76436408,17441767,https://www.sec.gov/Archives/edgar/data/1093691/000100329711000354/0001003297-11-000354-index.htm,https://www.sec.gov/Archives/edgar/data/1093691/000100329711000354/esplugpowerq3.htm,1620596633,17:43:53,20210509
35,2011-06-30,PLUGD,USD,2011-08-11,2011-08-11 16:41:15,Q2,10288443.0,11621623.0,-1333180.0,-0.12958034563636112,2168974.0,7444515.0,0.0,5223000.0,10783451.0,22405074.0,0.0,2223427.0,-13703800.0,-1.3319605308597229,-15927227.0,-1.5480697127835572,0.0,-13995868.0,-1.3603484997681379,0.0,-13995868.0,-1.3603484997681379,-0.18310473197536964,-0.9468685760947256,76436408,14781215,https://www.sec.gov/Archives/edgar/data/1093691/000100329711000292/0001003297-11-000292-index.htm,https://www.sec.gov/Archives/edgar/data/1093691/000100329711000292/esplugpower10q.htm,1620596633,17:43:53,20210509
36,2011-03-31,PLUGD,USD,2011-05-13,2011-05-13 09:45:39,Q1,5941754000.0,8027533000.0,-2085779000.0,-0.35103758923711753,785224000.0,3561598000.0,0.0,14494000.0,4346822000.0,12374355000.0,-14494000.0,0.0,0.0,0.0,0.0,0.0,0.0,0.0,0.0,0.0,0.0,0.0,-0.05,-0.05,76436408,76436408,https://www.sec.gov/Archives/edgar/data/1093691/000100329711000176/0001003297-11-000176-index.htm,https://www.sec.gov/Archives/edgar/data/1093691/000100329711000176/esplugpower10q5-12.htm,1620596633,17:43:53,20210509
37,2010-12-31,PLUGD,USD,2011-03-31,2011-03-31 17:01:51,Q4,1652904000.0,0.0,1652904000.0,1.0,9833063000.0,0.0,0.0,0.0,9833063000.0,9833063000.0,0.0,-1689576000.0,-1689576000.0,-1.0221864064700672,0.0,0.0,0.0,0.0,0.0,0.0,0.0,0.0,0.0,0.0,132297482,132297482,https://www.sec.gov/Archives/edgar/data/1093691/000100329711000114/0001003297-11-000114-index.htm,https://www.sec.gov/Archives/edgar/data/1093691/000100329711000114/es10k.htm,1620596633,17:43:53,20210509
38,2010-09-30,PLUGD,USD,2010-11-09,2010-11-09 14:17:25,Q3,13390087000.0,15174670000.0,-1784583000.0,-0.13327643054148938,2943261000.0,17828728000.0,0.0,-2228544000.0,20771989000.0,35946659000.0,406363000.0,562785000.0,-37803485000.0,-2.8232441656279006,-38366270000.0,-2.8652741389955123,752591000.0,-38366270000.0,-2.8652741389955123,0.0,-38366270000.0,-2.8652741389955123,-290.0,-290.0,132297482,132297482,https://www.sec.gov/Archives/edgar/data/1093691/000100329710000272/0001003297-10-000272-index.htm,https://www.sec.gov/Archives/edgar/data/1093691/000100329710000272/esplugpower10q.htm,1620596633,17:43:53,20210509
39,2010-06-30,PLUGD,USD,2010-08-09,2010-08-09,Q2,-162346000.0,0.0,162346000.0,-1.0,0.0,0.0,0.0,1822181000.0,0.0,0.0,0.0,1129055000.0,1129055000.0,-6.954621610634078,0.0,0.0,0.0,0.0,0.0,0.0,0.0,0.0,0.0,0.0,132297482,132297482,https://www.sec.gov/Archives/edgar/data/1093691/000100329710000181/0001003297-10-000181-index.htm,https://www.sec.gov/Archives/edgar/data/1093691/000100329710000181/esplugpower.htm,1620596633,17:43:53,20210509
40,2010-03-31,PLUGD,USD,2010-05-10,2010-05-10 16:29:51,Q1,2747316000.0,3287853000.0,-540537000.0,-0.19675093800640334,1207974000.0,3857717000.0,0.0,-195964000.0,5065691000.0,8353544000.0,195964000.0,0.0,0.0,0.0,0.0,0.0,0.0,0.0,0.0,0.0,0.0,0.0,-0.09,-0.09,127214225,127214225,https://www.sec.gov/Archives/edgar/data/1093691/000100329710000118/0001003297-10-000118-index.htm,https://www.sec.gov/Archives/edgar/data/1093691/000100329710000118/esplugpower10q.htm,1620596633,17:43:53,20210509
41,2009-12-31,PLUGD,USD,2010-03-16,2010-03-16 16:07:22,Q4,3907688000.0,3680105000.0,227583000.0,0.05823980829585167,2687183000.0,3760239000.0,0.0,-227323000.0,6447422000.0,10127527000.0,227323000.0,2059202000.0,-10071657000.0,-2.577395380593333,-12130859000.0,-3.1043571032283026,0.0,-12130859000.0,-3.1043571032283026,0.0,-12130859000.0,-3.1043571032283026,-95.35772,-95.35772,127214225,127214225,https://www.sec.gov/Archives/edgar/data/1093691/000100329710000066/0001003297-10-000066-index.htm,https://www.sec.gov/Archives/edgar/data/1093691/000100329710000066/esplugpower10k.htm,1620596633,17:43:53,20210509
42,2009-09-30,PLUGD,USD,2009-11-09,2009-11-09 12:08:42,Q3,2542253000.0,1334565000.0,1207688000.0,0.4750463466854007,1497400000.0,3973651000.0,0.0,-285909000.0,5471051000.0,6805616000.0,285909000.0,544114000.0,-28033579000.0,-11.027061036018052,-28577693000.0,-11.24108930149753,0.0,-28577693000.0,-11.24108930149753,0.0,-28577693000.0,-11.24108930149753,-220.0,-220.0,129898604,129898604,https://www.sec.gov/Archives/edgar/data/1093691/000100329709000265/0001003297-09-000265-index.htm,https://www.sec.gov/Archives/edgar/data/1093691/000100329709000265/esplugpower10q.htm,1620596633,17:43:53,20210509
43,2009-06-30,PLUGD,USD,2009-08-06,2009-08-06,Q2,3221215000.0,1748268000.0,1472947000.0,0.45726441730837586,1936522000.0,4454052000.0,0.0,-317554000.0,6390574000.0,8138842000.0,317554000.0,98562000.0,8256011000.0,2.563011472379211,8157449000.0,2.5324137010413774,0.0,8157449000.0,2.5324137010413774,0.0,8157449000.0,2.5324137010413774,60.0,60.0,135957483,135957483,https://www.sec.gov/Archives/edgar/data/1093691/000100329709000168/0001003297-09-000168-index.htm,https://www.sec.gov/Archives/edgar/data/1093691/000100329709000168/esplugpower.htm,1620596633,17:43:53,20210509
44,2009-03-31,PLUGD,USD,2009-05-07,2009-05-07 16:08:18,Q1,2621400000.0,483515000.0,2137885000.0,0.8155508506904707,1338678000.0,3238864000.0,0.0,-296295000.0,4577542000.0,5061057000.0,296295000.0,932790000.0,-7224659000.0,-2.7560307469291216,-8157449000.0,-3.111867322804608,0.0,-8157449000.0,-3.111867322804608,0.0,-8157449000.0,-3.111867322804608,-60.0,-60.0,135957483,135957483,https://www.sec.gov/Archives/edgar/data/1093691/000100329709000115/0001003297-09-000115-index.htm,https://www.sec.gov/Archives/edgar/data/1093691/000100329709000115/esplugpower.htm,1620596633,17:43:53,20210509
45,2008-12-31,PLUGD,USD,2009-03-16,2009-03-16 16:39:06,Q4,5277412000.0,9382962000.0,-4105550000.0,-0.7779476000736725,3861729000.0,8695986000.0,0.0,213263000.0,12557715000.0,3174753000.0,-213263000.0,1083377000.0,-63211944000.0,-11.977830042452627,-64295321000.0,-12.183115701408191,0.0,-64295321000.0,-12.183115701408191,0.0,-64295321000.0,-12.183115701408191,-718.5014,-718.5014,89485311,89485311,https://www.sec.gov/Archives/edgar/data/1093691/000100329709000075/0001003297-09-000075-index.htm,https://www.sec.gov/Archives/edgar/data/1093691/000100329709000075/esplugpower10k.htm,1620596633,17:43:53,20210509
46,2008-09-30,PLUGD,USD,2008-11-10,2008-11-10 15:29:30,Q3,4054280000.0,16360527000.0,-12306247000.0,-3.035371755280839,2783302000.0,4754655000.0,0.0,-286442000.0,7537957000.0,23898484000.0,286442000.0,1148044000.0,-12662214000.0,-3.1231720552107896,-13810258000.0,-3.406340459958365,0.0,-13810258000.0,-3.406340459958365,0.0,-13810258000.0,-3.406340459958365,-156.68114,-156.68114,88142442,88142442,https://www.sec.gov/Archives/edgar/data/1093691/000119312508231610/0001193125-08-231610-index.htm,https://www.sec.gov/Archives/edgar/data/1093691/000119312508231610/d10q.htm,1620596633,17:43:53,20210509
47,2008-06-30,PLUGD,USD,2008-08-07,2008-08-07 16:12:35,Q2,4832739000.0,2146989000.0,2685750000.0,0.5557407507419706,3702439000.0,8421723000.0,0.0,-220567000.0,12124162000.0,9977173000.0,220567000.0,1105639000.0,-21761120000.0,-4.502854385473745,-22866759000.0,-4.7316354142030015,0.0,-22866759000.0,-4.7316354142030015,0.0,-22866759000.0,-4.7316354142030015,-257.02155,-257.02155,88968255,88968255,https://www.sec.gov/Archives/edgar/data/1093691/000109369108000028/0001093691-08-000028-index.htm,https://www.sec.gov/Archives/edgar/data/1093691/000109369108000028/form10q063008.htm,1620596633,17:43:53,20210509
48,2008-03-31,PLUGD,USD,2008-05-12,2008-05-12 16:46:27,Q1,3736886000.0,6611656000.0,-2874770000.0,-0.7692956113726777,2886552000.0,6460787000.0,0.0,-106911000.0,9347339000.0,15958995000.0,106911000.0,1061087000.0,-19666599000.0,-5.262830870409212,-20727686000.0,-5.54678039415706,0.0,-20727686000.0,-5.54678039415706,0.0,-20727686000.0,-5.54678039415706,-235.35148,-235.35148,88071196,88071196,https://www.sec.gov/Archives/edgar/data/1093691/000119312508111658/0001193125-08-111658-index.htm,https://www.sec.gov/Archives/edgar/data/1093691/000119312508111658/d10q.htm,1620596633,17:43:53,20210509
49,2007-12-31,PLUGD,USD,2008-03-17,2008-03-17 15:39:30,Q4,5098312000.0,7839045000.0,-2740733000.0,-0.5375765547498859,4353658000.0,6549252000.0,0.0,-580000000.0,10902910000.0,18741955000.0,359409000.0,1029984000.0,-16454869000.0,-3.227513145527382,-17484853000.0,-3.429537658738814,33423000.0,-17484853000.0,-3.429537658738814,0.0,-17484853000.0,-3.429537658738814,-200.18902,-200.18902,87341717,87341717,https://www.sec.gov/Archives/edgar/data/1093691/000119312508058776/0001193125-08-058776-index.htm,https://www.sec.gov/Archives/edgar/data/1093691/000119312508058776/d10k.htm,1620596633,17:43:53,20210509
50,2007-09-30,PLUGD,USD,2007-11-09,2007-11-09 15:54:59,Q3,4535031000.0,7161657000.0,-2626626000.0,-0.5791858975164668,3335541000.0,4682351000.0,0.0,0.0,8017892000.0,15179549000.0,114061000.0,1038144000.0,-14138102000.0,-3.1175315008872047,-15176246000.0,-3.346448127917979,-95381000.0,-15176246000.0,-3.346448127917979,0.0,-15176246000.0,-3.346448127917979,-175.10759,-175.10759,86668121,86668121,https://www.sec.gov/Archives/edgar/data/1093691/000119312507242377/0001193125-07-242377-index.htm,https://www.sec.gov/Archives/edgar/data/1093691/000119312507242377/d10q.htm,1620596633,17:43:53,20210509
51,2007-06-30,PLUGD,USD,2007-08-09,2007-08-09 15:41:27,Q2,4007103000.0,9105063000.0,-5097960000.0,-1.2722308360928083,3331325000.0,4553560000.0,0.0,0.0,7884885000.0,16989948000.0,106530000.0,978135000.0,-15748575000.0,-3.9301647599275586,-16726710000.0,-4.174265048839524,61958000.0,-16726710000.0,-4.174265048839524,0.0,-16726710000.0,-4.174265048839524,-193.25435,-193.25435,86552825,86552825,https://www.sec.gov/Archives/edgar/data/1093691/000119312507177385/0001193125-07-177385-index.htm,https://www.sec.gov/Archives/edgar/data/1093691/000119312507177385/d10q.htm,1620596633,17:43:53,20210509
52,2007-03-31,PLUGD,USD,2007-05-10,2007-05-10 13:56:08,Q1,2630177000.0,4337856000.0,-1707679000.0,-0.6492639088548033,2168143000.0,3537995000.0,0.0,0.0,5706138000.0,10043994000.0,0.0,800761000.0,-10382246000.0,-3.9473563946456833,-11183007000.0,-4.251807768070361,0.0,-11183007000.0,-4.251807768070361,0.0,-11183007000.0,-4.251807768070361,-129.36086,-129.36086,86448152,86448152,https://www.sec.gov/Archives/edgar/data/1093691/000119312507109899/0001193125-07-109899-index.htm,https://www.sec.gov/Archives/edgar/data/1093691/000119312507109899/d10q.htm,1620596633,17:43:53,20210509
53,2006-12-31,PLUGD,USD,2007-03-16,2007-03-16 16:19:22,Q4,1040346000.0,2927340000.0,-1886994000.0,-1.8138138657715799,659829000.0,3020888000.0,0.0,0.0,3680717000.0,6608057000.0,12549000.0,808513000.0,-12473357000.0,-11.989623644441368,-13281870000.0,-12.766781436176041,0.0,-13281870000.0,-12.766781436176041,0.0,-13281870000.0,-12.766781436176041,-154.26039,-154.26039,86100326,86100326,https://www.sec.gov/Archives/edgar/data/1093691/000119312507057114/0001193125-07-057114-index.htm,https://www.sec.gov/Archives/edgar/data/1093691/000119312507057114/d10k.htm,1620596633,17:43:53,20210509
54,2006-09-30,PLUGD,USD,2006-11-07,2006-11-06 18:33:58,Q3,1755539000.0,2097416000.0,-341877000.0,-0.1947418997812068,1079161000.0,3123729000.0,0.0,0.0,4202890000.0,6300306000.0,55932000.0,811088000.0,-11065707000.0,-6.303310265394275,-11876795000.0,-6.765326774284137,0.0,-11876795000.0,-6.765326774284137,0.0,-11876795000.0,-6.765326774284137,-138.02972,-138.02972,86045202,86045202,https://www.sec.gov/Archives/edgar/data/1093691/000119312506225380/0001193125-06-225380-index.htm,https://www.sec.gov/Archives/edgar/data/1093691/000119312506225380/d10q.htm,1620596633,17:43:53,20210509
55,2006-06-30,PLUGD,USD,2006-08-09,2006-08-09 16:23:27,Q2,2764157000.0,3687207000.0,-923050000.0,-0.3339354457796717,2021307000.0,2438249000.0,0.0,0.0,4459556000.0,8146763000.0,53443000.0,795500000.0,-12229503000.0,-4.424315623171911,-13025003000.0,-4.712106801458817,0.0,-13025003000.0,-4.712106801458817,0.0,-13025003000.0,-4.712106801458817,-151.49784,-151.49784,85974843,85974843,https://www.sec.gov/Archives/edgar/data/1093691/000119312506167772/0001193125-06-167772-index.htm,https://www.sec.gov/Archives/edgar/data/1093691/000119312506167772/d10q.htm,1620596633,17:43:53,20210509
56,2006-03-31,PLUGD,USD,2006-05-09,2006-05-09 14:05:34,Q1,2275708000.0,3757693000.0,-1481985000.0,-0.6512193128468151,1418978000.0,2238234000.0,0.0,0.0,3657212000.0,7414905000.0,48911000.0,804689000.0,-11321230000.0,-4.974816628495396,-12125919000.0,-5.328416035800727,0.0,-12125919000.0,-5.328416035800727,0.0,-12125919000.0,-5.328416035800727,-141.11737,-141.11737,85927896,85927896,https://www.sec.gov/Archives/edgar/data/1093691/000119312506105083/0001193125-06-105083-index.htm,https://www.sec.gov/Archives/edgar/data/1093691/000119312506105083/d10q.htm,1620596633,17:43:53,20210509
57,2005-12-31,PLUGD,USD,2006-03-14,2006-03-14 17:02:27,Q4,2728359000.0,4159672000.0,-1431313000.0,-0.5246058161700862,1687611000.0,1591422000.0,0.0,0.0,3279033000.0,7438705000.0,37464000.0,776472000.0,-15676563000.0,-5.745784554012137,-16453035000.0,-6.03037760060168,0.0,-16453035000.0,-6.03037760060168,0.0,-16453035000.0,-6.03037760060168,-209.69101,-209.69101,78463236,78463236,https://www.sec.gov/Archives/edgar/data/1093691/000119312506053806/0001193125-06-053806-index.htm,https://www.sec.gov/Archives/edgar/data/1093691/000119312506053806/d10k.htm,1620596633,17:43:53,20210509
58,2005-09-30,PLUGD,USD,2005-11-09,2005-11-09 15:21:29,Q3,3880675000.0,4160933000.0,-280258000.0,-0.0722188794475188,2570957000.0,1980584000.0,0.0,0.0,4551541000.0,8712474000.0,45257000.0,832687000.0,-11035150000.0,-2.843616123483672,-11867837000.0,-3.0581888460126136,0.0,-11867837000.0,-3.0581888460126136,0.0,-11867837000.0,-3.0581888460126136,-156.71516,-156.71516,75728709,75728709,https://www.sec.gov/Archives/edgar/data/1093691/000119312505221420/0001193125-05-221420-index.htm,https://www.sec.gov/Archives/edgar/data/1093691/000119312505221420/d10q.htm,1620596633,17:43:53,20210509
59,2005-06-30,PLUGD,USD,2005-07-28,2005-07-28 10:45:57,Q2,3656684000.0,4230649000.0,-573965000.0,-0.15696324867010658,2183015000.0,1907101000.0,0.0,0.0,4090116000.0,8320765000.0,33892000.0,903168000.0,-9984269000.0,-2.7304161365871376,-10887437000.0,-2.9774071262378703,0.0,-10887437000.0,-2.9774071262378703,0.0,-10887437000.0,-2.9774071262378703,-148.18541,-148.18541,73471719,73471719,https://www.sec.gov/Archives/edgar/data/1093691/000119312505150886/0001193125-05-150886-index.htm,https://www.sec.gov/Archives/edgar/data/1093691/000119312505150886/d10q.htm,1620596633,17:43:53,20210509
60,2005-03-31,PLUGD,USD,2005-05-09,2005-05-09 12:31:01,Q1,3220687000.0,3622124000.0,-401437000.0,-0.12464328262883043,2164317000.0,1967733000.0,0.0,0.0,4132050000.0,7754174000.0,28970000.0,846611000.0,-11688542000.0,-3.6292076814667182,-12535153000.0,-3.8920742686265384,0.0,-12535153000.0,-3.8920742686265384,0.0,-12535153000.0,-3.8920742686265384,-170.66369,-170.66369,73449444,73449444,https://www.sec.gov/Archives/edgar/data/1093691/000119312505100460/0001193125-05-100460-index.htm,https://www.sec.gov/Archives/edgar/data/1093691/000119312505100460/d10q.htm,1620596633,17:43:53,20210509
61,2004-12-31,PLUGD,USD,2005-03-15,2005-03-15 14:05:02,Q4,4541861000.0,5039537000.0,-497676000.0,-0.10957534807868405,3430358000.0,1848435000.0,0.0,0.0,5278793000.0,10318330000.0,7581000.0,1082034000.0,-10722397000.0,-2.3607937363120537,-11804431000.0,-2.5990295607901697,0.0,-11804431000.0,-2.5990295607901697,0.0,-11804431000.0,-2.5990295607901697,-161.426,-161.426,73125957,73125957,https://www.sec.gov/Archives/edgar/data/1093691/000119312505050763/0001193125-05-050763-index.htm,https://www.sec.gov/Archives/edgar/data/1093691/000119312505050763/d10k.htm,1620596633,17:43:53,20210509
62,2004-09-30,PLUGD,USD,2004-11-09,2004-11-09 15:32:50,Q3,4628823000.0,5499646000.0,-870823000.0,-0.18813054636135362,3293805000.0,1695064000.0,0.0,0.0,4988869000.0,10488515000.0,27953000.0,1062597000.0,-10620722000.0,-2.294475723094186,-11683319000.0,-2.5240366719574285,0.0,-11683319000.0,-2.5240366719574285,0.0,-11683319000.0,-2.5240366719574285,-159.92062,-159.92062,73056991,73056991,https://www.sec.gov/Archives/edgar/data/1093691/000119312504191184/0001193125-04-191184-index.htm,https://www.sec.gov/Archives/edgar/data/1093691/000119312504191184/d10q.htm,1620596633,17:43:53,20210509
63,2004-06-30,PLUGD,USD,2004-08-09,2004-08-09 15:52:51,Q2,3685014000.0,4818074000.0,-1133060000.0,-0.3074778006270804,2176974000.0,1827074000.0,0.0,0.0,4004048000.0,8822122000.0,9561000.0,1051180000.0,-10247809000.0,-2.780941673491607,-11298989000.0,-3.0661997484948498,0.0,-11298989000.0,-3.0661997484948498,0.0,-11298989000.0,-3.0661997484948498,-154.78515,-154.78515,72997887,72997887,https://www.sec.gov/Archives/edgar/data/1093691/000119312504135851/0001193125-04-135851-index.htm,https://www.sec.gov/Archives/edgar/data/1093691/000119312504135851/d10q.htm,1620596633,17:43:53,20210509
64,2004-03-31,PLUGD,USD,2004-05-10,2004-05-10 08:41:34,Q1,3285605000.0,3484730000.0,-199125000.0,-0.060605276653766964,1934518000.0,1654490000.0,0.0,0.0,3589008000.0,7073738000.0,15879000.0,1010767000.0,-10941321000.0,-3.3300780221603024,-11952088000.0,-3.6377129934973924,0.0,-11952088000.0,-3.6377129934973924,0.0,-11952088000.0,-3.6377129934973924,-163.90057,-163.90057,72922796,72922796,https://www.sec.gov/Archives/edgar/data/1093691/000119312504082934/0001193125-04-082934-index.htm,https://www.sec.gov/Archives/edgar/data/1093691/000119312504082934/d10q.htm,1620596633,17:43:53,20210509
65,2003-12-31,PLUGD,USD,2004-03-11,2004-03-11 17:23:38,Q4,2980584000.0,5446900000.0,-2466316000.0,-0.8274606587165468,1630211000.0,1559145000.0,0.0,0.0,3189356000.0,8636256000.0,13679000.0,980343000.0,-13059162000.0,-4.3814104886827545,-14039505000.0,-4.710320192284465,0.0,-14039505000.0,-4.710320192284465,0.0,-14039505000.0,-4.710320192284465,-233.42399,-233.42399,60145940,60145940,https://www.sec.gov/Archives/edgar/data/1093691/000119312504039283/0001193125-04-039283-index.htm,https://www.sec.gov/Archives/edgar/data/1093691/000119312504039283/d10k.htm,1620596633,17:43:53,20210509
66,2003-09-30,PLUGD,USD,2003-10-30,2003-10-29 17:52:37,Q3,3465104000.0,3606186000.0,-141082000.0,-0.04071508387627038,1477011000.0,1438667000.0,0.0,0.0,2915678000.0,6521864000.0,14781000.0,976875000.0,-11428636000.0,-3.298208654054828,-12405511000.0,-3.580126599374795,0.0,-12405511000.0,-3.580126599374795,0.0,-12405511000.0,-3.580126599374795,-215.00858,-215.00858,57697749,57697749,https://www.sec.gov/Archives/edgar/data/1093691/000119312503069459/0001193125-03-069459-index.htm,https://www.sec.gov/Archives/edgar/data/1093691/000119312503069459/d10q.htm,1620596633,17:43:53,20210509
67,2003-06-30,PLUGD,USD,2003-08-11,2003-08-11 15:46:44,Q2,3104174000.0,3340875000.0,-236701000.0,-0.07625249100082662,958643000.0,1788355000.0,0.0,0.0,2746998000.0,6087873000.0,15988000.0,1035831000.0,-11791060000.0,-3.798453308351916,-12826891000.0,-4.132143043527844,0.0,-12826891000.0,-4.132143043527844,0.0,-12826891000.0,-4.132143043527844,-228.88646,-228.88646,56040409,56040409,https://www.sec.gov/Archives/edgar/data/1093691/000119312503032991/0001193125-03-032991-index.htm,https://www.sec.gov/Archives/edgar/data/1093691/000119312503032991/d10q.htm,1620596633,17:43:53,20210509
68,2003-03-31,PLUGD,USD,2003-05-15,2003-05-15 09:10:30,Q1,2952355000.0,1765983000.0,1186372000.0,0.4018392097156338,919292000.0,1500727000.0,0.0,0.0,2420019000.0,4186002000.0,17120000.0,1099001000.0,-12667894000.0,-4.290776007627809,-13766895000.0,-4.663021553979789,0.0,-13766895000.0,-4.663021553979789,0.0,-13766895000.0,-4.663021553979789,-266.46632,-266.46632,51664671,51664671,https://www.sec.gov/Archives/edgar/data/1093691/000092701603002703/0000927016-03-002703-index.htm,https://www.sec.gov/Archives/edgar/data/1093691/000092701603002703/d10q.htm,1620596633,17:43:53,20210509
69,2002-12-31,PLUGD,USD,2003-03-31,2003-03-31 15:23:02,Q4,11818000.0,11341000.0,477000.0,0.0403621594178372,2391000.0,6956000.0,0.0,450000.0,9347000.0,20688000.0,0.0,1143462000.0,1096244000.0,92.76053477745812,-47218000.0,-3.9954306989338297,450000.0,-47218000.0,-3.9954306989338297,0.0,-47218000.0,-3.9954306989338297,-0.93233,-0.93233,50645000,50645000,https://www.sec.gov/Archives/edgar/data/1093691/000092701603001543/0000927016-03-001543-index.htm,https://www.sec.gov/Archives/edgar/data/1093691/000092701603001543/d10k.htm,1620596633,17:43:53,20210509
