,date,symbol,reportedCurrency,fillingDate,acceptedDate,period,revenue,costOfRevenue,grossProfit,grossProfitRatio,researchAndDevelopmentExpenses,generalAndAdministrativeExpenses,sellingAndMarketingExpenses,otherExpenses,operatingExpenses,costAndExpenses,interestExpense,depreciationAndAmortization,ebitda,ebitdaratio,operatingIncome,operatingIncomeRatio,totalOtherIncomeExpensesNet,incomeBeforeTax,incomeBeforeTaxRatio,incomeTaxExpense,netIncome,netIncomeRatio,eps,epsdiluted,weightedAverageShsOut,weightedAverageShsOutDil,link,finalLink,timestamp,est_time,est_date
0,2020-12-31,ULH,USD,2021-03-16,2021-03-16 17:01:27,Q4,385953000,340919000.0,45034000.0,0.11668260124937492,0.0,13774000.0,0.0,1419000.0,21485000.0,362404000.0,3438000.0,19199000.0,42748000.0,0.11075960026220809,23549000.0,0.061015201332804775,1419000.0,21540000.0,0.055809904314774075,5317000.0,16223000.0,0.04203361549204178,0.6026598313458895,0.6026598313458895,26919000.0,26919000.0,https://www.sec.gov/Archives/edgar/data/1308208/000156459021013627/0001564590-21-013627-index.htm,https://www.sec.gov/Archives/edgar/data/1308208/000156459021013627/ulh-10k_20201231.htm,1620599263,18:27:43,20210509
1,2020-10-03,ULH,USD,2020-11-12,2020-11-12 16:18:58,Q3,364988000,0.0,364988000.0,1.0,0.0,8586000.0,0.0,334339000.0,342925000.0,342925000.0,3518000.0,16894000.0,38957000.0,0.10673501594572972,22063000.0,0.060448562692472084,-494000.0,18064000.0,0.049492038094403105,4486000.0,13578000.0,0.03720122305390862,0.5044020951744121,0.5044020951744121,26919000.0,26919000.0,https://www.sec.gov/Archives/edgar/data/1308208/000156459020053583/0001564590-20-053583-index.htm,https://www.sec.gov/Archives/edgar/data/1308208/000156459020053583/ulh-10q_20201003.htm,1620599263,18:27:43,20210509
2,2020-07-04,ULH,USD,2020-08-13,2020-08-13 16:31:54,Q2,257980000,186203000.0,71777000.0,0.27822699434064657,0.0,25446000.0,0.0,16962000.0,60937999.99999999,247141000.0,3453000.0,18678000.0,29517000.0,0.11441584618962711,10839000.0,0.042014884874796495,811000.0,8212000.0,0.0318319249554229,2044000.0,6168000.0,0.02390883014187146,0.22913,0.22913,26919000.0,26919000.0,https://www.sec.gov/Archives/edgar/data/1308208/000156459020040046/0001564590-20-040046-index.htm,https://www.sec.gov/Archives/edgar/data/1308208/000156459020040046/ulh-10q_20200704.htm,1620599263,18:27:43,20210509
3,2020-04-04,ULH,USD,2020-05-14,2020-05-14 16:31:31,Q1,382162000,278244000.0,103918000.0,0.2719213317912299,0.0,29797000.0,0.0,30695000.0,80009999.99999999,358254000.0,4217000.0,19518000.0,43426000.0,0.11363243859933746,23908000.0,0.06255985681464929,-3605000.0,16094000.0,0.04211303059958866,3931000.0,12163000.0,0.03182681689963942,0.44679,0.44679,27223000.0,27223000.0,https://www.sec.gov/Archives/edgar/data/1308208/000156459020025479/0001564590-20-025479-index.htm,https://www.sec.gov/Archives/edgar/data/1308208/000156459020011172/ulh-10k_20191231.htm,1620599263,18:27:43,20210509
4,2019-12-31,ULH,USD,2020-03-16,2020-03-16 16:29:07,Q4,375931000,332517000.0,43414000.0,0.11548395849238291,0.0,20391000.0,0.0,606000.0,27910000.0,360427000.0,4483000.0,21625000.0,37129000.0,0.09876546493904466,15504000.0,0.04124161082751888,606000.0,11643000.0,0.03097110905990727,2906000.0,8737000.0,0.023240967092365353,0.32024778242064367,0.32023604442326725,27282000.0,27283000.0,https://www.sec.gov/Archives/edgar/data/1308208/000156459020011172/0001564590-20-011172-index.htm,https://www.sec.gov/Archives/edgar/data/1308208/000156459020011172/ulh-10k_20191231.htm,1620599263,18:27:43,20210509
5,2019-09-28,ULH,USD,2019-11-07,2019-11-07 16:31:49,Q3,375485000,275848000.0,99637000.0,0.2653554735874935,0.0,57718000.0,0.0,30465000.0,106990000.00000001,382838000.0,4092000.0,18807000.000000004,11454000.000000004,0.030504547451962138,-7353000.0,-0.01958267307615484,163000.0,-11267000.0,-0.030006524894469817,-2847000.0,-8420000.0,-0.022424331198316844,-0.29792,-0.29792,28263000.0,28263000.0,https://www.sec.gov/Archives/edgar/data/1308208/000156459019041808/0001564590-19-041808-index.htm,https://www.sec.gov/Archives/edgar/data/1308208/000156459019041808/ulh-10q_20190928.htm,1620599263,18:27:43,20210509
6,2019-06-29,ULH,USD,2019-08-08,2019-08-08 16:17:00,Q2,383175000,272006000.0,111169000.0,0.29012592157630324,0.0,32301000.0,0.0,30737000.0,80453000.00000003,352459000.00000006,4119000.0,17415000.0,48131000.0,0.12561101324460103,30716000.0,0.08016180596333268,96000.0,26714000.0,0.06971749200756834,6742000.0,19972000.0,0.05212239838194037,0.70361,0.70361,28385000.0,28385000.0,https://www.sec.gov/Archives/edgar/data/1308208/000156459019030801/0001564590-19-030801-index.htm,https://www.sec.gov/Archives/edgar/data/1308208/000156459019030801/ulh-10q_20190629.htm,1620599263,18:27:43,20210509
7,2019-03-30,ULH,USD,2019-05-09,2019-05-09 16:31:30,Q1,377406000,270492000.0,106914000.0,0.28328643423792943,0.0,32713000.0,0.0,30770000.0,80400999.99999996,350892999.99999994,4391000.0,16918000.0,43431000.0,0.11507766172238915,26513000.0,0.070250605448774,953000.0,23097000.0,0.06119934500246419,5800000.0,17297000.0,0.04583127984186791,0.60946,0.60946,28381000.0,28381000.0,https://www.sec.gov/Archives/edgar/data/1308208/000156459019018044/0001564590-19-018044-index.htm,https://www.sec.gov/Archives/edgar/data/1308208/000156459019008323/ulh-10k_20181231.htm,1620599263,18:27:43,20210509
8,2018-12-31,ULH,USD,2019-03-18,2019-03-18 17:03:58,Q4,386378000,338916000.0,47462000.0,0.12283825683656938,0.0,20471000.0,0.0,-1500000.0,29554000.0,368470000.0,4803000.0,14977000.0,32885000.0,0.08511095352219847,17908000.0,0.04634839457733101,-1500000.0,11625000.0,0.030087116761306286,2605000.0,9020000.0,0.023345014467697437,0.31790787015824906,0.31787425993797574,28373000.0,28376000.0,https://www.sec.gov/Archives/edgar/data/1308208/000156459019008323/0001564590-19-008323-index.htm,https://www.sec.gov/Archives/edgar/data/1308208/000156459019008323/ulh-10k_20181231.htm,1620599263,18:27:43,20210509
9,2018-09-29,ULH,USD,2018-11-08,2018-11-08 16:01:34,Q3,374300000,273400000.0,100900000.0,0.26956986374565856,0.0,32200000.0,0.0,32100000.0,78400000.00000003,351800000.00000006,4323000.0,13899999.999999998,36400000.0,0.09724819663371627,22500000.0,0.06011220945765429,1700000.0,20000000.0,0.053433075073470476,4900000.0,15100000.0,0.04034197168047021,0.53169,0.53169,28400000.0,28400000.0,https://www.sec.gov/Archives/edgar/data/1308208/000156459018028521/0001564590-18-028521-index.htm,https://www.sec.gov/Archives/edgar/data/1308208/000156459018028521/ulh-10q_20180929.htm,1620599263,18:27:43,20210509
10,2018-06-30,ULH,USD,2018-08-09,2018-08-09 16:01:45,Q2,365925000,317028000.0,48897000.0,0.13362574298011887,0.0,12912000.0,0.0,336000.0,22645000.0,339673000.0,2972000.0,13246000.0,39498000.0,0.10794015167042427,26252000.0,0.07174147707863633,336000.0,23634000.0,0.06458700553392088,5965000.0,17669000.0,0.048285850925736146,0.6222574396900863,0.6221040771776636,28395000.0,28402000.0,https://www.sec.gov/Archives/edgar/data/1308208/000156459018021017/0001564590-18-021017-index.htm,https://www.sec.gov/Archives/edgar/data/1308208/000156459018021017/ulh-10q_20180630.htm,1620599263,18:27:43,20210509
11,2018-03-31,ULH,USD,2018-05-10,2018-05-10 16:01:28,Q1,335113000,295649000.0,39464000.0,0.11776326194447843,0.0,13447000.0,0.0,-395000.0,22360000.0,318009000.0,2570000.0,12218000.0,29322000.0,0.08749884367362651,17104000.0,0.05103950010891849,-395000.0,14156000.0,0.04224246746619797,3722000.0,10434000.0,0.031135766144554225,0.36757556541957304,0.3674849434719825,28386000.0,28393000.0,https://www.sec.gov/Archives/edgar/data/1308208/000156459018012927/0001564590-18-012927-index.htm,https://www.sec.gov/Archives/edgar/data/1308208/000156459018006046/ulh-10k_20171231.htm,1620599263,18:27:43,20210509
12,2017-12-31,ULH,USD,2018-03-16,2018-03-16 16:03:06,Q4,314023000,277962000.0,36061000.0,0.11483553752432146,0.0,14020000.0,0.0,120000.0,22949000.0,300911000.0,2246000.0,13332000.0,26444000.0,0.0842103922324161,13112000.0,0.041754903303261225,120000.0,11011000.0,0.03506431057597692,-13390000.0,24401000.0,0.07770449935195829,0.8597350433373264,0.8594927791475871,28382000.0,28390000.0,https://www.sec.gov/Archives/edgar/data/1308208/000156459018006046/0001564590-18-006046-index.htm,https://www.sec.gov/Archives/edgar/data/1308208/000156459018006046/ulh-10k_20171231.htm,1620599263,18:27:43,20210509
13,2017-09-30,ULH,USD,2017-11-09,2017-11-09 16:31:37,Q3,313001000,278452000.0,34549000.0,0.11037983904204779,0.0,29530000.0,0.0,721000.0,38033000.0,316485000.0,2537000.0,11795000.0,8311000.0,0.026552630822265742,-3484000.0,-0.011130954853179383,721000.0,-5271000.0,-0.016840201788492687,-1966000.0,-3305000.0,-0.01055907169625656,-0.11620547800710242,-0.11619322176909014,28441000.0,28444000.0,https://www.sec.gov/Archives/edgar/data/1308208/000156459017023279/0001564590-17-023279-index.htm,https://www.sec.gov/Archives/edgar/data/1308208/000156459017023279/ulh-10q_20170930.htm,1620599263,18:27:43,20210509
14,2017-07-01,ULH,USD,2017-08-10,2017-08-10 16:32:28,Q2,305200000,223800000.0,81400000.0,0.2667103538663172,0.0,31900000.0,0.0,31500000.0,75000000.0,298800000.0,2505000.0,11599999.999999998,18000000.0,0.05897771952817824,6400000.0,0.020969855832241154,500000.0,4400000.0,0.014416775884665793,1700000.0,2700000.0,0.008846657929226736,0.09507,0.09507,28400000.0,28400000.0,https://www.sec.gov/Archives/edgar/data/1308208/000156459017017257/0001564590-17-017257-index.htm,https://www.sec.gov/Archives/edgar/data/1308208/000156459017017257/ulh-10q_20170701.htm,1620599263,18:27:43,20210509
15,2017-04-01,ULH,USD,2017-05-11,2017-05-11 16:33:28,Q1,284400000,206800000.0,77600000.0,0.27285513361462727,0.0,29200000.0,0.0,29000000.0,68500000.0,275300000.0,2250000.0,10300000.0,19500000.0,0.06856540084388185,9200000.0,0.03234880450070324,100000.0,7000000.0,0.02461322081575246,2700000.0,4300000.0,0.015119549929676512,0.15141,0.15141,28400000.0,28400000.0,https://www.sec.gov/Archives/edgar/data/1308208/000156459017010559/0001564590-17-010559-index.htm,https://www.sec.gov/Archives/edgar/data/1308208/000156459017004435/ulh-10k_20161231.htm,1620599263,18:27:43,20210509
16,2016-12-31,ULH,USD,2017-03-15,2017-03-15 16:31:49,Q4,264051000,234553000.0,29498000.0,0.11171326751271535,0.0,15967000.0,0.0,514000.0,23649000.0,258202000.0,1969000.0,9945000.0,15794000.0,0.05981420255935407,5849000.0,0.022151023855240086,514000.0,4410000.0,0.01670131906336276,1687000.0,2723000.0,0.010312401770870021,0.1,0.1,28415000.0,28415000.0,https://www.sec.gov/Archives/edgar/data/1308208/000156459017004435/0001564590-17-004435-index.htm,https://www.sec.gov/Archives/edgar/data/1308208/000156459017004435/ulh-10k_20161231.htm,1620599263,18:27:43,20210509
17,2016-10-01,ULH,USD,2016-11-10,2016-11-10 16:37:57,Q3,271500000,197100000.0,74400000.0,0.2740331491712707,0.0,30300000.0,0.0,25000000.0,64400000.0,261500000.0,2093000.0,9100000.000000002,19100000.0,0.0703499079189687,10000000.0,0.03683241252302026,200000.0,8100000.0,0.02983425414364641,3100000.0,5000000.0,0.01841620626151013,0.17606,0.17606,28400000.0,28400000.0,https://www.sec.gov/Archives/edgar/data/1308208/000156459016028958/0001564590-16-028958-index.htm,https://www.sec.gov/Archives/edgar/data/1308208/000156459016028958/ulh-10q_20161001.htm,1620599263,18:27:43,20210509
18,2016-07-02,ULH,USD,2016-08-11,2016-08-11 16:31:21,Q2,276800000,197400000.0,79400000.0,0.28684971098265893,0.0,30000000.0,0.0,23600000.0,62599999.99999999,260000000.0,2118000.0,9200000.0,26000000.0,0.09393063583815028,16800000.0,0.06069364161849711,100000.0,14800000.0,0.05346820809248555,5700000.0,9000000.0,0.03251445086705202,0.3169,0.3169,28400000.0,28400000.0,https://www.sec.gov/Archives/edgar/data/1308208/000156459016024081/0001564590-16-024081-index.htm,https://www.sec.gov/Archives/edgar/data/1308208/000156459016024081/ulh-10q_20160702.htm,1620599263,18:27:43,20210509
19,2016-04-02,ULH,USD,2016-05-12,2016-05-12 16:31:38,Q1,260400000,185700000.0,74700000.0,0.2868663594470046,0.0,28300000.0,0.0,23900000.0,60800000.00000001,246500000.0,2086000.0,8500000.0,22400000.0,0.08602150537634409,13900000.0,0.05337941628264209,100000.0,12100000.0,0.04646697388632873,4600000.0,7500000.0,0.02880184331797235,0.26408,0.26408,28400000.0,28400000.0,https://www.sec.gov/Archives/edgar/data/1308208/000156459016019246/0001564590-16-019246-index.htm,https://www.sec.gov/Archives/edgar/data/1308208/000156459016014848/uacl-10k_20151231.htm,1620599263,18:27:43,20210509
20,2015-12-31,ULH,USD,2016-03-15,2016-03-15 16:33:08,Q4,285991000,243139000.0,42852000.0,0.149836882978835,0.0,14556000.0,0.0,-17000.0,24388000.0,267527000.0,3377000.0,8424000.0,26888000.0,0.09401694458916539,18464000.0,0.06456147221416059,-17000.0,15088000.0,0.05275690493756797,5782000.0,9306000.0,0.032539485508285226,0.32790697674418606,0.3278838700584878,28380000.0,28382000.0,https://www.sec.gov/Archives/edgar/data/1308208/000156459016014848/0001564590-16-014848-index.htm,https://www.sec.gov/Archives/edgar/data/1308208/000156459016014848/uacl-10k_20151231.htm,1620599263,18:27:43,20210509
21,2015-09-26,ULH,USD,2015-11-05,2015-11-05 16:56:41,Q3,284200000,200800000.0,83400000.0,0.29345531315974666,0.0,32400000.0,0.0,25500000.0,66500000.0,267300000.0,2090000.0,8500000.0,25400000.0,0.08937368050668543,16900000.0,0.059465165376495425,100000.0,15000000.0,0.05277973258268825,5800000.0,9200000.0,0.03237156931738212,0.32056,0.32056,28700000.0,28700000.0,https://www.sec.gov/Archives/edgar/data/1308208/000156459015009719/0001564590-15-009719-index.htm,https://www.sec.gov/Archives/edgar/data/1308208/000156459015009719/uacl-10q_20150926.htm,1620599263,18:27:43,20210509
22,2015-06-27,ULH,USD,2015-08-05,2015-08-05 16:24:28,Q2,295000000,202800000.0,92200000.0,0.31254237288135595,0.0,31300000.0,0.0,29100000.0,69300000.00000001,272100000.0,1913000.0,8899999.999999998,31800000.0,0.10779661016949152,22900000.0,0.0776271186440678,600000.0,21600000.0,0.07322033898305084,8300000.0,13300000.0,0.04508474576271186,0.44333,0.44333,30000000.0,30000000.0,https://www.sec.gov/Archives/edgar/data/1308208/000119312515278723/0001193125-15-278723-index.htm,https://www.sec.gov/Archives/edgar/data/1308208/000119312515278723/d18126d10q.htm,1620599263,18:27:43,20210509
23,2015-03-28,ULH,USD,2015-05-07,2015-05-07 16:28:59,Q1,263600000,183600000.0,80000000.0,0.30349013657056145,0.0,28800000.0,0.0,27000000.0,64900000.0,248500000.0,1855000.0,9000000.0,24100000.0,0.09142640364188163,15100000.0,0.057283763277693474,100000.0,13300000.0,0.05045523520485584,5200000.0,8200000.0,0.03110773899848255,0.27333,0.27333,30000000.0,30000000.0,https://www.sec.gov/Archives/edgar/data/1308208/000119312515177200/0001193125-15-177200-index.htm,https://www.sec.gov/Archives/edgar/data/1308208/000119312515093987/d859727d10k.htm,1620599263,18:27:43,20210509
24,2014-12-31,ULH,USD,2015-03-16,2015-03-16 17:06:14,Q4,302480000,250911000.0,51569000.0,0.17048730494578154,0.0,21294000.0,0.0,132000.0,32776000.0,283687000.0,2106000.0,8921000.0,27714000.0,0.09162258661729701,18793000.0,0.0621297275852949,132000.0,16829000.0,0.05563673631314467,6310000.0,10519000.0,0.034775852948955306,0.3512656114339144,0.35119524572649574,29946000.0,29952000.0,https://www.sec.gov/Archives/edgar/data/1308208/000119312515093987/0001193125-15-093987-index.htm,https://www.sec.gov/Archives/edgar/data/1308208/000119312515093987/d859727d10k.htm,1620599263,18:27:43,20210509
25,2014-09-27,ULH,USD,2014-11-05,2014-11-05 16:39:58,Q3,302100000,207600000.0,94500000.0,0.3128103277060576,0.0,34800000.0,0.0,28300000.0,71500000.00000003,279100000.00000006,4533000.0,8400000.000000002,31400000.0,0.10393909301555776,23000000.0,0.07613373055279708,100000.0,21100000.0,0.06984442237669646,8000000.0,13100000.0,0.04336312479311486,0.43667,0.43667,30000000.0,30000000.0,https://www.sec.gov/Archives/edgar/data/1308208/000119312514398636/0001193125-14-398636-index.htm,https://www.sec.gov/Archives/edgar/data/1308208/000119312514398636/d791252d10q.htm,1620599263,18:27:43,20210509
26,2014-06-28,ULH,USD,2014-08-06,2014-08-06 16:13:21,Q2,307500000,211300000.0,96200000.0,0.31284552845528457,0.0,32700000.0,0.0,31100000.0,71800000.00000001,283100000.0,2471000.0,8100000.0,32500000.0,0.10569105691056911,24400000.0,0.07934959349593496,100000.0,22100000.0,0.07186991869918699,8400000.0,13600000.0,0.044227642276422764,0.45183,0.45183,30100000.0,30100000.0,https://www.sec.gov/Archives/edgar/data/1308208/000119312514298237/0001193125-14-298237-index.htm,https://www.sec.gov/Archives/edgar/data/1308208/000119312514298237/d744248d10q.htm,1620599263,18:27:43,20210509
27,2014-03-29,ULH,USD,2014-05-08,2014-05-08 16:27:51,Q1,279400000,193300000.0,86100000.0,0.30816034359341443,0.0,33300000.0,0.0,30500000.0,71399999.99999999,264699999.99999997,1590000.0,7600000.0,22200000.0,0.07945597709377238,14600000.0,0.052254831782390834,100000.0,13100000.0,0.046886184681460275,5000000.0,8100000.0,0.028990694345025055,0.26821,0.26821,30200000.0,30200000.0,https://www.sec.gov/Archives/edgar/data/1308208/000119312514190078/0001193125-14-190078-index.htm,https://www.sec.gov/Archives/edgar/data/1308208/000119312514100166/d663220d10k.htm,1620599263,18:27:43,20210509
28,2013-12-31,ULH,USD,2014-03-14,2014-03-14 16:40:38,Q4,259548000,217483000.0,42065000.0,0.16207021437267866,0.0,12938000.0,0.0,93000.0,22932000.0,240415000.0,970000.0,4937000.0,24070000.0,0.09273814477476228,19133000.0,0.07371661503845146,93000.0,18314000.0,0.07056112934794334,7012000.0,11302000.0,0.043544931958635784,0.3756939135059668,0.37514521857470046,30083000.0,30127000.0,https://www.sec.gov/Archives/edgar/data/1308208/000119312514100166/0001193125-14-100166-index.htm,https://www.sec.gov/Archives/edgar/data/1308208/000119312514100166/d663220d10k.htm,1620599263,18:27:43,20210509
29,2013-09-28,ULH,USD,2013-11-07,2013-11-07 17:00:19,Q3,261700000,187300000.0,74400000.0,0.28429499426824606,0.0,28200000.0,0.0,18900000.0,51899999.99999998,239199999.99999997,1113000.0,4600000.0,27100000.0,0.10355368742835308,22500000.0,0.08597630875047764,100000.0,21500000.0,0.08215513947267863,7700000.0,13700000.0,0.05235001910584639,0.45515,0.45515,30100000.0,30100000.0,https://www.sec.gov/Archives/edgar/data/1308208/000119312513433080/0001193125-13-433080-index.htm,https://www.sec.gov/Archives/edgar/data/1308208/000119312513433080/d602652d10q.htm,1620599263,18:27:43,20210509
30,2013-06-29,ULH,USD,2013-08-07,2013-08-07 16:27:52,Q2,264200000,187300000.0,76900000.0,0.2910673732021196,0.0,28500000.0,0.0,19700000.0,53199999.99999999,240500000.0,957000.0,5000000.0,28600000.0,0.10825132475397427,23600000.0,0.08932626797880394,100000.0,22800000.0,0.08629825889477669,8700000.0,14200000.0,0.053747161241483724,0.4702,0.4702,30200000.0,30200000.0,https://www.sec.gov/Archives/edgar/data/1308208/000119312513324285/0001193125-13-324285-index.htm,https://www.sec.gov/Archives/edgar/data/1308208/000119312513324285/d560513d10q.htm,1620599263,18:27:43,20210509
31,2013-03-30,ULH,USD,2013-05-09,2013-05-09 13:55:01,Q1,248100000,177900000.0,70200000.0,0.282950423216445,0.0,26800000.0,0.0,19200000.0,51000000.0,228900000.0,1126000.0,5100000.0,24400000.0,0.09834744054816606,19300000.0,0.07779121322047561,100000.0,18300000.0,0.07376058041112454,6900000.0,11400000.0,0.045949214026602174,0.37748,0.37748,30200000.0,30200000.0,https://www.sec.gov/Archives/edgar/data/1308208/000119312513210454/0001193125-13-210454-index.htm,https://www.sec.gov/Archives/edgar/data/1308208/000119312513112236/d456969d10k.htm,1620599263,18:27:43,20210509
32,2012-12-31,ULH,USD,2013-03-18,2013-03-18 14:56:27,Q4,492782000,447297000.0,45485000.0,0.09230247858079232,0.0,7090000.0,0.0,420000.0,-2986000.0,444311000.0,4198000.0,9294000.0,57765000.0,0.11722221996745011,48471000.0,0.0983619531557565,419000.0,44888000.0,0.09109098952477972,11308000.0,33580000.0,0.06814372278208214,1.1184758351930186,1.1178056655903599,30023000.0,30041000.0,https://www.sec.gov/Archives/edgar/data/1308208/000119312513112236/0001193125-13-112236-index.htm,https://www.sec.gov/Archives/edgar/data/1308208/000119312513112236/d456969d10k.htm,1620599263,18:27:43,20210509
33,2012-09-29,ULH,USD,2012-11-07,2012-11-07 15:51:13,Q3,256900000,187900000.0,69000000.0,0.2685869988322304,0.0,28300000.0,0.0,17300000.0,50099999.99999999,238000000.0,12000.0,4500000.0,23400000.0,0.09108602569093033,18900000.0,0.07356948228882834,1200000.0,19400000.0,0.07551576488906189,4300000.0,15100000.0,0.05877773452705333,0.50333,0.50333,30000000.0,30000000.0,https://www.sec.gov/Archives/edgar/data/1308208/000119312512457333/0001193125-12-457333-index.htm,https://www.sec.gov/Archives/edgar/data/1308208/000119312512457333/d414717d10q.htm,1620599263,18:27:43,20210509
34,2012-06-30,ULH,USD,2012-08-07,2012-08-07 14:11:02,Q2,185055000,141803000.0,43252000.0,0.23372510875145228,0.0,17967000.0,10551000.0,0.0,35741000.0,177544000.0,13000.0,2998000.0,10509000.0,0.05678852233119883,7511000.0,0.04058793331712194,669000.0,8181000.0,0.044208478560427984,3183000.0,4998000.0,0.027008186755288967,0.32,0.32,15494000.0,15494000.0,https://www.sec.gov/Archives/edgar/data/1308208/000119312512340428/0001193125-12-340428-index.htm,https://www.sec.gov/Archives/edgar/data/1308208/000119312512340428/d351839d10q.htm,1620599263,18:27:43,20210509
35,2012-03-31,ULH,USD,2012-05-09,2012-05-09 14:07:59,Q1,175848000,135070000.0,40778000.0,0.23189345343705928,0.0,18340000.0,10074000.0,0.0,35400000.0,170470000.0,1000.0,2968000.0,8346000.0,0.047461443974341475,5378000.0,0.030583230972203265,504000.0,5894000.0,0.03351758336745371,2296000.0,3598000.0,0.020460852554478867,0.23,0.23,15537000.0,15537000.0,https://www.sec.gov/Archives/edgar/data/1308208/000119312512221528/0001193125-12-221528-index.htm,https://www.sec.gov/Archives/edgar/data/1308208/000119312512117205/d274755d10k.htm,1620599263,18:27:43,20210509
36,2011-12-31,ULH,USD,2012-03-15,2012-03-15 15:27:10,Q4,174634000,133810000.0,40824000.0,0.23376891097953434,0.0,17780000.0,10375000.0,0.0,34796000.0,168606000.0,9000.0,2921000.0,8949000.0,0.05124431668518158,6028000.0,0.03451790602059164,387000.0,6425000.0,0.03679123194795973,2881000.0,3544000.0,0.020293871754641136,0.059864864864864864,0.059864864864864864,59200000.0,59200000.0,https://www.sec.gov/Archives/edgar/data/1308208/000119312512117205/0001193125-12-117205-index.htm,https://www.sec.gov/Archives/edgar/data/1308208/000119312512117205/d274755d10k.htm,1620599263,18:27:43,20210509
37,2011-10-01,ULH,USD,2011-11-09,2011-11-09 15:16:39,Q3,405100000,285000000.0,120100000.0,0.2964700074055789,0.0,28700000.0,0.0,42600000.0,78800000.00000001,363800000.0,9000.0,2899999.9999999995,44200000.0,0.1091088620093804,41300000.0,0.10195013576894595,1000000.0,39900000.0,0.09849419896321895,6000000.0,33900000.0,0.08368304122438903,0.57264,0.57264,59200000.0,59200000.0,https://www.sec.gov/Archives/edgar/data/1308208/000119312511304357/0001193125-11-304357-index.htm,https://www.sec.gov/Archives/edgar/data/1308208/000119312511304357/d246081d10q.htm,1620599263,18:27:43,20210509
38,2011-07-02,ULH,USD,2011-08-10,2011-08-10 13:58:45,Q2,180000000,139600000.0,40400000.0,0.22444444444444445,0.0,28100000.0,0.0,3200000.0,34300000.00000001,173900000.0,-535000.0,2900000.0,9000000.0,0.05,6100000.0,0.03388888888888889,200000.0,6300000.0,0.035,2400000.0,3900000.0,0.021666666666666667,0.25,0.25,15600000.0,15600000.0,https://www.sec.gov/Archives/edgar/data/1308208/000119312511217936/0001193125-11-217936-index.htm,https://www.sec.gov/Archives/edgar/data/1308208/000119312511217936/d10q.htm,1620599263,18:27:43,20210509
39,2011-04-02,ULH,USD,2011-05-10,2011-05-10 16:49:37,Q1,157600000,120500000.0,37100000.0,0.23540609137055837,0.0,26800000.0,0.0,3700000.0,33300000.00000001,153800000.0,800000.0,2900000.0,6700000.0,0.04251269035532995,3800000.0,0.024111675126903553,200000.0,4800000.0,0.030456852791878174,1900000.0,2900000.0,0.018401015228426396,0.1859,0.1859,15600000.0,15600000.0,https://www.sec.gov/Archives/edgar/data/1308208/000119312511134334/0001193125-11-134334-index.htm,https://www.sec.gov/Archives/edgar/data/1308208/000119312511067351/d10k.htm,1620599263,18:27:43,20210509
40,2010-12-31,ULH,USD,2011-03-15,2011-03-15 17:21:45,Q4,156133000,110687000.0,45446000.0,0.2910723549794086,0.0,15852000.0,9872000.0,0.0,31552000.0,142239000.0,-2000.0,2821000.0,16715000.0,0.10705616365534512,13894000.0,0.08898823438991117,149000.0,5362000.0,0.03434251567573799,2188000.0,3174000.0,0.020328822222079893,0.19962264150943396,0.19962264150943396,15900000.0,15900000.0,https://www.sec.gov/Archives/edgar/data/1308208/000119312511067351/0001193125-11-067351-index.htm,https://www.sec.gov/Archives/edgar/data/1308208/000119312511067351/d10k.htm,1620599263,18:27:43,20210509
41,2010-10-02,ULH,USD,2010-11-10,2010-11-10 16:06:36,Q3,156500000,119300000.0,37200000.0,0.23769968051118212,0.0,26700000.0,0.0,3000000.0,32500000.000000015,151800000.0,2000.0,2799999.999999999,7499999.999999999,0.04792332268370606,4700000.0,0.030031948881789138,200000.0,4900000.0,0.031309904153354634,2000000.0,2900000.0,0.01853035143769968,0.18239,0.18239,15900000.0,15900000.0,https://www.sec.gov/Archives/edgar/data/1308208/000119312510255992/0001193125-10-255992-index.htm,https://www.sec.gov/Archives/edgar/data/1308208/000119312510255992/d10q.htm,1620599263,18:27:43,20210509
42,2010-07-03,ULH,USD,2010-08-11,2010-08-11 16:55:38,Q2,154300000,116900000.0,37400000.0,0.2423849643551523,0.0,26800000.0,0.0,3800000.0,33299999.99999998,150199999.99999997,7000.0,2700000.0,6800000.0,0.0440699935191186,4100000.0,0.026571613739468567,100000.0,7800000.0,0.050550874918988985,3200000.0,4600000.0,0.029812054439403757,0.2875,0.2875,16000000.0,16000000.0,https://www.sec.gov/Archives/edgar/data/1308208/000119312510186102/0001193125-10-186102-index.htm,https://www.sec.gov/Archives/edgar/data/1308208/000119312510186102/d10q.htm,1620599263,18:27:43,20210509
43,2010-04-03,ULH,USD,2010-05-11,2010-05-11 16:27:35,Q1,139000000,105400000.0,33600000.0,0.24172661870503598,0.0,26100000.0,0.0,3400000.0,32199999.99999999,137600000.0,9000.0,2700000.0,4200000.0,0.030215827338129497,1500000.0,0.01079136690647482,100000.0,3400000.0,0.02446043165467626,1300000.0,2100000.0,0.015107913669064749,0.13125,0.13125,16000000.0,16000000.0,https://www.sec.gov/Archives/edgar/data/1308208/000119312510116195/0001193125-10-116195-index.htm,https://www.sec.gov/Archives/edgar/data/1308208/000119312510057003/d10k.htm,1620599263,18:27:43,20210509
44,2009-12-31,ULH,USD,2010-03-15,2010-03-15 15:57:39,Q4,139849000,97589000.0,42260000.0,0.3021830688814364,0.0,15095000.0,9614000.0,0.0,30763000.0,128352000.0,152000.0,2633000.0,14130000.0,0.10103754764066958,11497000.0,0.08221009803430843,104000.0,2986000.0,0.02135160065499217,1229000.0,1757000.0,0.012563550686812204,0.1098125,0.1098125,16000000.0,16000000.0,https://www.sec.gov/Archives/edgar/data/1308208/000119312510057003/0001193125-10-057003-index.htm,https://www.sec.gov/Archives/edgar/data/1308208/000119312510057003/d10k.htm,1620599263,18:27:43,20210509
45,2009-09-26,ULH,USD,2009-11-03,2009-11-03 15:55:08,Q3,128500000,96900000.0,31600000.0,0.24591439688715952,0.0,23700000.0,0.0,2400000.0,28699999.99999999,125599999.99999999,204000.0,2600000.0000000005,5500000.0,0.042801556420233464,2900000.0,0.022568093385214007,-837000.0,2700000.0,0.021011673151750974,1000000.0,1700000.0,0.013229571984435798,0.10625,0.10625,16000000.0,16000000.0,https://www.sec.gov/Archives/edgar/data/1308208/000119312509222044/0001193125-09-222044-index.htm,https://www.sec.gov/Archives/edgar/data/1308208/000119312509222044/d10q.htm,1620599263,18:27:43,20210509
46,2009-06-27,ULH,USD,2009-08-05,2009-08-05 14:17:13,Q2,119900000,88900000.0,31000000.0,0.2585487906588824,0.0,23900000.0,0.0,2100000.0,29000000.0,117900000.0,0.0,2499999.9999999995,4500000.0,0.03753127606338615,2000000.0,0.016680567139282735,100000.0,2100000.0,0.01751459549624687,800000.0,1300000.0,0.010842368640533779,0.08125,0.08125,16000000.0,16000000.0,https://www.sec.gov/Archives/edgar/data/1308208/000119312509165152/0001193125-09-165152-index.htm,https://www.sec.gov/Archives/edgar/data/1308208/000119312509165152/d10q.htm,1620599263,18:27:43,20210509
47,2009-03-28,ULH,USD,2009-05-06,2009-05-06 16:22:15,Q1,115000000,86100000.0,28900000.0,0.25130434782608696,0.0,23200000.0,0.0,2400000.0,28900000.000000007,115000000.0,0.0,2600000.0,2800000.0,0.024348,0.0,0.0,200000.0,200000.0,0.0017391304347826088,100000.0,100000.0,0.0008695652173913044,0.00625,0.00625,16000000.0,16000000.0,https://www.sec.gov/Archives/edgar/data/1308208/000119312509101584/0001193125-09-101584-index.htm,https://www.sec.gov/Archives/edgar/data/1308208/000119312509053874/d10k.htm,1620599263,18:27:43,20210509
48,2008-12-31,ULH,USD,2009-03-13,2009-03-13 16:20:37,Q4,176968000,128442000.0,48526000.0,0.27420776637584193,0.0,17753000.0,11953000.0,0.0,34726000.0,163168000.0,75000.0,2516000.0,16316000.0,0.09219745942769314,13800000.0,0.07798019981013517,-608000.0,4194000.0,0.02369919985534108,1561000.0,2633000.0,0.014878396094209122,0.1645625,0.1645625,16000000.0,16000000.0,https://www.sec.gov/Archives/edgar/data/1308208/000119312509053874/0001193125-09-053874-index.htm,https://www.sec.gov/Archives/edgar/data/1308208/000119312509053874/d10k.htm,1620599263,18:27:43,20210509
49,2008-09-27,ULH,USD,2008-11-04,2008-11-04 09:40:04,Q3,213000000,168200000.0,44800000.0,0.21032863849765257,0.0,31300000.0,0.0,2100000.0,36000000.0,204200000.0,0.0,2500000.0,11300000.0,0.053051643192488264,8800000.0,0.04131455399061033,0.0,8900000.0,0.04178403755868545,3400000.0,5400000.0,0.02535211267605634,0.3354,0.3354,16100000.0,16100000.0,https://www.sec.gov/Archives/edgar/data/1308208/000119312508223821/0001193125-08-223821-index.htm,https://www.sec.gov/Archives/edgar/data/1308208/000119312508223821/d10q.htm,1620599263,18:27:43,20210509
50,2008-06-28,ULH,USD,2008-08-07,2008-08-07 14:13:34,Q2,199400000,155800000.0,43600000.0,0.21865596790371114,0.0,30900000.0,0.0,2600000.0,35899999.99999998,191699999.99999997,0.0,2399999.9999999995,10200000.0,0.05115346038114343,7800000.0,0.03911735205616851,-2000000.0,5700000.0,0.028585757271815445,2200000.0,3500000.0,0.017552657973921765,0.21739,0.21739,16100000.0,16100000.0,https://www.sec.gov/Archives/edgar/data/1308208/000119312508169881/0001193125-08-169881-index.htm,https://www.sec.gov/Archives/edgar/data/1308208/000119312508169881/d10q.htm,1620599263,18:27:43,20210509
51,2008-03-29,ULH,USD,2008-05-08,2008-05-08 09:09:02,Q1,170100000,131600000.0,38500000.0,0.22633744855967078,0.0,28800000.0,0.0,2300000.0,33300000.00000001,164900000.0,0.0,2200000.0,7400000.0,0.04350382128159906,5200000.0,0.030570252792475015,200000.0,5500000.0,0.03233392122281011,2100000.0,3300000.0,0.019400352733686066,0.20497,0.20497,16100000.0,16100000.0,https://www.sec.gov/Archives/edgar/data/1308208/000119312508107048/0001193125-08-107048-index.htm,https://www.sec.gov/Archives/edgar/data/1308208/000119312508054209/d10k.htm,1620599263,18:27:43,20210509
52,2007-12-31,ULH,USD,2008-03-12,2008-03-12 16:32:21,Q4,171528000,134266000.0,37262000.0,0.2172356699780794,0.0,23716000.0,-11653000.0,0.0,-355691000.0,-221425000.0,0.0,2198000.0,395151000.0,2.3037113474184974,392953000.0,2.2908971130077886,0.0,7577000.0,0.04417354600998088,2773000.0,4804000.0,0.028007089221584815,0.29838509316770184,0.29838509316770184,16100000.0,16100000.0,https://www.sec.gov/Archives/edgar/data/1308208/000119312508054209/0001193125-08-054209-index.htm,https://www.sec.gov/Archives/edgar/data/1308208/000119312508054209/d10k.htm,1620599263,18:27:43,20210509
53,2007-09-29,ULH,USD,2007-11-06,2007-11-06 14:31:39,Q3,171800000,130900000.0,40900000.0,0.23806752037252618,0.0,28400000.0,0.0,2200000.0,32599999.999999993,163500000.0,100000.0,2100000.0,10300000.0,0.059953434225844,8200000.0,0.047729918509895226,100000.0,8400000.0,0.048894062863795114,3300000.0,5100000.0,0.029685681024447033,0.31677,0.31677,16100000.0,16100000.0,https://www.sec.gov/Archives/edgar/data/1308208/000119312507236526/0001193125-07-236526-index.htm,https://www.sec.gov/Archives/edgar/data/1308208/000119312507236526/d10q.htm,1620599263,18:27:43,20210509
54,2007-06-30,ULH,USD,2007-08-08,2007-08-08 11:18:25,Q2,178179000,150776000.0,27403000.0,0.15379477940722533,0.0,23756000.0,-11475000.0,0.0,170639000.0,321415000.0,0.0,2031000.0,-141205000.0,-0.7924895750902182,-143236000.0,-0.8038882247627386,0.0,7676000.0,0.04308027320840278,2958000.0,4718000.0,0.02647899022892709,0.29271621789303887,0.2926435926063764,16118000.0,16122000.0,https://www.sec.gov/Archives/edgar/data/1308208/000119312507174985/0001193125-07-174985-index.htm,https://www.sec.gov/Archives/edgar/data/1308208/000119312507174985/d10q.htm,1620599263,18:27:43,20210509
55,2007-03-31,ULH,USD,2007-05-09,2007-05-09 15:39:28,Q1,158877000,133952000.0,24925000.0,0.15688236812125103,0.0,22792000.0,-10599000.0,0.0,153779000.0,287731000.0,0.0,1907000.0,-126947000.0,-0.7990269201961265,-128854000.0,-0.8110299162245007,0.0,5292000.0,0.033308786042032516,2108000.0,3184000.0,0.020040660385077763,0.1975431194937337,0.19727385377943,16118000.0,16140000.0,https://www.sec.gov/Archives/edgar/data/1308208/000119312507108129/0001193125-07-108129-index.htm,https://www.sec.gov/Archives/edgar/data/1308208/000119312507058528/d10k.htm,1620599263,18:27:43,20210509
56,2006-12-31,ULH,USD,2007-03-20,2007-03-19 21:13:45,Q4,163829000,126965000.0,36864000.0,0.22501510721545026,0.0,22443000.0,-10131000.0,0.0,-336264000.0,-209299000.0,0.0,1477000.0,374605000.0,2.2865609873709785,373128000.0,2.2775454895043,0.0,8496000.0,0.051858950491060804,3210000.0,5286000.0,0.032265349846486276,0.32795632212433307,0.32795632212433307,16118000.0,16118000.0,https://www.sec.gov/Archives/edgar/data/1308208/000119312507058528/0001193125-07-058528-index.htm,https://www.sec.gov/Archives/edgar/data/1308208/000119312507058528/d10k.htm,1620599263,18:27:43,20210509
57,2006-09-30,ULH,USD,2006-11-13,2006-11-13 07:32:23,Q3,171907000,142833000.0,29074000.0,0.16912632993420862,0.0,22444000.0,-10834000.0,0.0,162754000.0,305587000.0,0.0,1611000.0,-132069000.0,-0.7682584187962096,-133680000.0,-0.7776297649310383,0.0,9401000.0,0.05468654563223138,3636000.0,5765000.0,0.033535574467590035,0.3576746494602308,0.35626004202199973,16118000.0,16182000.0,https://www.sec.gov/Archives/edgar/data/1308208/000119312506231671/0001193125-06-231671-index.htm,https://www.sec.gov/Archives/edgar/data/1308208/000119312506231671/d10q.htm,1620599263,18:27:43,20210509
58,2006-07-01,ULH,USD,2006-08-04,2006-08-04 11:26:08,Q2,160000000,122900000.0,37100000.0,0.231875,0.0,24800000.0,0.0,2500000.0,28599999.999999993,151500000.0,300000.0,1300000.0,9800000.0,0.06125,8500000.0,0.053125,2500000.0,8800000.0,0.055,3400000.0,5400000.0,0.03375,0.33333,0.33333,16200000.0,16200000.0,https://www.sec.gov/Archives/edgar/data/1308208/000119312506161967/0001193125-06-161967-index.htm,https://www.sec.gov/Archives/edgar/data/1308208/000119312506161967/d10q.htm,1620599263,18:27:43,20210509
59,2006-04-01,ULH,USD,2006-05-05,2006-05-05 16:33:03,Q1,145900000,110900000.0,35000000.0,0.23989033584647018,0.0,24600000.0,0.0,2000000.0,27799999.99999998,138699999.99999997,300000.0,1300000.0,8500000.0,0.058259081562714185,7200000.0,0.04934886908841672,2000000.0,7400000.0,0.05071967100753941,2900000.0,4600000.0,0.031528444139821796,0.28571,0.28571,16100000.0,16100000.0,https://www.sec.gov/Archives/edgar/data/1308208/000119312506102138/0001193125-06-102138-index.htm,https://www.sec.gov/Archives/edgar/data/1308208/000119312506058799/d10k.htm,1620599263,18:27:43,20210509
60,2005-12-31,ULH,USD,2006-03-20,2006-03-20 12:07:12,Q4,147241000,123221000.0,24020000.0,0.16313390971264796,0.0,19405000.0,-10017000.0,0.0,139682000.0,262903000.0,0.0,1178000.0,-114484000.0,-0.7775279983156865,-115662000.0,-0.7855284873099204,0.0,7801000.0,0.05298116693040661,3147000.0,4654000.0,0.031608043955148366,0.2890683229813665,0.2890683229813665,16100000.0,16100000.0,https://www.sec.gov/Archives/edgar/data/1308208/000119312506058799/0001193125-06-058799-index.htm,https://www.sec.gov/Archives/edgar/data/1308208/000119312506058799/d10k.htm,1620599263,18:27:43,20210509
61,2005-10-01,ULH,USD,2005-11-14,2005-11-14 09:22:37,Q3,135600000,104200000.0,31400000.0,0.23156342182890854,0.0,21200000.0,0.0,1700000.0,23999999.999999985,128199999.99999999,200000.0,1100000.0,8500000.0,0.06268436578171091,7400000.0,0.05457227138643068,1700000.0,7600000.0,0.05604719764011799,3000000.0,4600000.0,0.03392330383480826,0.28571,0.28571,16100000.0,16100000.0,https://www.sec.gov/Archives/edgar/data/1308208/000095012405006390/0000950124-05-006390-index.htm,https://www.sec.gov/Archives/edgar/data/1308208/000095012405006390/k99377e10vq.htm,1620599263,18:27:43,20210509
62,2005-07-02,ULH,USD,2005-08-10,2005-08-10 16:00:01,Q2,127500000,97100000.0,30400000.0,0.2384313725490196,0.0,20800000.0,0.0,1600000.0,23500000.0,120600000.0,200000.0,1100000.0,8000000.0,0.06274509803921569,6900000.0,0.05411764705882353,1600000.0,7100000.0,0.05568627450980392,2700000.0,4400000.0,0.034509803921568626,0.27329,0.27329,16100000.0,16100000.0,https://www.sec.gov/Archives/edgar/data/1308208/000095012405004854/0000950124-05-004854-index.htm,https://www.sec.gov/Archives/edgar/data/1308208/000095012405004854/k97327e10vq.htm,1620599263,18:27:43,20210509
63,2005-04-02,ULH,USD,2005-05-11,2005-05-11 08:48:46,Q1,120900000,91500000.0,29400000.0,0.24317617866004962,0.0,20800000.0,0.0,1800000.0,23700000.000000004,115200000.0,-200000.0,1000000.0,6800000.0,0.05624483043837883,5800000.0,0.04797353184449959,1800000.0,5600000.0,0.04631927212572374,2100000.0,3500000.0,0.028949545078577336,0.26515,0.26515,13200000.0,13200000.0,https://www.sec.gov/Archives/edgar/data/1308208/000095012405003208/0000950124-05-003208-index.htm,https://www.sec.gov/Archives/edgar/data/1308208/000095012405003208/k95180e10vq.htm,1620599263,18:27:43,20210509
64,2004-12-31,ULH,USD,2004-12-31,2004-12-31,Q4,114109000,93012000.0,21097000.0,0.18488462785582208,0.0,16948000.0,-7974000.0,0.0,318496000.0,411508000.0,0.0,1200000.0,-296199000.0,-2.595754936069898,-297399000.0,-2.606271196838111,0.0,5595000.0,0.04903206583179241,2112000.0,3483000.0,0.030523446879737796,0.0,0.0,0.0,0.0,,,1620599263,18:27:43,20210509
65,2004-09-30,ULH,USD,2004-09-30,2004-09-30,Q3,96956000,79421000.0,17535000.0,0.18085523330170386,0.0,14350000.0,-7260000.0,0.0,9691000.0,89112000.0,0.0,1109000.0,8953000.0,0.09234085564585998,7844000.0,0.08090267750319732,0.0,4598000.0,0.04742357357976814,1753000.0,2845000.0,0.02934320722802096,0.28,0.28,10023000.0,10023000.0,,,1620599263,18:27:43,20210509
66,2004-06-30,ULH,USD,2004-06-30,2004-06-30,Q2,78711000,59413000.0,19298000.0,0.24517538844634168,0.0,0.0,0.0,0.0,11505000.0,70918000.0,0.0,759000.0,8552000.0,0.10865063332952192,7793000.0,0.09900776257448134,0.0,4528000.0,0.05752690221188906,1643000.0,2885000.0,0.03665307263279592,0.29,0.29,10023000.0,10023000.0,,,1620599263,18:27:43,20210509
67,2004-03-31,ULH,USD,2004-03-31,2004-03-31,Q1,72240000,54579000.0,17661000.0,0.2444767441860465,0.0,0.0,0.0,0.0,14490000.0,69069000.0,0.0,845000.0,4016000.0,0.055592469545957916,3171000.0,0.0438953488372093,0.0,3054000.0,0.04227574750830565,1148000.0,1906000.0,0.026384274640088592,0.19,0.19,10023000.0,10023000.0,,,1620599263,18:27:43,20210509
68,2003-12-31,ULH,USD,2003-12-31,2003-12-31,Q4,75304000,70435000.0,4869000.0,0.06465791989801338,0.0,0.0,0.0,0.0,-10558000.0,59877000.0,0.0,751000.0,16178000.0,0.21483586529268034,15427000.0,0.20486295548709232,0.0,4159000.0,0.055229469882077976,1536000.0,2624000.0,0.03484542653776692,0.0,0.0,0.0,0.0,,,1620599263,18:27:43,20210509
69,2003-09-30,ULH,USD,2003-09-30,2003-09-30,Q3,70798000,53022000.0,17776000.0,0.2510805389982768,0.0,0.0,0.0,0.0,13807000.0,66829000.0,0.0,729000.0,4698000.0,0.06635780671770389,3969000.0,0.05606090567530156,0.0,3909000.0,0.05521342410802565,1442000.0,2467000.0,0.0348456171078279,0.25,0.25,10023000.0,10023000.0,,,1620599263,18:27:43,20210509
70,2003-06-30,ULH,USD,2003-06-30,2003-06-30,Q2,70206000,52821000.0,17385000.0,0.24762840782839074,0.0,0.0,0.0,0.0,13778000.0,66599000.0,0.0,712000.0,4319000.0,0.06151895849357605,3607000.0,0.05137737515312082,0.0,3546000.0,0.050508503546705406,1308000.0,2238000.0,0.03187761729766687,0.22,0.22,10023000.0,10023000.0,,,1620599263,18:27:43,20210509
71,2003-03-31,ULH,USD,2003-03-31,2003-03-31,Q1,61390000,46646000.0,14744000.0,0.2401694086984851,0.0,0.0,0.0,0.0,12475000.0,59121000.0,0.0,671000.0,2940000.0,0.04789053591790194,2269000.0,0.03696041700602704,0.0,2206000.0,0.035934191236357715,817000.0,1389000.0,0.022625834826518976,0.14,0.14,10023000.0,10023000.0,,,1620599263,18:27:43,20210509
72,2002-12-31,ULH,USD,2002-12-31,2002-12-31,Q4,67347000,62915000.0,4432000.0,0.06580842502264392,0.0,0.0,0.0,0.0,-9170000.0,53745000.0,0.0,614000.0,14216000.0,0.21108586870981633,13602000.0,0.20196890730099337,0.0,3612000.0,0.0536326785157468,1325000.0,2287000.0,0.03395845397716305,0.0,0.0,0.0,0.0,,,1620599263,18:27:43,20210509
73,2002-09-30,ULH,USD,2002-09-30,2002-09-30,Q3,65687000,49757000.0,15930000.0,0.2425137394004902,0.0,0.0,0.0,0.0,12849000.0,62606000.0,0.0,605000.0,3686000.0,0.05611460410735762,3081000.0,0.04690425807237353,0.0,3029000.0,0.046112625024738535,1143000.0,1886000.0,0.028711921689223135,0.18,0.18,10550000.0,10550000.0,,,1620599263,18:27:43,20210509
74,2002-06-30,ULH,USD,2002-06-30,2002-06-30,Q2,64360000,47755000.0,16605000.0,0.2580018645121193,0.0,0.0,0.0,0.0,12808000.0,60563000.0,0.0,594000.0,4391000.0,0.06822560596643878,3797000.0,0.05899627097576134,0.0,3753000.0,0.05831261653200746,1417000.0,2336000.0,0.0362958359229335,0.22,0.22,10550000.0,10550000.0,,,1620599263,18:27:43,20210509
75,2002-03-31,ULH,USD,2002-03-31,2002-03-31,Q1,55418000,42163000.0,13255000.0,0.2391822151647479,0.0,0.0,0.0,0.0,11616000.0,53779000.0,0.0,597000.0,2236000.0,0.040347901403875994,1639000.0,0.0295752282651846,0.0,1609000.0,0.029033887906456387,645000.0,964000.0,0.01739507019379985,0.09,0.09,10550000.0,10550000.0,,,1620599263,18:27:43,20210509
