,date,symbol,reportedCurrency,fillingDate,acceptedDate,period,revenue,costOfRevenue,grossProfit,grossProfitRatio,researchAndDevelopmentExpenses,generalAndAdministrativeExpenses,sellingAndMarketingExpenses,otherExpenses,operatingExpenses,costAndExpenses,interestExpense,depreciationAndAmortization,ebitda,ebitdaratio,operatingIncome,operatingIncomeRatio,totalOtherIncomeExpensesNet,incomeBeforeTax,incomeBeforeTaxRatio,incomeTaxExpense,netIncome,netIncomeRatio,eps,epsdiluted,weightedAverageShsOut,weightedAverageShsOutDil,link,finalLink,timestamp,est_time,est_date
0,2016-06-30,IMPR,USD,2016-08-02,2016-08-02 06:04:21,Q2,36098000,12081000.0,24017000,0.6653277189872016,9533000.0,-9595000.0,14923000,-2000.0,29784000,41865000,0.0,997000.0,-4770000.0,-0.13214028478032025,-5767000.0,-0.15975954346501192,-2000.0,-6051000.0,-0.16762701534711064,164000.0,-6215000.0,-0.17217020333536484,-0.24645,-0.24645,25218000,25218000.0,https://www.sec.gov/Archives/edgar/data/1328015/000156459016021963/0001564590-16-021963-index.htm,https://www.sec.gov/Archives/edgar/data/1328015/000156459016021963/impr-10q_20160630.htm,1620593567,16:52:47,20210509
1,2016-03-31,IMPR,USD,2016-05-06 00:00:00,2016-05-06 11:12:54,Q1,31521000,9962000.0,21559000,0.6839567272611909,8688000.0,-8795000.0,14221000,-9000.0,28335000,38297000,0.0,981000.0,-5795000.0,-0.1838456901748041,-6776000.0,-0.2149677992449478,-9000.0,-6534000.0,-0.20729037784334253,140000.0,-6674000.0,-0.21173186129881666,-0.2646522325323182,-0.2656847133757962,25218000,25120000.0,https://www.sec.gov/Archives/edgar/data/1328015/000156459016018180/0001564590-16-018180-index.html,https://www.sec.gov/Archives/edgar/data/1328015/000156459016018180/impr-10q_20160331.htm,1620593567,16:52:47,20210509
2,2015-12-31,IMPR,USD,2016-03-02 00:00:00,2016-03-01 20:05:06,Q4,34234000,10422000.0,23812000,0.6955658117660805,8393000.0,-9754000.0,14424000,-9000.0,27487000,37909000,12000.0,1050000.0,-2625000.0,-0.07667815621896361,-3675000.0,-0.10734941870654904,-9000.0,-3729000.0,-0.1089267979201963,-1000.0,-2890000.0,-0.0844189986563066,-0.11460068205250218,-0.11835046480199844,25218000,24419000.0,https://www.sec.gov/Archives/edgar/data/1328015/000156459016013831/0001564590-16-013831-index.html,https://www.sec.gov/Archives/edgar/data/1328015/000156459016013831/impr-10k_20151231.htm,1620593567,16:52:47,20210509
3,2015-09-30,IMPR,USD,2015-11-06 00:00:00,2015-11-06 06:05:54,Q3,29282000,9901000.0,19381000,0.6618741889215217,8496000.0,-8073000.0,12958000,-11000.0,26339000,36240000,0.0,1027000.0,-5931000.0,-0.2025476401885117,-6958000.0,-0.2376203811215081,-11000.0,-7139000.0,-0.24380165289256198,75000.0,-7214000.0,-0.246362953350181,-0.28606550876358156,-0.29779153766769867,25218000,24225000.0,https://www.sec.gov/Archives/edgar/data/1328015/000156459015009814/0001564590-15-009814-index.html,https://www.sec.gov/Archives/edgar/data/1328015/000156459015009814/impr-10q_20150930.htm,1620593567,16:52:47,20210509
4,2015-06-30,IMPR,USD,2015-07-31 00:00:00,2015-07-31 07:31:22,Q2,29968000,9384000.0,20584000,0.686865990389749,7839000.0,-8410000.0,13000000,-12038000.0,25429000,34813000,0.0,904000.0,-3941000.0,-0.1315069407367859,-4845000.0,-0.16167245061398824,-4000.0,-4699000.0,-0.15680058729311266,727000.0,-5426000.0,-0.18105979711692471,-0.21516377190895392,-0.22601741158828675,25218000,24007000.0,https://www.sec.gov/Archives/edgar/data/1328015/000119312515271892/0001193125-15-271892-index.html,https://www.sec.gov/Archives/edgar/data/1328015/000119312515271892/d62182d10q.htm,1620593567,16:52:47,20210509
5,2015-03-31,IMPR,USD,2015-05-08 00:00:00,2015-05-08 14:19:19,Q1,25636000,8350000.0,17286000,0.6742861600873771,6872000.0,-7438000.0,12018000,12018000.0,23470000,31820000,0.0,780000.0,-5404000.0,-0.2107973162739897,-6184000.0,-0.2412232797628335,-16000.0,-6662000.0,-0.25986893431112496,37000.0,-6699000.0,-0.26131221719457015,-0.2656435879133952,-0.28066867772750126,25218000,23868000.0,https://www.sec.gov/Archives/edgar/data/1328015/000119312515179221/0001193125-15-179221-index.html,https://www.sec.gov/Archives/edgar/data/1328015/000119312515179221/d899224d10q.htm,1620593567,16:52:47,20210509
6,2014-12-31,IMPR,USD,2015-03-11,2015-03-11 16:44:02,Q4,29027000,8120000.0,20907000,0.7202604471698764,6529000.0,-8673000.0,12239000,390000.0,22334000,30454000,24000.0,834000.0,-593000.0,-0.020429255520722087,-1427000.0,-0.04916112584834809,390000.0,-1613000.0,-0.055568953043717915,50000.0,-1663000.0,-0.057291487236021635,-0.0659449599492426,-0.11921146953405018,25218000,13950000.0,https://www.sec.gov/Archives/edgar/data/1328015/000119312515087481/0001193125-15-087481-index.htm,https://www.sec.gov/Archives/edgar/data/1328015/000119312515087481/d847207d10k.htm,1620593567,16:52:47,20210509
7,2014-09-30,IMPR,USD,2014-11-07 00:00:00,2014-11-07 14:28:27,Q3,25278000,8640000.0,16638000,0.6582008070258722,6425000.0,-7967000.0,11129000,-344000.0,20716000,29356000,0.0,783000.0,-3295000.0,-0.1303505024131656,-4078000.0,-0.16132605427644592,-344000.0,-4422000.0,-0.17493472584856398,32000.0,-4454000.0,-0.17620064878550518,-0.17661987469267984,-0.41805894499718416,25218000,10654000.0,https://www.sec.gov/Archives/edgar/data/1328015/000119312514403032/0001193125-14-403032-index.html,https://www.sec.gov/Archives/edgar/data/1328015/000119312514403032/d803665d10q.htm,1620593567,16:52:47,20210509
8,2014-06-30,IMPR,USD,2014-08-08 00:00:00,2014-08-08 10:34:23,Q2,-34058326000,13228000.0,34045098000,-0.9996116074524626,-34173000.0,-16311000.0,21635000,-7148000000.0,-7155214000,-32001986000,-93000000.0,-1596542000.0,-3652882000.0,0.1072537152882969,-2056340000.0,0.06037701324486706,0.0,-2056532000.0,0.06038265063291719,154087000.0,-2210619000.0,0.06490686007292314,-87.66036164644302,-549.7684655558319,25218000,4021000.0,https://www.sec.gov/Archives/edgar/data/1328015/000119312514302125/0001193125-14-302125-index.html,https://www.sec.gov/Archives/edgar/data/1328015/000119312514302125/d754970d10q.htm,1620593567,16:52:47,20210509
