,date,symbol,reportedCurrency,fillingDate,acceptedDate,period,revenue,costOfRevenue,grossProfit,grossProfitRatio,researchAndDevelopmentExpenses,generalAndAdministrativeExpenses,sellingAndMarketingExpenses,otherExpenses,operatingExpenses,costAndExpenses,interestExpense,depreciationAndAmortization,ebitda,ebitdaratio,operatingIncome,operatingIncomeRatio,totalOtherIncomeExpensesNet,incomeBeforeTax,incomeBeforeTaxRatio,incomeTaxExpense,netIncome,netIncomeRatio,eps,epsdiluted,weightedAverageShsOut,weightedAverageShsOutDil,link,finalLink,timestamp,est_time,est_date
0,2020-12-31,TECH.OL,NOK,2020-12-31,2020-12-31,Q4,399284000.0,250779000.0,148505000.0,0.37192825157031084,0.0,0.0,0.0,-12645000.0,140947000.0,391726000.0,-4841000.0,40567000.0,48125000.0,0.12052824555955159,7558000.0,0.01892888270003306,0.0,1596000.0,0.003997154907284039,12480000.0,-11960000.0,-0.02995361697438415,-0.07185880585805482,-0.07185880585805482,166437500.0,166437500.0,https://www.oslobors.no/ob_eng/,https://www.oslobors.no/ob_eng/,1620598686,18:18:06,20210509
1,2020-09-30,TECH.OL,NOK,2020-09-30,2020-09-30,Q3,212732000.0,141286000.0,71446000.0,0.3358498016283399,0.0,0.0,0.0,4795000.0,88976000.0,230262000.0,3641000.0,20650000.0,3120000.0,0.014666340747983378,-17530000.0,-0.08240415170261174,0.0,-14584000.0,-0.06855574149634282,-1315000.0,-13315000.0,-0.06259048944211495,-0.08,-0.08,166437500.0,166437500.0,https://www.oslobors.no/ob_eng/,https://www.oslobors.no/ob_eng/,1620598686,18:18:06,20210509
2,2020-06-30,TECH.OL,NOK,2020-06-30,2020-06-30,Q2,238173000.0,160291000.0,77882000.0,0.32699760258299637,0.0,0.0,0.0,0.0,82066000.0,242357000.0,3065000.0,14094000.0,9910000.0,0.04160841069306764,-4184000.0,-0.017567062597355704,0.0,2515000.0,0.010559551250561567,-1472000.0,4014000.0,0.01685329571361993,0.02,0.02,200700000.0,200700000.0,https://www.oslobors.no/ob_eng/,https://www.oslobors.no/ob_eng/,1620598686,18:18:06,20210509
3,2020-03-31,TECH.OL,NOK,2020-03-31,2020-03-31,Q1,292219000.0,212223000.0,79996000.0,0.27375358891790064,0.0,0.0,0.0,458000.0,85885000.0,298108000.0,5576000.0,12021000.0,6132000.0,0.020984261803647264,-5889000.0,-0.020152693698903903,0.0,-6359000.0,-0.02176107645293427,-2968000.0,-3486000.0,-0.011929409107552897,-0.02,-0.02,174300000.0,174300000.0,https://www.oslobors.no/ob_eng/,https://www.oslobors.no/ob_eng/,1620598686,18:18:06,20210509
4,2019-12-31,TECH.OL,NOK,2019-12-31,2019-12-31,Q4,339194000.0,259498000.0,79696000.0,0.23495698626744577,0.0,0.0,0.0,0.0,79835000.0,339333000.0,17000.0,4618000.0,4479000.0,0.0132048326326527,-139000.0,-0.0004097949845810952,0.0,13211000.0,0.038948212527344234,1802000.0,11411000.0,0.03364151488528688,0.06856027037176117,0.06856027037176117,166437500.0,166437500.0,https://www.oslobors.no/ob_eng/,https://www.oslobors.no/ob_eng/,1620598686,18:18:06,20210509
5,2019-09-30,TECH.OL,NOK,2019-09-30,2019-09-30,Q3,241903000.0,183386000.0,58517000.0,0.24190274614204868,0.0,0.0,0.0,1286000.0,62767000.0,246153000.0,1642000.0,3201000.0,-1049000.0,-0.004336448907206607,-4250000.0,-0.017569025601170716,0.0,-73811000.0,-0.3051264349760028,-626000.0,-73185000.0,-0.30253862085215977,-0.46,-0.46,159097826.0,159097826.0,https://www.oslobors.no/ob_eng/,https://www.oslobors.no/ob_eng/,1620598686,18:18:06,20210509
6,2019-06-30,TECH.OL,NOK,2019-06-30,2019-06-30,Q2,267507000.0,200698000.0,66809000.0,0.24974673559944227,0.0,0.0,0.0,2538000.0,72679000.0,273377000.0,1164000.0,3716000.0,-2154000.0,-0.008052125738765714,-5870000.0,-0.021943351015113622,0.0,-1072000.0,-0.004007371769710699,-29000.0,-1043000.0,-0.003898963391612182,-0.01,-0.01,159055106.0,159055106.0,https://www.oslobors.no/ob_eng/,https://www.oslobors.no/ob_eng/,1620598686,18:18:06,20210509
7,2019-03-31,TECH.OL,NOK,2019-03-31,2019-03-31,Q1,283455000.0,209140000.0,74315000.0,0.2621756539838775,0.0,0.0,0.0,646000.0,75306000.0,284446000.0,1192000.0,3679000.0,2688000.0,0.00948298671746838,-991000.0,-0.0034961457726976064,0.0,-717000.0,-0.0025295020373604276,794000.0,-1511000.0,-0.005330652131731668,-0.01,-0.01,151100000.0,151100000.0,https://www.oslobors.no/ob_eng/,https://www.oslobors.no/ob_eng/,1620598686,18:18:06,20210509
8,2018-12-31,TECH.OL,NOK,2018-12-31,2018-12-31,Q4,317351000.0,234419000.0,82932000.0,0.2613257875349377,0.0,0.0,0.0,0.0,83629000.0,318048000.0,-550000.0,529000.0,-168000.0,-0.0005293822927925231,-697000.0,-0.0021963062980737418,0.0,9311000.0,0.029339753143995135,-1550000.0,10861000.0,0.03422393501202139,0.06525572662410815,0.06525572662410815,166437500.0,166437500.0,https://www.oslobors.no/ob_eng/,https://www.oslobors.no/ob_eng/,1620598686,18:18:06,20210509
9,2018-09-30,TECH.OL,NOK,2018-09-30,2018-09-30,Q3,261596000.0,189704000.0,71892000.0,0.2748207159130874,0.0,0.0,0.0,0.0,66659000.0,256363000.0,1133000.0,371000.0,5604000.0,0.021422345907429776,5233000.0,0.020004128503493937,0.0,4612000.0,0.01763023899448004,861000.0,3687000.0,0.014094252205691219,0.02,0.02,184350000.0,184350000.0,https://www.oslobors.no/ob_eng/,https://www.oslobors.no/ob_eng/,1620598686,18:18:06,20210509
10,2018-06-30,TECH.OL,NOK,2018-06-30,2018-06-30,Q2,252888000.0,181465000.0,71423000.0,0.28242937585017874,0.0,0.0,0.0,0.0,74616000.0,256081000.0,1229000.0,415000.0,-2778000.0,-0.010985100123374775,-3193000.0,-0.012626142798392965,0.0,5599000.0,0.022140235993799627,-1328000.0,6673000.0,0.026387175350352725,0.05,0.05,133460000.0,133460000.0,https://www.oslobors.no/ob_eng/,https://www.oslobors.no/ob_eng/,1620598686,18:18:06,20210509
11,2018-03-31,TECH.OL,NOK,2018-03-31,2018-03-31,Q1,231827000.0,164107000.0,67720000.0,0.29211437839423365,0.0,0.0,0.0,-14207000.0,52578000.0,216685000.0,1574000.0,428000.0,15570000.0,0.06716215108680179,15142000.0,0.06531594680516074,0.0,-513000.0,-0.0022128570011258394,-1596000.0,757000.0,0.003265365984117467,0.01,0.01,146251789.0,146251789.0,https://www.oslobors.no/ob_eng/,https://www.oslobors.no/ob_eng/,1620598686,18:18:06,20210509
12,2017-12-31,TECH.OL,NOK,2017-12-31,2017-12-31,Q4,281224000.0,325930000.0,-44706000.0,-0.15896936250106677,0.0,0.0,0.0,13461000.0,-28475000.0,297455000.0,433000.0,470000.0,-15761000.0,-0.05604429209455807,-16231000.0,-0.05771555770489005,0.0,-32053000.0,-0.11397675874036356,1055000.0,-33204000.0,-0.11806958154353825,-0.19949831017649267,-0.19949831017649267,166437500.0,166437500.0,https://www.oslobors.no/ob_eng/,https://www.oslobors.no/ob_eng/,1620598686,18:18:06,20210509
13,2017-09-30,TECH.OL,NOK,2017-09-30,2017-09-30,Q3,180811000.0,124264000.0,56547000.0,0.31274092837272066,0.0,0.0,0.0,-3231000.0,52943000.0,177207000.0,773000.0,265000.0,3869000.0,0.021398034411623187,3604000.0,0.01993241561630653,0.0,-5404000.0,-0.029887562150532877,-3844000.0,-1561000.0,-0.008633324299959626,-0.01,-0.01,156100000.0,156100000.0,https://www.oslobors.no/ob_eng/,https://www.oslobors.no/ob_eng/,1620598686,18:18:06,20210509
14,2017-06-30,TECH.OL,NOK,2017-06-30,2017-06-30,Q2,182219000.0,130995000.0,51224000.0,0.28111228796118953,0.0,0.0,0.0,-3586000.0,54920000.0,185915000.0,849000.0,211000.0,-3485000.0,-0.019125338191955832,-3696000.0,-0.020283285497121595,0.0,-4277000.0,-0.023471756512767603,-531000.0,-3746000.0,-0.02055768059313244,-0.03,-0.03,124866667.0,124866667.0,https://www.oslobors.no/ob_eng/,https://www.oslobors.no/ob_eng/,1620598686,18:18:06,20210509
15,2017-03-31,TECH.OL,NOK,2017-03-31,2017-03-31,Q1,145219000.0,98275000.0,46944000.0,0.32326348480570727,0.0,0.0,0.0,-10551000.0,45985000.0,144260000.0,196000.0,444000.0,1403000.0,0.009661270219461641,959000.0,0.006603819059489461,0.0,-9788000.0,-0.06740164854461193,-526000.0,-9262000.0,-0.06377953298122147,-0.08,-0.08,115775000.0,115775000.0,https://www.oslobors.no/ob_eng/,https://www.oslobors.no/ob_eng/,1620598686,18:18:06,20210509
16,2016-12-31,TECH.OL,NOK,2016-12-31,2016-12-31,Q4,573498000.0,494215000.0,79283000.0,0.1382445971912718,0.0,0.0,0.0,0.0,68663000.0,562878000.0,0.0,903000.0,11523000.0,0.020092485065335886,10620000.0,0.018517937290103887,0.0,-32564000.0,-0.0567813662820097,-5954000.0,-47590000.0,-0.08298198075668965,-0.285933158092377,-0.285933158092377,166437500.0,166437500.0,https://www.oslobors.no/ob_eng/,https://www.oslobors.no/ob_eng/,1620598686,18:18:06,20210509
17,2016-09-30,TECH.OL,NOK,2016-09-30,2016-09-30,Q3,0.0,0.0,0.0,0.0,0.0,0.0,0.0,0.0,5102000.0,5102000.0,0.0,0.0,-5102000.0,0.0,-5102000.0,0.0,0.0,-4936000.0,0.0,0.0,-4988000.0,0.0,-0.07,-0.07,72420175.0,72420175.0,https://www.oslobors.no/ob_eng/,https://www.oslobors.no/ob_eng/,1620598686,18:18:06,20210509
18,2016-06-30,TECH.OL,NOK,2016-06-30,2016-06-30,Q2,0.0,0.0,0.0,0.0,0.0,0.0,0.0,0.0,9877000.0,9877000.0,0.0,0.0,-9877000.0,0.0,-9877000.0,0.0,0.0,-10267000.0,0.0,0.0,23635000.0,0.0,1.710418,1.710418,13794773.0,13794773.0,https://www.oslobors.no/ob_eng/,https://www.oslobors.no/ob_eng/,1620598686,18:18:06,20210509
19,2016-03-31,TECH.OL,NOK,2016-03-31,2016-03-31,Q1,0.0,0.0,0.0,0.0,0.0,0.0,0.0,0.0,5040000.0,5040000.0,0.0,25000.0,-5015000.0,0.0,-5040000.0,0.0,0.0,-5405000.0,0.0,0.0,-11727000.0,0.0,-0.845379,-0.845379,13794773.0,13794773.0,https://www.oslobors.no/ob_eng/,https://www.oslobors.no/ob_eng/,1620598686,18:18:06,20210509
20,2015-12-31,TECH.OL,NOK,2015-12-31,2015-12-31,Q4,17426000.0,32727000.0,-15301000.0,-0.8780557787214507,0.0,0.0,0.0,0.0,-20355000.0,12372000.0,0.0,-4973000.0,81000.0,0.00464822678755882,5054000.0,0.29002639733731206,0.0,-1421000.0,-0.08154481808791461,-178000.0,-1243000.0,-0.07133019625846436,-0.007468268869695832,-0.007468268869695832,166437500.0,166437500.0,https://www.oslobors.no/ob_eng/,https://www.oslobors.no/ob_eng/,1620598686,18:18:06,20210509
21,2015-09-30,TECH.OL,NOK,2015-09-30,2015-09-30,Q3,12478000.0,1333000.0,11145000.0,0.8931719826895336,0.0,0.0,0.0,0.0,15366000.0,16699000.0,0.0,2608000.0,-1613000.0,-0.1292675108190415,-4221000.0,-0.3382753646417695,0.0,-42756000.0,-3.4265106587594167,12000.0,-42768000.0,-3.4274723513383556,-4.128596,-4.128596,10335775.0,10335775.0,https://www.oslobors.no/ob_eng/,https://www.oslobors.no/ob_eng/,1620598686,18:18:06,20210509
22,2015-06-30,TECH.OL,NOK,2015-06-30,2015-06-30,Q2,10846000.0,833000.0,10013000.0,0.9231974921630094,0.0,0.0,0.0,0.0,17972000.0,18805000.0,0.0,1647000.0,-6312000.0,-0.581965701641158,-7959000.0,-0.7338189194172967,0.0,-11517000.0,-1.061866125760649,6000.0,-11524000.0,-1.06251152498617,-1.081299,-1.081299,10335775.0,10335775.0,https://www.oslobors.no/ob_eng/,https://www.oslobors.no/ob_eng/,1620598686,18:18:06,20210509
23,2015-03-31,TECH.OL,NOK,2015-03-31,2015-03-31,Q1,15660000.0,953000.0,14707000.0,0.9391443167305237,0.0,0.0,0.0,0.0,19707000.0,20660000.0,0.0,1759000.0,-3241000.0,-0.20696040868454663,-5000000.0,-0.31928480204342274,0.0,-416000.0,-0.02656449553001277,0.0,12447000.0,0.7948275862068965,1.204264,1.204264,10335775.0,10335775.0,https://www.oslobors.no/ob_eng/,https://www.oslobors.no/ob_eng/,1620598686,18:18:06,20210509
24,2014-12-31,TECH.OL,NOK,2014-12-31,2014-12-31,Q4,-5471000.0,31805000.0,-37276000.0,6.813379638091757,0.0,0.0,0.0,0.0,-26393000.0,5412000.0,0.0,-6303000.0,-17186000.0,3.1412904405044784,-10883000.0,1.9892158654724914,0.0,-9416000.0,1.721074757813928,186000.0,-4006000.0,0.7322244562237251,-0.024069095005632746,-0.024069095005632746,166437500.0,166437500.0,https://www.oslobors.no/ob_eng/,https://www.oslobors.no/ob_eng/,1620598686,18:18:06,20210509
25,2014-09-30,TECH.OL,NOK,2014-09-30,2014-09-30,Q3,17770000.0,1223000.0,16547000.0,0.9311761395610579,0.0,0.0,0.0,0.0,18456000.0,19679000.0,0.0,2153000.0,244000.0,0.013731007315700618,-1909000.0,-0.10742824985931344,0.0,-509000.0,-0.028643781654473833,0.0,-509000.0,-0.028643781654473833,-0.0983,-0.0983,10335775.0,10335775.0,https://www.oslobors.no/ob_eng/,https://www.oslobors.no/ob_eng/,1620598686,18:18:06,20210509
26,2014-06-30,TECH.OL,NOK,2014-06-30,2014-06-30,Q2,19947000.0,1281000.0,18666000.0,0.9357798165137615,0.0,0.0,0.0,0.0,21965000.0,23246000.0,0.0,2132000.0,-1167000.0,-0.05850503835163182,-3299000.0,-0.16538827893918884,0.0,-2558000.0,-0.12823983556424526,0.0,-2558000.0,-0.12823983556424526,-0.2949,-0.2949,10335775.0,10335775.0,https://www.oslobors.no/ob_eng/,https://www.oslobors.no/ob_eng/,1620598686,18:18:06,20210509
27,2014-03-31,TECH.OL,NOK,2014-03-31,2014-03-31,Q1,19235000.0,1508000.0,17727000.0,0.9216012477255003,0.0,0.0,0.0,0.0,20345000.0,21853000.0,0.0,2161000.0,-457000.0,-0.023758773069924615,-2618000.0,-0.13610605666753314,0.0,-2764000.0,-0.14369638679490512,0.0,-2764000.0,-0.14369638679490512,-0.2949,-0.2949,10183181.0,10183181.0,https://www.oslobors.no/ob_eng/,https://www.oslobors.no/ob_eng/,1620598686,18:18:06,20210509
28,2013-12-31,TECH.OL,NOK,2013-12-31,2013-12-31,Q4,19149000.0,39781000.0,-20632000.0,-1.0774452974045643,0.0,0.0,0.0,0.0,-19196000.0,20585000.0,0.0,-6105000.0,-7541000.0,-0.3938064650895608,-1436000.0,-0.07499086114157397,0.0,-1196000.0,-0.062457569585879155,701000.0,-1897000.0,-0.09906522533813776,-0.011397671798723244,-0.011397671798723244,166437500.0,166437500.0,https://www.oslobors.no/ob_eng/,https://www.oslobors.no/ob_eng/,1620598686,18:18:06,20210509
29,2013-09-30,TECH.OL,NOK,2013-09-30,2013-09-30,Q3,16469000.0,1397000.0,15072000.0,0.9151739632035947,0.0,0.0,0.0,0.0,19099000.0,20496000.0,0.0,2141000.0,-1886000.0,-0.11451818568219078,-4027000.0,-0.2445200072864169,0.0,-3900000.0,-0.2368085493958346,0.0,-3900000.0,-0.2368085493958346,-0.3932,-0.3932,9355408.0,9355408.0,https://www.oslobors.no/ob_eng/,https://www.oslobors.no/ob_eng/,1620598686,18:18:06,20210509
30,2013-06-30,TECH.OL,NOK,2013-06-30,2013-06-30,Q2,17340000.0,900000.0,16440000.0,0.9480968858131488,0.0,0.0,0.0,0.0,19057000.0,19957000.0,0.0,2009000.0,-608000.0,-0.035063437139561705,-2617000.0,-0.15092272202998847,0.0,-3436000.0,-0.19815455594002307,0.0,-3436000.0,-0.19815455594002307,-0.3932,-0.3932,9355408.0,9355408.0,https://www.oslobors.no/ob_eng/,https://www.oslobors.no/ob_eng/,1620598686,18:18:06,20210509
31,2013-03-31,TECH.OL,NOK,2013-03-31,2013-03-31,Q1,18227000.0,593000.0,17634000.0,0.9674658473692873,0.0,0.0,0.0,0.0,17970000.0,18563000.0,0.0,2012000.0,1676000.0,0.09195150052120481,-336000.0,-0.018434191035277336,0.0,397000.0,0.0217808745268009,0.0,397000.0,0.0217808745268009,0.042435,0.042435,9355408.0,9355408.0,https://www.oslobors.no/ob_eng/,https://www.oslobors.no/ob_eng/,1620598686,18:18:06,20210509
32,2012-12-31,TECH.OL,NOK,2012-12-31,2012-12-31,Q4,13403000.0,36665000.0,-23262000.0,-1.735581586212042,0.0,0.0,0.0,0.0,-14060000.0,22605000.0,0.0,-5890000.0,-15092000.0,-1.1260165634559427,-9202000.0,-0.6865627098410804,0.0,-17689000.0,-1.319779153920764,726000.0,-18415000.0,-1.3739461314631052,-0.11064213293278258,-0.11064213293278258,166437500.0,166437500.0,https://www.oslobors.no/ob_eng/,https://www.oslobors.no/ob_eng/,1620598686,18:18:06,20210509
33,2012-09-30,TECH.OL,NOK,2012-09-30,2012-09-30,Q3,8717000.0,1038000.0,7679000.0,0.8809223356659401,0.0,0.0,0.0,0.0,16781000.0,17819000.0,0.0,1392000.0,-7710000.0,-0.8844786050246645,-9102000.0,-1.044166571068028,0.0,-4897000.0,-0.561775840312034,0.0,-4897000.0,-0.561775840312034,-0.688099,-0.688099,7116705.0,7116705.0,https://www.oslobors.no/ob_eng/,https://www.oslobors.no/ob_eng/,1620598686,18:18:06,20210509
34,2012-06-30,TECH.OL,NOK,2012-06-30,2012-06-30,Q2,10347000.0,1018000.0,9329000.0,0.9016139943945105,0.0,0.0,0.0,0.0,17620000.0,18638000.0,0.0,2414000.0,-5877000.0,-0.5679907219483908,-8291000.0,-0.8012950613704456,0.0,-7352000.0,-0.710544119068329,0.0,-7352000.0,-0.710544119068329,-0.982999,-0.982999,7224407.0,7224407.0,https://www.oslobors.no/ob_eng/,https://www.oslobors.no/ob_eng/,1620598686,18:18:06,20210509
35,2012-03-31,TECH.OL,NOK,2012-03-31,2012-03-31,Q1,11664000.0,1468000.0,10196000.0,0.8741426611796982,0.0,0.0,0.0,0.0,18845000.0,20313000.0,0.0,1300000.0,-7349000.0,-0.6300582990397805,-8649000.0,-0.7415123456790124,0.0,-9639000.0,-0.8263888888888888,0.0,-9639000.0,-0.8263888888888888,-1.376199,-1.376199,7004076.0,7004076.0,https://www.oslobors.no/ob_eng/,https://www.oslobors.no/ob_eng/,1620598686,18:18:06,20210509
36,2011-12-31,TECH.OL,NOK,2011-12-31,2011-12-31,Q4,8979000.0,1527000.0,7452000.0,0.8299365185432677,0.0,0.0,0.0,0.0,38984000.0,40511000.0,0.0,19910000.0,-11622000.0,-1.2943534914801202,-31532000.0,-3.511749638044326,0.0,0.0,0.0,0.0,-32596000.0,-3.6302483572780933,-0.19584528726999625,-0.19584528726999625,166437500.0,166437500.0,https://www.oslobors.no/ob_eng/,https://www.oslobors.no/ob_eng/,1620598686,18:18:06,20210509
37,2011-09-30,TECH.OL,NOK,2011-09-30,2011-09-30,Q3,8168000.0,1497000.0,6671000.0,0.8167238001958864,0.0,0.0,0.0,0.0,19169000.0,20666000.0,0.0,933000.0,-11565000.0,-1.4158912830558277,-12498000.0,-1.5301175318315376,0.0,-11740000.0,-1.4373163565132223,0.0,-10518000.0,-1.2877081292850148,-1.671098,-1.671098,6294064.0,6294064.0,https://www.oslobors.no/ob_eng/,https://www.oslobors.no/ob_eng/,1620598686,18:18:06,20210509
38,2011-06-30,TECH.OL,NOK,2011-06-30,2011-06-30,Q2,14177000.0,1665000.0,12512000.0,0.8825562530859843,0.0,0.0,0.0,0.0,27442000.0,29107000.0,0.0,2885000.0,-12045000.0,-0.8496155745221133,-14930000.0,-1.0531141990548072,0.0,-14754000.0,-1.0406997249065388,0.0,-14754000.0,-1.0406997249065388,-2.064298,-2.064298,7224407.0,7224407.0,https://www.oslobors.no/ob_eng/,https://www.oslobors.no/ob_eng/,1620598686,18:18:06,20210509
39,2011-03-31,TECH.OL,NOK,2011-03-31,2011-03-31,Q1,19928000.0,1473000.0,18455000.0,0.9260839020473706,0.0,0.0,0.0,0.0,22279000.0,23752000.0,0.0,3208000.0,-616000.0,-0.03091128061019671,-3824000.0,-0.1918908069048575,0.0,-3653000.0,-0.18330991569650743,0.0,19891000.0,0.9981433159373746,2.654097,2.654097,7494450.0,7494450.0,https://www.oslobors.no/ob_eng/,https://www.oslobors.no/ob_eng/,1620598686,18:18:06,20210509
40,2010-12-31,TECH.OL,NOK,2010-12-31,2010-12-31,Q4,11907000.0,1486000.0,10421000.0,0.8751994625010499,0.0,0.0,0.0,0.0,22933000.0,24419000.0,0.0,2476000.0,-10036000.0,-0.8428655412782396,-12512000.0,-1.0508104476358444,0.0,-12267000.0,-1.0302343159486016,0.0,-29308000.0,-2.461409255060049,-0.17609012392039053,-0.17609012392039053,166437500.0,166437500.0,https://www.oslobors.no/ob_eng/,https://www.oslobors.no/ob_eng/,1620598686,18:18:06,20210509
41,2010-09-30,TECH.OL,NOK,2010-09-30,2010-09-30,Q3,14484000.0,1315000.0,13169000.0,0.9092101629384148,0.0,0.0,0.0,0.0,17845000.0,19160000.0,0.0,2188000.0,-2488000.0,-0.17177575255454294,-4676000.0,-0.32283899475283073,0.0,-5217000.0,-0.36019055509527753,0.0,-212000.0,-0.01463684065175366,0.0983,0.0983,7226549.0,7226549.0,https://www.oslobors.no/ob_eng/,https://www.oslobors.no/ob_eng/,1620598686,18:18:06,20210509
42,2010-06-30,TECH.OL,NOK,2010-06-30,2010-06-30,Q2,20200000.0,2200000.0,18000000.0,0.8910891089108911,0.0,0.0,0.0,0.0,28300000.0,30500000.0,0.0,1300000.0,-9000000.0,-0.44554455445544555,-10300000.0,-0.5099009900990099,0.0,-8500000.0,-0.4207920792079208,0.0,-18100000.0,-0.8960396039603961,-0.884699,-0.884699,7663622.0,7663622.0,https://www.oslobors.no/ob_eng/,https://www.oslobors.no/ob_eng/,1620598686,18:18:06,20210509
43,2010-03-31,TECH.OL,NOK,2010-03-31,2010-03-31,Q1,27000000.0,1800000.0,25200000.0,0.9333333333333333,0.0,0.0,0.0,0.0,35300000.0,37100000.0,0.0,1300000.0,-8800000.0,-0.32592592592592595,-10100000.0,-0.37407407407407406,0.0,-11300000.0,-0.4185185185185185,0.0,-11300000.0,-0.4185185185185185,-1.474499,-1.474499,7663622.0,7663622.0,https://www.oslobors.no/ob_eng/,https://www.oslobors.no/ob_eng/,1620598686,18:18:06,20210509
44,2009-12-31,TECH.OL,NOK,2009-12-31,2009-12-31,Q4,58897000.0,4204000.0,54693000.0,0.928621152180926,0.0,0.0,0.0,0.0,66687000.0,70891000.0,0.0,-4437000.0,-16431000.0,-0.278978555783826,-11994000.0,-0.2036436490822962,0.0,-10990000.0,-0.18659694042141364,-9000.0,-7295000.0,-0.1238602984871895,-0.04383026661659782,-0.04383026661659782,166437500.0,166437500.0,https://www.oslobors.no/ob_eng/,https://www.oslobors.no/ob_eng/,1620598686,18:18:06,20210509
45,2009-09-30,TECH.OL,NOK,2009-09-30,2009-09-30,Q3,16321000.0,1476000.0,14845000.0,0.9095643649286196,0.0,0.0,0.0,0.0,20657000.0,22133000.0,0.0,2121000.0,-3691000.0,-0.22615035843391948,-5812000.0,-0.3561056307824276,0.0,-6619000.0,-0.4055511304454384,0.0,-7577000.0,-0.4642485141841799,-1.081299,-1.081299,7226549.0,7226549.0,https://www.oslobors.no/ob_eng/,https://www.oslobors.no/ob_eng/,1620598686,18:18:06,20210509
46,2009-06-30,TECH.OL,NOK,2009-06-30,2009-06-30,Q2,24100000.0,2900000.0,21200000.0,0.8796680497925311,0.0,0.0,0.0,0.0,30200000.0,33100000.0,0.0,1000000.0,-8000000.0,-0.33195020746887965,-9000000.0,-0.37344398340248963,0.0,-7800000.0,-0.3236514522821577,0.0,-9000000.0,-0.37344398340248963,-0.982999,-0.982999,9155655.0,9155655.0,https://www.oslobors.no/ob_eng/,https://www.oslobors.no/ob_eng/,1620598686,18:18:06,20210509
47,2009-03-31,TECH.OL,NOK,2009-03-31,2009-03-31,Q1,24800000.0,2300000.0,22500000.0,0.907258064516129,0.0,0.0,0.0,0.0,33300000.0,35600000.0,0.0,1200000.0,-9600000.0,-0.3870967741935484,-10800000.0,-0.43548387096774194,0.0,-13200000.0,-0.532258064516129,0.0,-13200000.0,-0.532258064516129,-1.867698,-1.867698,7067523.0,7067523.0,https://www.oslobors.no/ob_eng/,https://www.oslobors.no/ob_eng/,1620598686,18:18:06,20210509
