,date,symbol,reportedCurrency,fillingDate,acceptedDate,period,revenue,costOfRevenue,grossProfit,grossProfitRatio,researchAndDevelopmentExpenses,generalAndAdministrativeExpenses,sellingAndMarketingExpenses,otherExpenses,operatingExpenses,costAndExpenses,interestExpense,depreciationAndAmortization,ebitda,ebitdaratio,operatingIncome,operatingIncomeRatio,totalOtherIncomeExpensesNet,incomeBeforeTax,incomeBeforeTaxRatio,incomeTaxExpense,netIncome,netIncomeRatio,eps,epsdiluted,weightedAverageShsOut,weightedAverageShsOutDil,link,finalLink,timestamp,est_time,est_date
0,2020-03-31,KIMPJ,USD,2020-05-08,2020-05-08 16:39:17,Q1,289744000.0,0.0,289744000.0,1.0,0.0,-21017000,0.0,-3422000.0,-178283000,-178283000,46060000,69397000.0,184705000.0,0.6374765310066818,115308000.0,0.39796510022640674,3740000.0,65826000.0,0.22718675796565244,-43000.0,90389000,0.3119615936826992,0.21033660279009156,0.2099603953496475,429735000.0,430505000.0,https://www.sec.gov/Archives/edgar/data/879101/000143774920010088/0001437749-20-010088-index.htm,https://www.sec.gov/Archives/edgar/data/879101/000143774920010088/kim20200331_10q.htm,1620594138,17:02:18,20210509
1,2019-12-31,KIMPJ,USD,2020-02-25,2020-02-25 16:21:29,Q4,296130000.0,2859000.0,293271000.0,0.9903454563873975,0.0,24646000,0.0,166704000.0,191350000,194209000,45757000,68439000.0,205055000.0,0.6924492621483808,136616000.0,0.4613379259109175,4321000.0,93786000.0,0.3167055009624152,263000.0,109419000,0.36949650491338265,0.2602921236053952,0.25941028783852027,420370000.0,421799000.0,https://www.sec.gov/Archives/edgar/data/879101/000143774920003500/0001437749-20-003500-index.htm,https://www.sec.gov/Archives/edgar/data/879101/000143774920003500/kim20191231_10k.htm,1620594138,17:02:18,20210509
2,2019-09-30,KIMPJ,USD,2019-10-25,2019-10-25 15:19:26,Q3,282871000.0,2836000.0,280035000.0,0.9899742285352687,0.0,23832000,0.0,168596000.0,192428000,195264000,43146000,68874000.0,168342000.0,0.5951193300126206,99468000.0,0.35163731877781745,3690000.0,60649000.0,0.21440515287887413,286000.0,83990000,0.2969197973634625,0.20013677641345556,0.19950782211284937,419663000.0,420986000.0,https://www.sec.gov/Archives/edgar/data/879101/000143774919020639/0001437749-19-020639-index.htm,https://www.sec.gov/Archives/edgar/data/879101/000143774919020639/kim20190930_10q.htm,1620594138,17:02:18,20210509
3,2019-06-30,KIMPJ,USD,2019-07-26,2019-07-26 13:12:46,Q2,284873000.0,2924000.0,281949000.0,0.9897357769953629,0.0,22633000,0.0,169602000.0,192235000,195159000,44097000,69005000.0,176405000.0,0.6192408546966544,107400000.0,0.37701010625787634,4163000.0,65241000.0,0.22901784303882783,344000.0,101027000,0.3546387337515314,0.24078068358672103,0.240084315990095,419581000.0,420798000.0,https://www.sec.gov/Archives/edgar/data/879101/000143774919014720/0001437749-19-014720-index.htm,https://www.sec.gov/Archives/edgar/data/879101/000143774919014720/kim20190630_10q.htm,1620594138,17:02:18,20210509
4,2019-03-31,KIMPJ,USD,2019-05-03,2019-05-03 11:33:44,Q1,295010000.0,2692000.0,292318000.0,0.9908748855970984,0.0,25831000,0.0,158671000.0,184502000,187194000,44395000,71561000.0,205664000.0,0.6971424697467883,134103000.0,0.45457103149045797,4376000.0,92330000.0,0.31297244161214877,630000.0,116169000,0.3937798718687502,0.27694629336486565,0.27609129129700094,419464000.0,420763000.0,https://www.sec.gov/Archives/edgar/data/879101/000143774919008640/0001437749-19-008640-index.htm,https://www.sec.gov/Archives/edgar/data/879101/000143774919008640/kim20190331_10q.htm,1620594138,17:02:18,20210509
5,2018-12-31,KIMPJ,USD,2019-02-15,2019-02-15 15:48:43,Q4,284201000.0,2667000.0,281534000.0,0.9906157965665146,0.0,20022000,0.0,202106000.0,222128000,224795000,42881000,74266000.0,366179000.0,1.2884507795539073,291913000.0,1.0271357243640944,4122000.0,247398000.0,0.8705036224362335,2583000.0,88161000,0.31020650877372,0.20958727275752959,0.20922020319000234,420641000.0,421379000.0,https://www.sec.gov/Archives/edgar/data/879101/000143774919002746/0001437749-19-002746-index.htm,https://www.sec.gov/Archives/edgar/data/879101/000143774919002746/kim20181231_10k.htm,1620594138,17:02:18,20210509
6,2018-09-30,KIMPJ,USD,2018-10-26,2018-10-26 13:42:10,Q3,283080000.0,2702000.0,280378000.0,0.9904549950544016,0.0,21348000,0.0,159526000.0,180874000,183576000,44081000,74972000.0,177178000.0,0.6258937402854317,102206000.0,0.36104987989260984,5643000.0,50582000.0,0.17868447082096933,-315000.0,100158000,0.35381517592200085,0.23784510313317786,0.23709234145198288,421106000.0,422443000.0,https://www.sec.gov/Archives/edgar/data/879101/000143774918018863/0001437749-18-018863-index.htm,https://www.sec.gov/Archives/edgar/data/879101/000143774918018863/kim20180930_10q.htm,1620594138,17:02:18,20210509
7,2018-06-30,KIMPJ,USD,2018-07-27,2018-07-27 11:42:29,Q2,293403000.0,2742000.0,290661000.0,0.990654492285355,0.0,24029000,0.0,185025000.0,209054000,211796000,46434000,79760000.0,164109000.0,0.5593296592059386,84349000.0,0.2874851313722082,5526000.0,41192000.0,0.14039392916909507,52000.0,165386000,0.5636820346076897,0.3918542387338293,0.3907654358324906,422060000.0,423236000.0,https://www.sec.gov/Archives/edgar/data/879101/000143774918013867/0001437749-18-013867-index.htm,https://www.sec.gov/Archives/edgar/data/879101/000143774918013867/kim20180630_10q.htm,1620594138,17:02:18,20210509
8,2018-03-31,KIMPJ,USD,2018-04-27,2018-04-27 10:10:42,Q1,304078000.0,2818000.0,301260000.0,0.9907326409671203,0.0,22398000,0.0,177742000.0,200140000,202958000,49943000,81382000.0,185320000.0,0.6094488914028637,103938000.0,0.34181361361229684,5586000.0,60174000.0,0.1978900150619249,52000.0,144090000,0.47385868099632333,0.3403132705406657,0.33941783798681335,423404000.0,424521000.0,https://www.sec.gov/Archives/edgar/data/879101/000143774918007904/0001437749-18-007904-index.htm,https://www.sec.gov/Archives/edgar/data/879101/000143774918007904/kim20180331_10q.htm,1620594138,17:02:18,20210509
9,2017-12-31,KIMPJ,USD,2018-02-23,2018-02-23 16:28:35,Q4,315225000.0,2833000.0,312392000.0,0.9910127686573083,0.0,32060000,0.0,204079000.0,236139000,238972000,52126000,85024000.0,164110000.0,0.5206122610833531,79086000.0,0.2508874613371401,4593000.0,25706000.0,0.08154810056308985,1344000.0,84896000,0.2693187405821239,0.20040886278546036,0.2002174430862768,423614000.0,424019000.0,https://www.sec.gov/Archives/edgar/data/879101/000143774918003230/0001437749-18-003230-index.htm,https://www.sec.gov/Archives/edgar/data/879101/000143774918003230/kim20171231_10k.htm,1620594138,17:02:18,20210509
10,2017-09-30,KIMPJ,USD,2017-10-27,2017-10-27 14:06:52,Q3,294845000.0,2764000.0,292081000.0,0.9906255829334056,0.0,28588000,0.0,166412000.0,195000000,197764000,47258000,88443000.0,188288000.0,0.6385999423425868,99845000.0,0.3386355542742797,3926000.0,51935000.0,0.1761433973782835,697000.0,121030000,0.4104868659804304,0.28573519621128773,0.2853182395749105,423574000.0,424193000.0,https://www.sec.gov/Archives/edgar/data/879101/000143774917017736/0001437749-17-017736-index.htm,https://www.sec.gov/Archives/edgar/data/879101/000143774917017736/kim20170930_10q.htm,1620594138,17:02:18,20210509
11,2017-06-30,KIMPJ,USD,2017-07-28,2017-07-28 14:48:03,Q2,297176000.0,2765000.0,294411000.0,0.9906957493202682,0.0,27233000,0.0,204032000.0,231265000,234030000,46090000,95270000.0,161181000.0,0.542375561956551,65911000.0,0.22179112714351093,4333000.0,21260000.0,0.07154009745066896,1034000.0,143416000,0.48259617196543464,0.3386318344525354,0.3381782854340178,423516000.0,424084000.0,https://www.sec.gov/Archives/edgar/data/879101/000143774917013272/0001437749-17-013272-index.htm,https://www.sec.gov/Archives/edgar/data/879101/000143774917013272/kim20170630_10q.htm,1620594138,17:02:18,20210509
12,2017-03-31,KIMPJ,USD,2017-04-28,2017-04-28 13:55:19,Q1,293588000.0,2783000.0,290805000.0,0.990520729730098,0.0,30574000,0.0,170377000.0,200951000,203734000,46482000,92074000.0,184711000.0,0.6291503739934875,92637000.0,0.31553401365178413,4197000.0,47428000.0,0.16154611223891985,493000.0,76733000,0.26136286224232597,0.1812386479317683,0.18091176151608174,423381000.0,424146000.0,https://www.sec.gov/Archives/edgar/data/879101/000143774917007424/0001437749-17-007424-index.htm,https://www.sec.gov/Archives/edgar/data/879101/000143774917007424/kim20170331_10q.htm,1620594138,17:02:18,20210509
13,2016-12-31,KIMPJ,USD,2017-02-27,2017-02-24 20:16:56,Q4,297026000.0,2719000.0,294307000.0,0.9908459192124596,0.0,27462000,0.0,197747000.0,225209000,227928000,43067000,90884000.0,162701000.0,0.547766862160215,71817000.0,0.24178691427686466,4117000.0,30999000.0,0.10436460107869344,747000.0,78273000,0.26352238524573607,0.18707606560198087,0.18649349906721086,418402000.0,419709000.0,https://www.sec.gov/Archives/edgar/data/879101/000143774917003269/0001437749-17-003269-index.htm,https://www.sec.gov/Archives/edgar/data/879101/000143774917003269/kim20161231_10k.htm,1620594138,17:02:18,20210509
14,2016-09-30,KIMPJ,USD,2016-10-28,2016-10-28 14:23:27,Q3,285076000.0,2728000.0,282348000.0,0.9904306220095693,0.0,27983000,0.0,181013000.0,208996000,211724000,46552000,96827000.0,172907000.0,0.6065294868736758,76080000.0,0.2668762014340036,5790000000.0,-11788000000.0,-41.35037674164082,-61426000000.0,-236682000000,-830.2417600920456,-567.815579050402,-565.9080801656489,416829000.0,418234000.0,https://www.sec.gov/Archives/edgar/data/879101/000143774916040513/0001437749-16-040513-index.htm,https://www.sec.gov/Archives/edgar/data/879101/000143774916040513/kim20160817_10q.htm,1620594138,17:02:18,20210509
15,2016-06-30,KIMPJ,USD,2016-07-29,2016-07-29 15:12:16,Q2,291488000.0,2728000.0,288760000.0,0.9906411241629158,0.0,29928000,0.0,207893000.0,237821000,240549000,50479000,82753000.0,136420000.0,0.4680124053134263,53667000.0,0.18411392578768251,4373000.0,2176000.0,0.0074651443627181905,246000.0,203409000,0.6978297562849929,0.48991904891507243,0.4881050651257883,415189000.0,416732000.0,https://www.sec.gov/Archives/edgar/data/879101/000143774916035953/0001437749-16-035953-index.htm,https://www.sec.gov/Archives/edgar/data/879101/000143774916035953/kim20160630_10q.htm,1620594138,17:02:18,20210509
16,2016-03-31,KIMPJ,USD,2016-04-29,2016-04-29 12:06:44,Q1,297202000.0,2818000.0,294384000.0,0.9905182333900848,0.0,31929000,0.0,166014000.0,197943000,200761000,52451000,84856000.0,184115000.0,0.6194944852322662,99259000.0,0.33397823702397694,4111000.0,46638000.0,0.15692357386558636,12112000.0,140713000,0.4734591288080161,0.34101495286334005,0.33976747274505303,412630000.0,414145000.0,https://www.sec.gov/Archives/edgar/data/879101/000143774916030329/0001437749-16-030329-index.htm,https://www.sec.gov/Archives/edgar/data/879101/000143774916030329/kim20160330_10q.htm,1620594138,17:02:18,20210509
17,2015-12-31,KIMPJ,USD,2016-02-26,2016-02-26 16:52:36,Q4,300870000.0,2868000.0,298002000.0,0.9904676438328847,0.0,33413000,0.0,185050000.0,218463000,221331000,56152000,86095000.0,168502000.0,0.5600491906803603,82407000.0,0.2738957024628577,4369000.0,29882000.0,0.09931864260311762,48297000.0,379201000,1.2603483231960648,0.9219146210119153,0.9184935969635535,411319000.0,412851000.0,https://www.sec.gov/Archives/edgar/data/879101/000143774916026173/0001437749-16-026173-index.htm,https://www.sec.gov/Archives/edgar/data/879101/000143774916026173/kim20151231_10k.htm,1620594138,17:02:18,20210509
18,2015-09-30,KIMPJ,USD,2015-11-05,2015-11-05 16:25:28,Q3,288382000.0,2913000.0,285469000.0,0.989898814766525,0.0,27310000,0.0,186085000.0,213395000,216308000,54031000,103708000.0,178695000.0,0.619646857293451,74987000.0,0.260026631343149,4995000.0,27708000.0,0.09608089270481514,2844000.0,77572000,0.2689904362963014,0.18864694237868493,0.18770658807245766,411202000.0,413262000.0,https://www.sec.gov/Archives/edgar/data/879101/000143774915019848/0001437749-15-019848-index.htm,https://www.sec.gov/Archives/edgar/data/879101/000143774915019848/kim20151103_10q.htm,1620594138,17:02:18,20210509
19,2015-06-30,KIMPJ,USD,2015-08-03,2015-08-03 15:09:14,Q2,294061000.0,3012000.0,291049000.0,0.9897572272419668,0.0,29307000,0.0,172542000.0,201849000,204861000,56130000,80155000.0,172367000.0,0.5861606945497703,92212000.0,0.3135811957382992,4981000.0,69570000.0,0.2365835659948106,3628000.0,127000000,0.43188318070060294,0.3089595846804701,0.30739589686988683,411057000.0,413148000.0,https://www.sec.gov/Archives/edgar/data/879101/000121390015005627/0001213900-15-005627-index.htm,https://www.sec.gov/Archives/edgar/data/879101/000121390015005627/f10q0615_kimcorealtycorp.htm,1620594138,17:02:18,20210509
20,2015-03-31,KIMPJ,USD,2015-05-07,2015-05-07 16:18:47,Q1,283456000.0,3554000.0,279902000.0,0.9874618988484986,0.0,32705000,0.0,156785000.0,189490000,193044000,52578000,74569000.0,168535000.0,0.5945719970648001,93966000.0,0.33150118536915785,7950000.0,41756000.0,0.14731034093474826,12717000.0,310342000,1.0948506999322647,0.7561331569342621,0.7470991535787538,410433000.0,415396000.0,https://www.sec.gov/Archives/edgar/data/879101/000139843215000220/0001398432-15-000220-index.htm,https://www.sec.gov/Archives/edgar/data/879101/000139843215000220/kim20150331_10q.htm,1620594138,17:02:18,20210509
21,2014-12-31,KIMPJ,USD,2015-02-27,2015-02-27 17:04:31,Q4,243761000.0,3888000.0,239873000.0,0.9840499505663334,0.0,27519000,0.0,126690000.0,154209000,158097000,48761000,73179000.0,162731000.0,0.6675842320961926,89552000.0,0.36737624148243564,8764000.0,36882000.0,0.15130394115547607,7787000.0,52781000,0.21652766439258125,0.12902113970588236,0.12840905220441906,409088000.0,411038000.0,https://www.sec.gov/Archives/edgar/data/879101/000139843215000073/0001398432-15-000073-index.htm,https://www.sec.gov/Archives/edgar/data/879101/000139843215000073/kim20141231_10k.htm,1620594138,17:02:18,20210509
22,2014-09-30,KIMPJ,USD,2014-11-03,2014-11-03 15:04:24,Q3,247977000.0,3559000.0,244418000.0,0.9856478625033773,0.0,28674000,0.0,84292000.0,112966000,116525000,51577000,70618000.0,205629000.0,0.8292260975816306,135011000.0,0.5444496868661206,8678000.0,82858000.0,0.3341358271129984,7112000.0,194708000,0.7851857228694596,0.47621237171899,0.4741077668177159,408868000.0,410683000.0,https://www.sec.gov/Archives/edgar/data/879101/000139843214000384/0001398432-14-000384-index.htm,https://www.sec.gov/Archives/edgar/data/879101/000139843214000384/kim20140930_10q.htm,1620594138,17:02:18,20210509
23,2014-06-30,KIMPJ,USD,2014-08-01,2014-08-01 12:46:57,Q2,255281000.0,3498000.0,251783000.0,0.9862974526110443,0.0,28789000,0.0,219335000.0,248124000,251622000,52785000,67630000.0,74787000.0,0.2929595230354002,7157000.0,0.028035772344984545,8526000.0,-45123000.0,-0.17675816061516525,191000.0,89512000,0.35064105828479203,0.21905069548448985,0.2184914152928369,408636000.0,409682000.0,https://www.sec.gov/Archives/edgar/data/879101/000139843214000289/0001398432-14-000289-index.htm,https://www.sec.gov/Archives/edgar/data/879101/000139843214000289/kim20140630_10q.htm,1620594138,17:02:18,20210509
24,2014-03-31,KIMPJ,USD,2014-05-08,2014-05-08 11:44:18,Q1,246878000.0,3305000.0,243573000.0,0.9866128209074928,0.0,37219000,0.0,131064000.0,168283000,171588000,50636000,61666000.0,140261000.0,0.5681389188182017,78595000.0,0.3183556250455691,9041000.0,27490000.0,0.11135054561362293,7730000.0,87000000,0.35240078095253524,0.21304365925748162,0.2124832699954084,408367000.0,409444000.0,https://www.sec.gov/Archives/edgar/data/879101/000139843214000193/0001398432-14-000193-index.htm,https://www.sec.gov/Archives/edgar/data/879101/000139843214000193/kim20140331_10q.htm,1620594138,17:02:18,20210509
25,2013-12-31,KIMPJ,USD,2014-02-26,2014-02-26 16:23:59,Q4,230130000.0,3323000.0,226807000.0,0.9855603354625646,0.0,31457000,0.0,107320000.0,138777000,142100000,51317000,66435000.0,157788000.0,0.6856472428627297,91353000.0,0.39696258636422893,9452000.0,51565000.0,0.2240690044757311,6410000.0,61609000,0.2677139008386564,0.1511391429994284,0.1507755485617233,407631000.0,408614000.0,https://www.sec.gov/Archives/edgar/data/879101/000139843214000081/0001398432-14-000081-index.htm,https://www.sec.gov/Archives/edgar/data/879101/000139843214000081/kim20131231_10k.htm,1620594138,17:02:18,20210509
26,2013-09-30,KIMPJ,USD,2013-11-01,2013-11-01 17:21:23,Q3,231730000.0,3319000.0,228411000.0,0.9856772968540974,0.0,30921000,0.0,195261000.0,226182000,229501000,53624000,64378000.0,69926000.0,0.30175635437793985,5548000.0,0.02394165623786303,9423000.0,-43064000.0,-0.18583696543391015,24173000.0,55763000,0.24063781124584646,0.13685548730056277,0.1365033903698808,407459000.0,408510000.0,https://www.sec.gov/Archives/edgar/data/879101/000139843213000713/0001398432-13-000713-index.htm,https://www.sec.gov/Archives/edgar/data/879101/000139843213000713/kim20130930_10q.htm,1620594138,17:02:18,20210509
27,2013-06-30,KIMPJ,USD,2013-08-02,2013-08-02 17:20:13,Q2,243635000.0,3380000.0,240255000.0,0.9861267880230673,0.0,31416000,0.0,160752000.0,192168000,195548000,55346000,64269000.0,115736000.0,0.47503847969298335,51467000.0,0.21124633160260226,9049000.0,2089000.0,0.008574301721837995,11196000.0,51139000,0.2099000554107579,0.12560112389906522,0.12529063143891042,407154000.0,408163000.0,https://www.sec.gov/Archives/edgar/data/879101/000139843213000558/0001398432-13-000558-index.htm,https://www.sec.gov/Archives/edgar/data/879101/000139843213000558/kim20130723_10q.htm,1620594138,17:02:18,20210509
28,2013-03-31,KIMPJ,USD,2013-05-06,2013-05-06 11:47:29,Q1,241178000.0,3325000.0,237853000.0,0.9862135020607187,0.0,34119000,0.0,129925000.0,164044000,167369000,53624000,62773000.0,139907000.0,0.5800985164484322,77134000.0,0.31982187430030934,8393000.0,24077000.0,0.09983083034107589,15133000.0,67770000,0.28099577905115725,0.16664945335438275,0.16623902900904172,406662000.0,407666000.0,https://www.sec.gov/Archives/edgar/data/879101/000139843213000343/0001398432-13-000343-index.htm,https://www.sec.gov/Archives/edgar/data/879101/000139843213000343/kim_10q-033113.htm,1620594138,17:02:18,20210509
29,2012-12-31,KIMPJ,USD,2013-02-27,2013-02-27 14:21:58,Q4,234749000.0,3304000.0,231445000.0,0.9859253926534298,0.0,29163000,0.0,150284000.0,179447000,182751000,55963000,64778000.0,120080000.0,0.5115250757191724,55302000.0,0.23557927829298528,10469000.0,178690000.0,0.7611960008349343,883000.0,88381000,0.37649148665170035,0.21768880065616247,0.21731839317021115,405997000.0,406689000.0,https://www.sec.gov/Archives/edgar/data/879101/000139843213000115/0001398432-13-000115-index.htm,https://www.sec.gov/Archives/edgar/data/879101/000139843213000115/kimco_10k-123112.htm,1620594138,17:02:18,20210509
30,2012-09-30,KIMPJ,USD,2012-11-06,2012-11-05 18:06:46,Q3,222366000.0,3256000.0,219110000.0,0.9853574737145067,0.0,29913000,0.0,116851000.0,146764000,150020000,56751000,66773000.0,142375000.0,0.640273243211642,75602000.0,0.33998902709946666,8918000.0,18995000.0,0.08542223181601503,5438000.0,54942000,0.24707913979655163,0.13536513255149304,0.1351088159350793,405880000.0,406650000.0,https://www.sec.gov/Archives/edgar/data/879101/000139843212000794/0001398432-12-000794-index.htm,https://www.sec.gov/Archives/edgar/data/879101/000139843212000794/kimco_10q-093012.htm,1620594138,17:02:18,20210509
31,2012-06-30,KIMPJ,USD,2012-08-03,2012-08-03 12:42:17,Q2,233833000.0,2932000.0,230901000.0,0.9874611367942079,0.0,30973000,0.0,143735000.0,174708000,177640000,57362000,66306000.0,125431000.0,0.5364127390060428,59125000.0,0.2528513939435409,8710000.0,5025000.0,0.02148969563748487,4049000.0,69112000,0.29556136216872725,0.1702618275702362,0.16988056348275804,405916000.0,406827000.0,https://www.sec.gov/Archives/edgar/data/879101/000139843212000588/0001398432-12-000588-index.htm,https://www.sec.gov/Archives/edgar/data/879101/000139843212000588/krc_10q-063012.htm,1620594138,17:02:18,20210509
32,2012-03-31,KIMPJ,USD,2012-05-10,2012-05-10 15:58:50,Q1,231356000.0,3269000.0,228087000.0,0.9858702605508394,0.0,34431000,0.0,129444000.0,163875000,167144000,57519000,64885000.0,132366000.0,0.5721312609139162,67481000.0,0.2916760317432874,9425000.0,9268000.0,0.04005947544044676,3433000.0,53638000,0.23184183682290496,0.13202485034656586,0.1316984180377579,406272000.0,407279000.0,https://www.sec.gov/Archives/edgar/data/879101/000143774912004817/0001437749-12-004817-index.htm,https://www.sec.gov/Archives/edgar/data/879101/000143774912004817/kimco_10q-033112.htm,1620594138,17:02:18,20210509
33,2011-12-31,KIMPJ,USD,2012-02-27,2012-02-27 16:59:45,Q4,108000000.0,3324000.0,104676000.0,0.9692222222222222,0.0,28692000,0.0,-4891000000.0,28692000,32016000,57279000,62327000.0,108724000.0,1.0067037037037037,46397000.0,0.42960185185185185,7273000000.0,46736000.0,0.43274074074074076,5338000.0,46397000,0.42960185185185185,0.11412933854820062,0.11381046878717783,406530000.0,407669000.0,https://www.sec.gov/Archives/edgar/data/879101/000139843212000184/0001398432-12-000184-index.htm,https://www.sec.gov/Archives/edgar/data/879101/000139843212000184/i11664.htm,1620594138,17:02:18,20210509
34,2011-09-30,KIMPJ,USD,2011-11-04,2011-11-04 16:46:01,Q3,214439000000.0,3461000.0,214435539000.0,0.999983860211995,0.0,30856000,0.0,-2748000000.0,30856000,34317000,56395000,60526000.0,115509000.0,0.0005386566809209146,54983000.0,0.0002564039190632301,1959000000.0,52426000.0,0.0002444797821291836,4417000.0,54983000,0.0002564039190632301,0.1352525453789595,0.13496536454370056,406521000.0,407386000.0,https://www.sec.gov/Archives/edgar/data/879101/000139843211000871/0001398432-11-000871-index.htm,https://www.sec.gov/Archives/edgar/data/879101/000139843211000871/i11582.htm,1620594138,17:02:18,20210509
35,2011-06-30,KIMPJ,USD,2011-08-05,2011-08-05 16:39:38,Q2,217017000.0,3805000.0,213212000.0,0.9824668113557924,0.0,29633000,0.0,742000.0,29633000,33438000,55804000,61954000.0,112238000.0,0.5171852896316879,50284000.0,0.2317053502720985,1940000.0,60204000.0,0.277416054963436,5563000.0,38708000,0.1783639069750296,0.09522263222632227,0.09499548435229906,406500000.0,407472000.0,https://www.sec.gov/Archives/edgar/data/879101/000139843211000642/0001398432-11-000642-index.htm,https://www.sec.gov/Archives/edgar/data/879101/000139843211000642/i11440.htm,1620594138,17:02:18,20210509
36,2011-03-31,KIMPJ,USD,2011-05-06,2011-05-06 17:28:40,Q1,224021000.0,3299000.0,220722000.0,0.9852737020190071,0.0,29756000,0.0,-305000.0,29756000,33055000,55557000,66332000.0,83719000.0,0.37371050035487746,17387000.0,0.07761325947121028,1829000.0,17387000.0,0.07761325947121028,4219000.0,28963000,0.1292869864878739,0.071260210609192,0.0710990988337126,406440000.0,407361000.0,https://www.sec.gov/Archives/edgar/data/879101/000139843211000418/0001398432-11-000418-index.htm,https://www.sec.gov/Archives/edgar/data/879101/000139843211000418/i11338.htm,1620594138,17:02:18,20210509
37,2010-12-31,KIMPJ,USD,2011-02-28,2011-02-28 15:35:01,Q4,2377000000.0,3301000.0,2373699000.0,0.9986112747160286,0.0,26166000,0.0,-4277000000.0,26166000,29467000,54781000,-150486000.0,-79633000.0,-0.03350147244425747,70853000.0,0.029807740849810686,9405000000.0,69873000.0,0.029395456457719814,9757000.0,37089000,0.015603281447202355,0.09139115928708538,0.09130701303049475,405827000.0,406201000.0,https://www.sec.gov/Archives/edgar/data/879101/000139843211000206/0001398432-11-000206-index.htm,https://www.sec.gov/Archives/edgar/data/879101/000139843211000206/i11038.htm,1620594138,17:02:18,20210509
38,2010-09-30,KIMPJ,USD,2010-11-08,2010-11-08 17:28:33,Q3,40000.0,11501000.0,-11461000.0,-286.525,0.0,88493000,0.0,-3910000.0,88493000,99994000,183214000,279644000.0,299124000.0,7478.1,19480000.0,487.0,2485000.0,19480000.0,487.0,-291000.0,30332000,758.3,0.07476294585528051,0.07469537722002778,405709000.0,406076000.0,https://www.sec.gov/Archives/edgar/data/879101/000139843210000687/0001398432-10-000687-index.htm,https://www.sec.gov/Archives/edgar/data/879101/000139843210000687/i11037.htm,1620594138,17:02:18,20210509
39,2010-06-30,KIMPJ,USD,2010-08-09,2010-08-09 16:51:04,Q2,2337000.0,4424000.0,-2087000.0,-0.8930252460419341,0.0,-54586000,0.0,-8417000.0,-54586000,-54586000,-70344000,56889000.0,77177000.0,33.023962344886606,20288000.0,8.681215233204963,5041000.0,20288000.0,8.681215233204963,-4136000.0,24611000,10.531022678647838,60.67277231994281,60.6374931936502,405635.0,405871.0,https://www.sec.gov/Archives/edgar/data/879101/000139843210000503/0001398432-10-000503-index.htm,https://www.sec.gov/Archives/edgar/data/879101/000139843210000503/i10983.htm,1620594138,17:02:18,20210509
40,2010-03-31,KIMPJ,USD,2010-05-07,2010-05-07 14:45:24,Q1,227004000.0,3698000.0,223306000.0,0.983709538157918,0.0,28184000,0.0,-3374000.0,28184000,31882000,58737000,61590000.0,93837000.0,0.41337157054501245,32247000.0,0.142054765554792,2670000.0,32247000.0,0.142054765554792,-1915000.0,50836000,0.2239431904283625,0.1253464311428036,0.12530039707872315,405564000.0,405713000.0,https://www.sec.gov/Archives/edgar/data/879101/000139843210000348/0001398432-10-000348-index.htm,https://www.sec.gov/Archives/edgar/data/879101/000139843210000348/i10884.htm,1620594138,17:02:18,20210509
41,2009-12-31,KIMPJ,USD,2010-03-01,2010-03-01 12:17:27,Q4,1797000000.0,0.0,1797000000.0,1.0,0.0,-26642000000,0.0,-1361000000.0,-26642000000,-26642000000,57856000000,59723000000.0,110628000000.0,61.56260434056761,50905000000.0,28.327768503060657,3337000000.0,-55338000000.0,-30.79465776293823,-3483000000.0,-4949000000,-2.7540345019476904,-14.13689,-14.13689,350077000.0,350077000.0,https://www.sec.gov/Archives/edgar/data/879101/000139843210000145/0001398432-10-000145-index.htm,https://www.sec.gov/Archives/edgar/data/879101/000139843210000145/i10784.htm,1620594138,17:02:18,20210509
42,2009-09-30,KIMPJ,USD,2009-11-04,2009-11-04 17:20:25,Q3,489000.0,0.0,489000.0,1.0,0.0,-26922000,0.0,4382000.0,-26922000,-26922000,54551000,56639000.0,99714000.0,203.91411042944785,43075000.0,88.0879345603272,3747000.0,12158000.0,24.862985685071575,1148000.0,11010000,22.515337423312882,0.03145,0.03145,350077000.0,350077000.0,https://www.sec.gov/Archives/edgar/data/879101/000139843209000460/0001398432-09-000460-index.htm,https://www.sec.gov/Archives/edgar/data/879101/000139843209000460/i10659.htm,1620594138,17:02:18,20210509
43,2009-06-30,KIMPJ,USD,2009-08-06,2009-08-06 16:10:13,Q2,1555000.0,0.0,1555000.0,1.0,0.0,-26604000,0.0,301000.0,-26604000,-26604000,50956000,55274000.0,-78021000.0,-50.17427652733119,-133295000.0,-85.72025723472669,3747000.0,-41110000.0,-26.437299035369776,682000.0,-41792000,-26.87588424437299,-0.11938,-0.11938,350077000.0,350077000.0,https://www.sec.gov/Archives/edgar/data/879101/000114544309001878/0001145443-09-001878-index.htm,https://www.sec.gov/Archives/edgar/data/879101/000114544309001878/i10578.htm,1620594138,17:02:18,20210509
44,2009-03-31,KIMPJ,USD,2009-05-05,2009-05-05 16:46:38,Q1,26000.0,0.0,26000.0,1.0,0.0,-29923000,0.0,-4215000.0,-29923000,-29923000,46516000,56140000.0,97541000.0,3751.576923076923,41401000.0,1592.3461538461538,4125000.0,43445000.0,1670.9615384615386,1653000.0,41792000,1607.3846153846155,0.15416680500068244,0.15412416377167557,271083000.0,271158000.0,https://www.sec.gov/Archives/edgar/data/879101/000139843209000164/0001398432-09-000164-index.htm,https://www.sec.gov/Archives/edgar/data/879101/000139843209000164/i10501.htm,1620594138,17:02:18,20210509
45,2008-12-31,KIMPJ,USD,2009-02-27,2009-02-27 17:10:33,Q4,7000.0,0.0,7000.0,1.0,0.0,-36437000,0.0,-339000.0,-36437000,-36437000,52255000,52915000.0,-9696000.0,-1385.142857142857,-62611000.0,-8944.42857142857,4732000.0,149410000.0,21344.285714285714,17065000.0,-51523000,-7360.428571428572,-0.19984795063050065,-0.19905116228756428,257811000.0,258843000.0,https://www.sec.gov/Archives/edgar/data/879101/000139843209000090/0001398432-09-000090-index.htm,https://www.sec.gov/Archives/edgar/data/879101/000139843209000090/i10418.htm,1620594138,17:02:18,20210509
46,2008-09-30,KIMPJ,USD,2008-11-10,2008-11-10 11:24:03,Q3,1775000.0,0.0,1775000.0,1.0,0.0,-81442000,0.0,-1869000.0,-81442000,-81442000,160336000,53020000.0,339035000.0,191.0056338028169,286015000.0,161.13521126760563,13601000.0,96950000.0,54.61971830985915,-20607000.0,301425000,169.81690140845072,1.185377881597886,1.17114649384558,254286000.0,257376000.0,https://www.sec.gov/Archives/edgar/data/879101/000139843208000327/0001398432-08-000327-index.htm,https://www.sec.gov/Archives/edgar/data/879101/000139843208000327/i10328.htm,1620594138,17:02:18,20210509
47,2008-06-30,KIMPJ,USD,2008-08-11,2008-08-11 10:42:36,Q2,183400000.0,0.0,183400000.0,1.0,0.0,-25690000,0.0,-4108000.0,-25690000,-25690000,53637000,51330000.0,144976000.0,0.7904907306434024,93646000.0,0.5106106870229008,4569000.0,30435000.0,0.16594874591057798,1138000.0,94374000,0.5145801526717557,0.3725250260523573,0.367944169363328,253336000.0,256490000.0,https://www.sec.gov/Archives/edgar/data/879101/000139843208000208/0001398432-08-000208-index.htm,https://www.sec.gov/Archives/edgar/data/879101/000139843208000208/i25043.htm,1620594138,17:02:18,20210509
48,2008-03-31,KIMPJ,USD,2008-05-08,2008-05-08 15:10:11,Q1,190538000.0,0.0,190538000.0,1.0,0.0,-24750000,0.0,3882000.0,-24750000,-24750000,53998000,49253000.0,143940000.0,0.7554398597655061,94687000.0,0.49694549118810943,3896000.0,50235000.0,0.26364819616034596,-9410000.0,98467000,0.516784053574615,0.38930226305884585,0.3847629690992357,252932000.0,255916000.0,https://www.sec.gov/Archives/edgar/data/879101/000139843208000160/0001398432-08-000160-index.htm,https://www.sec.gov/Archives/edgar/data/879101/000139843208000160/i25002.htm,1620594138,17:02:18,20210509
49,2007-12-31,KIMPJ,USD,2008-02-28,2008-02-28 17:17:11,Q4,2708000.0,0.0,2708000.0,1.0,0.0,-103882000,0.0,-10590000.0,-103882000,-103882000,213674000,53386000.0,412612000.0,152.36779911373708,359226000.0,132.6536189069424,14197000.0,487320000.0,179.95568685376662,44490000.0,442830000,163.52658788774002,1.7563628142736456,1.72268515276708,252129000.0,257058000.0,https://www.sec.gov/Archives/edgar/data/879101/000139843208000075/0001398432-08-000075-index.htm,https://www.sec.gov/Archives/edgar/data/879101/000139843208000075/kimco_10k.htm,1620594138,17:02:18,20210509
50,2007-09-30,KIMPJ,USD,2007-11-05,2007-11-05 14:47:46,Q3,376000.0,0.0,376000.0,1.0,0.0,-29534000,0.0,-1382000.0,-29534000,-29534000,58887000,48563000.0,294361000.0,782.875,245798000.0,653.718085106383,4085000.0,110744000.0,294.531914893617,32740000.0,78004000,207.45744680851064,0.30963183487148954,0.30341125675833364,251925000.0,257090000.0,https://www.sec.gov/Archives/edgar/data/879101/000139843207000137/0001398432-07-000137-index.htm,https://www.sec.gov/Archives/edgar/data/879101/000139843207000137/kimco10q_093007.htm,1620594138,17:02:18,20210509
51,2007-06-30,KIMPJ,USD,2007-08-08,2007-08-08 10:52:48,Q2,2332000.0,0.0,2332000.0,1.0,0.0,-47508000,0.0,-4572000.0,-47508000,-47508000,98930000,47103000.0,77825000.0,33.37264150943396,30722000.0,13.174099485420241,7724000.0,281787000.0,120.83490566037736,0.0,281787000,120.83490566037736,1.1194417629041677,1.0946500299119732,251721000.0,257422000.0,https://www.sec.gov/Archives/edgar/data/879101/000139843207000050/0001398432-07-000050-index.htm,https://www.sec.gov/Archives/edgar/data/879101/000139843207000050/kimco_10q063007.htm,1620594138,17:02:18,20210509
52,2007-03-31,KIMPJ,USD,2007-05-08,2007-05-08 16:37:50,Q1,158277000.0,0.0,158277000.0,1.0,0.0,-22698000,0.0,-3707000.0,-22698000,-22698000,46258000,42218000.0,142948000.0,0.9031508052338622,100730000.0,0.6364159037636549,3138000.0,183878000.0,1.161748074578113,30114000.0,153764000,0.9714866973723283,0.6117160304736141,0.5973226841528696,251365000.0,257422000.0,https://www.sec.gov/Archives/edgar/data/879101/000139843207000002/0001398432-07-000002-index.htm,https://www.sec.gov/Archives/edgar/data/879101/000139843207000002/e27213_10q.htm,1620594138,17:02:18,20210509
53,2006-12-31,KIMPJ,USD,2007-02-28,2007-02-28 16:19:10,Q4,147802000.0,0.0,147802000.0,1.0,0.0,-21760000,0.0,-8740000.0,-21760000,-21760000,45591000,42274000.0,122973000.0,0.8320117454432281,80699000.0,0.5459939648989864,3058000.0,128287000.0,0.867965250808514,-3612000.0,131899000,0.8924033504282757,0.5506069663371627,0.5392105962430759,239552000.0,244615000.0,https://www.sec.gov/Archives/edgar/data/879101/000095012307002925/0000950123-07-002925-index.htm,https://www.sec.gov/Archives/edgar/data/879101/000095012307002925/y30877e10vk.htm,1620594138,17:02:18,20210509
54,2006-09-30,KIMPJ,USD,2006-11-07,2006-11-07 17:03:14,Q3,446078000.0,0.0,446078000.0,1.0,0.0,-55923000,0.0,8740000.0,-55923000,-55923000,127297000,-5549000.0,256423000.0,0.5748389295145692,261972000.0,0.5872784580275199,15758000.0,295585000.0,0.6626307506758907,-775000.0,296360000,0.6643681149933419,1.2515784094700344,1.222682921797966,236789000.0,242385000.0,https://www.sec.gov/Archives/edgar/data/879101/000112528206006811/0001125282-06-006811-index.htm,https://www.sec.gov/Archives/edgar/data/879101/000112528206006811/b415534_10q.htm,1620594138,17:02:18,20210509
55,2005-12-31,KIMPJ,USD,2006-03-07,2006-03-07 15:26:56,Q4,5578000000.0,0.0,5578000000.0,1.0,0.0,-12192000000,0.0,-5021000000.0,-12192000000,-12192000000,19985000000,5170000000.0,54783000000.0,9.82126210111151,49613000000.0,8.89440659734672,2141000000.0,69980000000.0,12.545715310147006,3489000000.0,66491000000,11.920222301900322,0.2933758675614739,0.2880044007831315,226641000000.0,230868000000.0,https://www.sec.gov/Archives/edgar/data/879101/000112528206001456/0001125282-06-001456-index.htm,https://www.sec.gov/Archives/edgar/data/879101/000112528206001456/b412114_10k.htm,1620594138,17:02:18,20210509
56,2004-12-31,KIMPJ,USD,2005-03-07,2005-03-07 15:28:38,Q4,124748000000.0,0.0,124748000000.0,1.0,0.0,-12951000000,0.0,-2802000000.0,-12951000000,-12951000000,26279000000,25264000000.0,102882000000.0,0.8247186327636515,77618000000.0,0.6221983518773848,15808000000.0,77283000000.0,0.6195129380831756,1476000000.0,75807000000,0.6076810850674961,0.3344805220591155,0.3344805220591155,226641000000.0,226641000000.0,https://www.sec.gov/Archives/edgar/data/879101/000112528205001161/0001125282-05-001161-index.htm,https://www.sec.gov/Archives/edgar/data/879101/000112528205001161/b405066_10k.htm,1620594138,17:02:18,20210509
57,2004-09-30,KIMPJ,USD,2004-11-05,2004-11-05 16:11:31,Q3,121841000.0,0.0,121841000.0,1.0,0.0,-11034000,0.0,4921000.0,-11034000,-11034000,25623000,24395000.0,94637000.0,0.7767254044205153,70242000.0,0.576505445621753,-3192000.0,78535000.0,0.6445695619701086,24000.0,78511000,0.6443725839413662,0.00034641128480725024,0.00034641128480725024,226641000000.0,226641000000.0,https://www.sec.gov/Archives/edgar/data/879101/000112528204005560/0001125282-04-005560-index.htm,https://www.sec.gov/Archives/edgar/data/879101/000112528204005560/b401977_10q.htm,1620594138,17:02:18,20210509
