,date,symbol,reportedCurrency,fillingDate,acceptedDate,period,revenue,costOfRevenue,grossProfit,grossProfitRatio,researchAndDevelopmentExpenses,generalAndAdministrativeExpenses,sellingAndMarketingExpenses,otherExpenses,operatingExpenses,costAndExpenses,interestExpense,depreciationAndAmortization,ebitda,ebitdaratio,operatingIncome,operatingIncomeRatio,totalOtherIncomeExpensesNet,incomeBeforeTax,incomeBeforeTaxRatio,incomeTaxExpense,netIncome,netIncomeRatio,eps,epsdiluted,weightedAverageShsOut,weightedAverageShsOutDil,link,finalLink,timestamp,est_time,est_date
0,2020-12-31,CECE,USD,2021-03-03,2021-03-03 07:08:40,Q4,82930000.0,56707000.0,26223000.0,0.3162064391655613,0.0,17552000.0,57937000.0,976000.0,20805000.0,77512000.0,796000.0,2697000.0,8115000.0,0.09785361147956108,5418000.0,0.06533220788616906,-747000.0,3875000.0,0.04672615458820692,2123000.0,1780000.0,0.021463885204389244,0.05034091404337006,0.05034091404337006,35358913.0,35358913.0,https://www.sec.gov/Archives/edgar/data/3197/000156459021010416/0001564590-21-010416-index.htm,https://www.sec.gov/Archives/edgar/data/3197/000156459021010416/cece-10k_20201231.htm,1620590104,15:55:04,20210509
1,2020-09-30,CECE,USD,2020-11-04,2020-11-04 07:32:08,Q3,77425000.0,52615000.0,24810000.0,0.32043913464643203,0.0,0.0,18989000.0,-290000.0,21039000.0,73654000.0,772000.0,2576000.0,6347000.0,0.08197610590894414,3771000.0,0.04870519857927026,-3043000.0,-44000.0,-0.0005682918953826283,206000.0,-239000.0,-0.0030868582499192767,-0.01,-0.01,35358913.0,35358913.0,https://www.sec.gov/Archives/edgar/data/3197/000156459020050183/0001564590-20-050183-index.htm,https://www.sec.gov/Archives/edgar/data/3197/000156459020050183/cece-10q_20200930.htm,1620590104,15:55:04,20210509
2,2020-06-30,CECE,USD,2020-08-05,2020-08-05 07:05:46,Q2,75170000.0,49354000.0,25816000.0,0.34343488093654384,0.0,18407000.0,0.0,371000.0,20192000.0,69546000.0,944000.0,2452000.0,8076000.0,0.10743647731807902,5624000.0,0.0748170812824265,-858000.0,3822000.0,0.050844751895703075,564000.0,3258000.0,0.043341758680324596,0.09235811965785314,0.09200743447181378,35275729.0,35410182.0,https://www.sec.gov/Archives/edgar/data/3197/000156459020036424/0001564590-20-036424-index.htm,https://www.sec.gov/Archives/edgar/data/3197/000156459020036424/cece-10q_20200630.htm,1620590104,15:55:04,20210509
3,2020-03-31,CECE,USD,2020-05-06 00:00:00,2020-05-06 07:33:11,Q1,80486000.0,52207000.0,28279000.0,0.3513530303406804,0.0,21953000.0,0.0,975000.0,23666000.0,75873000.0,1023000.0,2196000.0,6809000.0,0.08459856372536839,4613000.0,0.0573143155331362,601000.0,4191000.0,0.052071167656486846,779000.0,3412000.0,0.04239246577044455,0.09705485451059165,0.0963981639709602,35155377.0,35394865.0,https://www.sec.gov/Archives/edgar/data/3197/000156459020021542/0001564590-20-021542-index.html,https://www.sec.gov/Archives/edgar/data/3197/000156459020021542/cece-10q_20200331.htm,1620590104,15:55:04,20210509
4,2019-12-31,CECE,USD,2020-03-04 00:00:00,2020-03-04 09:32:40,Q4,89413000.0,59370000.0,30043000.0,0.33600259470099425,0.0,20405000.0,0.0,656000.0,22424000.0,81794000.0,1078000.0,2456000.0,10075000.0,0.11267936429825641,7619000.0,0.08521132273830427,62000.0,6603000.0,0.07384832183239573,-1794000.0,8397000.0,0.09391251831389172,0.2391087215995391,0.2375190284648608,35117916.0,35352957.0,https://www.sec.gov/Archives/edgar/data/3197/000156459020008551/0001564590-20-008551-index.html,https://www.sec.gov/Archives/edgar/data/3197/000156459020008551/cece-10k_20191231.htm,1620590104,15:55:04,20210509
5,2019-09-30,CECE,USD,2019-11-06 00:00:00,2019-11-06 07:01:30,Q3,85266000.0,56489000.0,28777000.0,0.33749677479886475,0.0,21823000.0,0.0,-73000.0,23989000.0,80478000.0,1316000.0,2633000.0,7421000.0,0.08703351863579856,4788000.0,0.05615368376609669,-802000.0,2670000.0,0.0313137710224474,739000.0,1931000.0,0.02264677597166514,0.06,0.05,35070449.0,35624590.0,https://www.sec.gov/Archives/edgar/data/3197/000156459019040655/0001564590-19-040655-index.html,https://www.sec.gov/Archives/edgar/data/3197/000156459019040655/cece-10q_20190930.htm,1620590104,15:55:04,20210509
6,2019-06-30,CECE,USD,2019-08-06,2019-08-06 07:02:31,Q2,81179000.0,54333000.0,26846000.0,0.3307012897424211,0.0,22426000.0,0.0,808000.0,24579000.0,78912000.0,1460000.0,2749000.0,5016000.0,0.06178937902659555,2267000.0,0.02792594143805664,559000.0,1366000.0,0.01682701191194767,-4149000.0,5515000.0,0.06793628894172138,0.16,0.15,34923587.0,35582727.0,https://www.sec.gov/Archives/edgar/data/3197/000156459019028981/cece-10q_20190630.htm,https://www.sec.gov/Archives/edgar/data/3197/000156459019028981/cece-10q_20190630.htm,1620590104,15:55:04,20210509
7,2019-03-31,CECE,USD,2019-05-08 00:00:00,2019-05-08 07:10:58,Q1,86011000.0,57579000.0,28432000.0,0.3305623699294276,0.0,21312000.0,0.0,-640000.0,23472000.0,81051000.0,1544000.0,2771000.0,7731000.0,0.08988385206543349,4960000.0,0.05766704258757601,-710000.0,2706000.0,0.0314610921858832,842000.0,1864000.0,0.021671646649847113,0.053508556632520514,0.052714869512881235,34835550.0,35360042.0,https://www.sec.gov/Archives/edgar/data/3197/000156459019016822/0001564590-19-016822-index.html,https://www.sec.gov/Archives/edgar/data/3197/000156459019016822/cece-10q_20190331.htm,1620590104,15:55:04,20210509
8,2018-12-31,CECE,USD,2019-03-07 00:00:00,2019-03-07 07:05:01,Q4,93854000.0,64077000.0,29777000.0,0.31726937583906917,0.0,21315000.0,0.0,-246000.0,23604000.0,87681000.0,1698000.0,3175000.0,9348000.0,0.09960150872631961,6173000.0,0.06577236985104525,-689000.0,3786000.0,0.040339250324972833,2854000.0,932000.0,0.009930317301340379,0.026771828246427442,0.02640360367261662,34812714.0,35298212.0,https://www.sec.gov/Archives/edgar/data/3197/000156459019006619/0001564590-19-006619-index.html,https://www.sec.gov/Archives/edgar/data/3197/000156459019006619/cece-10k_20181231.htm,1620590104,15:55:04,20210509
9,2018-09-30,CECE,USD,2018-11-07 00:00:00,2018-11-07 07:35:16,Q3,88256000.0,59582000.0,28674000.0,0.324895757795504,0.0,22216000.0,0.0,592000.0,24214000.0,83796000.0,1729000.0,3141000.0,7601000.0,0.08612445612762872,4460000.0,0.050534807831762146,-14309000.0,-11578000.0,-0.13118654822335024,1337000.0,-12915000.0,-0.14633565989847716,-0.37,-0.37,34779125.0,34779125.0,https://www.sec.gov/Archives/edgar/data/3197/000156459018027721/0001564590-18-027721-index.html,https://www.sec.gov/Archives/edgar/data/3197/000156459018027721/cece-10q_20180930.htm,1620590104,15:55:04,20210509
10,2018-06-30,CECE,USD,2018-08-08 00:00:00,2018-08-08 07:32:34,Q2,81089000.0,53937000.0,27152000.0,0.3348419637682053,0.0,21967000.0,0.0,-373000.0,24460000.0,78397000.0,1793000.0,3459000.0,6151000.0,0.07585492483567438,2692000.0,0.03319809098644699,-484000.0,415000.0,0.005117833491595654,1316000.0,-901000.0,-0.011111248134765505,-0.03,-0.03,34669810.0,34669810.0,https://www.sec.gov/Archives/edgar/data/3197/000156459018020187/0001564590-18-020187-index.html,https://www.sec.gov/Archives/edgar/data/3197/000156459018020187/cece-10q_20180630.htm,1620590104,15:55:04,20210509
11,2018-03-31,CECE,USD,2018-05-10 00:00:00,2018-05-10 07:31:27,Q1,74139000.0,48578000.0,25561000.0,0.3447713079485831,0.0,21573000.0,0.0,-356000.0,24476000.0,73054000.0,1920000.0,3497000.0,4582000.0,0.06180282981966306,1085000.0,0.014634672709370238,10709000.0,9874000.0,0.13318226574407532,4111000.0,5763000.0,0.07773236757981629,0.16659534643665622,0.1663616846783573,34592803.0,34641390.0,https://www.sec.gov/Archives/edgar/data/3197/000156459018012708/0001564590-18-012708-index.html,https://www.sec.gov/Archives/edgar/data/3197/000156459018012708/cece-10q_20180331.htm,1620590104,15:55:04,20210509
12,2017-12-31,CECE,USD,2018-03-09 00:00:00,2018-03-09 15:04:29,Q4,73543000.0,47897000.0,25646000.0,0.34872115633031014,0.0,22285000.0,0.0,-35000.0,24794000.0,72691000.0,1770000.0,3983000.0,4835000.0,0.06574385053642087,852000.0,0.011585059081081817,-9098000.0,-10016000.0,-0.13619243163863318,1573000.0,-11589000.0,-0.15758127897964455,-0.34,-0.34,34568508.0,34568508.0,https://www.sec.gov/Archives/edgar/data/3197/000156459018005085/0001564590-18-005085-index.html,https://www.sec.gov/Archives/edgar/data/3197/000156459018005085/cece-10k_20171231.htm,1620590104,15:55:04,20210509
13,2017-09-30,CECE,USD,2017-11-08 00:00:00,2017-11-08 07:01:33,Q3,84987000.0,57854000.0,27133000.0,0.31926059279654534,0.0,21958000.0,0.0,-110000.0,21503000.0,79357000.0,1595000.0,3937000.0,9567000.0,0.11257015778883829,5630000.0,0.06624542577100027,-110000.0,3925000.0,0.04618353395225152,889000.0,3036000.0,0.03572311059338487,0.08795252603073205,0.08769020448714474,34518622.0,34621883.0,https://www.sec.gov/Archives/edgar/data/3197/000156459017022478/0001564590-17-022478-index.html,https://www.sec.gov/Archives/edgar/data/3197/000156459017022478/cece-10q_20170930.htm,1620590104,15:55:04,20210509
14,2017-06-30,CECE,USD,2017-08-09 00:00:00,2017-08-09 07:17:11,Q2,93870000.0,65384000.0,28486000.0,0.30346223500585917,0.0,21476000.0,0.0,360000.0,19231000.0,84615000.0,1645000.0,4030000.0,13285000.0,0.14152551400873548,9255000.0,0.09859379993608182,360000.0,7970000.0,0.08490465537445403,2484000.0,5486000.0,0.05844252689890274,0.15913586036979854,0.15761284401603273,34473688.0,34806808.0,https://www.sec.gov/Archives/edgar/data/3197/000156459017016752/0001564590-17-016752-index.html,https://www.sec.gov/Archives/edgar/data/3197/000156459017016752/cece-10q_20170630.htm,1620590104,15:55:04,20210509
15,2017-03-31,CECE,USD,2017-05-10 00:00:00,2017-05-10 07:31:38,Q1,92651000.0,60722000.0,31929000.0,0.34461581634305083,0.0,23256000.0,0.0,-109000.0,30579000.0,91301000.0,1711000.0,4138000.0,5488000.0,0.05923303580101672,1350000.0,0.014570808733850686,-109000.0,-470000.0,-0.00507280007771098,-508000.0,38000.0,0.00041014128287876006,0.001111,0.001099,34215519.0,34563139.0,https://www.sec.gov/Archives/edgar/data/3197/000156459017010062/0001564590-17-010062-index.html,https://www.sec.gov/Archives/edgar/data/3197/000156459017010062/cece-10q_20170331.htm,1620590104,15:55:04,20210509
16,2016-12-31,CECE,USD,2017-03-14 00:00:00,2017-03-14 15:24:28,Q4,99982000.0,64315000.0,35667000.0,0.35673421215818846,0.0,21118000.0,0.0,-85000.0,28173000.0,92488000.0,1717000.0,3886000.0,11380000.0,0.1138204876877838,7494000.0,0.07495349162849313,-58008000.0,-52231000.0,-0.5224040327258906,-1059000.0,-51172000.0,-0.5118121261827129,-1.49,-1.49,34280940.0,34280940.0,https://www.sec.gov/Archives/edgar/data/3197/000156459017004264/0001564590-17-004264-index.html,https://www.sec.gov/Archives/edgar/data/3197/000156459017004264/cece-10k_20161231.htm,1620590104,15:55:04,20210509
17,2016-09-30,CECE,USD,2016-11-08 00:00:00,2016-11-08 08:02:06,Q3,101596000.0,67920000.0,33676000.0,0.3314697429032639,0.0,19549000.0,0.0,14000.0,23014000.0,90934000.0,1913000.0,4689000.0,15351000.0,0.1510984684436395,10662000.0,0.10494507657781803,-149000.0,8600000.0,0.08464900192920981,2774000.0,5804000.0,0.05712823339501555,0.17078771980973942,0.16894346905270888,33983708.0,34354687.0,https://www.sec.gov/Archives/edgar/data/3197/000156459016028116/0001564590-16-028116-index.html,https://www.sec.gov/Archives/edgar/data/3197/000156459016028116/cece-10q_20160930.htm,1620590104,15:55:04,20210509
18,2016-06-30,CECE,USD,2016-08-09,2016-08-09 08:35:11,Q2,112258000.0,78328000.0,33930000.0,0.30225017370699636,0.0,20131000.0,0.0,-399000.0,25045000.0,103373000.0,1980000.0,5133000.0,14018000.0,0.12487306027187373,8885000.0,0.07914803399312298,-723000.0,6182000.0,0.0550695718790643,2145000.0,4050000.0,0.03607760694115342,0.11930672365266401,0.11855436389392598,33946117.0,34161543.0,https://www.sec.gov/Archives/edgar/data/3197/000156459016023501/cece-10q_20160630.htm,https://www.sec.gov/Archives/edgar/data/3197/000156459016023501/cece-10q_20160630.htm,1620590104,15:55:04,20210509
19,2016-03-31,CECE,USD,2016-05-10 00:00:00,2016-05-10 07:04:26,Q1,103175000.0,71589000.0,31586000.0,0.3061400533074873,0.0,20945000.0,0.0,780000.0,25742000.0,97331000.0,2102000.0,5195000.0,11039000.0,0.1069929731039496,5844000.0,0.05664162830142961,743000.0,4485000.0,0.04346983280833535,1430000.0,3100000.0,0.030046038284468137,0.09136981987648451,0.09086503335889864,33928052.0,34116534.0,https://www.sec.gov/Archives/edgar/data/3197/000156459016018747/0001564590-16-018747-index.html,https://www.sec.gov/Archives/edgar/data/3197/000156459016018747/cece-10q_20160331.htm,1620590104,15:55:04,20210509
20,2015-12-31,CECE,USD,2016-03-23 00:00:00,2016-03-22 21:23:57,Q4,101246000.0,70473000.0,30773000.0,0.30394287181715823,0.0,21171000.0,0.0,-625000.0,26795000.0,97268000.0,2119000.0,5303000.0,9281000.0,0.09166781897556446,3978000.0,0.03929044110384608,-4927000.0,-3068000.0,-0.03030243170100547,143000.0,-3079000.0,-0.030411077968512338,-0.09,-0.09,33912163.0,33912163.0,https://www.sec.gov/Archives/edgar/data/3197/000156459016015157/0001564590-16-015157-index.html,https://www.sec.gov/Archives/edgar/data/3197/000156459016015157/cece-10k_20151231.htm,1620590104,15:55:04,20210509
21,2015-09-30,CECE,USD,2015-11-09 00:00:00,2015-11-09 16:07:34,Q3,98230000.0,67435000.0,30795000.0,0.3134989310801181,0.0,18054000.0,0.0,-282000.0,27304000.0,94739000.0,1711000.0,4274000.0,7765000.0,0.07904917031456785,3491000.0,0.035539041026163086,-5967000.0,-4187000.0,-0.042624452814822356,638000.0,-4825000.0,-0.04911941362109335,-0.16860260310538389,-0.16689764840002747,28617589.0,28909934.0,https://www.sec.gov/Archives/edgar/data/3197/000119312515371925/0001193125-15-371925-index.html,https://www.sec.gov/Archives/edgar/data/3197/000119312515371925/d82975d10q.htm,1620590104,15:55:04,20210509
22,2015-06-30,CECE,USD,2015-08-07 00:00:00,2015-08-07 12:15:31,Q2,86961000.0,60333000.0,26628000.0,0.30620623037913547,0.0,14443000.0,0.0,562000.0,21178000.0,81511000.0,1174000.0,3491000.0,8941000.0,0.10281620496544427,5450000.0,0.06267177240372121,-400000.0,3876000.0,0.044571704557215305,1772000.0,2104000.0,0.024194753970170537,0.08005013329831014,0.07901738724277052,26283529.0,26627051.0,https://www.sec.gov/Archives/edgar/data/3197/000119312515282619/0001193125-15-282619-index.html,https://www.sec.gov/Archives/edgar/data/3197/000119312515282619/d65390d10q.htm,1620590104,15:55:04,20210509
23,2015-03-31,CECE,USD,2015-05-07 00:00:00,2015-05-07 16:49:57,Q1,80985000.0,60010000.0,20975000.0,0.25899857998394765,0.0,13661000.0,0.0,-1736000.0,17665000.0,77675000.0,960000.0,3452000.0,6762000.0,0.08349694387849602,3310000.0,0.040871766376489475,-2067000.0,283000.0,0.0034944742853614866,85000.0,198000.0,0.002444897203185775,0.007536737025278825,0.007426690964699025,26271316.0,26660595.0,https://www.sec.gov/Archives/edgar/data/3197/000119312515177283/0001193125-15-177283-index.html,https://www.sec.gov/Archives/edgar/data/3197/000119312515177283/d911314d10q.htm,1620590104,15:55:04,20210509
24,2014-12-31,CECE,USD,2015-03-18,2015-03-17 21:10:22,Q4,76106000.0,53519000.0,22587000.0,0.2967834336320395,0.0,15038000.0,0.0,-625000.0,17901000.0,71420000.0,883000.0,3165000.0,7851000.0,0.10315875226657556,4686000.0,0.061572017974929706,-1573000.0,2230000.0,0.029301237747352375,370000.0,1860000.0,0.024439597403621265,0.07137969388165884,0.0702735803376638,26057831.0,26467984.0,https://www.sec.gov/Archives/edgar/data/3197/000119312515095828/d864880d10k.htm,https://www.sec.gov/Archives/edgar/data/3197/000119312515095828/d864880d10k.htm,1620590104,15:55:04,20210509
25,2014-09-30,CECE,USD,2014-11-06 00:00:00,2014-11-06 17:01:29,Q3,63300000.0,42242000.0,21058000.0,0.3326698262243286,0.0,13038000.0,0.0,-1459000.0,15732000.0,57974000.0,767000.0,2714000.0,8040000.0,0.12701421800947868,5326000.0,0.0841390205371248,-1540000.0,3019000.0,0.047693522906793046,-684000.0,3703000.0,0.05849921011058452,0.144131119383849,0.14171761210071696,25691884.0,26129427.0,https://www.sec.gov/Archives/edgar/data/3197/000119312514401222/0001193125-14-401222-index.html,https://www.sec.gov/Archives/edgar/data/3197/000119312514401222/d799504d10q.htm,1620590104,15:55:04,20210509
26,2014-06-30,CECE,USD,2014-08-07 00:00:00,2014-08-07 12:41:26,Q2,66641000.0,45192000.0,21449000.0,0.32185891568253777,0.0,11685000.0,0.0,-121000.0,14091000.0,59283000.0,746000.0,2619000.0,9977000.0,0.14971263936615598,7358000.0,0.11041250881589412,-291000.0,6321000.0,0.09485151783436623,1828000.0,4493000.0,0.06742095706847136,0.18,0.17,25643508.0,26107648.0,https://www.sec.gov/Archives/edgar/data/3197/000119312514300176/0001193125-14-300176-index.html,https://www.sec.gov/Archives/edgar/data/3197/000119312514300176/d756796d10q.htm,1620590104,15:55:04,20210509
27,2014-03-31,CECE,USD,2014-05-08 00:00:00,2014-05-08 16:05:05,Q1,57170000.0,37441000.0,19729000.0,0.3450935805492391,0.0,11679000.0,0.0,-106000.0,14167000.0,51608000.0,742000.0,2770000.0,8332000.0,0.14574077313276193,5562000.0,0.09728878782578275,-176000.0,4644000.0,0.08123141507783803,1623000.0,3021000.0,0.05284239986006647,0.11797853907499202,0.11567837536556817,25606352.0,26115512.0,https://www.sec.gov/Archives/edgar/data/3197/000119312514189926/0001193125-14-189926-index.html,https://www.sec.gov/Archives/edgar/data/3197/000119312514189926/d708846d10q.htm,1620590104,15:55:04,20210509
28,2013-12-31,CECE,USD,2014-03-14,2014-03-13 21:32:32,Q4,68727000.0,47207000.0,21520000.0,0.3131229356730252,0.0,13060000.0,0.0,818000.0,17231000.0,64438000.0,792000.0,3446000.0,7735000.0,0.11254674291035546,4289000.0,0.06240633230026045,212000.0,3709000.0,0.053967145372269994,942000.0,2767000.0,0.04026074177543033,0.10815908853354961,0.10600913977318488,25582686.0,26101523.0,https://www.sec.gov/Archives/edgar/data/3197/000119312514098407/d661608d10k.htm,https://www.sec.gov/Archives/edgar/data/3197/000119312514098407/d661608d10k.htm,1620590104,15:55:04,20210509
29,2013-09-30,CECE,USD,2013-11-08 00:00:00,2013-11-08 14:16:02,Q3,49796000.0,35242000.0,14554000.0,0.2922724716844726,0.0,9346000.0,0.0,92000.0,13863000.0,49105000.0,456000.0,1888000.0,2579000.0,0.05179130853883846,691000.0,0.0138766165957105,-3955000.0,-3720000.0,-0.07470479556590891,-2259000.0,-1461000.0,-0.029339706000481965,-0.07,-0.07,19965010.0,19965010.0,https://www.sec.gov/Archives/edgar/data/3197/000119312513434882/0001193125-13-434882-index.html,https://www.sec.gov/Archives/edgar/data/3197/000119312513434882/d613456d10q.htm,1620590104,15:55:04,20210509
30,2013-06-30,CECE,USD,2013-08-09 00:00:00,2013-08-09 11:40:30,Q2,44433000.0,30136000.0,14297000.0,0.32176535457880406,0.0,8100000.0,0.0,-59000.0,8691000.0,38827000.0,154000.0,899000.0,6505000.0,0.14640019805099813,5606000.0,0.126167488128193,-2358000.0,3094000.0,0.0696329304795985,51000.0,3043000.0,0.06848513492224248,0.17143167475957877,0.16578140955711576,17750512.0,18355496.0,https://www.sec.gov/Archives/edgar/data/3197/000119312513328538/0001193125-13-328538-index.html,https://www.sec.gov/Archives/edgar/data/3197/000119312513328538/d562712d10q.htm,1620590104,15:55:04,20210509
31,2013-03-31,CECE,USD,2013-05-10 00:00:00,2013-05-10 13:19:58,Q1,34361000.0,23177000.0,11184000.0,0.32548528855388376,0.0,6592000.0,0.0,131000.0,6751000.0,29928000.0,97000.0,414000.0,4847000.0,0.14106108669712755,4433000.0,0.12901254329035824,-964000.0,3372000.0,0.0981345129652804,1164000.0,2208000.0,0.06425889816943628,0.13,0.12,17078192.0,17774051.0,https://www.sec.gov/Archives/edgar/data/3197/000119312513213336/0001193125-13-213336-index.html,https://www.sec.gov/Archives/edgar/data/3197/000119312513213336/d514829d10q.htm,1620590104,15:55:04,20210509
32,2012-12-31,CECE,USD,2013-03-15 00:00:00,2013-03-15 10:54:12,Q4,34332000.0,23148000.0,11184000.0,0.32576022369800767,0.0,6705000.0,0.0,-19000.0,6784000.0,29932000.0,340000.0,340000.0,4740000.0,0.13806361412093673,4400000.0,0.12816031690551088,-19000.0,4041000.0,0.11770360013981125,989000.0,3052000.0,0.08889665618082256,0.2,0.18,15473944.0,17363121.0,https://www.sec.gov/Archives/edgar/data/3197/000119312513109153/0001193125-13-109153-index.html,https://www.sec.gov/Archives/edgar/data/3197/000119312513109153/d444138d10k.htm,1620590104,15:55:04,20210509
33,2012-09-30,CECE,USD,2012-11-08 00:00:00,2012-11-08 10:42:11,Q3,33102000.0,22574000.0,10528000.0,0.318047247900429,0.0,6197000.0,0.0,0.0,6277000.0,28851000.0,291000.0,300000.0,4551000.0,0.137484139931122,4251000.0,0.12842124342940003,-69000.0,3891000.0,0.1175457676273337,623000.0,3268000.0,0.09872515255875777,0.22,0.19,14630264.0,17258552.0,https://www.sec.gov/Archives/edgar/data/3197/000119312512459435/0001193125-12-459435-index.html,https://www.sec.gov/Archives/edgar/data/3197/000119312512459435/d398878d10q.htm,1620590104,15:55:04,20210509
34,2012-06-30,CECE,USD,2012-08-10 00:00:00,2012-08-10 11:03:38,Q2,34592000.0,24045000.0,10547000.0,0.3048970860314524,0.0,6186000.0,0.0,0.0,6262000.0,30307000.0,266000.0,292000.0,4577000.0,0.13231382978723405,4285000.0,0.12387257169287696,1000.0,4020000.0,0.1162118408880666,1535000.0,2485000.0,0.07183741905642924,0.17,0.15,14615913.0,17211339.0,https://www.sec.gov/Archives/edgar/data/3197/000119312512349129/0001193125-12-349129-index.html,https://www.sec.gov/Archives/edgar/data/3197/000119312512349129/d352559d10q.htm,1620590104,15:55:04,20210509
35,2012-03-31,CECE,USD,2012-05-11,2012-05-11 09:53:28,Q1,33026000.0,22842000.0,10184000.0,0.30836310785441773,0.0,6341000.0,0.0,0.0,6437000.0,29279000.0,271000.0,318000.0,4065000.0,0.12308484224550355,3747000.0,0.11345606491854902,-65000.0,3411000.0,0.10328226245988009,1366000.0,2045000.0,0.06192091079755344,0.14,0.12,14527371.0,17128134.0,https://www.sec.gov/Archives/edgar/data/3197/000119312512119293/d293768d10k.htm,https://www.sec.gov/Archives/edgar/data/3197/000119312512119293/d293768d10k.htm,1620590104,15:55:04,20210509
36,2011-12-31,CECE,USD,2012-03-16 00:00:00,2012-03-16 13:51:19,Q4,37752000.0,26453000.0,11299000.0,0.29929540156812884,0.0,7401000.0,0.0,0.0,7501000.0,33954000.0,267000.0,313000.0,4111000.0,0.10889489298580207,3798000.0,0.10060394151303242,56000.0,3587000.0,0.09501483365119728,805000.0,2742000.0,0.07263191354100446,0.18874715872541564,0.18874715872541564,14527371.0,14527371.0,https://www.sec.gov/Archives/edgar/data/3197/000119312512119293/0001193125-12-119293-index.html,https://www.sec.gov/Archives/edgar/data/3197/000119312512119293/d293768d10k.htm,1620590104,15:55:04,20210509
37,2011-09-30,CECE,USD,2011-11-10 00:00:00,2011-11-10 12:18:44,Q3,32947000.0,23249000.0,9698000.0,0.29435153428233224,0.0,6270000.0,0.0,0.0,6388000.0,29637000.0,296000.0,340000.0,3650000.0,0.11078398640240386,3310000.0,0.1004643821895772,103000.0,3117000.0,0.09460648920994325,798000.0,2319000.0,0.07038577108689714,0.16,0.14,14371752.0,17157305.0,https://www.sec.gov/Archives/edgar/data/3197/000119312511306196/0001193125-11-306196-index.html,https://www.sec.gov/Archives/edgar/data/3197/000119312511306196/d246003d10q.htm,1620590104,15:55:04,20210509
38,2011-06-30,CECE,USD,2011-08-12 00:00:00,2011-08-12 14:39:47,Q2,32537000.0,23839000.0,8698000.0,0.2673264283738513,0.0,5741000.0,0.0,0.0,5853000.0,29692000.0,402000.0,369000.0,3214000.0,0.09877985063158866,2845000.0,0.0874389156959769,360000.0,2921000.0,0.08977471801333867,968000.0,1953000.0,0.06002397270799398,0.14,0.12,14334116.0,17141633.0,https://www.sec.gov/Archives/edgar/data/3197/000119312511221138/0001193125-11-221138-index.html,https://www.sec.gov/Archives/edgar/data/3197/000119312511221138/d10q.htm,1620590104,15:55:04,20210509
39,2011-03-31,CECE,USD,2011-05-11 00:00:00,2011-05-11 11:53:31,Q1,35956000.0,27483000.0,8473000.0,0.23564912671042385,0.0,5947000.0,0.0,0.0,6058000.0,33541000.0,290000.0,377000.0,2792000.0,0.07765046167538102,2415000.0,0.0671654244076093,-27000.0,2098000.0,0.05834909333629992,840000.0,1258000.0,0.03498720658582712,0.09,0.08,14313851.0,17093235.0,https://www.sec.gov/Archives/edgar/data/3197/000119312511135502/0001193125-11-135502-index.html,https://www.sec.gov/Archives/edgar/data/3197/000119312511135502/d10q.htm,1620590104,15:55:04,20210509
40,2010-12-31,CECE,USD,2011-03-15,2011-03-15 17:27:56,Q4,36945000.0,28436000.0,8509000.0,0.23031533360400597,0.0,6726000.0,0.0,0.0,6453000.0,34889000.0,283000.0,436000.0,2492000.0,0.06745161726891324,2056000.0,0.055650290973068076,-622000.0,1151000.0,0.031154418730545405,363000.0,743000.0,0.02011097577480038,0.05190776402520887,0.05190776402520887,14313851.0,14313851.0,https://www.sec.gov/Archives/edgar/data/3197/000119312511067373/d10k.htm,https://www.sec.gov/Archives/edgar/data/3197/000119312511067373/d10k.htm,1620590104,15:55:04,20210509
41,2010-09-30,CECE,USD,2010-11-15 00:00:00,2010-11-15 16:17:58,Q3,33860000.0,26132000.0,7728000.0,0.2282339043118724,0.0,6648000.0,0.0,0.0,6766000.0,32898000.0,341000.0,437000.0,1399000.0,0.0413171884229179,962000.0,0.028411104548139398,540000.0,1161000.0,0.03428824571766095,488000.0,683000.0,0.02017129356172475,0.047694904564102095,0.03987572552072706,14320188.0,17128215.0,https://www.sec.gov/Archives/edgar/data/3197/000119312510260676/0001193125-10-260676-index.html,https://www.sec.gov/Archives/edgar/data/3197/000119312510260676/d10q.htm,1620590104,15:55:04,20210509
42,2010-06-30,CECE,USD,2010-08-13 00:00:00,2010-08-13 17:11:04,Q2,34776000.0,26377000.0,8399000.0,0.2415171382562687,0.0,6904000.0,0.0,0.0,7029000.0,33406000.0,308000.0,466000.0,1836000.0,0.052795031055900624,1370000.0,0.03939498504715896,32000.0,1094000.0,0.03145847711065102,417000.0,582000.0,0.01673567977915804,0.04068778577139742,0.03401158193711504,14304047.0,17111818.0,https://www.sec.gov/Archives/edgar/data/3197/000119312510188914/0001193125-10-188914-index.html,https://www.sec.gov/Archives/edgar/data/3197/000119312510188914/d10q.htm,1620590104,15:55:04,20210509
43,2010-03-31,CECE,USD,2010-05-14 00:00:00,2010-05-14 16:26:36,Q1,35021000.0,27004000.0,8017000.0,0.22891979098255333,0.0,7234000.0,0.0,0.0,7369000.0,34373000.0,293000.0,419000.0,1067000.0,0.030467433825419034,648000.0,0.01850318380400331,-85000.0,270000.0,0.007709659918334714,103000.0,97000.0,0.0027697667114017304,0.0067847198596164525,0.00675568994503306,14296832.0,14358267.0,https://www.sec.gov/Archives/edgar/data/3197/000119312510120733/0001193125-10-120733-index.html,https://www.sec.gov/Archives/edgar/data/3197/000119312510120733/d10q.htm,1620590104,15:55:04,20210509
44,2009-12-31,CECE,USD,2010-03-29 00:00:00,2010-03-29 12:11:05,Q4,32484000.0,24822000.0,7662000.0,0.23586996675286295,0.0,6365000.0,0.0,0.0,6506000.0,31328000.0,286000.0,614000.0,1770000.0,0.05448836350203177,1156000.0,0.03558675040019702,-17323000.0,-16453000.0,-0.5064955054796207,-2634000.0,-14084000.0,-0.4335672946681443,-0.9851133453900837,-0.9851133453900837,14296832.0,14296832.0,https://www.sec.gov/Archives/edgar/data/3197/000119312510069639/0001193125-10-069639-index.html,https://www.sec.gov/Archives/edgar/data/3197/000119312510069639/d10k.htm,1620590104,15:55:04,20210509
45,2009-09-30,CECE,USD,2009-11-09 00:00:00,2009-11-09 16:16:45,Q3,33203000.0,26185000.0,7018000.0,0.21136644279131403,0.0,7222000.0,0.0,0.0,7361000.0,33546000.0,326000.0,569000.0,226000.0,0.006806613860193356,-343000.0,-0.010330391832063367,-375000.0,-1044000.0,-0.0314429419028401,-366000.0,-678000.0,-0.020419841580580068,-0.05,-0.05,14241594.0,14241594.0,https://www.sec.gov/Archives/edgar/data/3197/000119312509229396/0001193125-09-229396-index.html,https://www.sec.gov/Archives/edgar/data/3197/000119312509229396/d10q.htm,1620590104,15:55:04,20210509
46,2009-06-30,CECE,USD,2009-08-10 00:00:00,2009-08-10 16:37:23,Q2,33547000.0,25952000.0,7595000.0,0.22639878379586847,0.0,7803000.0,0.0,0.0,7969000.0,33921000.0,347000.0,596000.0,222000.0,0.0066175813038423705,-374000.0,-0.011148537872238948,-261000.0,-982000.0,-0.02927236414582526,-343000.0,-639000.0,-0.019047902942140878,-0.04,-0.04,14204447.0,14204447.0,https://www.sec.gov/Archives/edgar/data/3197/000119312509170725/0001193125-09-170725-index.html,https://www.sec.gov/Archives/edgar/data/3197/000119312509170725/d10q.htm,1620590104,15:55:04,20210509
47,2009-03-31,CECE,USD,2009-05-11 00:00:00,2009-05-11 17:30:07,Q1,39751000.0,31084000.0,8667000.0,0.21803225076098715,0.0,7513000.0,0.0,0.0,7826000.0,38910000.0,471000.0,740000.0,1581000.0,0.039772584337500944,841000.0,0.021156700460365777,89000.0,568000.0,0.014288948705692939,199000.0,369000.0,0.009282785338733618,0.025763160314511636,0.02574491229252583,14322777.0,14332929.0,https://www.sec.gov/Archives/edgar/data/3197/000119312509107407/0001193125-09-107407-index.html,https://www.sec.gov/Archives/edgar/data/3197/000119312509107407/d10q.htm,1620590104,15:55:04,20210509
48,2008-12-31,CECE,USD,2009-03-16 00:00:00,2009-03-16 16:44:27,Q4,58344000.0,44375000.0,13969000.0,0.23942479089537913,0.0,10162000.0,0.0,0.0,9526000.0,53901000.0,433000.0,989000.0,5432000.0,0.09310297545591663,4443000.0,0.0761517893870835,920000.0,4930000.0,0.0844988344988345,1570000.0,3360000.0,0.057589469354175235,0.23459137847360187,0.23459137847360187,14322777.0,14322777.0,https://www.sec.gov/Archives/edgar/data/3197/000119312509055504/0001193125-09-055504-index.html,https://www.sec.gov/Archives/edgar/data/3197/000119312509055504/d10k.htm,1620590104,15:55:04,20210509
49,2008-09-30,CECE,USD,2008-11-10 00:00:00,2008-11-10 17:26:08,Q3,55238000.0,43288000.0,11950000.0,0.216336579890655,0.0,8720000.0,0.0,0.0,9521000.0,52809000.0,467000.0,801000.0,3230000.0,0.0584742387486875,2429000.0,0.04397335167819255,0.0,1962000.0,0.035519026756942684,766000.0,1196000.0,0.021651761468554256,0.08069493179827643,0.07669636684308327,14821253.0,15593959.0,https://www.sec.gov/Archives/edgar/data/3197/000119312508232026/0001193125-08-232026-index.html,https://www.sec.gov/Archives/edgar/data/3197/000119312508232026/d10q.htm,1620590104,15:55:04,20210509
50,2008-06-30,CECE,USD,2008-08-11 00:00:00,2008-08-11 14:54:55,Q2,57446000.0,46616000.0,10830000.0,0.18852487553528532,0.0,7977000.0,0.0,0.0,8772000.0,55388000.0,370000.0,795000.0,2853000.0,0.04966403230860286,2058000.0,0.03582494864742541,0.0,1688000.0,0.029384117257946592,659000.0,1029000.0,0.017912474323712704,0.06961937147847932,0.06766209510252681,14780369.0,15207924.0,https://www.sec.gov/Archives/edgar/data/3197/000119312508173267/0001193125-08-173267-index.html,https://www.sec.gov/Archives/edgar/data/3197/000119312508173267/d10q.htm,1620590104,15:55:04,20210509
51,2008-03-31,CECE,USD,2008-05-12 00:00:00,2008-05-12 12:11:40,Q1,46862000.0,40220000.0,6642000.0,0.14173530792539799,0.0,6786000.0,0.0,0.0,7377000.0,47597000.0,209000.0,591000.0,-144000.0,-0.0030728522043446714,-735000.0,-0.015684349793009263,0.0,-944000.0,-0.020144253339592848,-369000.0,-575000.0,-0.012270069565959626,-0.04,-0.04,14690212.0,14690212.0,https://www.sec.gov/Archives/edgar/data/3197/000119312508111079/0001193125-08-111079-index.html,https://www.sec.gov/Archives/edgar/data/3197/000119312508111079/d10q.htm,1620590104,15:55:04,20210509
52,2007-12-31,CECE,USD,2008-03-17,2008-03-17 16:51:38,Q4,67986000.0,56491000.0,11495000.0,0.16907892801459123,0.0,8188000.0,0.0,0.0,8712000.0,65203000.0,135000.0,524000.0,3307000.0,0.04864236754625952,2783000.0,0.04093489836142735,1000.0,2649000.0,0.03896390433324508,831000.0,1818000.0,0.026740799576383374,0.12375587227740485,0.12375587227740485,14690212.0,14690212.0,https://www.sec.gov/Archives/edgar/data/3197/000119312508058939/d10k.htm,https://www.sec.gov/Archives/edgar/data/3197/000119312508058939/d10k.htm,1620590104,15:55:04,20210509
53,2007-09-30,CECE,USD,2007-11-13 00:00:00,2007-11-13 11:05:52,Q3,65257000.0,54095000.0,11162000.0,0.17104678425303033,0.0,6739000.0,0.0,0.0,7112000.0,61207000.0,125000.0,373000.0,4423000.0,0.06777816939178939,4050000.0,0.062062307491916574,0.0,3925000.0,0.06014680417426483,1729000.0,2196000.0,0.03365156228450588,0.15,0.14,14633479.0,15211538.0,https://www.sec.gov/Archives/edgar/data/3197/000119312507244462/0001193125-07-244462-index.html,https://www.sec.gov/Archives/edgar/data/3197/000119312507244462/d10q.htm,1620590104,15:55:04,20210509
54,2007-06-30,CECE,USD,2007-08-10 00:00:00,2007-08-10 12:24:36,Q2,59247000.0,49336000.0,9911000.0,0.16728273161510288,0.0,6204000.0,0.0,0.0,6604000.0,55940000.0,1160000.0,400000.0,3707000.0,0.06256856887268554,3307000.0,0.05581717217749422,6000.0,2153000.0,0.036339392711867265,1006000.0,1147000.0,0.019359630023461104,0.09,0.08,13000124.0,13577836.0,https://www.sec.gov/Archives/edgar/data/3197/000119312507178653/0001193125-07-178653-index.html,https://www.sec.gov/Archives/edgar/data/3197/000119312507178653/d10q.htm,1620590104,15:55:04,20210509
55,2007-03-31,CECE,USD,2007-04-02 00:00:00,2007-04-02 14:17:07,Q1,43463000.0,35626000.0,7837000.0,0.18031429031590088,0.0,5017000.0,0.0,0.0,5343000.0,40969000.0,0.0,326000.0,2820000.0,0.06488277385362262,2494000.0,0.05738214113153717,3000.0,1939000.0,0.044612659043324204,795000.0,1144000.0,0.026321238754802936,0.1,0.08,11494948.0,13487849.0,https://www.sec.gov/Archives/edgar/data/3197/000119312507071909/0001193125-07-071909-index.html,https://www.sec.gov/Archives/edgar/data/3197/000119312507071909/d10k.htm,1620590104,15:55:04,20210509
56,2006-12-31,CECE,USD,2007-04-02 00:00:00,2007-04-02 14:17:07,Q4,41498000.0,33278000.0,8220000.0,0.1980818352691696,0.0,5422000.0,0.0,0.0,5773000.0,39051000.0,440000.0,351000.0,2798000.0,0.0674249361415008,2447000.0,0.058966697190226035,109000.0,2116000.0,0.05099040917634585,915000.0,1201000.0,0.028941153790544124,0.10448068142631006,0.10448068142631006,11494948.0,11494948.0,https://www.sec.gov/Archives/edgar/data/3197/000119312507071909/0001193125-07-071909-index.html,https://www.sec.gov/Archives/edgar/data/3197/000119312507071909/d10k.htm,1620590104,15:55:04,20210509
57,2006-09-30,CECE,USD,2006-11-09,2006-11-09 16:28:53,Q3,37734000.0,31592000.0,6142000.0,0.1627709757778131,0.0,4185000.0,0.0,0.0,4478000.0,36070000.0,460000.0,293000.0,1957000.0,0.051863041289023165,1664000.0,0.04409816080987968,409000.0,1613000.0,0.042746594583134574,546000.0,1067000.0,0.0282768855673928,0.09,0.08,11412369.0,13033824.0,https://www.sec.gov/Archives/edgar/data/3197/000119312506230426/d10q.htm,https://www.sec.gov/Archives/edgar/data/3197/000119312506230426/d10q.htm,1620590104,15:55:04,20210509
58,2006-06-30,CECE,USD,2006-08-11,2006-08-11 09:34:18,Q2,31745000.0,26142000.0,5603000.0,0.17650023625767838,0.0,4070000.0,0.0,0.0,4363000.0,30505000.0,526000.0,293000.0,1533000.0,0.04829106945975744,1240000.0,0.03906126949125847,1374000.0,2088000.0,0.06577413765947393,526000.0,1562000.0,0.04920459914947236,0.14,0.12,11225038.0,12881584.0,https://www.sec.gov/Archives/edgar/data/3197/000119312506170261/d10q.htm,https://www.sec.gov/Archives/edgar/data/3197/000119312506170261/d10q.htm,1620590104,15:55:04,20210509
59,2006-03-31,CECE,USD,2006-05-11,2006-05-11 14:07:11,Q1,24382000.0,20249000.0,4133000.0,0.16951029447953408,0.0,3145000.0,0.0,0.0,3437000.0,23686000.0,571000.0,292000.0,988000.0,0.040521696333360675,696000.0,0.028545648429169058,-1080000.0,-955000.0,-0.039168238864736284,-219000.0,-736000.0,-0.03018620293659257,-0.07,-0.07,10913503.0,10913503.0,https://www.sec.gov/Archives/edgar/data/3197/000119312506068031/d10k.htm,https://www.sec.gov/Archives/edgar/data/3197/000119312506068031/d10k.htm,1620590104,15:55:04,20210509
60,2005-12-31,CECE,USD,2006-03-30,2006-03-30 12:04:15,Q4,23009000.0,16974000.0,6035000.0,0.2622886696510061,0.0,3708000.0,0.0,0.0,3999000.0,20973000.0,597000.0,291000.0,2327000.0,0.10113433873701595,2036000.0,0.08848711373810249,-703000.0,736000.0,0.031987483158763964,1129000.0,-393000.0,-0.017080272936676952,-0.03601043587929558,-0.03601043587929558,10913503.0,10913503.0,https://www.sec.gov/Archives/edgar/data/3197/000119312506068031/d10k.htm,https://www.sec.gov/Archives/edgar/data/3197/000119312506068031/d10k.htm,1620590104,15:55:04,20210509
61,2005-09-30,CECE,USD,2005-11-07,2005-11-07 14:19:28,Q3,23442000.0,18918000.0,4524000.0,0.1929869465062708,0.0,2974000.0,0.0,0.0,3267000.0,22185000.0,0.0,293000.0,1550000.0,0.06612063817080453,1257000.0,0.05362170463271052,-273000.0,390000.0,0.016636805733299207,35000.0,355000.0,0.015143759064926201,0.04,0.03,9993260.0,11169034.0,https://www.sec.gov/Archives/edgar/data/3197/000119312505217995/d10q.htm,https://www.sec.gov/Archives/edgar/data/3197/000119312505217995/d10q.htm,1620590104,15:55:04,20210509
62,2005-06-30,CECE,USD,2005-08-12,2005-08-12 17:13:47,Q2,20015000.0,15747000.0,4268000.0,0.21324006994753936,0.0,2785000.0,0.0,0.0,3076000.0,18823000.0,625000.0,291000.0,1483000.0,0.07409442917811641,1192000.0,0.059555333499875095,26000.0,593000.0,0.02962777916562578,358000.0,235000.0,0.011741194104421683,0.02351584968268613,0.022221177879394226,9993260.0,10575497.0,https://www.sec.gov/Archives/edgar/data/3197/000119312505167076/d10q.htm,https://www.sec.gov/Archives/edgar/data/3197/000119312505167076/d10q.htm,1620590104,15:55:04,20210509
63,2005-03-31,CECE,USD,2005-05-13,2005-05-13 17:00:18,Q1,15055000.0,12882000.0,2173000.0,0.14433742942544006,0.0,2841000.0,0.0,0.0,3133000.0,16015000.0,597000.0,292000.0,-668000.0,-0.04437064098306211,-960000.0,-0.06376619063434075,50000.0,-1507000.0,-0.10009963467286616,-875000.0,-632000.0,-0.041979408834274326,-0.06,-0.06,9993260.0,9993260.0,https://www.sec.gov/Archives/edgar/data/3197/000119312505077739/d10k.htm,https://www.sec.gov/Archives/edgar/data/3197/000119312505077739/d10k.htm,1620590104,15:55:04,20210509
64,2004-12-31,CECE,USD,2005-04-15,2005-04-15 16:44:16,Q4,21836000.0,18023000.0,3813000.0,0.1746198937534347,0.0,2823000.0,0.0,0.0,2821000.0,20844000.0,939000.0,-2000.0,990000.0,0.045337973987909876,992000.0,0.045429565854552115,145000.0,198000.0,0.009067594797581974,647000.0,-449000.0,-0.020562374061183365,-0.04493028301074924,-0.04493028301074924,9993260.0,9993260.0,https://www.sec.gov/Archives/edgar/data/3197/000119312505077739/d10k.htm,https://www.sec.gov/Archives/edgar/data/3197/000119312505077739/d10k.htm,1620590104,15:55:04,20210509
65,2004-09-30,CECE,USD,2004-11-15,2004-11-15 11:09:03,Q3,18378000.0,15035000.0,3343000.0,0.1819022744585918,0.0,2473000.0,0.0,0.0,2897000.0,17932000.0,0.0,424000.0,870000.0,0.04733920992491022,446000.0,0.024268146697137883,19000.0,-102000.0,-0.00555011426705844,-322000.0,220000.0,0.011970834693655457,0.022018323648940647,0.02196587162525584,9991678.0,10015537.0,https://www.sec.gov/Archives/edgar/data/3197/000119312504196654/d10q.htm,https://www.sec.gov/Archives/edgar/data/3197/000119312504196654/d10q.htm,1620590104,15:55:04,20210509
66,2004-06-30,CECE,USD,2004-08-16,2004-08-16 14:11:06,Q2,15006000.0,11872000.0,3134000.0,0.20884979341596693,0.0,2785000.0,0.0,0.0,3198000.0,15070000.0,533000.0,413000.0,349000.0,0.023257363721178197,-64000.0,-0.004264960682393709,18000.0,-579000.0,-0.038584566173530586,-261000.0,-318000.0,-0.021191523390643743,-0.03,-0.03,9989836.0,9989836.0,https://www.sec.gov/Archives/edgar/data/3197/000119312504141570/d10q.htm,https://www.sec.gov/Archives/edgar/data/3197/000119312504141570/d10q.htm,1620590104,15:55:04,20210509
67,2004-03-31,CECE,USD,2004-05-17,2004-05-17 10:12:57,Q1,14146000.0,11341000.0,2805000.0,0.19828926905132194,0.0,2575000.0,0.0,0.0,2994000.0,14335000.0,504000.0,419000.0,230000.0,0.01625901314859324,-189000.0,-0.013360667326452708,0.0,-693000.0,-0.048989113530326596,-312000.0,-381000.0,-0.026933408737452282,-0.04,-0.04,9984974.0,9984974.0,https://www.sec.gov/Archives/edgar/data/3197/000119312504052176/d10k.htm,https://www.sec.gov/Archives/edgar/data/3197/000119312504052176/d10k.htm,1620590104,15:55:04,20210509
68,2003-12-31,CECE,USD,2004-03-29,2004-03-29 15:59:14,Q4,18971000.0,14881000.0,4090000.0,0.21559221970375836,0.0,2871000.0,0.0,0.0,3261000.0,18142000.0,533000.0,390000.0,1219000.0,0.06425596963786832,829000.0,0.043698276316483056,-26000.0,270000.0,0.014232249222497497,342000.0,-72000.0,-0.0037952664593326655,-0.00721083500067201,-0.00721083500067201,9984974.0,9984974.0,https://www.sec.gov/Archives/edgar/data/3197/000119312504052176/d10k.htm,https://www.sec.gov/Archives/edgar/data/3197/000119312504052176/d10k.htm,1620590104,15:55:04,20210509
69,2003-09-30,CECE,USD,2003-11-14,2003-11-14 15:15:07,Q3,17039000.0,13543000.0,3496000.0,0.20517636011503024,0.0,2443000.0,0.0,0.0,2835000.0,16378000.0,554000.0,392000.0,1053000.0,0.06179940137332003,661000.0,0.03879335641763014,17000.0,124000.0,0.00727742238394272,-113000.0,237000.0,0.013909266975761489,0.023750267441038957,0.023648585610025245,9978835.0,10021741.0,https://www.sec.gov/Archives/edgar/data/3197/000119312503081859/d10q.htm,https://www.sec.gov/Archives/edgar/data/3197/000119312503081859/d10q.htm,1620590104,15:55:04,20210509
70,2003-06-30,CECE,USD,2003-06-30,2003-06-30,Q2,17754000.0,14592000.0,3162000.0,0.1781007096992227,0.0,2546000.0,0.0,0.0,2942000.0,17534000.0,0.0,396000.0,616000.0,0.03469640644361834,220000.0,0.012391573729863693,222000.0,-1533000.0,-0.08634673876309563,-71000.0,-82000.0,-0.0046186774811310125,-0.01,-0.01,9852876.0,9852876.0,,,1620590104,15:55:04,20210509
71,2003-03-31,CECE,USD,2003-05-09,2003-05-09,Q1,15201000.0,12132000.0,3069000.0,0.20189461219656601,0.0,2542000.0,0.0,0.0,2945000.0,15077000.0,0.0,403000.0,527000.0,0.03466877179132952,124000.0,0.008157358068548122,0.0,-469000.0,-0.03085323333991185,-220000.0,-249000.0,-0.01638050128281034,-0.03,-0.03,9589736.0,9589736.0,https://www.sec.gov/Archives/edgar/data/3197/000095013103002726/0000950131-03-002726-index.htm,https://www.sec.gov/Archives/edgar/data/3197/000095013103002726/d10q.txt,1620590104,15:55:04,20210509
72,2002-12-31,CECE,USD,2003-03-27,2003-03-27,Q4,21831000.0,17205000.0,4626000.0,0.21190050845128486,0.0,2900000.0,0.0,0.0,3373000.0,20578000.0,688000.0,473000.0,1726000.0,0.07906188447620356,1253000.0,0.0573954468416472,0.0,565000.0,0.02588062846411067,347000.0,218000.0,0.009985800009161284,0.022732638312462406,0.022732638312462406,9589736.0,9589736.0,https://www.sec.gov/Archives/edgar/data/3197/000095013103001711/0000950131-03-001711-index.htm,https://www.sec.gov/Archives/edgar/data/3197/000095013103001711/d10k.txt,1620590104,15:55:04,20210509
73,2002-09-30,CECE,USD,2002-11-14 00:00:00,2002-11-14 12:20:28,Q3,19581000.0,15790000.0,3791000.0,0.19360604667790204,0.0,2867000.0,0.0,0.0,3273000.0,19063000.0,703000.0,406000.0,924000.0,0.047188601195036005,518000.0,0.026454215821459577,0.0,-185000.0,-0.009447934221949849,-246000.0,61000.0,0.003115264797507788,0.0063661144045027,0.006273399910218392,9581983.0,9723595.0,https://www.sec.gov/Archives/edgar/data/3197/000095013102004445/0000950131-02-004445-index.html,https://www.sec.gov/Archives/edgar/data/3197/000095013102004445/d10q.txt,1620590104,15:55:04,20210509
74,2002-06-30,CECE,USD,2002-08-09 00:00:00,2002-08-09 17:26:19,Q2,18586000.0,14949000.0,3637000.0,0.19568492413644678,0.0,3049000.0,0.0,0.0,3502000.0,18451000.0,670000.0,453000.0,588000.0,0.03163671580759712,135000.0,0.007263531690519746,204000.0,-331000.0,-0.01780910362638545,-130000.0,-205000.0,-0.011029807381900356,-0.02,-0.02,9578959.0,9578959.0,https://www.sec.gov/Archives/edgar/data/3197/000095013102003054/0000950131-02-003054-index.html,https://www.sec.gov/Archives/edgar/data/3197/000095013102003054/d10q.txt,1620590104,15:55:04,20210509
75,2002-03-31,CECE,USD,2002-05-15 00:00:00,2002-05-15 15:57:22,Q1,18879000.0,15041000.0,3838000.0,0.20329466603103977,0.0,3088000.0,0.0,0.0,3545000.0,18586000.0,683000.0,457000.0,750000.0,0.03972668043858255,293000.0,0.015519889824672917,0.0,-390000.0,-0.020657873828062927,-187000.0,-197000.0,-0.010434874728534351,-0.02,-0.02,9581105.0,9581105.0,https://www.sec.gov/Archives/edgar/data/3197/000095013102002053/0000950131-02-002053-index.html,https://www.sec.gov/Archives/edgar/data/3197/000095013102002053/d10q.txt,1620590104,15:55:04,20210509
76,2001-12-31,CECE,USD,2002-03-28,2002-03-28,Q4,23835000.0,18525000.0,5310000.0,0.22278162366268092,0.0,3384000.0,0.0,0.0,67749000.0,86274000.0,823000.0,636000.0,-61803000.0,-2.5929515418502205,-62439000.0,-2.6196349905601006,-1000.0,449000.0,0.018837843507447032,453000.0,4000.0,0.00016782043213761275,0.00041748837947188765,0.00041748837947188765,9581105.0,9581105.0,https://www.sec.gov/Archives/edgar/data/3197/000095013102001241/0000950131-02-001241-index.htm,https://www.sec.gov/Archives/edgar/data/3197/000095013102001241/d10k405.txt,1620590104,15:55:04,20210509
77,2001-09-30,CECE,USD,2001-11-13,2001-11-13,Q3,24316000.0,19005000.0,5311000.0,0.21841585787136042,0.0,3460000.0,0.0,0.0,4008000.0,23013000.0,879000.0,548000.0,1851000.0,0.07612271755222899,1303000.0,0.05358611613752262,-4000.0,428000.0,0.017601579207106432,222000.0,190000.0,0.007813785162033229,0.02405549577553842,0.023630412390494803,7898403.0,8040486.0,https://www.sec.gov/Archives/edgar/data/3197/000095011601501111/0000950116-01-501111-index.htm,https://www.sec.gov/Archives/edgar/data/3197/000095011601501111/tenqsb.txt,1620590104,15:55:04,20210509
78,2001-06-30,CECE,USD,2001-06-30,2001-06-30,Q2,23074000.0,18728000.0,4346000.0,0.1883505243997573,0.0,3634000.0,0.0,0.0,4218000.0,22946000.0,893000.0,584000.0,712000.0,0.030857241917309527,128000.0,0.005547369333448904,462000.0,-303000.0,-0.013131663344023577,-161000.0,-117000.0,-0.005070642281355639,-0.01,-0.01,7898403.0,7898403.0,,,1620590104,15:55:04,20210509
79,2001-03-31,CECE,USD,2001-05-15 00:00:00,2001-05-15 00:00:00,Q1,19768000.0,16204000.0,3564000.0,0.1802913800080939,0.0,2729000.0,0.0,0.0,3281000.0,19485000.0,947000.0,552000.0,835000.0,0.04223998381222177,283000.0,0.014316066369890733,-59000.0,-723000.0,-0.036574261432618375,-383000.0,-340000.0,-0.017199514366653176,-0.04,-0.04,7876122.0,7876122.0,https://www.sec.gov/Archives/edgar/data/3197/000095011601500176/0000950116-01-500176-index.html,https://www.sec.gov/Archives/edgar/data/3197/000095011601500176/ten-q.txt,1620590104,15:55:04,20210509
80,2000-12-31,CECE,USD,2000-12-31,2000-12-31,Q4,14929551.0,10658090.0,4271461.0,0.28610780056278984,0.0,3098510.0,0.0,0.0,3849093.0,14507183.0,973292.0,750583.0,1172951.0,0.07856572511792216,422368.0,0.028290736941787464,-155940.0,-706864.0,-0.047346634872006535,-184924.0,-530267.0,-0.03551794692285119,-0.06732589972577875,-0.06732589972577875,7876122.0,7876122.0,,,1620590104,15:55:04,20210509
81,2000-09-30,CECE,USD,2000-11-14,2000-11-14,Q3,28636799.0,24168841.0,4467958.0,0.15602155813573995,0.0,3472583.0,0.0,0.0,3959119.0,28127960.0,987921.0,486536.0,995375.0,0.03475859854308437,508839.0,0.01776871081156801,178565.0,-300517.0,-0.010494084901039393,-108734.0,-167564.0,-0.005851352310710425,-0.02,-0.02,7930008.0,7930008.0,https://www.sec.gov/Archives/edgar/data/3197/000095011600002721/0000950116-00-002721-index.htm,https://www.sec.gov/Archives/edgar/data/3197/000095011600002721/0000950116-00-002721-0001.txt,1620590104,15:55:04,20210509
82,2000-06-30,CECE,USD,2000-06-30,2000-06-30,Q2,24032105.0,19449727.0,4582378.0,0.19067734599195535,0.0,3839894.0,0.0,0.0,4330038.0,23779765.0,0.0,490144.0,742484.0,0.030895504159956025,252340.0,0.010500120567882007,448558.0,-269188.0,-0.011201182751157253,-127148.0,-124849.0,-0.005195092148607041,-0.015131478879085971,-0.014079743524450232,8250945.0,8867278.0,,,1620590104,15:55:04,20210509
83,2000-03-31,CECE,USD,2000-03-31,2000-03-31,Q1,22218374.0,17443164.0,4775210.0,0.214921667985245,0.0,3521661.0,0.0,0.0,3948970.0,21392134.0,876154.0,427309.0,1253549.0,0.056419475160513544,826240.0,0.03718723971430132,294186.0,244272.0,0.010994143855891524,117058.0,132756.0,0.005975054700222438,0.02,0.01,8250896.0,11093752.0,,,1620590104,15:55:04,20210509
84,1999-12-31,CECE,USD,1999-12-31,1999-12-31,Q4,11152572.0,8007487.0,3145085.0,0.2820053526666315,0.0,2695997.0,0.0,0.0,2971598.0,10979085.0,0.0,275601.0,449088.0,0.04026766202450879,173487.0,0.015555783903479843,431285.0,152256.0,0.01365209747132769,105362.0,-341667.0,-0.03063571344798312,-0.04140968447548,-0.04140968447548,8250896.0,8250896.0,,,1620590104,15:55:04,20210509
85,1999-09-30,CECE,USD,1999-09-30,1999-09-30,Q3,3971696.0,2582223.0,1389473.0,0.34984374433491383,0.0,1374733.0,0.0,0.0,1529777.0,4112000.0,51768.0,155044.0,14740.0,0.0037112608820010396,-140304.0,-0.035325966539231604,-91815.0,-283887.0,-0.07147752496666411,-133400.0,-133091.0,-0.03350986581047492,-0.01613049055520758,-0.014669961954722196,8250896.0,9072348.0,,,1620590104,15:55:04,20210509
86,1999-06-30,CECE,USD,1999-06-30,1999-06-30,Q2,3964857.0,2103659.0,1861198.0,0.46942373962036965,0.0,1651638.0,0.0,0.0,1807302.0,3910961.0,0.0,155664.0,209560.0,0.052854365239402075,53896.0,0.01359342846412872,120289.0,110172.0,0.02778713078428806,35840.0,80241.0,0.020238056504938262,0.009725125610600351,0.008523002472744576,8250896.0,9414640.0,,,1620590104,15:55:04,20210509
87,1999-03-31,CECE,USD,1999-05-14 00:00:00,1999-05-14 00:00:00,Q1,4772657.0,2781361.0,1991296.0,0.4172300670255583,0.0,1493780.0,0.0,0.0,1636804.0,4418165.0,75498.0,143024.0,497516.0,0.10424298247286574,354492.0,0.07427560790561735,38179.0,317173.0,0.06645627372761126,143560.0,28356.0,0.005941344622083674,0.0034367176607243625,0.0031367301745013573,8250896.0,9039987.0,https://www.sec.gov/Archives/edgar/data/3197/000095011699001004/0000950116-99-001004-index.html,https://www.sec.gov/Archives/edgar/data/3197/0000950116-99-001004.txt,1620590104,15:55:04,20210509
88,1998-12-31,CECE,USD,1998-12-31,1998-12-31,Q4,6012766.0,4194987.0,1817779.0,0.3023199306276013,0.0,1455121.0,0.0,0.0,1708690.0,5903677.0,79719.0,253569.0,362658.0,0.06031467048609575,109089.0,0.01814289796077213,11357.0,108542.0,0.01805192485455113,18322.0,96852.0,0.01610772812379527,0.01173836150643518,0.01173836150643518,8250896.0,8250896.0,,,1620590104,15:55:04,20210509
89,1998-09-30,CECE,USD,1998-09-30,1998-09-30,Q3,7289795.0,5110464.0,2179331.0,0.298956417841654,0.0,1743192.0,0.0,0.0,1884012.0,6994476.0,68059.0,140820.0,436139.0,0.059828705745497646,295319.0,0.04051129009800687,-46802.0,180458.0,0.02475487993832474,79000.0,94196.0,0.012921625368065907,0.011416457073268164,0.010795886615454704,8250896.0,8725175.0,,,1620590104,15:55:04,20210509
90,1998-06-30,CECE,USD,1998-06-30,1998-06-30,Q2,6424226.0,4332696.0,2091530.0,0.3255691814080015,0.0,1598006.0,0.0,0.0,1679872.0,6012568.0,0.0,81866.0,493524.0,0.07682232847972659,411658.0,0.06407900344726353,18513.0,366727.0,0.05708500915129698,147000.0,206079.0,0.03207841691746212,0.024976560121470443,0.02374127871276669,8250896.0,8680198.0,,,1620590104,15:55:04,20210509
91,1998-03-31,CECE,USD,1998-03-31,1998-03-31,Q1,6654835.0,4313965.0,2340870.0,0.35175477679010825,0.0,1878420.0,0.0,0.0,2020129.0,6334094.0,0.0,141709.0,462450.0,0.06949082884849887,320741.0,0.04819668707037816,16932.0,288365.0,0.04333165285089713,129000.0,135836.0,0.02041162553241365,0.016652746061559847,0.015891716011913522,8156973.0,8547598.0,,,1620590104,15:55:04,20210509
92,1997-12-31,CECE,USD,1998-03-30,1998-03-30,Q4,4091545.0,2492312.0,1599233.0,0.39086286476135546,0.0,1778652.0,0.0,0.0,1795679.0,4287991.0,0.0,17027.0,-179419.0,-0.04385116135836219,-196446.0,-0.04801267003051415,0.0,-283484.0,-0.06928531887098884,-44800.0,-193174.0,-0.04721297211688983,-0.02368206931664479,-0.02368206931664479,8156973.0,8156973.0,https://www.sec.gov/Archives/edgar/data/3197/0000950116-98-000684-index.html,https://www.sec.gov/Archives/edgar/data/3197/,1620590104,15:55:04,20210509
93,1997-09-30,CECE,USD,1997-09-30,1997-09-30,Q3,4971942.0,2826672.0,2145270.0,0.4314752666060867,0.0,2300143.0,0.0,0.0,2427988.0,5254660.0,0.0,127845.0,-154873.0,-0.03114939796160132,-282718.0,-0.056862690674991785,37350.0,-263253.0,-0.05294772143359677,-109000.0,-101460.0,-0.020406513189413715,-0.01,-0.01,7774961.0,7774961.0,,,1620590104,15:55:04,20210509
94,1997-06-30,CECE,USD,1997-06-30,1997-06-30,Q2,2927091.0,1482156.0,1444935.0,0.49364198106584317,0.0,1059297.0,0.0,0.0,1179720.0,2661876.0,20745.0,120423.0,385638.0,0.13174786844686415,265215.0,0.0906070224670159,48581.0,293051.0,0.10011680538801151,97400.0,151882.0,0.05188837654859381,0.02,0.02,7262628.0,7262628.0,,,1620590104,15:55:04,20210509
95,1997-03-31,CECE,USD,1997-03-31,1997-03-31,Q1,2540396.0,1314871.0,1225525.0,0.4824149463312019,0.0,916464.0,0.0,0.0,1035830.0,2350701.0,28633.0,119366.0,309061.0,0.12165859181009575,189695.0,0.07467142917875796,21995.0,183057.0,0.07205845072972875,63600.0,88978.0,0.03502524803219655,0.01,0.01,7200628.0,7200628.0,,,1620590104,15:55:04,20210509
96,1996-12-31,CECE,USD,1996-12-31,1996-12-31,Q4,3627480.0,1910099.0,1717381.0,0.47343638007652694,0.0,1108671.0,0.0,0.0,1191646.0,3101745.0,36397.0,7975.0,533710.0,0.14712968782736224,525735.0,0.14493119190181614,32073.0,521411.0,0.1437391798162912,153596.0,251306.0,0.06927839712417436,0.034900567006100024,0.034900567006100024,7200628.0,7200628.0,,,1620590104,15:55:04,20210509
97,1996-09-30,CECE,USD,1996-09-30,1996-09-30,Q3,2195120.0,1172444.0,1022676.0,0.4658861474543533,0.0,792709.0,0.0,0.0,910816.0,2083260.0,34390.0,143107.0,254967.0,0.1161517365793214,111860.0,0.05095848974087977,27801.0,105271.0,0.04795683151718357,44192.0,41110.0,0.018727905535916033,0.01,0.01,7037128.0,7037128.0,,,1620590104,15:55:04,20210509
98,1996-06-30,CECE,USD,1996-08-14 00:00:00,1996-08-14 00:00:00,Q2,1874440.0,964867.0,909573.0,0.4852505281577431,0.0,820282.0,0.0,0.0,898844.0,1863711.0,40591.0,128562.0,139291.0,0.07431072747060455,10729.0,0.0057238428543991806,22889.0,-6973.0,-0.0037200443865901284,-2000.0,-2165.0,-0.0011550116301402018,-0.000313,-0.000313,6913228.0,6913228.0,https://www.sec.gov/Archives/edgar/data/3197/000095013796001462/0000950137-96-001462-index.html,https://www.sec.gov/Archives/edgar/data/3197/0000950137-96-001462.txt,1620590104,15:55:04,20210509
99,1996-03-31,CECE,USD,1996-03-31,1996-03-31,Q1,2150657.0,1140322.0,1010335.0,0.4697796998777583,0.0,803072.0,0.0,0.0,940416.0,2080738.0,43459.0,137344.0,207263.0,0.0963719458751442,69919.0,0.03251053050300443,0.0,26460.0,0.012303217109934313,10000.0,10832.0,0.005036600443492384,0.001569,0.001569,6902228.0,6902228.0,,,1620590104,15:55:04,20210509
100,1995-12-31,CECE,USD,1995-12-31,1995-12-31,Q4,2971350.0,1357521.0,1613829.0,0.5431298904538341,0.0,961413.0,0.0,0.0,1069810.0,2427331.0,48350.0,58397.0,602416.0,0.20274151479967017,544019.0,0.18308815858111632,0.0,495669.0,0.1668160936947852,135138.0,221137.0,0.07442307368704461,0.03203849539597939,0.03203849539597939,6902228.0,6902228.0,,,1620590104,15:55:04,20210509
101,1995-09-30,CECE,USD,1995-09-30,1995-09-30,Q3,1627425.0,953132.0,674293.0,0.4143312287816643,0.0,819069.0,0.0,0.0,926932.0,1880064.0,48809.0,132863.0,-119776.0,-0.07359847612025132,-252639.0,-0.15523849025300704,0.0,-301448.0,-0.18523004132294882,-79642.0,-138715.0,-0.08523587876553451,-0.02,-0.02,6579095.0,6579095.0,,,1620590104,15:55:04,20210509
102,1995-06-30,CECE,USD,1995-06-30,1995-06-30,Q3,1957119.0,1291188.0,665931.0,0.34026086303387787,0.0,723078.0,0.0,0.0,830072.0,2121260.0,52275.0,0.0,-57147.0,-0.02919955301644918,-164141.0,-0.08386868657450058,0.0,-216416.0,-0.11057886618033957,-53688.0,-105356.0,-0.053832189049311766,-0.02,-0.02,6163361.0,6163361.0,,,1620590104,15:55:04,20210509
103,1995-03-31,CECE,USD,1995-03-31,1995-03-31,Q4,1800000.0,0.0,0.0,0.0,0.0,0.0,0.0,0.0,0.0,0.0,0.0,0.0,1800000.0,1.0,1800000.0,1.0,0.0,0.0,0.0,0.0,-100000.0,-0.05555555555555555,-0.01,-0.01,6916000.0,6916000.0,,,1620590104,15:55:04,20210509
104,1994-12-31,CECE,USD,1994-12-31,1994-12-31,Q4,-300000.0,0.0,0.0,0.0,0.0,0.0,0.0,0.0,0.0,0.0,0.0,0.0,-7100000.0,23.666666666666668,-7100000.0,23.666666666666668,0.0,0.0,0.0,0.0,0.0,0.0,0.0,0.0,5995000.0,5995000.0,,,1620590104,15:55:04,20210509
105,1994-09-30,CECE,USD,1994-09-30,1994-09-30,Q3,2700000.0,0.0,0.0,0.0,0.0,0.0,0.0,0.0,0.0,0.0,0.0,0.0,2700000.0,1.0,2700000.0,1.0,0.0,0.0,0.0,0.0,100000.0,0.037037037037037035,0.03,0.03,5995000.0,5995000.0,,,1620590104,15:55:04,20210509
106,1994-06-30,CECE,USD,1994-06-30,1994-06-30,Q3,2600000.0,0.0,0.0,0.0,0.0,0.0,0.0,0.0,0.0,0.0,0.0,0.0,2600000.0,1.0,2600000.0,1.0,0.0,0.0,0.0,0.0,100000.0,0.038461538461538464,0.03,0.03,5995000.0,5995000.0,,,1620590104,15:55:04,20210509
107,1994-03-31,CECE,USD,1994-03-31,1994-03-31,Q4,2300000.0,0.0,0.0,0.0,0.0,0.0,0.0,0.0,0.0,0.0,0.0,0.0,2300000.0,1.0,2300000.0,1.0,0.0,0.0,0.0,0.0,0.0,0.0,-0.05,-0.05,5995000.0,5995000.0,,,1620590104,15:55:04,20210509
108,1993-12-31,CECE,USD,1993-12-31,1993-12-31,Q4,1200000.0,0.0,0.0,0.0,0.0,0.0,0.0,0.0,0.0,0.0,0.0,0.0,-4300000.0,-3.5833333333333335,-4300000.0,-3.5833333333333335,0.0,0.0,0.0,0.0,-600000.0,-0.5,-0.12,-0.12,5000000.0,5000000.0,,,1620590104,15:55:04,20210509
109,1993-09-30,CECE,USD,1993-09-30,1993-09-30,Q3,600000.0,0.0,0.0,0.0,0.0,0.0,0.0,0.0,0.0,0.0,0.0,0.0,600000.0,1.0,600000.0,1.0,0.0,0.0,0.0,0.0,500000.0,0.8333333333333334,0.1,0.1,5000000.0,5000000.0,,,1620590104,15:55:04,20210509
110,1993-06-30,CECE,USD,1993-06-30,1993-06-30,Q3,3400000.0,1800000.0,1600000.0,0.47058823529411764,0.0,1500000.0,0.0,0.0,1500000.0,3300000.0,100000.0,100000.0,200000.0,0.058823529411764705,100000.0,0.029411764705882353,-100000.0,0.0,0.0,0.0,-100000.0,-0.029411764705882353,-0.03,-0.03,5760000.0,5760000.0,,,1620590104,15:55:04,20210509
111,1993-03-31,CECE,USD,1993-03-31,1993-03-31,Q4,1700000.0,900000.0,800000.0,0.47058823529411764,0.0,600000.0,0.0,0.0,700000.0,1600000.0,0.0,100000.0,200000.0,0.11764705882352941,100000.0,0.058823529411764705,0.0,0.0,0.0,100000.0,0.0,0.0,0.0,0.0,5660000.0,5660000.0,,,1620590104,15:55:04,20210509
112,1992-11-30,CECE,USD,1992-11-30,1992-11-30,Q4,100000.0,0.0,0.0,0.0,0.0,0.0,0.0,0.0,0.0,0.0,0.0,0.0,100000.0,1.0,100000.0,1.0,0.0,0.0,0.0,0.0,0.0,0.0,0.0,0.0,2074000.0,2074000.0,,,1620590104,15:55:04,20210509
113,1992-08-31,CECE,USD,1992-08-31,1992-08-31,Q3,100000.0,0.0,0.0,0.0,0.0,0.0,0.0,0.0,0.0,0.0,0.0,0.0,100000.0,1.0,100000.0,1.0,0.0,0.0,0.0,0.0,0.0,0.0,0.0,0.0,2074000.0,2074000.0,,,1620590104,15:55:04,20210509
114,1992-05-31,CECE,USD,1992-05-31,1992-05-31,Q2,0.0,0.0,0.0,0.0,0.0,0.0,0.0,0.0,0.0,0.0,0.0,0.0,-100000.0,0.0,-100000.0,0.0,0.0,0.0,0.0,0.0,0.0,0.0,0.0,0.0,2036000.0,2036000.0,,,1620590104,15:55:04,20210509
115,1992-02-29,CECE,USD,1992-02-29,1992-02-29,Q3,100000.0,0.0,100000.0,1.0,0.0,0.0,0.0,0.0,0.0,0.0,0.0,0.0,100000.0,1.0,100000.0,1.0,0.0,0.0,0.0,0.0,0.0,0.0,0.0,0.0,2036000.0,2036000.0,,,1620590104,15:55:04,20210509
116,1991-11-30,CECE,USD,1991-11-30,1991-11-30,Q4,100000.0,0.0,100000.0,1.0,0.0,0.0,0.0,0.0,0.0,0.0,0.0,0.0,100000.0,1.0,100000.0,1.0,0.0,0.0,0.0,0.0,0.0,0.0,0.0,0.0,2036000.0,2036000.0,,,1620590104,15:55:04,20210509
117,1991-08-31,CECE,USD,1991-08-31,1991-08-31,Q3,100000.0,0.0,100000.0,1.0,0.0,0.0,0.0,0.0,0.0,0.0,0.0,0.0,100000.0,1.0,100000.0,1.0,0.0,0.0,0.0,0.0,0.0,0.0,0.0,0.0,2036000.0,2036000.0,,,1620590104,15:55:04,20210509
118,1991-05-31,CECE,USD,1991-05-31,1991-05-31,Q2,0.0,0.0,0.0,0.0,0.0,0.0,0.0,0.0,0.0,0.0,0.0,0.0,0.0,0.0,0.0,0.0,0.0,0.0,0.0,0.0,0.0,0.0,0.0,0.0,1986000.0,1986000.0,,,1620590104,15:55:04,20210509
119,1991-02-28,CECE,USD,1991-02-28,1991-02-28,Q3,100000.0,0.0,0.0,0.0,0.0,0.0,0.0,0.0,0.0,0.0,0.0,0.0,100000.0,1.0,100000.0,1.0,0.0,0.0,0.0,0.0,0.0,0.0,0.0,0.0,1986000.0,1986000.0,,,1620590104,15:55:04,20210509
120,1990-11-30,CECE,USD,1990-11-30,1990-11-30,Q4,100000.0,0.0,0.0,0.0,0.0,0.0,0.0,0.0,0.0,0.0,0.0,0.0,100000.0,1.0,100000.0,1.0,0.0,0.0,0.0,0.0,0.0,0.0,0.0,0.0,1986000.0,1986000.0,,,1620590104,15:55:04,20210509
121,1990-08-31,CECE,USD,1990-08-31,1990-08-31,Q3,100000.0,0.0,0.0,0.0,0.0,0.0,0.0,0.0,0.0,0.0,0.0,0.0,100000.0,1.0,100000.0,1.0,0.0,0.0,0.0,0.0,0.0,0.0,0.0,0.0,9186000.0,9186000.0,,,1620590104,15:55:04,20210509
122,1990-05-31,CECE,USD,1990-05-31,1990-05-31,Q2,200000.0,0.0,0.0,0.0,0.0,0.0,0.0,0.0,0.0,0.0,0.0,0.0,-1000000.0,-5.0,-1000000.0,-5.0,0.0,0.0,0.0,0.0,0.0,0.0,0.0,0.0,9186000.0,9186000.0,,,1620590104,15:55:04,20210509
123,1990-02-28,CECE,USD,1990-02-28,1990-02-28,Q3,200000.0,0.0,0.0,0.0,0.0,0.0,0.0,0.0,0.0,0.0,0.0,0.0,200000.0,1.0,200000.0,1.0,0.0,0.0,0.0,0.0,0.0,0.0,-0.5,-0.5,9186000.0,9186000.0,,,1620590104,15:55:04,20210509
124,1989-11-30,CECE,USD,1989-11-30,1989-11-30,Q4,200000.0,0.0,0.0,0.0,0.0,0.0,0.0,0.0,0.0,0.0,0.0,0.0,200000.0,1.0,200000.0,1.0,0.0,0.0,0.0,0.0,0.0,0.0,-0.5,-0.5,9186000.0,9186000.0,,,1620590104,15:55:04,20210509
125,1989-08-31,CECE,USD,1989-08-31,1989-08-31,Q3,100000.0,0.0,0.0,0.0,0.0,0.0,0.0,0.0,0.0,0.0,0.0,0.0,100000.0,1.0,100000.0,1.0,0.0,0.0,0.0,0.0,0.0,0.0,-0.75,-0.75,9186000.0,9186000.0,,,1620590104,15:55:04,20210509
