,date,symbol,reportedCurrency,fillingDate,acceptedDate,period,revenue,costOfRevenue,grossProfit,grossProfitRatio,researchAndDevelopmentExpenses,generalAndAdministrativeExpenses,sellingAndMarketingExpenses,otherExpenses,operatingExpenses,costAndExpenses,interestExpense,depreciationAndAmortization,ebitda,ebitdaratio,operatingIncome,operatingIncomeRatio,totalOtherIncomeExpensesNet,incomeBeforeTax,incomeBeforeTaxRatio,incomeTaxExpense,netIncome,netIncomeRatio,eps,epsdiluted,weightedAverageShsOut,weightedAverageShsOutDil,link,finalLink,timestamp,est_time,est_date
0,2020-12-31,MDU,USD,2021-02-19,2021-02-19 09:01:54,Q4,1385159000,1116946000,268213000,0.19363336627780636,0.0,99000.0,0.0,13042000.0,122324000,1239270000,23387000.0,72268.0,145961268,0.10537509989827883,145889000.0,0.10532292682645097,13042000.0,135544000.0,0.09785447013664135,23412000.0,112294000.0,0.08106939347757189,0.5600698254364089,0.5600698254364089,200500000,200500000,https://www.sec.gov/Archives/edgar/data/67716/000006771621000007/0000067716-21-000007-index.htm,https://www.sec.gov/Archives/edgar/data/67716/000006771621000007/mdu-20201231.htm,1620594880,17:14:40,20210509
1,2020-09-30,MDU,USD,2020-11-05,2020-11-05 09:20:47,Q3,1587289000,1260993000,326296000,0.20556811015511353,0.0,25000.0,0.0,4612000.0,122585000,1383578000,23761000.0,212832.0,203923832,0.1284730329511513,203711000.0,0.12833894772785548,4612000.0,184562000.0,0.11627498206060774,31547000.0,153078000.0,0.09643990476844481,0.7634812967581047,0.7631006979062812,200500000,200600000,https://www.sec.gov/Archives/edgar/data/67716/000006771620000053/0000067716-20-000053-index.htm,https://www.sec.gov/Archives/edgar/data/67716/000006771620000053/mdu-20200930.htm,1620594880,17:14:40,20210509
2,2020-06-30,MDU,USD,2020-08-06,2020-08-06 09:12:09,Q2,1362928000,1100582000,262346000,0.19248705727668666,0.0,0.0,0.0,10063000.0,124092000,1224674000,24818000.0,0.0,219825000,0.1612887841470716,138254000.0,0.10143896082551683,10063000.0,123499000.0,0.09061300376835754,23657000.0,99703000.0,0.07315353415587618,0.5,0.5,200500000,200500000,https://www.sec.gov/Archives/edgar/data/67716/000006771620000044/0000067716-20-000044-index.htm,https://www.sec.gov/Archives/edgar/data/67716/000006771620000044/mdu-20200630.htm,1620594880,17:14:40,20210509
3,2020-03-31,MDU,USD,2020-05-08 00:00:00,2020-05-08 08:53:53,Q1,1197373000,1006952000,190421000,0.15903231490938913,0.0,0.0,0.0,-1005000.0,133351000,1140303000,24553000.0,0.0,125304000,0.10464909430895802,57070000.0,0.04766267487240818,-1005000.0,31512000.0,0.026317613642532444,5973000.0,25130000.0,0.02098761204737371,0.1253992015968064,0.1253366583541147,200400000,200500000,https://www.sec.gov/Archives/edgar/data/67716/000006771620000027/0000067716-20-000027-index.html,https://www.sec.gov/Archives/edgar/data/67716/000006771620000027/a2020q1form10-q.htm,1620594880,17:14:40,20210509
4,2019-12-31,MDU,USD,2020-02-21 00:00:00,2020-02-21 09:56:31,Q4,1378213000,1131880000,246333000,0.1787336210005275,0.0,0.0,0.0,3590000.0,116113000,1247993000,24493000.0,0.0,201890000,0.14648679122893196,130220000.0,0.09448466964104968,3590000.0,109317000.0,0.07931792836085569,14513000.0,95065000.0,0.0689770013778712,0.47437624750499,0.47413965087281795,200400000,200500000,https://www.sec.gov/Archives/edgar/data/67716/000006771620000010/0000067716-20-000010-index.html,https://www.sec.gov/Archives/edgar/data/67716/000006771620000010/a2019form10-k.htm,1620594880,17:14:40,20210509
5,2019-09-30,MDU,USD,2019-11-01 00:00:00,2019-11-01 10:43:43,Q3,1563799000,1263180000,300619000,0.192236342394387,0.0,0.0,0.0,3014000.0,111149000,1374329000,25258000.0,0.0,257505000,0.16466630302231935,189470000.0,0.12116007236224093,3014000.0,167226000.0,0.10693573790493535,31098000.0,137637000.0,0.08801450825841428,0.6906021073758154,0.6902557673019057,199300000,199400000,https://www.sec.gov/Archives/edgar/data/67716/000006771619000076/0000067716-19-000076-index.html,https://www.sec.gov/Archives/edgar/data/67716/000006771619000076/a2019q3form10-q.htm,1620594880,17:14:40,20210509
6,2019-06-30,MDU,USD,2019-08-02 00:00:00,2019-08-02 09:15:34,Q2,1303573000,1095290000,208283000,0.15977854711627196,0.0,0.0,0.0,1615000.0,110972000,1206262000,25429000.0,0.0,161945000,0.12423163106323927,97311000.0,0.07464944425820418,1615000.0,73497000.0,0.05638119230760379,10352000.0,61825000.0,0.04742734008759003,0.31,0.31,198300000,198300000,https://www.sec.gov/Archives/edgar/data/67716/000006771619000060/0000067716-19-000060-index.html,https://www.sec.gov/Archives/edgar/data/67716/000006771619000060/a2019q2form10-q.htm,1620594880,17:14:40,20210509
7,2019-03-31,MDU,USD,2019-05-03 00:00:00,2019-05-03 09:34:07,Q1,1091191000,913047000,178144000,0.16325647847168828,0.0,0.0,0.0,7595000.0,113926000,1026973000,23407000.0,0.0,131710000,0.12070297500620882,64218000.0,0.058851291845332304,7595000.0,48406000.0,0.04436070312163498,7317000.0,40926000.0,0.03750580787414852,0.21,0.21,196400000,196400000,https://www.sec.gov/Archives/edgar/data/67716/000006771619000041/0000067716-19-000041-index.html,https://www.sec.gov/Archives/edgar/data/67716/000006771619000041/a2019q1form10-q.htm,1620594880,17:14:40,20210509
8,2018-12-31,MDU,USD,2019-02-22 00:00:00,2019-02-22 09:46:22,Q4,1209874000,992235000,217639000,0.17988567404539646,0.0,0.0,0.0,-5102000.0,99288000,1091523000,22412000.0,0.0,172156000,0.1422925031862822,118351000.0,0.0978209301133837,-5102000.0,90837000.0,0.07507971904512371,14856000.0,78828000.0,0.06515389205818127,0.40218367346938777,0.40136456211812627,196000000,196400000,https://www.sec.gov/Archives/edgar/data/67716/000006771619000019/0000067716-19-000019-index.html,https://www.sec.gov/Archives/edgar/data/67716/000006771619000019/a2018form10-k.htm,1620594880,17:14:40,20210509
9,2018-09-30,MDU,USD,2018-11-02 00:00:00,2018-11-02 09:20:22,Q3,1280787000,1047120000,233667000,0.18244017155077308,0.0,0.0,0.0,2683000.0,93663000,1140783000,20955000.0,0.0,197703000,0.15436056112374658,140004000.0,0.10931091586657266,2683000.0,121732000.0,0.09504468736800108,14363000.0,107251000.0,0.08373835774410578,0.5471989795918367,0.5463627101375446,196000000,196300000,https://www.sec.gov/Archives/edgar/data/67716/000006771618000070/0000067716-18-000070-index.html,https://www.sec.gov/Archives/edgar/data/67716/000006771618000070/a2018q3form10-q.htm,1620594880,17:14:40,20210509
10,2018-06-30,MDU,USD,2018-08-03 00:00:00,2018-08-03 09:05:27,Q2,1064597000,896295000,168302000,0.158089868748456,0.0,0.0,0.0,1599000.0,94310000,990605000,20800000.0,0.0,129144000,0.12130787518657295,73992000.0,0.06950235629069028,1599000.0,54791000.0,0.051466423444740124,10716000.0,43802000.0,0.04114420762034836,0.22405115089514066,0.22325178389398573,195500000,196200000,https://www.sec.gov/Archives/edgar/data/67716/000006771618000052/0000067716-18-000052-index.html,https://www.sec.gov/Archives/edgar/data/67716/000006771618000052/a2018q2form10-q.htm,1620594880,17:14:40,20210509
11,2018-03-31,MDU,USD,2018-05-04 00:00:00,2018-05-04 10:07:35,Q1,976293000,805334000,170959000,0.17511034085054383,0.0,0.0,0.0,582000.0,101583000,906917000,20447000.0,0.0,122687000,0.12566616784100676,69376000.0,0.07106063446117097,582000.0,49511000.0,0.05071325923672504,7551000.0,42437000.0,0.04346748363452365,0.21729134664618535,0.21651530612244899,195300000,196000000,https://www.sec.gov/Archives/edgar/data/67716/000006771618000034/0000067716-18-000034-index.html,https://www.sec.gov/Archives/edgar/data/67716/000006771618000034/a2018q1form10-q.htm,1620594880,17:14:40,20210509
12,2017-12-31,MDU,USD,2018-02-23 00:00:00,2018-02-23 09:35:31,Q4,1165239000,947947000,217292000,0.1864784820968059,0.0,0.0,0.0,1294000.0,91748000,1039695000,20810000.0,0.0,179186000,0.1537761781059508,125544000.0,0.10774098704214329,1294000.0,106028000.0,0.09099249166909106,-9365000.0,115312000.0,0.09895995585455002,0.5904352278545827,0.5895296523517383,195300000,195600000,https://www.sec.gov/Archives/edgar/data/67716/000006771618000013/0000067716-18-000013-index.html,https://www.sec.gov/Archives/edgar/data/67716/000006771618000013/a2017form10-k.htm,1620594880,17:14:40,20210509
13,2017-09-30,MDU,USD,2017-11-03 00:00:00,2017-11-03 09:20:26,Q3,1272548000,1025134000,247414000,0.19442410030898638,0.0,0.0,0.0,1011000.0,91037000,1116171000,20909000.0,0.0,209543000,0.16466412268928166,156377000.0,0.12288495208039305,1011000.0,136479000.0,0.10724860673231973,46930000.0,87351000.0,0.06864259737157262,0.4472657450076805,0.446123595505618,195300000,195800000,https://www.sec.gov/Archives/edgar/data/67716/000006771617000087/0000067716-17-000087-index.html,https://www.sec.gov/Archives/edgar/data/67716/000006771617000087/a2017q3form10-q.htm,1620594880,17:14:40,20210509
14,2017-06-30,MDU,USD,2017-08-04 00:00:00,2017-08-04 09:20:13,Q2,1067639000,895349000,172290000,0.16137477180957233,0.0,0.0,0.0,782000.0,92611000,987960000,20766000.0,0.0,132119000,0.12374875777299256,79679000.0,0.07463103165021136,782000.0,59695000.0,0.05591309422005004,15290000.0,41215000.0,0.038603872657330805,0.21103430619559652,0.21028061224489797,195300000,196000000,https://www.sec.gov/Archives/edgar/data/67716/000006771617000063/0000067716-17-000063-index.html,https://www.sec.gov/Archives/edgar/data/67716/000006771617000063/a2017q2form10-q.htm,1620594880,17:14:40,20210509
15,2017-03-31,MDU,USD,2017-05-08 00:00:00,2017-05-08 09:43:52,Q1,937925000,772050000,165875000,0.17685315990084496,0.0,0.0,0.0,1017000.0,98763000,870813000,20303000.0,0.0,119454000,0.12735986352853373,67112000.0,0.07155369565796839,1017000.0,47826000.0,0.050991283951275425,12188000.0,37325000.0,0.039795292800597064,0.1911162314388121,0.19043367346938775,195300000,196000000,https://www.sec.gov/Archives/edgar/data/67716/000006771617000042/0000067716-17-000042-index.html,https://www.sec.gov/Archives/edgar/data/67716/000006771617000042/a2017q1form10-q.htm,1620594880,17:14:40,20210509
16,2016-12-31,MDU,USD,2017-02-24 00:00:00,2017-02-24 09:35:51,Q4,1016098000,816558000,199540000,0.19637869575572434,0.0,0.0,0.0,1294000.0,88054000,904612000,20483000.0,0.0,165872000,0.16324409653399574,111486000.0,0.10971973175815719,1294000.0,92297000.0,0.09083474231816223,25751000.0,65730000.0,0.06468864223726452,0.34,0.33,195300000,195900000,https://www.sec.gov/Archives/edgar/data/67716/000006771617000017/0000067716-17-000017-index.html,https://www.sec.gov/Archives/edgar/data/67716/000006771617000017/a2016form10-k.htm,1620594880,17:14:40,20210509
17,2016-09-30,MDU,USD,2016-11-07 00:00:00,2016-11-07 09:25:10,Q3,1208567000,971661000,236906000,0.19602223128713592,0.0,0.0,0.0,1741000.0,90222000,1061883000,22278000.0,0.0,202519000,0.16756952655500273,146684000.0,0.12137018468980205,1741000.0,126147000.0,0.10437733282474203,37761000.0,82986000.0,0.06866479061566301,0.424915514592934,0.4238304392236977,195300000,195800000,https://www.sec.gov/Archives/edgar/data/67716/000006771616000190/0000067716-16-000190-index.html,https://www.sec.gov/Archives/edgar/data/67716/000006771616000190/a2016q3form10-q.htm,1620594880,17:14:40,20210509
18,2016-06-30,MDU,USD,2016-08-05,2016-08-05 09:02:23,Q2,1043948000,863173000,180775000,0.17316475533264108,0.0,0.0,0.0,872000.0,91810000,954983000,22219000.0,0.0,144085000,0.13801932663312733,88965000.0,0.08521976190384961,872000.0,67618000.0,0.06477142539666726,21320000.0,-109153000.0,-0.10455788985658289,-0.5588991295442909,-0.5577567705671946,195300000,195700000,https://www.sec.gov/Archives/edgar/data/67716/000006771616000179/a2016q2form10-q.htm,https://www.sec.gov/Archives/edgar/data/67716/000006771616000179/a2016q2form10-q.htm,1620594880,17:14:40,20210509
19,2016-03-31,MDU,USD,2016-05-06 00:00:00,2016-05-06 09:23:25,Q1,905153000,759128000,146025000,0.16132631720825097,0.0,0.0,0.0,1246000.0,104273000,863401000,23776000.0,0.0,103257000,0.11407684667674968,41752000.0,0.046127008362122204,1246000.0,19222000.0,0.021236188799020717,4558000.0,24869000.0,0.027474913080992938,0.13,0.13,195300000,195300000,https://www.sec.gov/Archives/edgar/data/67716/000006771616000148/0000067716-16-000148-index.html,https://www.sec.gov/Archives/edgar/data/67716/000006771616000148/a2016q1form10-q.htm,1620594880,17:14:40,20210509
20,2015-12-31,MDU,USD,2016-02-19 00:00:00,2016-02-19 09:33:32,Q4,1062485000,912139000,150346000,0.14150411535221674,0.0,0.0,0.0,12971000.0,94954000,1007093000,23204000.0,0.0,131124000,0.1234125658244587,55392000.0,0.05213438307364339,12971000.0,45159000.0,0.04250318828030513,13083000.0,52534000.0,0.0494444627453564,0.27,0.27,195300000,195300000,https://www.sec.gov/Archives/edgar/data/67716/000006771616000116/0000067716-16-000116-index.html,https://www.sec.gov/Archives/edgar/data/67716/000006771616000116/a2015form10-k.htm,1620594880,17:14:40,20210509
21,2015-09-30,MDU,USD,2015-11-06 00:00:00,2015-11-06 09:25:47,Q3,1280500000,1080026000,200474000,0.15655915657946115,0.0,0.0,0.0,3498000.0,90731000,1170757000,22946000.0,0.0,171059000,0.13358766106989456,109743000.0,0.08570324092151503,3498000.0,90295000.0,0.07051542366263179,36895000.0,-139448000.0,-0.10890121046466224,-0.72,-0.72,195200000,195200000,https://www.sec.gov/Archives/edgar/data/67716/000006771615000096/0000067716-15-000096-index.html,https://www.sec.gov/Archives/edgar/data/67716/000006771615000096/a2015q3form10-q.htm,1620594880,17:14:40,20210509
22,2015-06-30,MDU,USD,2015-08-04 00:00:00,2015-08-04 10:56:59,Q2,986215000,851255000,134960000,0.1368464280101195,0.0,0.0,0.0,2320000.0,89632000,940887000,23790000.0,0.0,101802000,0.10322495601871803,45328000.0,0.045961580385615715,2320000.0,23858000.0,0.024191479545535202,9801000.0,-229604000.0,-0.23281333177856756,-1.178635045301712,-1.1784354181422516,194805000,194838000,https://www.sec.gov/Archives/edgar/data/67716/000006771615000089/0000067716-15-000089-index.html,https://www.sec.gov/Archives/edgar/data/67716/000006771615000089/a2015q2form10-q.htm,1620594880,17:14:40,20210509
23,2015-03-31,MDU,USD,2015-05-08 00:00:00,2015-05-08 11:53:00,Q1,918510000,749467000,169043000,0.18404045682681736,0.0,0.0,0.0,2324000.0,142990000,892457000,23149000.0,0.0,123884000,0.13487496053390818,26053000.0,0.028364416282892945,-498076000.0,-495172000.0,-0.5391035481377449,-185727000.0,-305917000.0,-0.33305788723040575,-1.57,-1.57,194500000,194500000,https://www.sec.gov/Archives/edgar/data/67716/000006771615000059/0000067716-15-000059-index.html,https://www.sec.gov/Archives/edgar/data/67716/000006771615000059/mdu-3x31x2015form10xq.htm,1620594880,17:14:40,20210509
24,2014-12-31,MDU,USD,2015-02-20,2015-02-20 09:50:02,Q4,1163204000,916489000,246715000,0.21209951134968585,0.0,0.0,0.0,2410000.0,137093000,1053582000,22104000.0,0.0,207522000,0.1784055075463977,109622000.0,0.09424142282866978,2712000.0,90230000.0,0.077570228438004,10151000.0,84255000.0,0.07243355421748894,0.434080370942813,0.43385684860968077,194100000,194200000,https://www.sec.gov/Archives/edgar/data/67716/000006771615000027/mdu-12312014form10xk.htm,https://www.sec.gov/Archives/edgar/data/67716/000006771615000027/mdu-12312014form10xk.htm,1620594880,17:14:40,20210509
25,2014-09-30,MDU,USD,2014-11-07 00:00:00,2014-11-07 09:38:07,Q3,1370455000,1044689000,325766000,0.2377064551554046,0.0,0.0,0.0,2644000.0,149001000,1193690000,22425000.0,0.0,282809000,0.2063613909249118,176765000.0,0.12898271012182086,2547000.0,156887000.0,0.11447803831574185,54769000.0,103209000.0,0.07531002477279444,0.532279525528623,0.531183736489964,193900000,194300000,https://www.sec.gov/Archives/edgar/data/67716/000006771614000123/0000067716-14-000123-index.html,https://www.sec.gov/Archives/edgar/data/67716/000006771614000123/mdu-9x30x2014form10xq.htm,1620594880,17:14:40,20210509
26,2014-06-30,MDU,USD,2014-08-08 00:00:00,2014-08-08 10:06:41,Q2,1094046000,842555000,251491000,0.22987241852719173,0.0,0.0,0.0,2777000.0,152557000,995112000,21516000.0,0.0,204540000,0.1869574039848416,98934000.0,0.09042947005884579,2480000.0,79898000.0,0.07302983603980089,27118000.0,54106000.0,0.04945495893225696,0.28165538781884436,0.28077841203943954,192100000,192700000,https://www.sec.gov/Archives/edgar/data/67716/000006771614000101/0000067716-14-000101-index.html,https://www.sec.gov/Archives/edgar/data/67716/000006771614000101/mdu-6x30x2014form10xq.htm,1620594880,17:14:40,20210509
27,2014-03-31,MDU,USD,2014-05-07 00:00:00,2014-05-07 10:52:51,Q1,1042853000,784671000,258182000,0.24757276433015968,0.0,0.0,0.0,2132000.0,155278000,939949000,20971000.0,0.0,204644000,0.1962347521654538,102904000.0,0.09867546049155537,2183000.0,84116000.0,0.08065949851033655,27932000.0,56662000.0,0.05433364050350337,0.29853530031612224,0.29759453781512607,189800000,190400000,https://www.sec.gov/Archives/edgar/data/67716/000006771614000043/0000067716-14-000043-index.html,https://www.sec.gov/Archives/edgar/data/67716/000006771614000043/mdu-3x31x2014form10xq.htm,1620594880,17:14:40,20210509
28,2013-12-31,MDU,USD,2014-02-21,2014-02-21 15:29:34,Q4,1184424000,896692000,287732000,0.24292989672617238,0.0,0.0,0.0,1765000.0,140615000,1037307000,20605000.0,0.0,247170000,0.20868371461571195,147117000.0,0.12420974245709307,2013000.0,128525000.0,0.10851266100653144,37177000.0,91449000.0,0.07720968166805131,0.4841132874536792,0.4818177028451001,188900000,189800000,https://www.sec.gov/Archives/edgar/data/67716/000006771614000029/mdu-12312013x10k.htm,https://www.sec.gov/Archives/edgar/data/67716/000006771614000029/mdu-12312013x10k.htm,1620594880,17:14:40,20210509
29,2013-09-30,MDU,USD,2013-11-07 00:00:00,2013-11-07 10:18:26,Q3,1285782000,990139000,295643000,0.2299324457800778,0.0,0.0,0.0,2326000.0,145770000,1135909000,21012000.0,0.0,252104000,0.19607056250593025,149873000.0,0.11656174997005714,2265000.0,131126000.0,0.10198151786228148,46576000.0,84456000.0,0.06568454061419432,0.45,0.44,188800000,189600000,https://www.sec.gov/Archives/edgar/data/67716/000006771613000125/0000067716-13-000125-index.html,https://www.sec.gov/Archives/edgar/data/67716/000006771613000125/mdu-9302013x10q.htm,1620594880,17:14:40,20210509
30,2013-06-30,MDU,USD,2013-08-07 00:00:00,2013-08-07 12:15:26,Q2,1060595000,826546000,234049000,0.2206770727751875,0.0,0.0,0.0,1436000.0,142671000,969217000,21427000.0,0.0,188096000,0.17734950664485502,91378000.0,0.08615729849754147,1429000.0,71380000.0,0.06730184471923778,24988000.0,46512000.0,0.043854628769700026,0.25,0.24,188800000,189500000,https://www.sec.gov/Archives/edgar/data/67716/000006771613000101/0000067716-13-000101-index.html,https://www.sec.gov/Archives/edgar/data/67716/000006771613000101/mduform10-q.htm,1620594880,17:14:40,20210509
31,2013-03-31,MDU,USD,2013-05-07 00:00:00,2013-05-07 12:08:51,Q1,931604000,680915000,250689000,0.26909394978982487,0.0,0.0,0.0,1242000.0,146158000,827073000,20874000.0,0.0,199023000,0.21363476326851324,104531000.0,0.11220540057792797,931000.0,84588000.0,0.09079823616042867,27996000.0,56515000.0,0.06066418778794423,0.29933792372881357,0.2987050739957717,188800000,189200000,https://www.sec.gov/Archives/edgar/data/67716/000006771613000050/0000067716-13-000050-index.html,https://www.sec.gov/Archives/edgar/data/67716/000006771613000050/mdu-3312013x10q.htm,1620594880,17:14:40,20210509
32,2012-12-31,MDU,USD,2013-02-28 00:00:00,2013-02-28 16:42:15,Q4,1081143000,2798794000,-1717651000,-1.5887361801352828,0.0,0.0,0.0,2600000.0,-1839822000,958972000,19770000.0,0.0,224468000,0.2076210085067378,122171000.0,0.11300170282747056,-223700000.0,-125349000.0,-0.11594118446865956,-55662000.0,-60987000.0,-0.056409744131904846,-0.32,-0.32,188800000,188800000,https://www.sec.gov/Archives/edgar/data/67716/000006771613000021/0000067716-13-000021-index.html,https://www.sec.gov/Archives/edgar/data/67716/000006771613000021/mduform10-k.htm,1620594880,17:14:40,20210509
33,2012-09-30,MDU,USD,2012-11-07 00:00:00,2012-11-07 09:19:37,Q3,1173518000,52833000,1120685000,0.954978960697663,0.0,0.0,0.0,0.0,994620000,1047453000,19840000.0,0.0,222006000,0.18917988475677408,126065000.0,0.10742485415647651,-157712000.0,-49785000.0,-0.04242372081212218,-20253000.0,-29671000.0,-0.025283804764818264,-0.16,-0.16,188800000,188800000,https://www.sec.gov/Archives/edgar/data/67716/000006771612000088/0000067716-12-000088-index.html,https://www.sec.gov/Archives/edgar/data/67716/000006771612000088/mduform10-q9302012.htm,1620594880,17:14:40,20210509
34,2012-06-30,MDU,USD,2012-08-07 00:00:00,2012-08-07 11:38:18,Q2,967962000,749668000,218294000,0.22551918360431505,0.0,0.0,0.0,0.0,126580000,876248000,17650000.0,0.0,175726000,0.18154225062554108,91714000.0,0.0947495872771865,1634000.0,75698000.0,0.07820348319458821,26691000.0,54113000.0,0.05590405408476779,0.2866154661016949,0.2861607615018509,188800000,189100000,https://www.sec.gov/Archives/edgar/data/67716/000006771612000071/0000067716-12-000071-index.html,https://www.sec.gov/Archives/edgar/data/67716/000006771612000071/mduform10q.htm,1620594880,17:14:40,20210509
35,2012-03-31,MDU,USD,2012-05-04,2012-05-04 10:00:11,Q1,852807000,648395000,204412000,0.2396931544886475,0.0,0.0,0.0,0.0,133355000,781750000,19439000.0,0.0,157690000,0.18490701882137459,71057000.0,0.0833213142012202,2351000.0,53969000.0,0.06328395522081784,18079000.0,35790000.0,0.041967291544276725,0.1895656779661017,0.18916490486257928,188800000,189200000,https://www.sec.gov/Archives/edgar/data/67716/000006771612000031/mdu123111-10k.htm,https://www.sec.gov/Archives/edgar/data/67716/000006771612000031/mdu123111-10k.htm,1620594880,17:14:40,20210509
36,2011-12-31,MDU,USD,2012-02-24 00:00:00,2012-02-24 10:12:39,Q4,1065749000,811305000,254444000,0.23874664672451018,0.0,0.0,0.0,0.0,127866000,939171000,19712000.0,0.0,222065000,0.20836519668327158,126578000.0,0.11876905350134037,-2657000.0,110729000.0,0.10389782209507116,36642000.0,61007000.0,0.05724330963482021,0.3231302966101695,0.3229592376919005,188800000,188900000,https://www.sec.gov/Archives/edgar/data/67716/000006771612000031/0000067716-12-000031-index.html,https://www.sec.gov/Archives/edgar/data/67716/000006771612000031/mdu123111-10k.htm,1620594880,17:14:40,20210509
37,2011-09-30,MDU,USD,2011-11-04 00:00:00,2011-11-04 09:25:48,Q3,1152181000,904453000,247728000,0.21500788504583915,0.0,0.0,0.0,0.0,128307000,1032760000,19589000.0,0.0,209144000,0.18152009102736463,119421000.0,0.1036477775627267,2108000.0,101940000.0,0.08847568220618114,37840000.0,63974000.0,0.05552426224699071,0.34,0.34,188800000,188800000,https://www.sec.gov/Archives/edgar/data/67716/000006771611000099/0000067716-11-000099-index.html,https://www.sec.gov/Archives/edgar/data/67716/000006771611000099/mduform10-q.htm,1620594880,17:14:40,20210509
38,2011-06-30,MDU,USD,2011-08-05 00:00:00,2011-08-05 11:01:08,Q2,930757000,722648000,208109000,0.22359111991636915,0.0,0.0,0.0,0.0,125806000,848454000,20036000.0,0.0,166542000,0.1789317727398236,82303000.0,0.08842587270361651,2857000.0,65124000.0,0.06996885330972531,19889000.0,45067000.0,0.048419727168315684,0.23870233050847459,0.23844973544973544,188800000,189000000,https://www.sec.gov/Archives/edgar/data/67716/000006771611000073/0000067716-11-000073-index.html,https://www.sec.gov/Archives/edgar/data/67716/000006771611000073/mduform10-q.htm,1620594880,17:14:40,20210509
39,2011-03-31,MDU,USD,2011-05-05 00:00:00,2011-05-05 10:37:49,Q1,901805000,689400000,212405000,0.23553318067653206,0.0,0.0,0.0,0.0,134339000,823739000,22017000.0,0.0,163224000,0.18099700046018818,78066000.0,0.0865663863030256,2384000.0,58433000.0,0.06479560437123325,15904000.0,42977000.0,0.047656644174738444,0.22775304716481187,0.22763241525423727,188700000,188800000,https://www.sec.gov/Archives/edgar/data/67716/000006771611000040/0000067716-11-000040-index.html,https://www.sec.gov/Archives/edgar/data/67716/000006771611000040/mduform10-q.htm,1620594880,17:14:40,20210509
40,2010-12-31,MDU,USD,2011-02-23,2011-02-23 09:47:25,Q4,1042551000,2579096000,-1536545000,-1.4738319756059894,0.0,0.0,0.0,0.0,-1666719000,912377000,21061000.0,0.0,237797000,0.22809147945759967,130174000.0,0.12486103797320228,24935000.0,134048000.0,0.12857692333516538,41747000.0,88940000.0,0.08530997524341735,0.47133015368309483,0.47133015368309483,188700000,188700000,https://www.sec.gov/Archives/edgar/data/67716/000006771611000021/mduform10-k2010.htm,https://www.sec.gov/Archives/edgar/data/67716/000006771611000021/mduform10-k2010.htm,1620594880,17:14:40,20210509
41,2010-09-30,MDU,USD,2010-11-03 00:00:00,2010-11-03 12:09:52,Q3,1125923000,66526000,1059397000,0.9409142543495426,0.0,0.0,0.0,0.0,950435000,1016961000,20944000.0,0.0,196331000,0.1743733807729303,108962000.0,0.09677571201583057,4268000.0,92286000.0,0.08196475247419228,31276000.0,61010000.0,0.054186653971896835,0.3241764080765143,0.3240042485395645,188200000,188300000,https://www.sec.gov/Archives/edgar/data/67716/000006771610000097/0000067716-10-000097-index.html,https://www.sec.gov/Archives/edgar/data/67716/000006771610000097/mduform10-q.htm,1620594880,17:14:40,20210509
42,2010-06-30,MDU,USD,2010-08-06 00:00:00,2010-08-06 09:16:24,Q2,906444000,110547000,795897000,0.878043210612018,0.0,0.0,0.0,0.0,707235000,817782000,20490000.0,0.0,172469000,0.1902698898111742,88662000.0,0.09781299230840515,4946000.0,73118000.0,0.08066466323347057,24180000.0,48938000.0,0.05398899435596683,0.26017012227538544,0.2598937865108869,188100000,188300000,https://www.sec.gov/Archives/edgar/data/67716/000006771610000068/0000067716-10-000068-index.html,https://www.sec.gov/Archives/edgar/data/67716/000006771610000068/mduform10-q.htm,1620594880,17:14:40,20210509
43,2010-03-31,MDU,USD,2010-05-05 00:00:00,2010-05-05 09:33:52,Q1,834777000,250602000,584175000,0.6997976705155988,0.0,0.0,0.0,0.0,501246000,751848000,20516000.0,0.0,163790000,0.196208089106432,82929000.0,0.09934269870875695,4685000.0,67098000.0,0.08037835254205614,25326000.0,41772000.0,0.05003971120430965,0.22219148936170213,0.22195536663124335,188000000,188200000,https://www.sec.gov/Archives/edgar/data/67716/000006771610000047/0000067716-10-000047-index.html,https://www.sec.gov/Archives/edgar/data/67716/000006771610000047/mduform10-q.htm,1620594880,17:14:40,20210509
44,2009-12-31,MDU,USD,2010-02-17 00:00:00,2010-02-17 09:44:36,Q4,1016529000,235815000,780714000,0.7680194072180921,0.0,0.0,0.0,0.0,653230000,889045000,21399000.0,0.0,207130000,0.20376201761090929,127484000.0,0.1254110802544738,4600000.0,110685000.0,0.10888523593522664,38051000.0,72634000.0,0.07145295412132856,0.38635106382978723,0.38635106382978723,188000000,188000000,https://www.sec.gov/Archives/edgar/data/67716/000006771610000030/0000067716-10-000030-index.html,https://www.sec.gov/Archives/edgar/data/67716/000006771610000030/mduform10-k2009.htm,1620594880,17:14:40,20210509
45,2009-09-30,MDU,USD,2009-11-05 00:00:00,2009-11-05 09:25:56,Q3,1107927000,72786000,1035141000,0.9343043359354903,0.0,0.0,0.0,0.0,874868000,947654000,20945000.0,0.0,242110000,0.21852522774514926,160273000.0,0.1446602528866974,5213000.0,144541000.0,0.13046076140395532,51957000.0,92584000.0,0.08356507242805708,0.5000216029379996,0.49930699743831736,185160000,185425000,https://www.sec.gov/Archives/edgar/data/67716/000006771609000130/0000067716-09-000130-index.html,https://www.sec.gov/Archives/edgar/data/67716/000006771609000130/mduform10-q.htm,1620594880,17:14:40,20210509
46,2009-06-30,MDU,USD,2009-08-07 00:00:00,2009-08-07 09:23:40,Q2,958040000,121567000,836473000,0.87310863847021,0.0,0.0,0.0,0.0,736408000,857975000,20759000.0,0.0,185027000,0.19313076698258946,100065000.0,0.10444762222871697,2078000.0,83819000.0,0.0874900839213394,28508000.0,55311000.0,0.05773349755751326,0.30066208606031614,0.2999544463605896,183964000,184398000,https://www.sec.gov/Archives/edgar/data/67716/000006771609000112/0000067716-09-000112-index.html,https://www.sec.gov/Archives/edgar/data/67716/000006771609000112/mduform10-q.htm,1620594880,17:14:40,20210509
47,2009-03-31,MDU,USD,2009-05-06 00:00:00,2009-05-06 11:56:08,Q1,1094005000,375227000,718778000,0.657015278723589,0.0,0.0,0.0,0.0,639697000,1014924000,20997000.0,0.0,174113000,0.15915192343727863,79081000.0,0.07228577565916061,-616494000.0,-558410000.0,-0.5104272832391077,-214607000.0,-343803000.0,-0.31426090374358434,-1.87,-1.87,183787000,183787000,https://www.sec.gov/Archives/edgar/data/67716/000006771609000068/0000067716-09-000068-index.html,https://www.sec.gov/Archives/edgar/data/67716/000006771609000068/form10q.htm,1620594880,17:14:40,20210509
48,2008-12-31,MDU,USD,2009-02-13 00:00:00,2009-02-13 11:57:14,Q4,1295765000,561913000,733852000,0.5663465211670327,0.0,0.0,0.0,0.0,751175000,1313088000,0.0,0.0,75576000,0.05832539079231188,-17323000.0,-0.01336893649697283,2986000.0,-38102000.0,-0.02940502328740165,-26835000.0,-11267000.0,-0.00869524952441222,-0.061304662462524556,-0.061304662462524556,183787000,183787000,https://www.sec.gov/Archives/edgar/data/67716/000006771609000026/0000067716-09-000026-index.html,https://www.sec.gov/Archives/edgar/data/67716/000006771609000026/mduform10-k2008.htm,1620594880,17:14:40,20210509
49,2008-09-30,MDU,USD,2008-11-05 00:00:00,2008-11-05 10:17:57,Q3,1333834000,85194000,1248640000,0.9361284837543502,0.0,0.0,0.0,0.0,1045343000,1130537000,0.0,0.0,294261000,0.22061290985235044,203297000.0,0.15241551797300112,2262000.0,185638000.0,0.13917623932213455,67256000.0,118382000.0,0.0887531731834696,0.65,0.64,183219000,184081000,https://www.sec.gov/Archives/edgar/data/67716/000006771608000191/0000067716-08-000191-index.html,https://www.sec.gov/Archives/edgar/data/67716/000006771608000191/form_10q.htm,1620594880,17:14:40,20210509
50,2008-06-30,MDU,USD,2008-08-07 00:00:00,2008-08-07 14:33:20,Q2,1251772000,160778000,1090994000,0.8715596770018821,0.0,0.0,0.0,0.0,892503000,1053281000,0.0,0.0,286167000,0.22860952313999675,198491000.0,0.15856801398337717,2002000.0,181307000.0,0.14484027442697234,65800000.0,115507000.0,0.09227479125591562,0.6312823820038038,0.6286882167563831,182972000,183727000,https://www.sec.gov/Archives/edgar/data/67716/000006771608000176/0000067716-08-000176-index.html,https://www.sec.gov/Archives/edgar/data/67716/000006771608000176/form_10-q.htm,1620594880,17:14:40,20210509
51,2008-06-15,MDU,USD,2008-08-07 00:00:00,2008-08-07 14:33:20,Q2,1251772000,15717000,1236055000,0.9874441991033511,0.0,0.0,0.0,963603000.0,963603000,979320000,-19186000.0,89678000.0,288169000,0.23020885592583953,198491000.0,0.15856801398337717,53519000.0,181307000.0,0.14484027442697234,0.0,115507000.0,0.09227479125591562,0.63257,0.63257,182599000,182599000,https://www.sec.gov/Archives/edgar/data/67716/000006771608000176/0000067716-08-000176-index.html,https://www.sec.gov/Archives/edgar/data/67716/000006771608000176/form_10-q.htm,1620594880,17:14:40,20210509
52,2008-03-31,MDU,USD,2008-05-06 00:00:00,2008-05-06 12:34:55,Q1,1121907000,18778000,1103129000,0.9832624272778403,0.0,0.0,0.0,0.0,975557000,994335000,0.0,0.0,211413000,0.18844075311055195,127572000.0,0.11370995991646367,3390000.0,112306000.0,0.10010277144183966,41255000.0,71051000.0,0.06333056126755604,0.3891094693837316,0.3879812155299514,182599000,183130000,https://www.sec.gov/Archives/edgar/data/67716/000006771608000089/0000067716-08-000089-index.html,https://www.sec.gov/Archives/edgar/data/67716/000006771608000089/form10q.htm,1620594880,17:14:40,20210509
53,2007-12-31,MDU,USD,2008-02-20,2008-02-20 10:15:23,Q4,1232730000,409653000,823077000,0.6676863546762065,0.0,0.0,0.0,0.0,666867000,1076520000,0.0,0.0,235506000,0.19104426760117788,156210000.0,0.12671874619746418,4390000.0,142291000.0,0.11542754698920282,47444000.0,94722000.0,0.07683921053272005,0.5187432570824594,0.5187432570824594,182599000,182599000,https://www.sec.gov/Archives/edgar/data/67716/000006771608000048/mdu10k.htm,https://www.sec.gov/Archives/edgar/data/67716/000006771608000048/mdu10k.htm,1620594880,17:14:40,20210509
54,2007-09-30,MDU,USD,2007-11-08 00:00:00,2007-11-08 11:02:42,Q3,1245310000,81218000,1164092000,0.9347808979290297,0.0,0.0,0.0,0.0,984936000,1066154000,0.0,0.0,242318000,0.19458448097260922,179156000.0,0.14386457990379906,15238000.0,175320000.0,0.140784222402454,70823000.0,201262000.0,0.16161598316884954,1.104669798893475,1.0987656342980057,182192000,183171000,https://www.sec.gov/Archives/edgar/data/67716/000006771607000159/0000067716-07-000159-index.html,https://www.sec.gov/Archives/edgar/data/67716/000006771607000159/form10q.htm,1620594880,17:14:40,20210509
55,2007-06-30,MDU,USD,2007-08-08 00:00:00,2007-08-08 11:07:23,Q2,982365000,55783000,926582000,0.9432156072335639,0.0,0.0,0.0,0.0,783797000,839580000,0.0,0.0,207916000,0.2116484198846661,142785000.0,0.1453482157853751,4913000.0,130220000.0,0.13255765423238816,48184000.0,89475000.0,0.09108121726649464,0.49203451252976405,0.48961399975922865,181847000,182746000,https://www.sec.gov/Archives/edgar/data/67716/000006771607000139/0000067716-07-000139-index.html,https://www.sec.gov/Archives/edgar/data/67716/000006771607000139/mdu2qtr10q.htm,1620594880,17:14:40,20210509
56,2007-03-31,MDU,USD,2007-05-08 00:00:00,2007-05-08 14:44:49,Q1,787491000,17118000,770373000,0.9782626087155282,0.0,0.0,0.0,0.0,691404000,708522000,0.0,0.0,145385000,0.184617982935678,78969000.0,0.10027924128656708,3386000.0,64979000.0,0.0825139588896889,23572000.0,46662000.0,0.059254010522025016,0.26,0.25,181341000,182337000,https://www.sec.gov/Archives/edgar/data/67716/000006771607000097/0000067716-07-000097-index.html,https://www.sec.gov/Archives/edgar/data/67716/000006771607000097/mdu1stqtr10q.htm,1620594880,17:14:40,20210509
57,2006-12-31,MDU,USD,2007-02-21,2007-02-21 13:11:13,Q4,1092113000,91815000,1000298000,0.9159290293220573,0.0,0.0,0.0,0.0,868909000,960724000,0.0,0.0,195013000,0.17856485546825282,131389000.0,0.12030714770358013,4284000.0,116980000.0,0.10711345803959847,34447000.0,82581000.0,0.07561580166154967,0.45539067282081824,0.45539067282081824,181341000,181341000,https://www.sec.gov/Archives/edgar/data/67716/000006771607000045/mdu200610k.htm,https://www.sec.gov/Archives/edgar/data/67716/000006771607000045/mdu200610k.htm,1620594880,17:14:40,20210509
58,2006-09-30,MDU,USD,2006-11-03,2006-11-03 15:36:15,Q3,1190636000,49375000,1141261000,0.9585305668567051,0.0,0.0,0.0,0.0,956699000,1006074000,0.0,0.0,248543000,0.20874809765537075,184562000.0,0.15501127128694245,7331000.0,171653000.0,0.14416916673105803,61555000.0,108487000.0,0.09111684847426081,0.6017327542694866,0.5983607913649225,180291000,181307000,https://www.sec.gov/Archives/edgar/data/67716/000006771606000146/mdu3rdqtr10q.htm,https://www.sec.gov/Archives/edgar/data/67716/000006771606000146/mdu3rdqtr10q.htm,1620594880,17:14:40,20210509
59,2006-06-30,MDU,USD,2006-08-04,2006-08-04 11:01:49,Q2,973783000,56233000,917550000,0.9422530481637079,0.0,0.0,0.0,0.0,793151000,849384000,0.0,0.0,187692000,0.19274520093285671,124399000.0,0.1277481738744669,5812000.0,111052000.0,0.11404183478249261,39610000.0,71442000.0,0.07336542124888194,0.4,0.39,179911000,181107000,https://www.sec.gov/Archives/edgar/data/67716/000006771606000133/mdu2ndqtr10q.htm,https://www.sec.gov/Archives/edgar/data/67716/000006771606000133/mdu2ndqtr10q.htm,1620594880,17:14:40,20210509
60,2006-03-31,MDU,USD,2006-05-05,2006-05-05 10:19:38,Q1,815294000,143333000,671961000,0.824194707676004,0.0,0.0,0.0,0.0,580860000,724193000,0.0,0.0,148878000,0.18260651985664067,91101000.0,0.11174005941414998,5600000.0,82617000.0,0.10133399730649312,29371000.0,53246000.0,0.06530895603303839,0.29610227835149006,0.2943150098112373,179823000,180915000,https://www.sec.gov/Archives/edgar/data/67716/000006771606000058/mdu200510k.htm,https://www.sec.gov/Archives/edgar/data/67716/000006771606000058/mdu200510k.htm,1620594880,17:14:40,20210509
61,2005-12-31,MDU,USD,2006-02-22,2006-02-22 13:40:31,Q4,1014085000,152355000,861730000,0.8497611146994581,0.0,0.0,0.0,0.0,741936000,894291000,0.0,0.0,178783000,0.17629981707647782,119794000.0,0.11813013702007229,4661000.0,110271000.0,0.10873940547390011,37004000.0,73267000.0,0.07224936765655739,0.40743953776769376,0.40743953776769376,179823000,179823000,https://www.sec.gov/Archives/edgar/data/67716/000006771606000058/mdu200510k.htm,https://www.sec.gov/Archives/edgar/data/67716/000006771606000058/mdu200510k.htm,1620594880,17:14:40,20210509
62,2005-09-30,MDU,USD,2005-09-30,2005-09-30,Q3,1066862000,49521000,1017341000,0.9535825626932068,0.0,0.0,0.0,0.0,867746000,917267000,0.0,0.0,206624000,0.1936745333510801,149595000.0,0.140219634779381,3551000.0,138939000.0,0.13023146386318005,51716000.0,87223000.0,0.0817565908243053,0.486667,0.48,179428500,180583500,,,1620594880,17:14:40,20210509
63,2005-06-30,MDU,USD,2005-08-03,2005-08-03,Q2,770172000,61220000,708952000,0.9205112624193037,0.0,0.0,0.0,0.0,595428000,656648000,0.0,0.0,148203000,0.19242844455524222,113524000.0,0.14740084033177003,16909000.0,117091000.0,0.1520322733103774,36918000.0,80173000.0,0.10409752626685988,0.453333,0.446667,177522000,178555500,https://www.sec.gov/Archives/edgar/data/67716/000006771605000129/0000067716-05-000129-index.htm,https://www.sec.gov/Archives/edgar/data/67716/000006771605000129/mdu10q605.txt,1620594880,17:14:40,20210509
64,2005-03-31,MDU,USD,2005-03-31,2005-03-31,Q1,604295000,129685000,474610000,0.7853945506747533,0.0,0.0,0.0,0.0,409497000,539182000,0.0,0.0,115487000,0.19111030208755658,65113000.0,0.10775035371796887,2465000.0,54561000.0,0.09028868350722744,20141000.0,34420000.0,0.056958935619192616,0.19474879837954515,0.19319766838142227,176740500,178159500,,,1620594880,17:14:40,20210509
65,2004-12-31,MDU,USD,2005-02-23,2005-02-23,Q4,745899000,106869000,639030000,0.8567245699484782,0.0,0.0,0.0,0.0,561642000,668511000,0.0,0.0,119275000,0.15990770868441975,77388000.0,0.10375131217497276,12470000.0,76205000.0,0.10216530656295289,23067000.0,53138000.0,0.07124020812469249,0.3006554807754872,0.3006554807754872,176740500,176740500,https://www.sec.gov/Archives/edgar/data/67716/000006771605000048/0000067716-05-000048-index.htm,https://www.sec.gov/Archives/edgar/data/67716/000006771605000048/mdu10k2004.txt,1620594880,17:14:40,20210509
66,2004-09-30,MDU,USD,2004-09-30,2004-09-30,Q3,804598000,40300000,764298000,0.9499128757466462,0.0,0.0,0.0,0.0,649722000,690022000,0.0,0.0,156764000,0.1948351847755028,114576000.0,0.1424015471079968,10927000.0,111218000.0,0.13822803437244438,39499000.0,71719000.0,0.08913643832075148,0.406667,0.4,175663500,177417000,,,1620594880,17:14:40,20210509
67,2004-06-30,MDU,USD,2004-06-30,2004-06-30,Q2,653301000,55904000,597397000,0.9144284181411019,0.0,0.0,0.0,0.0,512666000,568570000,0.0,0.0,126948000,0.19431778001258226,84731000.0,0.12969672478688996,9570000.0,78648000.0,0.12038554969302052,20018000.0,58630000.0,0.08974423734235827,0.33533804053455046,0.33246290767533976,174838500,176350500,,,1620594880,17:14:40,20210509
68,2004-03-31,MDU,USD,2004-03-31,2004-03-31,Q1,515459000,111469000,403990000,0.7837480769566542,0.0,0.0,0.0,0.0,359967000,471436000,0.0,0.0,88741000,0.1721591823986001,44023000.0,0.08540543476784769,4793000.0,34970000.0,0.06784244721694645,11390000.0,23580000.0,0.045745636413371385,0.1371033857210138,0.13585805771374743,171987000,173563500,,,1620594880,17:14:40,20210509
69,2003-12-31,MDU,USD,2003-12-31,2003-12-31,Q4,620118000,77762000,542356000,0.8746012855617802,0.0,0.0,0.0,0.0,473583000,551345000,0.0,0.0,107302000,0.17303480950399763,68773000.0,0.11090308618682251,11083000.0,66345000.0,0.10698770234052228,20123000.0,46222000.0,0.07453742674781251,0.2687528708565182,0.2687528708565182,171987000,171987000,,,1620594880,17:14:40,20210509
70,2003-09-30,MDU,USD,2003-11-13 00:00:00,2003-11-13 14:38:02,Q3,716100000,36046000,680054000,0.9496634548247451,0.0,0.0,0.0,0.0,564387000,600433000,0.0,0.0,160925000,0.22472420053065215,115667000.0,0.16152353023320765,2491000.0,104553000.0,0.14600335148722246,39032000.0,65521000.0,0.09149699762602988,0.3887598382565408,0.38529979065227105,168538500,170052000,https://www.sec.gov/Archives/edgar/data/67716/000006771603000065/0000067716-03-000065-index.html,https://www.sec.gov/Archives/edgar/data/67716/000006771603000065/mdu10q903.txt,1620594880,17:14:40,20210509
71,2003-06-30,MDU,USD,2003-06-30,2003-06-30,Q2,548219000,40887000,507332000,0.9254184915152521,0.0,0.0,0.0,0.0,432647000,473534000,0.0,0.0,116647000,0.21277445692323688,74685000.0,0.13623205324879292,4949000.0,66814000.0,0.12187465228312043,23341000.0,43473000.0,0.07929860147130982,0.262222,0.257778,165901500,167298750,,,1620594880,17:14:40,20210509
72,2003-03-31,MDU,USD,2003-03-31,2003-03-31,Q1,467753000,91513000,376240000,0.8043561452304956,0.0,0.0,0.0,0.0,323293000,414806000,0.0,0.0,93327000,0.1995219699285734,52947000.0,0.11319435685073105,3685000.0,43773000.0,0.09358144148728068,16076000.0,20108000.0,0.042988500340991935,0.12151427526838834,0.12066603957291615,165478500,166641750,,,1620594880,17:14:40,20210509
73,2002-12-31,MDU,USD,2003-02-28,2003-02-28,Q4,556987000,46850000,510137000,0.9158867262611156,0.0,0.0,0.0,0.0,431183000,478033000,0.0,0.0,120536000,0.21640720519509432,78954000.0,0.1417519618949814,1843000.0,69035000.0,0.12394364679965601,23097000.0,45938000.0,0.08247589261508796,0.27760706073598684,0.27760706073598684,165478500,165478500,https://www.sec.gov/Archives/edgar/data/67716/000006771603000011/0000067716-03-000011-index.htm,https://www.sec.gov/Archives/edgar/data/67716/000006771603000011/mdu10k2002.txt,1620594880,17:14:40,20210509
74,2002-09-30,MDU,USD,2002-09-30,2002-09-30,Q3,612398000,19144000,593254000,0.968739283929732,0.0,0.0,0.0,0.0,503083000,522227000,0.0,0.0,123850000,0.20223776041071329,90171000.0,0.1472424795639437,6910000.0,85350000.0,0.1393701481716139,31419000.0,53931000.0,0.0880652778095291,0.337778,0.333333,159576750,160524000,,,1620594880,17:14:40,20210509
75,2002-06-30,MDU,USD,2002-08-13 00:00:00,2002-08-13 15:11:49,Q2,480218000,32905000,447313000,0.9314790366042089,0.0,0.0,0.0,0.0,396118000,429023000,0.0,0.0,87810000,0.18285445360232228,51195000.0,0.10660783227617457,1230000.0,41448000.0,0.08631080051143439,16595000.0,24853000.0,0.05175357858306019,0.15677554470560034,0.15551519531696084,158526000,159810750,https://www.sec.gov/Archives/edgar/data/67716/000006771602000058/0000067716-02-000058-index.html,https://www.sec.gov/Archives/edgar/data/67716/000006771602000058/mdu10q602.txt,1620594880,17:14:40,20210509
76,2002-03-31,MDU,USD,2002-05-14 00:00:00,2002-05-14 10:03:15,Q1,381935000,49639000,332296000,0.8700328589943315,0.0,0.0,0.0,0.0,286499000,336138000,0.0,0.0,78309000,0.20503226988885542,45797000.0,0.1199078377210782,3591000.0,38842000.0,0.10169793289434066,15120000.0,23722000.0,0.062110044902928506,0.15176713514101414,0.1505879066903448,156305250,157529250,https://www.sec.gov/Archives/edgar/data/67716/000006771602000045/0000067716-02-000045-index.html,https://www.sec.gov/Archives/edgar/data/67716/000006771602000045/mdu10q302.txt,1620594880,17:14:40,20210509
77,2001-12-31,MDU,USD,2002-03-01 00:00:00,2002-03-01 00:00:00,Q4,484287000,41652000,442635000,0.9139931486907557,0.0,0.0,0.0,0.0,396474000,438126000,0.0,0.0,72936000,0.1506049098984693,46161000.0,0.09531744605987771,10405000.0,44838000.0,0.09258559490550025,15839000.0,28999000.0,0.059879782030077204,0.18552799730015468,0.18552799730015468,156305250,156305250,https://www.sec.gov/Archives/edgar/data/67716/000006771602000023/0000067716-02-000023-index.html,https://www.sec.gov/Archives/edgar/data/67716/000006771602000023/mdu10k.txt,1620594880,17:14:40,20210509
78,2001-09-30,MDU,USD,2001-10-26 00:00:00,2001-10-26 00:00:00,Q3,551680000,51822000,499858000,0.9060651102088167,0.0,0.0,0.0,0.0,406619000,458441000,0.0,0.0,127590000,0.2312753770301624,93239000.0,0.16900920823665894,1855000.0,83635000.0,0.15160056554524362,32889000.0,50746000.0,0.09198448375870069,0.333333,0.328889,152212500,153285750,https://www.sec.gov/Archives/edgar/data/67716/000006771601500066/0000067716-01-500066-index.html,https://www.sec.gov/Archives/edgar/data/67716/000006771601500066/third10q.txt,1620594880,17:14:40,20210509
79,2001-06-30,MDU,USD,2001-08-13 00:00:00,2001-08-13 00:00:00,Q2,546418000,154416000,392002000,0.7174031602180017,0.0,0.0,0.0,0.0,321655000,476071000,0.0,0.0,92621000,0.16950576298731007,70347000.0,0.12874209853994562,12202000.0,71551000.0,0.13094553986142476,28134000.0,43417000.0,0.07945748492912019,0.284444,0.28,151344000,153846000,https://www.sec.gov/Archives/edgar/data/67716/000006771601500051/0000067716-01-500051-index.html,https://www.sec.gov/Archives/edgar/data/67716/000006771601500051/secondqtr10q.txt,1620594880,17:14:40,20210509
80,2001-03-31,MDU,USD,2001-05-14 00:00:00,2001-05-14 00:00:00,Q1,641248000,338859000,302389000,0.4715632641349369,0.0,0.0,0.0,0.0,238868000,577727000,0.0,0.0,93259000,0.14543359199560857,63521000.0,0.09905839862268576,2358000.0,54165000.0,0.08446809970557413,21478000.0,32687000.0,0.05097403812565497,0.222222,0.217778,147161250,148452750,https://www.sec.gov/Archives/edgar/data/67716/000006771601500035/0000067716-01-500035-index.html,https://www.sec.gov/Archives/edgar/data/67716/000006771601500035/q10.txt,1620594880,17:14:40,20210509
81,2000-12-31,MDU,USD,2001-03-02 00:00:00,2001-03-02 00:00:00,Q4,607869000,258882000,348987000,0.574115475538315,0.0,0.0,0.0,0.0,278531000,537413000,0.0,0.0,103114000,0.16963194372471702,70456000.0,0.11590655223411624,3100000.0,60062000.0,0.09880747332073193,23517000.0,36545000.0,0.06011986135170571,0.24833303604039786,0.24833303604039786,147161250,147161250,https://www.sec.gov/Archives/edgar/data/67716/000006771601500013/0000067716-01-500013-index.html,https://www.sec.gov/Archives/edgar/data/67716/000006771601500013/k10.txt,1620594880,17:14:40,20210509
82,2000-09-30,MDU,USD,2000-11-13 00:00:00,2000-11-13 00:00:00,Q3,530834000,136531000,394303000,0.7427990671283301,0.0,0.0,0.0,0.0,318280000,454811000,0.0,0.0,102762000,0.19358594212126579,76023000.0,0.14321426283923033,1947000.0,64637000.0,0.12176499621350555,24645000.0,39992000.0,0.07533805295063993,0.2822425124608531,0.2805939256803571,141693750,142526250,https://www.sec.gov/Archives/edgar/data/67716/000006771600500017/0000067716-00-500017-index.html,https://www.sec.gov/Archives/edgar/data/67716/000006771600500017/thirdqtr10q.txt,1620594880,17:14:40,20210509
83,2000-06-30,MDU,USD,2000-08-11 00:00:00,2000-08-11 00:00:00,Q2,362979000,106809000,256170000,0.7057433074640682,0.0,0.0,0.0,0.0,215091000,321900000,0.0,0.0,61078000,0.16826868772022624,41079000.0,0.11317183638722901,4307000.0,34462000.0,0.09494213163846944,13336000.0,21126000.0,0.05820171414875241,0.1565228021626908,0.1559379082796342,134970750,135477000,https://www.sec.gov/Archives/edgar/data/67716/000006771600000022/0000067716-00-000022-index.html,https://www.sec.gov/Archives/edgar/data/67716/000006771600000022/0000067716-00-000022-0001.txt,1620594880,17:14:40,20210509
84,2000-03-31,MDU,USD,2000-05-11 00:00:00,2000-05-11 00:00:00,Q1,371989000,186169000,185820000,0.49953090010726126,0.0,0.0,0.0,0.0,156390000,342559000,0.0,0.0,49201000,0.13226466374005683,29430000.0,0.07911524265502475,2368000.0,21517000.0,0.05784310826395404,8153000.0,13364000.0,0.03592579350464664,0.10410957836945112,0.10386017268580044,128364750,128673000,https://www.sec.gov/Archives/edgar/data/67716/000006771600000015/0000067716-00-000015-index.html,https://www.sec.gov/Archives/edgar/data/67716/0000067716-00-000015.txt,1620594880,17:14:40,20210509
85,1999-12-31,MDU,USD,1999-12-31,1999-12-31,Q4,355000000,114300000,240700000,0.6780281690140845,0.0,0.0,0.0,0.0,196000000,310300000,0.0,0.0,62900000,0.1771830985915493,44700000.0,0.12591549295774648,2600000.0,37700000.0,0.10619718309859155,13200000.0,24500000.0,0.06901408450704226,0.19086236681020297,0.19086236681020297,128364750,128364750,,,1620594880,17:14:40,20210509
86,1999-09-30,MDU,USD,1999-11-12 00:00:00,1999-11-12 00:00:00,Q3,375500000,98400000,277100000,0.7379494007989348,0.0,0.0,0.0,0.0,223100000,321500000,0.0,0.0,72600000,0.1933422103861518,54000000.0,0.14380825565912117,2200000.0,47100000.0,0.12543275632490014,18000000.0,29100000.0,0.07749667110519308,0.235438,0.230995,122749938,125110933,https://www.sec.gov/Archives/edgar/data/67716/000006771699000051/0000067716-99-000051-index.html,https://www.sec.gov/Archives/edgar/data/67716/0000067716-99-000051.txt,1620594880,17:14:40,20210509
87,1999-06-30,MDU,USD,1999-08-09 00:00:00,1999-08-09 00:00:00,Q2,290300000,84300000,206000000,0.7096107475025836,0.0,0.0,0.0,0.0,170500000,254800000,0.0,0.0,54400000,0.18739235273854632,35500000.0,0.12228728901136755,1100000.0,28300000.0,0.0974853599724423,10500000.0,17800000.0,0.061315880124009646,0.146593,0.146593,120060303,120060303,https://www.sec.gov/Archives/edgar/data/67716/000006771699000034/0000067716-99-000034-index.html,https://www.sec.gov/Archives/edgar/data/67716/0000067716-99-000034.txt,1620594880,17:14:40,20210509
88,1999-03-31,MDU,USD,1999-05-13 00:00:00,1999-05-13 00:00:00,Q1,259000000,104200000,154800000,0.5976833976833977,0.0,0.0,0.0,0.0,129300000,233500000,0.0,0.0,41800000,0.1613899613899614,25500000.0,0.09845559845559845,3800000.0,20400000.0,0.07876447876447877,7700000.0,12700000.0,0.04903474903474903,0.106613,0.102171,117246490,122343914,https://www.sec.gov/Archives/edgar/data/67716/000006771699000029/0000067716-99-000029-index.html,https://www.sec.gov/Archives/edgar/data/67716/0000067716-99-000029.txt,1620594880,17:14:40,20210509
89,1998-12-31,MDU,USD,1998-12-31,1998-12-31,Q4,276900000,89600000,187300000,0.6764174792343807,0.0,0.0,0.0,0.0,184500000,274100000,0.0,0.0,18900000,0.06825568797399784,2800000.0,0.010111953773925604,4500000.0,-600000.0,-0.0021668472372697724,-200000.0,-400000.0,-0.001444564824846515,-0.0034116159895277035,-0.0034116159895277035,117246490,117246490,,,1620594880,17:14:40,20210509
90,1998-09-30,MDU,USD,1998-11-12 00:00:00,1998-11-12 00:00:00,Q3,269900000,51300000,218600000,0.8099296035568729,0.0,0.0,0.0,0.0,175900000,227200000,0.0,0.0,61500000,0.22786217117450908,42700000.0,0.15820674323823639,1200000.0,35800000.0,0.13264171915524267,13300000.0,22500000.0,0.08336420896628381,0.186573,0.186573,119524261,119524261,https://www.sec.gov/Archives/edgar/data/67716/000006771698000041/0000067716-98-000041-index.html,https://www.sec.gov/Archives/edgar/data/67716/0000067716-98-000041.txt,1620594880,17:14:40,20210509
91,1998-06-30,MDU,USD,1998-08-13 00:00:00,1998-08-13 00:00:00,Q2,179700000,23700000,156000000,0.8681135225375626,0.0,0.0,0.0,0.0,162600000,186300000,0.0,0.0,10200000,0.05676126878130217,-6600000.0,-0.03672787979966611,2600000.0,-11300000.0,-0.06288258208124652,-5500000.0,-5800000.0,-0.032276015581524764,-0.053307,-0.053307,112555574,112555574,https://www.sec.gov/Archives/edgar/data/67716/000006771698000037/0000067716-98-000037-index.html,https://www.sec.gov/Archives/edgar/data/67716/0000067716-98-000037.txt,1620594880,17:14:40,20210509
92,1998-03-31,MDU,USD,1998-05-12 00:00:00,1998-05-12 00:00:00,Q1,170100000,44000000,126100000,0.7413286302175192,0.0,0.0,0.0,0.0,93900000,137900000,0.0,0.0,47400000,0.2786596119929453,32200000.0,0.18930041152263374,2600000.0,27700000.0,0.1628453850676073,9900000.0,17800000.0,0.10464432686654909,0.173247,0.173247,101589061,101589061,https://www.sec.gov/Archives/edgar/data/67716/000006771698000022/0000067716-98-000022-index.html,https://www.sec.gov/Archives/edgar/data/67716/0000067716-98-000022.txt,1620594880,17:14:40,20210509
93,1997-12-31,MDU,USD,1997-12-31,1997-12-31,Q4,178800000,42100000,136700000,0.7645413870246085,0.0,0.0,0.0,0.0,103600000,145700000,0.0,0.0,51000000,0.28523489932885904,33100000.0,0.18512304250559283,1000000.0,26000000.0,0.14541387024608501,8900000.0,17100000.0,0.09563758389261745,0.16832520973887138,0.16832520973887138,101589061,101589061,,,1620594880,17:14:40,20210509
94,1997-09-30,MDU,USD,1997-11-12 00:00:00,1997-11-12 00:00:00,Q3,163700000,21100000,142600000,0.8711056811240073,0.0,0.0,0.0,0.0,113600000,134700000,0.0,0.0,44500000,0.27183872938301773,29000000.0,0.177153329260843,1400000.0,22600000.0,0.13805742211362249,8400000.0,14200000.0,0.08674404398289554,0.142151,0.142151,98486820,98486820,https://www.sec.gov/Archives/edgar/data/67716/000006771697000046/0000067716-97-000046-index.html,https://www.sec.gov/Archives/edgar/data/67716/0000067716-97-000046.txt,1620594880,17:14:40,20210509
95,1997-06-30,MDU,USD,1997-08-12 00:00:00,1997-08-12 00:00:00,Q2,125500000,26300000,99200000,0.7904382470119522,0.0,0.0,0.0,0.0,80600000,106900000,0.0,0.0,31000000,0.24701195219123506,18600000.0,0.14820717131474104,2000000.0,13400000.0,0.10677290836653386,4700000.0,8700000.0,0.06932270916334661,0.088844,0.088844,95673315,95673315,https://www.sec.gov/Archives/edgar/data/67716/000006771697000035/0000067716-97-000035-index.html,https://www.sec.gov/Archives/edgar/data/67716/0000067716-97-000035.txt,1620594880,17:14:40,20210509
96,1997-03-31,MDU,USD,1997-05-15 00:00:00,1997-05-15 00:00:00,Q1,139900000,33200000,106700000,0.7626876340243031,0.0,0.0,0.0,0.0,75800000,109000000,0.0,0.0,47100000,0.33666904932094355,30900000.0,0.22087205146533237,-500000.0,23200000.0,0.1658327376697641,8600000.0,14600000.0,0.1043602573266619,0.146593,0.146593,98231157,98231157,https://www.sec.gov/Archives/edgar/data/67716/000006771697000015/0000067716-97-000015-index.html,https://www.sec.gov/Archives/edgar/data/67716/0000067716-97-000015.txt,1620594880,17:14:40,20210509
97,1996-12-31,MDU,USD,1997-02-28 00:00:00,1997-02-28 00:00:00,Q4,144200000,29400000,114800000,0.7961165048543689,0.0,0.0,0.0,0.0,82500000,111900000,0.0,0.0,49500000,0.3432732316227462,32300000.0,0.22399445214979197,-500000.0,24600000.0,0.17059639389736478,9300000.0,15300000.0,0.10610263522884882,0.1557550625205402,0.1557550625205402,98231157,98231157,https://www.sec.gov/Archives/edgar/data/67716/000006771697000002/0000067716-97-000002-index.html,https://www.sec.gov/Archives/edgar/data/67716/0000067716-97-000002.txt,1620594880,17:14:40,20210509
98,1996-09-30,MDU,USD,1996-11-12 00:00:00,1996-11-12 00:00:00,Q3,133800000,14000000,119800000,0.8953662182361734,0.0,0.0,0.0,0.0,89100000,103100000,0.0,0.0,66800000,0.4992526158445441,30700000.0,0.22944693572496264,-20700000.0,2100000.0,0.01569506726457399,-6400000.0,8500000.0,0.06352765321375187,0.084402,0.084402,98338902,98338902,https://www.sec.gov/Archives/edgar/data/67716/000006771696000026/0000067716-96-000026-index.html,https://www.sec.gov/Archives/edgar/data/67716/0000067716-96-000026.txt,1620594880,17:14:40,20210509
99,1996-06-30,MDU,USD,1996-08-13 00:00:00,1996-08-13 00:00:00,Q2,110100000,16100000,94000000,0.8537693006357856,0.0,0.0,0.0,0.0,73900000,90000000,0.0,0.0,35300000,0.3206176203451408,20100000.0,0.18256130790190736,300000.0,13800000.0,0.12534059945504086,5200000.0,8600000.0,0.07811080835603997,0.088844,0.088844,94547747,94547747,https://www.sec.gov/Archives/edgar/data/67716/000006771696000018/0000067716-96-000018-index.html,https://www.sec.gov/Archives/edgar/data/67716/0000067716-96-000018.txt,1620594880,17:14:40,20210509
100,1996-03-31,MDU,USD,1996-05-13 00:00:00,1996-05-13 00:00:00,Q1,126500000,33500000,93000000,0.7351778656126482,0.0,0.0,0.0,0.0,64900000,98400000,0.0,0.0,43300000,0.3422924901185771,28100000.0,0.22213438735177865,-100000.0,21000000.0,0.16600790513833993,7900000.0,13100000.0,0.10355731225296443,0.133267,0.133267,96798157,96798157,https://www.sec.gov/Archives/edgar/data/67716/000006771696000014/0000067716-96-000014-index.html,https://www.sec.gov/Archives/edgar/data/67716/0000067716-96-000014.txt,1620594880,17:14:40,20210509
101,1995-12-31,MDU,USD,1996-02-28 00:00:00,1996-02-28 12:08:13,Q4,122600000,27900000,94700000,0.7724306688417618,0.0,0.0,0.0,0.0,68600000,96500000,0.0,0.0,41000000,0.33442088091353994,26100000.0,0.2128874388254486,100000.0,19700000.0,0.16068515497553018,7500000.0,12200000.0,0.09951060358890701,0.12603545747260456,0.12603545747260456,96798157,96798157,https://www.sec.gov/Archives/edgar/data/67716/000006771696000004/0000067716-96-000004-index.html,https://www.sec.gov/Archives/edgar/data/67716/0000067716-96-000004.txt,1620594880,17:14:40,20210509
102,1995-09-30,MDU,USD,1995-11-08 00:00:00,1995-11-08 00:00:00,Q3,114000000,15800000,98200000,0.8614035087719298,0.0,0.0,0.0,0.0,75800000,91600000,0.0,0.0,36400000,0.3192982456140351,22400000.0,0.19649122807017544,-400000.0,15900000.0,0.1394736842105263,5400000.0,10500000.0,0.09210526315789473,0.106613,0.106613,96611107,96611107,https://www.sec.gov/Archives/edgar/data/67716/000006771695000016/0000067716-95-000016-index.html,https://www.sec.gov/Archives/edgar/data/67716/0000067716-95-000016.txt,1620594880,17:14:40,20210509
103,1995-06-30,MDU,USD,1995-08-14 00:00:00,1995-08-14 00:00:00,Q2,111300000,20500000,90800000,0.8158131176999102,0.0,0.0,0.0,0.0,71200000,91700000,0.0,0.0,33100000,0.2973944294699012,19600000.0,0.1761006289308176,-200000.0,13400000.0,0.12039532794249776,4700000.0,8700000.0,0.07816711590296496,0.088844,0.088844,95673315,95673315,https://www.sec.gov/Archives/edgar/data/67716/000006771695000010/0000067716-95-000010-index.html,https://www.sec.gov/Archives/edgar/data/67716/0000067716-95-000010.txt,1620594880,17:14:40,20210509
104,1995-03-31,MDU,USD,1995-05-12 00:00:00,1995-05-12 00:00:00,Q1,116500000,31100000,85400000,0.7330472103004292,0.0,0.0,0.0,0.0,62800000,93900000,0.0,0.0,36000000,0.3090128755364807,22600000.0,0.19399141630901287,-600000.0,15900000.0,0.13648068669527896,5600000.0,10300000.0,0.08841201716738198,0.102171,0.102171,98853882,98853882,https://www.sec.gov/Archives/edgar/data/67716/000006771695000007/0000067716-95-000007-index.html,https://www.sec.gov/Archives/edgar/data/67716/0000067716-95-000007.txt,1620594880,17:14:40,20210509
105,1994-12-31,MDU,USD,1995-03-02 00:00:00,1995-03-02 00:00:00,Q4,113700000,25200000,88500000,0.7783641160949868,0.0,0.0,0.0,0.0,68800000,94000000,0.0,0.0,33200000,0.29199648197009676,19700000.0,0.17326297273526825,-1400000.0,12200000.0,0.10729991204925242,2100000.0,10100000.0,0.08883025505716799,0.10217100022435133,0.10217100022435133,98853882,98853882,https://www.sec.gov/Archives/edgar/data/67716/000006771695000002/0000067716-95-000002-index.html,https://www.sec.gov/Archives/edgar/data/67716/0000067716-95-000002.txt,1620594880,17:14:40,20210509
106,1994-09-30,MDU,USD,1994-11-09 00:00:00,1994-11-09 00:00:00,Q3,106400000,12700000,93700000,0.8806390977443609,0.0,0.0,0.0,0.0,74900000,87600000,0.0,0.0,24000000,0.22556390977443608,18800000.0,0.17669172932330826,7200000.0,19800000.0,0.18609022556390978,7400000.0,12400000.0,0.11654135338345864,0.128824,0.128824,94702850,94702850,https://www.sec.gov/Archives/edgar/data/67716/000006771694000029/0000067716-94-000029-index.html,https://www.sec.gov/Archives/edgar/data/67716/0000067716-94-000029.txt,1620594880,17:14:40,20210509
107,1994-06-30,MDU,USD,1994-08-09 00:00:00,1994-08-09 00:00:00,Q2,105100000,19800000,85300000,0.8116079923882017,0.0,0.0,0.0,0.0,70100000,89900000,0.0,0.0,27000000,0.25689819219790677,15200000.0,0.14462416745956233,100000.0,8700000.0,0.08277830637488107,3000000.0,5700000.0,0.05423406279733587,0.057749,0.057749,95239744,95239744,https://www.sec.gov/Archives/edgar/data/67716/000006771694000022/0000067716-94-000022-index.html,https://www.sec.gov/Archives/edgar/data/67716/0000067716-94-000022.txt,1620594880,17:14:40,20210509
108,1994-03-31,MDU,USD,1994-05-11 00:00:00,1994-05-11 00:00:00,Q1,124400000,38200000,86200000,0.6929260450160771,0.0,0.0,0.0,0.0,61600000,99800000,0.0,0.0,36300000,0.29180064308681675,24600000.0,0.1977491961414791,0.0,18000000.0,0.14469453376205788,6300000.0,11700000.0,0.09405144694533762,0.11994,0.11994,95881274,95881274,https://www.sec.gov/Archives/edgar/data/67716/000006771694000019/0000067716-94-000019-index.html,https://www.sec.gov/Archives/edgar/data/67716/0000067716-94-000019.txt,1620594880,17:14:40,20210509
