,date,symbol,reportedCurrency,fillingDate,acceptedDate,period,revenue,costOfRevenue,grossProfit,grossProfitRatio,researchAndDevelopmentExpenses,generalAndAdministrativeExpenses,sellingAndMarketingExpenses,otherExpenses,operatingExpenses,costAndExpenses,interestExpense,depreciationAndAmortization,ebitda,ebitdaratio,operatingIncome,operatingIncomeRatio,totalOtherIncomeExpensesNet,incomeBeforeTax,incomeBeforeTaxRatio,incomeTaxExpense,netIncome,netIncomeRatio,eps,epsdiluted,weightedAverageShsOut,weightedAverageShsOutDil,link,finalLink,timestamp,est_time,est_date
0,2021-03-31,KC4.DE,EUR,2021-03-31,2021-03-31,Q1,2326400000,2017100000.0,309300000.0,0.13295220082530948,0.0,0.0,0.0,0.0,59500000.0,2076600000,7900000.0,50100000,299900000,0.12891162310866575,249800000,0.10840784044016506,0.0,252200000,0.10840784044016506,56700000,193000000,0.08296079779917469,0.37,0.37,521621622,521621622,https://www.bundesanzeiger.de/pub/de/suche;wwwsid=627BFD7A56A5CB624C47FDDEAB2FC509.web07-pub?0,https://www.bundesanzeiger.de/pub/de/suche;wwwsid=627BFD7A56A5CB624C47FDDEAB2FC509.web07-pub?0,1620594074,17:01:14,20210509
1,2020-12-31,KC4.DE,EUR,2020-12-31,2020-12-31,Q4,2621200000,2193600000.0,427600000.0,0.16313139020296047,0.0,0.0,0.0,0.0,60500000.0,2254100000,6900000.0,51400000,418500000,0.15965969784831374,367100000,0.1400503586143751,0.0,372500000,0.14211048374790172,85200000,283100000,0.10800396764840531,0.5471093744825857,0.5471093744825857,517446809,517446809,,,1620594074,17:01:14,20210509
2,2020-09-30,KC4.DE,EUR,2020-09-30,2020-09-30,Q3,2587000000,2194800000.0,392200000.0,0.1516041747197526,0.0,0.0,0.0,0.0,59200000.0,2254000000,6300000.0,50000000,383000000,0.14804793196752997,333000000,0.12872052570545034,0.0,339200000,0.1311171240819482,76300000,260700000,0.10077309625048318,0.503819900839315,0.503819900839315,517446809,517446809,https://www.bundesanzeiger.de/pub/de/suche;wwwsid=627BFD7A56A5CB624C47FDDEAB2FC509.web07-pub?0,https://www.bundesanzeiger.de/pub/de/suche;wwwsid=627BFD7A56A5CB624C47FDDEAB2FC509.web07-pub?0,1620594074,17:01:14,20210509
3,2020-06-30,KC4.DE,EUR,2020-06-30,2020-06-30,Q2,2532100000,2158000000.0,374100000.0,0.14774298013506576,0.0,0.0,0.0,0.0,58600000.0,2216600000,6600000.0,49400000,364900000,0.14410963232099838,315500000,0.12460013427589747,0.0,315300000,0.12452114845385254,71000000,243200000,0.0960467596066506,0.47,0.47,517446809,517446809,https://www.bundesanzeiger.de/pub/de/suche;wwwsid=627BFD7A56A5CB624C47FDDEAB2FC509.web07-pub?0,https://www.bundesanzeiger.de/pub/de/suche;wwwsid=627BFD7A56A5CB624C47FDDEAB2FC509.web07-pub?0,1620594074,17:01:14,20210509
4,2020-03-31,KC4.DE,EUR,2020-03-31,2020-03-31,Q1,2198300000,1940300000.0,258000000.0,0.11736341718600737,0.0,0.0,0.0,0.0,60800000.0,2001100000,10600000.0,51500000,248700000,0.11313287540372105,197200000,0.0897056816631033,0.0,197200000,0.0897056816631033,44400000,152300000,0.06928080789701133,0.29,0.29,525172414,525172414,https://www.bundesanzeiger.de/pub/de/suche;wwwsid=627BFD7A56A5CB624C47FDDEAB2FC509.web07-pub?0,https://www.bundesanzeiger.de/pub/de/suche;wwwsid=627BFD7A56A5CB624C47FDDEAB2FC509.web07-pub?0,1620594074,17:01:14,20210509
5,2019-12-31,KC4.DE,EUR,2019-12-31,2019-12-31,Q4,2684600000,2504600000.0,180000000.0,0.0670490948372197,0.0,0.0,0.0,0.0,0.0,2328400000,-100000.0,65300000,421500000,0.15700663041048946,356200000,0.1326827087834314,0.0,366000000,0.13633315950234673,83100000,279900000,0.10426134247187663,0.5409251639621184,0.5409251639621184,517446809,517446809,https://www.bundesanzeiger.de/pub/de/suche;wwwsid=627BFD7A56A5CB624C47FDDEAB2FC509.web07-pub?0,https://www.bundesanzeiger.de/pub/de/suche;wwwsid=627BFD7A56A5CB624C47FDDEAB2FC509.web07-pub?0,1620594074,17:01:14,20210509
6,2019-09-30,KC4.DE,EUR,2019-09-30,2019-09-30,Q3,2557600000,2183500000.0,374100000.0,0.1462699405692837,0.0,0.0,0.0,0.0,60000000.0,2243500000,7100000.0,50800000,364900000,0.14267281826712544,314100000,0.12281044729433845,0.0,320900000,0.1254691898654989,73800000,247000000,0.096574913981858,0.48,0.48,514583333,514583333,https://www.bundesanzeiger.de/pub/de/suche;wwwsid=627BFD7A56A5CB624C47FDDEAB2FC509.web07-pub?0,https://www.bundesanzeiger.de/pub/de/suche;wwwsid=627BFD7A56A5CB624C47FDDEAB2FC509.web07-pub?0,1620594074,17:01:14,20210509
7,2019-06-30,KC4.DE,EUR,2019-06-30,2019-06-30,Q2,2540800000,2174900000.0,365900000.0,0.14400976070528967,0.0,0.0,0.0,0.0,59400000.0,2234300000,7800000.0,50500000,357000000,0.14050692695214106,306500000,0.12063129722921914,0.0,310200000,0.1220875314861461,71400000,237000000,0.09327770780856423,0.46,0.46,515217391,515217391,https://www.bundesanzeiger.de/pub/de/suche;wwwsid=627BFD7A56A5CB624C47FDDEAB2FC509.web07-pub?0,https://www.bundesanzeiger.de/pub/de/suche;wwwsid=627BFD7A56A5CB624C47FDDEAB2FC509.web07-pub?0,1620594074,17:01:14,20210509
8,2019-03-31,KC4.DE,EUR,2019-03-31,2019-03-31,Q1,2198800000,1926500000.0,272300000.0,0.12384027651446243,0.0,0.0,0.0,0.0,56900000.0,1983400000,4700000.0,48100000,263500000,0.11983809350554848,215400000,0.0979625250136438,0.0,220400000,0.10023649263234491,50600000,167400000,0.07613243587411316,0.33,0.32,507272727,523125000,https://www.bundesanzeiger.de/pub/de/suche;wwwsid=627BFD7A56A5CB624C47FDDEAB2FC509.web07-pub?0,https://www.bundesanzeiger.de/pub/de/suche;wwwsid=627BFD7A56A5CB624C47FDDEAB2FC509.web07-pub?0,1620594074,17:01:14,20210509
9,2018-12-31,KC4.DE,EUR,2018-12-31,2018-12-31,Q4,2443400000,2239300000.0,204100000.0,0.08353114512564459,0.0,0.0,0.0,0.0,0.0,2151000000,-900000.0,30700000,323100000,0.1322337726119342,292400000,0.11966931325202587,0.0,301200000,0.12327085209134812,69000000,230300000,0.09425390848817222,0.4450699008948763,0.4450699008948763,517446809,517446809,https://www.bundesanzeiger.de/pub/de/suche;wwwsid=627BFD7A56A5CB624C47FDDEAB2FC509.web07-pub?0,https://www.bundesanzeiger.de/pub/de/suche;wwwsid=627BFD7A56A5CB624C47FDDEAB2FC509.web07-pub?0,1620594074,17:01:14,20210509
10,2018-09-30,KC4.DE,EUR,2018-09-30,2018-09-30,Q3,2288700000,2001000000.0,287700000.0,0.1257045484336086,0.0,0.0,0.0,0.0,29700000.0,2030700000,3300000.0,21400000,279400000,0.12207803556604185,258000000,0.1127277493773758,0.0,271900000,0.11880106610739721,54700000,216500000,0.0945951850395421,0.42,0.42,515476190,515476190,https://www.bundesanzeiger.de/pub/de/suche;wwwsid=627BFD7A56A5CB624C47FDDEAB2FC509.web07-pub?0,https://www.bundesanzeiger.de/pub/de/suche;wwwsid=627BFD7A56A5CB624C47FDDEAB2FC509.web07-pub?0,1620594074,17:01:14,20210509
11,2018-06-30,KC4.DE,EUR,2018-06-30,2018-06-30,Q2,2330600000,2020600000.0,310000000.0,0.1330129580365571,0.0,0.0,0.0,0.0,29500000.0,2050100000,3100000.0,21300000,301800000,0.1294945507594611,280500000,0.12035527332017507,0.0,290500000,0.12464601390199949,66800000,223300000,0.09581223719213937,0.43,0.43,519302326,519302326,https://www.bundesanzeiger.de/pub/de/suche;wwwsid=627BFD7A56A5CB624C47FDDEAB2FC509.web07-pub?0,https://www.bundesanzeiger.de/pub/de/suche;wwwsid=627BFD7A56A5CB624C47FDDEAB2FC509.web07-pub?0,1620594074,17:01:14,20210509
12,2018-03-31,KC4.DE,EUR,2018-03-31,2018-03-31,Q1,2008000000,1767500000.0,240500000.0,0.11977091633466136,0.0,0.0,0.0,0.0,29100000.0,1796600000,2900000.0,21100000,232500000,0.11578685258964143,211400000,0.10527888446215139,0.0,223700000,0.11140438247011952,51400000,170700000,0.08500996015936255,0.33,0.33,517272727,517272727,https://www.bundesanzeiger.de/pub/de/suche;wwwsid=627BFD7A56A5CB624C47FDDEAB2FC509.web07-pub?0,https://www.bundesanzeiger.de/pub/de/suche;wwwsid=627BFD7A56A5CB624C47FDDEAB2FC509.web07-pub?0,1620594074,17:01:14,20210509
13,2017-12-31,KC4.DE,EUR,2017-12-31,2017-12-31,Q4,2656900000,2376200000.0,280700000.0,0.10564944107794798,0.0,0.0,0.0,0.0,0.0,2291400000,-3700000.0,29500000,395000000,0.14866950205126275,365500000,0.13756633670819376,0.0,374800000,0.14106665662990703,93000000,280000000,0.10538597613760398,0.5411184205408831,0.5411184205408831,517446809,517446809,https://www.bundesanzeiger.de/pub/de/suche;wwwsid=627BFD7A56A5CB624C47FDDEAB2FC509.web07-pub?0,https://www.bundesanzeiger.de/pub/de/suche;wwwsid=627BFD7A56A5CB624C47FDDEAB2FC509.web07-pub?0,1620594074,17:01:14,20210509
14,2017-09-30,KC4.DE,EUR,2017-09-30,2017-09-30,Q3,2190800000,1855200000.0,335600000.0,0.15318605075771408,0.0,0.0,0.0,0.0,28300000.0,1883500000,3700000.0,20400000,327700000,0.1495800620777798,307300000,0.1402683951068103,0.0,319600000,0.14588278254518897,73500000,244900000,0.11178564907796239,0.48,0.48,510208333,510208333,https://www.bundesanzeiger.de/pub/de/suche;wwwsid=627BFD7A56A5CB624C47FDDEAB2FC509.web07-pub?0,https://www.bundesanzeiger.de/pub/de/suche;wwwsid=627BFD7A56A5CB624C47FDDEAB2FC509.web07-pub?0,1620594074,17:01:14,20210509
15,2017-06-30,KC4.DE,EUR,2017-06-30,2017-06-30,Q2,2284400000,1929900000.0,354500000.0,0.15518298021362284,0.0,0.0,0.0,0.0,28200000.0,1958100000,4100000.0,20300000,346600000,0.15172474172649272,326300000,0.14283838206969007,0.0,337100000,0.14756610050779198,77500000,257700000,0.11280861495359831,0.5,0.5,515400000,515400000,https://www.bundesanzeiger.de/pub/de/suche;wwwsid=627BFD7A56A5CB624C47FDDEAB2FC509.web07-pub?0,https://www.bundesanzeiger.de/pub/de/suche;wwwsid=627BFD7A56A5CB624C47FDDEAB2FC509.web07-pub?0,1620594074,17:01:14,20210509
16,2017-03-31,KC4.DE,EUR,2017-03-31,2017-03-31,Q1,1810300000,1564200000.0,246100000.0,0.135944318621223,0.0,0.0,0.0,0.0,28400000.0,1592600000,2800000.0,28400000,246100000,0.135944318621223,217700000,0.12025631110865602,0.0,243700000,0.13461857150748494,56100000,185400000,0.10241396453626471,0.36,0.36,515000000,515000000,https://www.bundesanzeiger.de/pub/de/suche;wwwsid=627BFD7A56A5CB624C47FDDEAB2FC509.web07-pub?0,https://www.bundesanzeiger.de/pub/de/suche;wwwsid=627BFD7A56A5CB624C47FDDEAB2FC509.web07-pub?0,1620594074,17:01:14,20210509
17,2016-12-31,KC4.DE,EUR,2016-12-31,2016-12-31,Q4,2593200000,2278800000.0,314400000.0,0.12124016658954188,0.0,0.0,0.0,0.0,0.0,2200900000,-11100000.0,28600000,420900000,0.1623091161499306,392300000,0.15128027147925344,0.0,389300000,0.15012339966065094,91300000,297400000,0.11468455961746105,0.5747450652459236,0.5747450652459236,517446809,517446809,https://www.bundesanzeiger.de/pub/de/suche;wwwsid=627BFD7A56A5CB624C47FDDEAB2FC509.web07-pub?0,https://www.bundesanzeiger.de/pub/de/suche;wwwsid=627BFD7A56A5CB624C47FDDEAB2FC509.web07-pub?0,1620594074,17:01:14,20210509
18,2016-09-30,KC4.DE,EUR,2016-09-30,2016-09-30,Q3,2170200000,1812500000.0,357700000.0,0.16482351856971708,0.0,0.0,0.0,0.0,26600000.0,1839100000,11400000.0,26600000,357700000,0.16482351856971708,331100000,0.1525665837250023,0.0,337500000,0.15551562068012165,77600000,264200000,0.12173993180352041,0.52,0.51,508076923,518039216,https://www.bundesanzeiger.de/pub/de/suche;wwwsid=627BFD7A56A5CB624C47FDDEAB2FC509.web07-pub?0,https://www.bundesanzeiger.de/pub/de/suche;wwwsid=627BFD7A56A5CB624C47FDDEAB2FC509.web07-pub?0,1620594074,17:01:14,20210509
19,2016-06-30,KC4.DE,EUR,2016-06-30,2016-06-30,Q2,2272600000,1898100000.0,374500000.0,0.16478922819677902,0.0,0.0,0.0,0.0,25800000.0,1923900000,3700000.0,25800000,374500000,0.16478922819677902,348700000,0.15343659244917715,0.0,360800000,0.15876089060987417,84200000,274300000,0.12069875913051131,0.54,0.53,507962963,517547170,https://www.bundesanzeiger.de/pub/de/suche;wwwsid=627BFD7A56A5CB624C47FDDEAB2FC509.web07-pub?0,https://www.bundesanzeiger.de/pub/de/suche;wwwsid=627BFD7A56A5CB624C47FDDEAB2FC509.web07-pub?0,1620594074,17:01:14,20210509
20,2016-03-31,KC4.DE,EUR,2016-03-31,2016-03-31,Q1,1748300000,1501400000.0,246900000.0,0.14122290224789796,0.0,0.0,0.0,0.0,25500000.0,1526900000,2300000.0,18300000,239700000,0.1371046159126008,221400000,0.12663730481038724,0.0,242700000,0.13882056855230795,54600000,187800000,0.10741863524566722,0.37,0.37,507567568,507567568,https://www.bundesanzeiger.de/pub/de/suche;wwwsid=627BFD7A56A5CB624C47FDDEAB2FC509.web07-pub?0,https://www.bundesanzeiger.de/pub/de/suche;wwwsid=627BFD7A56A5CB624C47FDDEAB2FC509.web07-pub?0,1620594074,17:01:14,20210509
21,2015-12-31,KC4.DE,EUR,2015-12-31,2015-12-31,Q4,2561800000,2257700000.0,304100000.0,0.11870559762666875,0.0,0.0,0.0,0.0,0.0,2183300000,-36800000.0,25600000,404100000,0.15774065110469201,378500000,0.14774767741431805,0.0,475000000,0.1854165040206105,102400000,364600000,0.14232180498087282,0.7046134861757356,0.7046134861757356,517446809,517446809,https://www.bundesanzeiger.de/pub/de/suche;wwwsid=627BFD7A56A5CB624C47FDDEAB2FC509.web07-pub?0,https://www.bundesanzeiger.de/pub/de/suche;wwwsid=627BFD7A56A5CB624C47FDDEAB2FC509.web07-pub?0,1620594074,17:01:14,20210509
22,2015-09-30,KC4.DE,EUR,2015-09-30,2015-09-30,Q3,2184200000,1833300000.0,350900000.0,0.1606537862833074,0.0,0.0,0.0,0.0,25000000.0,1858300000,10900000.0,25000000,350900000,0.1606537862833074,325900000,0.1492079479901108,0.0,351100000,0.16074535298965295,87900000,256800000,0.1175716509477154,0.5,0.5,513600000,513600000,https://www.bundesanzeiger.de/pub/de/suche;wwwsid=627BFD7A56A5CB624C47FDDEAB2FC509.web07-pub?0,https://www.bundesanzeiger.de/pub/de/suche;wwwsid=627BFD7A56A5CB624C47FDDEAB2FC509.web07-pub?0,1620594074,17:01:14,20210509
23,2015-06-30,KC4.DE,EUR,2015-06-30,2015-06-30,Q2,2210400000,1860300000.0,350100000.0,0.15838762214983712,0.0,0.0,0.0,0.0,24900000.0,1885200000,2200000.0,24900000,350100000,0.15838762214983712,325200000,0.1471226927252986,0.0,343200000,0.15526601520086863,77200000,261000000,0.11807817589576547,0.51,0.51,511764706,511764706,https://www.bundesanzeiger.de/pub/de/suche;wwwsid=627BFD7A56A5CB624C47FDDEAB2FC509.web07-pub?0,https://www.bundesanzeiger.de/pub/de/suche;wwwsid=627BFD7A56A5CB624C47FDDEAB2FC509.web07-pub?0,1620594074,17:01:14,20210509
24,2015-03-31,KC4.DE,EUR,2015-03-31,2015-03-31,Q1,1690900000,1454500000.0,236400000.0,0.1398072032645337,0.0,0.0,0.0,0.0,21800000.0,1476300000,29700000.0,17900000,232500000,0.1375007392512863,214600000,0.12691466083150985,0.0,195000000,0.11532320066236915,43900000,149900000,0.0886510142527648,0.29,0.29,516896552,516896552,https://www.bundesanzeiger.de/pub/de/suche;wwwsid=627BFD7A56A5CB624C47FDDEAB2FC509.web07-pub?0,https://www.bundesanzeiger.de/pub/de/suche;wwwsid=627BFD7A56A5CB624C47FDDEAB2FC509.web07-pub?0,1620594074,17:01:14,20210509
25,2014-12-31,KC4.DE,EUR,2014-12-31,2014-12-31,Q4,2165900000,1816000000.0,349900000.0,0.16154947135140127,0.0,0.0,0.0,0.0,34600000.0,1850600000,-10200000.0,22500000,337800000,0.15596287917263033,315300000,0.14557458793111408,0.0,282100000,0.1302460870769657,71300000,204900000,0.09460270557274113,0.3959827298886677,0.3959827298886677,517446809,517446809,https://www.bundesanzeiger.de/pub/de/suche;wwwsid=627BFD7A56A5CB624C47FDDEAB2FC509.web07-pub?0,https://www.bundesanzeiger.de/pub/de/suche;wwwsid=627BFD7A56A5CB624C47FDDEAB2FC509.web07-pub?0,1620594074,17:01:14,20210509
26,2014-09-30,KC4.DE,EUR,2014-09-30,2014-09-30,Q3,1877900000,1579400000.0,298500000.0,0.15895415091325416,0.0,0.0,0.0,0.0,21000000.0,1600400000,11900000.0,21000000,298500000,0.15895415091325416,277500000,0.14777144682890464,0.0,280700000,0.14947547792747218,65500000,209200000,0.1114010330688535,0.41,0.41,510243902,510243902,https://www.bundesanzeiger.de/pub/de/suche;wwwsid=627BFD7A56A5CB624C47FDDEAB2FC509.web07-pub?0,https://www.bundesanzeiger.de/pub/de/suche;wwwsid=627BFD7A56A5CB624C47FDDEAB2FC509.web07-pub?0,1620594074,17:01:14,20210509
27,2014-06-30,KC4.DE,EUR,2014-06-30,2014-06-30,Q2,1848900000,1565500000.0,283400000.0,0.1532803288441776,0.0,0.0,0.0,0.0,20200000.0,1585700000,3000000.0,20200000,283400000,0.1532803288441776,263200000,0.1423549137324896,0.0,266900000,0.1443561036291849,62200000,199800000,0.10806425442154795,0.39,0.39,512307692,512307692,https://www.bundesanzeiger.de/pub/de/suche;wwwsid=627BFD7A56A5CB624C47FDDEAB2FC509.web07-pub?0,https://www.bundesanzeiger.de/pub/de/suche;wwwsid=627BFD7A56A5CB624C47FDDEAB2FC509.web07-pub?0,1620594074,17:01:14,20210509
28,2014-03-31,KC4.DE,EUR,2014-03-31,2014-03-31,Q1,1441800000,1241700000.0,200100000.0,0.13878485226799833,0.0,0.0,0.0,0.0,20400000.0,1262100000,1800000.0,15000000,194700000,0.1350395339159384,179700000,0.12463587182688306,0.0,186700000,0.12949091413510888,43400000,141700000,0.09827992786794285,0.28,0.28,506071429,506071429,https://www.bundesanzeiger.de/pub/de/suche;wwwsid=627BFD7A56A5CB624C47FDDEAB2FC509.web07-pub?0,https://www.bundesanzeiger.de/pub/de/suche;wwwsid=627BFD7A56A5CB624C47FDDEAB2FC509.web07-pub?0,1620594074,17:01:14,20210509
29,2013-12-31,KC4.DE,EUR,2013-12-31,2013-12-31,Q4,2033000000,1702900000.0,330100000.0,0.16237088047220855,0.0,0.0,0.0,0.0,37300000.0,1740200000,500000.0,20200000,313000000,0.15395966551893753,292800000,0.14402361042793901,0.0,275400000,0.1354648303000492,89500000,183000000,0.09001475651746188,0.35365953913922,0.35365953913922,517446809,517446809,https://www.bundesanzeiger.de/pub/de/suche;wwwsid=627BFD7A56A5CB624C47FDDEAB2FC509.web07-pub?0,https://www.bundesanzeiger.de/pub/de/suche;wwwsid=627BFD7A56A5CB624C47FDDEAB2FC509.web07-pub?0,1620594074,17:01:14,20210509
30,2013-09-30,KC4.DE,EUR,2013-09-30,2013-09-30,Q3,1739200000,1461800000.0,277400000.0,0.1594986200551978,0.0,0.0,0.0,0.0,19900000.0,1481700000,2700000.0,19900000,277400000,0.1594986200551978,257500000,0.14805657773689052,0.0,272300000,0.15656623735050598,64500000,203200000,0.11683532658693652,0.395,0.395,514430380,514430380,https://www.bundesanzeiger.de/pub/de/suche;wwwsid=627BFD7A56A5CB624C47FDDEAB2FC509.web07-pub?0,https://www.bundesanzeiger.de/pub/de/suche;wwwsid=627BFD7A56A5CB624C47FDDEAB2FC509.web07-pub?0,1620594074,17:01:14,20210509
31,2013-06-30,KC4.DE,EUR,2013-06-30,2013-06-30,Q2,1761700000,1499500000.0,262200000.0,0.148833513083953,0.0,0.0,0.0,0.0,19400000.0,1518900000,3200000.0,19400000,262200000,0.148833513083953,242800000,0.1378214224896407,0.0,248400000,0.14100017029006073,54700000,191300000,0.10858829539649202,0.37,0.37,517027027,517027027,https://www.bundesanzeiger.de/pub/de/suche;wwwsid=627BFD7A56A5CB624C47FDDEAB2FC509.web07-pub?0,https://www.bundesanzeiger.de/pub/de/suche;wwwsid=627BFD7A56A5CB624C47FDDEAB2FC509.web07-pub?0,1620594074,17:01:14,20210509
32,2013-03-31,KC4.DE,EUR,2013-03-31,2013-03-31,Q1,1398700000,1219300000.0,179400000.0,0.128261957531994,0.0,0.0,0.0,0.0,19000000.0,1238300000,2800000.0,14200000,174600000,0.1248301994709373,160400000,0.11467791520697791,0.0,164400000,0.11753771359119182,38600000,124400000,0.08893972974905269,0.245,0.24,507755102,518333333,https://www.bundesanzeiger.de/pub/de/suche;wwwsid=627BFD7A56A5CB624C47FDDEAB2FC509.web07-pub?0,https://www.bundesanzeiger.de/pub/de/suche;wwwsid=627BFD7A56A5CB624C47FDDEAB2FC509.web07-pub?0,1620594074,17:01:14,20210509
33,2012-12-31,KC4.DE,EUR,2012-12-31,2012-12-31,Q4,1857700000,0.0,0.0,0.0,0.0,0.0,0.0,0.0,-3762600000.0,1602100000,-4500000.0,20700000,276300000,0.14873230338590732,255600000,0.13758949238305432,0.0,248300000,0.13365990202939118,65200000,180000000,0.09689400872046078,0.347861841776282,0.347861841776282,517446809,517446809,https://www.bundesanzeiger.de/pub/de/suche;wwwsid=627BFD7A56A5CB624C47FDDEAB2FC509.web07-pub?0,https://www.bundesanzeiger.de/pub/de/suche;wwwsid=627BFD7A56A5CB624C47FDDEAB2FC509.web07-pub?0,1620594074,17:01:14,20210509
34,2012-09-30,KC4.DE,EUR,2012-09-30,2012-09-30,Q3,1633700000,0.0,0.0,0.0,0.0,0.0,0.0,0.0,1409200000.0,1409200000,900000.0,22300000,246800000,0.1510681275632001,224500000,0.13741813062373753,0.0,239400000,0.1465385321662484,54900000,180600000,0.11054661198506457,0.35,0.35,516000000,516000000,https://www.bundesanzeiger.de/pub/de/suche;wwwsid=627BFD7A56A5CB624C47FDDEAB2FC509.web07-pub?0,https://www.bundesanzeiger.de/pub/de/suche;wwwsid=627BFD7A56A5CB624C47FDDEAB2FC509.web07-pub?0,1620594074,17:01:14,20210509
35,2012-06-30,KC4.DE,EUR,2012-06-30,2012-06-30,Q2,1544100000,1314200000.0,229900000.0,0.14888932063985494,0.0,0.0,0.0,0.0,58700000.0,1372900000,3200000.0,21400000,192600000,0.12473285408976102,171200000,0.11087364807978758,0.0,175600000,0.11372320445566997,41600000,134000000,0.08678194417460008,0.26,0.26,507692308,507692308,https://www.bundesanzeiger.de/pub/de/suche;wwwsid=627BFD7A56A5CB624C47FDDEAB2FC509.web07-pub?0,https://www.bundesanzeiger.de/pub/de/suche;wwwsid=627BFD7A56A5CB624C47FDDEAB2FC509.web07-pub?0,1620594074,17:01:14,20210509
36,2012-03-31,KC4.DE,EUR,2012-03-31,2012-03-31,Q1,1241300000,1087000000.0,154300000.0,0.12430516394102957,0.0,0.0,0.0,0.0,21600000.0,1108600000,1800000.0,21600000,154300000,0.12430516394102957,132700000,0.10690405220333521,0.0,141100000,0.11367115121243858,31600000,109500000,0.08821396922581165,0.215,0.21,505116279,517142857,https://www.bundesanzeiger.de/pub/de/suche;wwwsid=627BFD7A56A5CB624C47FDDEAB2FC509.web07-pub?0,https://www.bundesanzeiger.de/pub/de/suche;wwwsid=627BFD7A56A5CB624C47FDDEAB2FC509.web07-pub?0,1620594074,17:01:14,20210509
37,2011-12-31,KC4.DE,EUR,2011-12-31,2011-12-31,Q4,1588800000,-1179200000.0,2768000000.0,1.742195367573011,0.0,0.0,0.0,0.0,2535000000.0,1355800000,3500000.0,18300000,251300000,0.15816968781470292,233000000,0.1466515609264854,0.0,299400000,0.1884441087613293,52900000,246500000,0.15514853977844914,0.47637746665474173,0.47637746665474173,517446809,517446809,https://www.bundesanzeiger.de/pub/de/suche;wwwsid=627BFD7A56A5CB624C47FDDEAB2FC509.web07-pub?0,https://www.bundesanzeiger.de/pub/de/suche;wwwsid=627BFD7A56A5CB624C47FDDEAB2FC509.web07-pub?0,1620594074,17:01:14,20210509
38,2011-09-30,KC4.DE,EUR,2011-09-30,2011-09-30,Q3,1296200000,1091400000.0,204800000.0,0.1580003085943527,0.0,0.0,0.0,0.0,15900000.0,1107300000,1000000.0,15900000,204800000,0.1580003085943527,188900000,0.14573368307359974,0.0,205200000,0.15830890294707606,49000000,156200000,0.12050609473846628,0.305,0.305,511475410,511475410,https://www.bundesanzeiger.de/pub/de/suche;wwwsid=627BFD7A56A5CB624C47FDDEAB2FC509.web07-pub?0,https://www.bundesanzeiger.de/pub/de/suche;wwwsid=627BFD7A56A5CB624C47FDDEAB2FC509.web07-pub?0,1620594074,17:01:14,20210509
39,2011-06-30,KC4.DE,EUR,2011-06-30,2011-06-30,Q2,1286400000,1086200000.0,200200000.0,0.1556281094527363,0.0,0.0,0.0,0.0,15700000.0,1101900000,1500000.0,15700000,200200000,0.1556281094527363,184500000,0.14342350746268656,0.0,190700000,0.1482431592039801,48000000,142700000,0.1109297263681592,0.28,0.28,508928571,508928571,https://www.bundesanzeiger.de/pub/de/suche;wwwsid=627BFD7A56A5CB624C47FDDEAB2FC509.web07-pub?0,https://www.bundesanzeiger.de/pub/de/suche;wwwsid=627BFD7A56A5CB624C47FDDEAB2FC509.web07-pub?0,1620594074,17:01:14,20210509
40,2011-03-31,KC4.DE,EUR,2011-03-31,2011-03-31,Q1,1053800000,919100000.0,134700000.0,0.12782311634086163,0.0,0.0,0.0,0.0,16000000.0,935100000,2200000.0,16000000,134700000,0.12782311634086163,118700000,0.11263996963370658,0.0,121300000,0.11510723097361929,22300000,99000000,0.09394572025052192,0.195,0.19,506666667,520000000,https://www.bundesanzeiger.de/pub/de/suche;wwwsid=627BFD7A56A5CB624C47FDDEAB2FC509.web07-pub?0,https://www.bundesanzeiger.de/pub/de/suche;wwwsid=627BFD7A56A5CB624C47FDDEAB2FC509.web07-pub?0,1620594074,17:01:14,20210509
41,2010-12-31,KC4.DE,EUR,2010-12-31,2010-12-31,Q4,1488800000,1796700000.0,-307900000.0,-0.20681085437936594,0.0,0.0,0.0,0.0,-5620100000.0,-3823400000,2200000.0,16100000,5328300000,3.5789226222461044,5312200000,3.5681085437936595,0.0,231600000,0.1555615260612574,57800000,173800000,0.11673831273508867,0.3358799338928767,0.3358799338928767,517446809,517446809,https://www.bundesanzeiger.de/pub/de/suche;wwwsid=627BFD7A56A5CB624C47FDDEAB2FC509.web07-pub?0,https://www.bundesanzeiger.de/pub/de/suche;wwwsid=627BFD7A56A5CB624C47FDDEAB2FC509.web07-pub?0,1620594074,17:01:14,20210509
42,2010-09-30,KC4.DE,EUR,2010-09-30,2010-09-30,Q3,1235900000,1035300000.0,200600000.0,0.1623108665749656,0.0,0.0,0.0,0.0,15800000.0,1051100000,1200000.0,15800000,200600000,0.1623108665749656,184800000,0.14952666073306903,0.0,192400000,0.15567602556841167,47500000,144900000,0.11724249534752003,0.285,0.28,508070175,517142857,https://www.bundesanzeiger.de/pub/de/suche;wwwsid=627BFD7A56A5CB624C47FDDEAB2FC509.web07-pub?0,https://www.bundesanzeiger.de/pub/de/suche;wwwsid=627BFD7A56A5CB624C47FDDEAB2FC509.web07-pub?0,1620594074,17:01:14,20210509
43,2010-06-30,KC4.DE,EUR,2010-06-30,2010-06-30,Q2,1258900000,1067200000.0,191700000.0,0.15227579633012947,0.0,0.0,0.0,0.0,16000000.0,1083200000,800000.0,16000000,191700000,0.15227579633012947,175700000,0.13956628802923188,0.0,180900000,0.1436968782270236,45300000,135600000,0.10771308285010724,0.265,0.265,510566038,510566038,https://www.bundesanzeiger.de/pub/de/suche;wwwsid=627BFD7A56A5CB624C47FDDEAB2FC509.web07-pub?0,https://www.bundesanzeiger.de/pub/de/suche;wwwsid=627BFD7A56A5CB624C47FDDEAB2FC509.web07-pub?0,1620594074,17:01:14,20210509
44,2010-03-31,KC4.DE,EUR,2010-03-31,2010-03-31,Q1,1003000000,878800000.0,124200000.0,0.12382851445663011,0.0,0.0,0.0,0.0,15600000.0,894400000,4800000.0,15600000,124200000,0.12382851445663011,108600000,0.10827517447657029,0.0,109500000,0.10917248255234296,27900000,81600000,0.08135593220338982,0.16,0.16,508125000,508125000,https://www.bundesanzeiger.de/pub/de/suche;wwwsid=627BFD7A56A5CB624C47FDDEAB2FC509.web07-pub?0,https://www.bundesanzeiger.de/pub/de/suche;wwwsid=627BFD7A56A5CB624C47FDDEAB2FC509.web07-pub?0,1620594074,17:01:14,20210509
45,2009-12-31,KC4.DE,EUR,2009-12-31,2009-12-31,Q4,1426800000,-1096100000.0,2522900000.0,1.7682225960190636,0.0,0.0,0.0,0.0,1990500000.0,894400000,1500000.0,15900000,548300000,0.3842865152789459,532400000,0.3731426969442108,0.0,207700000,0.14557050742921224,41100000,166600000,0.11676478833753855,0.32196546022182543,0.32196546022182543,517446809,517446809,https://www.bundesanzeiger.de/pub/de/suche;wwwsid=627BFD7A56A5CB624C47FDDEAB2FC509.web07-pub?0,https://www.bundesanzeiger.de/pub/de/suche;wwwsid=627BFD7A56A5CB624C47FDDEAB2FC509.web07-pub?0,1620594074,17:01:14,20210509
46,2009-09-30,KC4.DE,EUR,2009-09-30,2009-09-30,Q3,1127300000,951900000.0,175400000.0,0.15559300984653598,0.0,0.0,0.0,0.0,15300000.0,967200000,1400000.0,15300000,175400000,0.15559300984653598,160100000,0.14202075756231705,0.0,165800000,0.1470770868446731,31200000,134600000,0.11940033708861883,0.265,0.265,507169811,507169811,https://www.bundesanzeiger.de/pub/de/suche;wwwsid=627BFD7A56A5CB624C47FDDEAB2FC509.web07-pub?0,https://www.bundesanzeiger.de/pub/de/suche;wwwsid=627BFD7A56A5CB624C47FDDEAB2FC509.web07-pub?0,1620594074,17:01:14,20210509
47,2009-06-30,KC4.DE,EUR,2009-06-30,2009-06-30,Q2,1168600000,1006800000.0,161800000.0,0.13845627246277598,0.0,0.0,0.0,0.0,15500000.0,1022300000,1700000.0,15500000,161800000,0.13845627246277598,146300000,0.12519253807975356,0.0,115500000,0.09883621427348964,29000000,86500000,0.07402019510525415,0.17,0.17,506470588,506470588,https://www.bundesanzeiger.de/pub/de/suche;wwwsid=627BFD7A56A5CB624C47FDDEAB2FC509.web07-pub?0,https://www.bundesanzeiger.de/pub/de/suche;wwwsid=627BFD7A56A5CB624C47FDDEAB2FC509.web07-pub?0,1620594074,17:01:14,20210509
48,2009-03-31,KC4.DE,EUR,2009-03-31,2009-03-31,Q1,1021000000,914300000.0,106700000.0,0.10450538687561214,0.0,0.0,0.0,0.0,15500000.0,929800000,4400000.0,15500000,106700000,0.10450538687561214,91200000,0.08932419196865818,0.0,105600000,0.10342801175318315,26900000,78700000,0.07708129285014692,0.155,0.155,507096774,507096774,https://www.bundesanzeiger.de/pub/de/suche;wwwsid=627BFD7A56A5CB624C47FDDEAB2FC509.web07-pub?0,https://www.bundesanzeiger.de/pub/de/suche;wwwsid=627BFD7A56A5CB624C47FDDEAB2FC509.web07-pub?0,1620594074,17:01:14,20210509
