,date,symbol,reportedCurrency,fillingDate,acceptedDate,period,revenue,costOfRevenue,grossProfit,grossProfitRatio,researchAndDevelopmentExpenses,generalAndAdministrativeExpenses,sellingAndMarketingExpenses,otherExpenses,operatingExpenses,costAndExpenses,interestExpense,depreciationAndAmortization,ebitda,ebitdaratio,operatingIncome,operatingIncomeRatio,totalOtherIncomeExpensesNet,incomeBeforeTax,incomeBeforeTaxRatio,incomeTaxExpense,netIncome,netIncomeRatio,eps,epsdiluted,weightedAverageShsOut,weightedAverageShsOutDil,link,finalLink,timestamp,est_time,est_date
0,2016-03-31,MNRK,USD,2016-05-10 00:00:00,2016-05-10 10:45:26,Q1,11505707.0,0.0,11505707.0,1.0,0.0,10142860.0,0.0,16141044.0,26283904.0,26283904.0,912119.0,703380.0,7166736.0,0.6228853211714848,6463356.0,0.5617521808959676,0.0,6463356.0,0.5617521808959676,2363340.0,4056709.0,0.352582331533386,0.34146,0.34146,11880553.0,11880553.0,https://www.sec.gov/Archives/edgar/data/1364856/000136485616000054/0001364856-16-000054-index.html,https://www.sec.gov/Archives/edgar/data/1364856/000136485616000054/singlesourceqdocumentq1-20.htm,1620595187,17:19:47,20210509
1,2015-12-31,MNRK,USD,2016-03-11 00:00:00,2016-03-11 11:46:20,Q4,11259790.0,0.0,11259790.0,1.0,0.0,9557882.0,0.0,15898851.0,25456733.0,25456733.0,789753.0,748378.0,5823825.0,0.5172232341810993,5075447.0,0.45075858430752264,0.0,5075447.0,0.45075858430752264,1805849.0,3202041.0,0.2843783942684544,0.2704235350930006,0.2701431217143694,11840837.0,11853128.0,https://www.sec.gov/Archives/edgar/data/1364856/000136485616000052/0001364856-16-000052-index.html,https://www.sec.gov/Archives/edgar/data/1364856/000136485616000052/singlesourcekdocumentq4-20.htm,1620595187,17:19:47,20210509
2,2015-09-30,MNRK,USD,2015-11-06 00:00:00,2015-11-06 11:33:14,Q3,11126053.0,0.0,11126053.0,1.0,0.0,10099413.0,0.0,17584174.0,27683587.0,27683587.0,810201.0,758286.0,5749981.0,0.5168033084149428,4991695.0,0.44864921998843615,0.0,4991695.0,0.44864921998843615,1822868.0,3127744.0,0.28111891971034114,0.2642574016927207,0.2638920633618905,11835975.0,11852361.0,https://www.sec.gov/Archives/edgar/data/1364856/000136485615000028/0001364856-15-000028-index.html,https://www.sec.gov/Archives/edgar/data/1364856/000136485615000028/singlesourceqdocumentq3-20.htm,1620595187,17:19:47,20210509
3,2015-06-30,MNRK,USD,2015-08-07 00:00:00,2015-08-07 11:08:35,Q2,21862204.0,0.0,21862204.0,1.0,0.0,-1629467206.0,1649159000.0,38686733.0,58378527.0,58378527.0,1547182.0,1341003.0,12264289.0,0.5609813630867226,10923286.0,0.49964248801264505,0.0,10923286.0,0.49964248801264505,3955103.0,6885036.0,0.31492872356327845,0.6408004891836979,0.6394705341691886,10744430.0,10766776.0,https://www.sec.gov/Archives/edgar/data/1364856/000136485615000021/0001364856-15-000021-index.html,https://www.sec.gov/Archives/edgar/data/1364856/000136485615000021/singlesourceqdocumentq2-20.htm,1620595187,17:19:47,20210509
4,2014-12-31,MNRK,USD,2015-05-08,2015-05-08 09:03:20,Q1,0.0,0.0,0.0,0.0,0.0,0.0,0.0,-3986372000.0,-7987745000.0,-7987745000.0,0.0,-1461252000.0,11207163000.0,0.0,12668415000.0,0.0,0.0,3021495000.0,0.0,-1097697000.0,4119192000.0,0.0,383.3792951324547,382.5836072005213,10744430.0,10766776.0,https://www.sec.gov/Archives/edgar/data/1364856/000136485615000015/0001364856-15-000015-index.htm,https://www.sec.gov/Archives/edgar/data/1364856/000136485615000015/singlesourceqdocumentq1-20.htm,1620595187,17:19:47,20210509
5,2014-09-30,MNRK,USD,2014-11-06 00:00:00,2014-11-06 08:32:39,Q3,9711125.0,0.0,9711125.0,1.0,0.0,-2112580005.0,2121152000.0,15476573.0,24048568.0,24048568.0,927677.0,727207.0,5216375.0,0.5371545521244964,4489168.0,0.46227064320560185,0.0,4489168.0,0.46227064320560185,1635440.0,2807848.0,0.28913725237807153,0.2646477200184698,0.26369006325805017,10609757.0,10648289.0,https://www.sec.gov/Archives/edgar/data/1364856/000136485614000042/0001364856-14-000042-index.html,https://www.sec.gov/Archives/edgar/data/1364856/000136485614000042/singlesourceqdocumentq3-20.htm,1620595187,17:19:47,20210509
6,2014-06-30,MNRK,USD,2014-08-07 00:00:00,2014-08-07 10:09:35,Q2,9580106.0,0.0,9580106.0,1.0,0.0,-1311256554.0,1319749000.0,15491424.0,23983870.0,23983870.0,976886.0,788438.0,5860433.0,0.6117294526803775,5071995.0,0.5294299457646919,0.0,5071995.0,0.5294299457646919,1767500.0,3183574.0,0.3323109368518469,0.3004282619277204,0.29929337006560514,10596786.0,10636968.0,https://www.sec.gov/Archives/edgar/data/1364856/000136485614000036/0001364856-14-000036-index.html,https://www.sec.gov/Archives/edgar/data/1364856/000136485614000036/singlesourceqdocumentq2-20.htm,1620595187,17:19:47,20210509
7,2014-03-31,MNRK,USD,2014-05-08 00:00:00,2014-05-08 08:39:40,Q1,9462971.0,0.0,9462971.0,1.0,0.0,8271561.0,0.0,11446184.0,19717745.0,19717745.0,971112.0,795508.0,4820497.0,0.5094062953379018,4024989.0,0.42534094207833884,0.0,4024989.0,0.42534094207833884,1471240.0,2537265.0,0.2681256235488833,0.239988706480579,0.239061240395679,10572435.0,10613452.0,https://www.sec.gov/Archives/edgar/data/1364856/000136485614000032/0001364856-14-000032-index.html,https://www.sec.gov/Archives/edgar/data/1364856/000136485614000032/singlesourceqdocumentq1-20.htm,1620595187,17:19:47,20210509
8,2013-12-31,MNRK,USD,2014-03-13,2014-03-13 09:46:05,Q4,9633415.0,0.0,9633415.0,1.0,0.0,-2864486843.0,2873259000.0,12834017.0,21606174.0,21606174.0,1043822.0,648835.0,4071807.0,0.42267534410175417,3422972.0,0.3553228008966706,0.0,3422972.0,0.3553228008966706,1179017.0,2156566.0,0.2238630848977232,0.21211103675403425,0.20938609371296837,10167156.0,10299471.0,https://www.sec.gov/Archives/edgar/data/1364856/000136485614000025/0001364856-14-000025-index.htm,https://www.sec.gov/Archives/edgar/data/1364856/000136485614000025/singlesourcekdocumentq4.htm,1620595187,17:19:47,20210509
9,2013-09-30,MNRK,USD,2013-11-12 00:00:00,2013-11-12 09:51:24,Q3,9720812.0,0.0,9720812.0,1.0,0.0,-2056909153.0,2065542000.0,14803145.0,23435992.0,23435992.0,1121031.0,579860.0,4660784.0,0.4794644727210031,4080924.0,0.4198130773437445,0.0,4080924.0,0.4198130773437445,1415697.0,2409674.0,0.2478881393858867,0.23952595674490484,0.2298725770799772,10060179.0,10482651.0,https://www.sec.gov/Archives/edgar/data/1364856/000136485613000058/0001364856-13-000058-index.html,https://www.sec.gov/Archives/edgar/data/1364856/000136485613000058/a10qq32013document.htm,1620595187,17:19:47,20210509
10,2013-06-30,MNRK,USD,2013-08-12 00:00:00,2013-08-12 08:24:17,Q2,9791564.0,0.0,9791564.0,1.0,0.0,-1249101245.0,1257604000.0,18854052.0,27356807.0,27356807.0,1183923.0,683101.0,5976052.0,0.6103266035946862,5292951.0,0.5405623657262517,0.0,5292951.0,0.5405623657262517,1797773.0,3066638.0,0.31319184555194657,0.3111942278072637,0.2929617728123265,9854418.0,10467707.0,https://www.sec.gov/Archives/edgar/data/1364856/000136485613000054/0001364856-13-000054-index.html,https://www.sec.gov/Archives/edgar/data/1364856/000136485613000054/a10qq22013document.htm,1620595187,17:19:47,20210509
11,2013-03-31,MNRK,USD,2013-05-13 00:00:00,2013-05-13 10:21:10,Q1,10416188.0,0.0,10416188.0,1.0,0.0,8205075.0,0.0,15093228.0,23298303.0,23298303.0,1437682.0,760669.0,6497254.0,0.6237650472514513,5736585.0,0.550737467488106,0.0,5736585.0,0.550737467488106,1993553.0,3458129.0,0.331995639863643,0.3718114433659185,0.3308613737774109,9300760.0,10451897.0,https://www.sec.gov/Archives/edgar/data/1364856/000136485613000044/0001364856-13-000044-index.html,https://www.sec.gov/Archives/edgar/data/1364856/000136485613000044/a10qq12013document.htm,1620595187,17:19:47,20210509
12,2012-12-31,MNRK,USD,2013-03-28 00:00:00,2013-03-28 08:54:22,Q4,11099563.0,0.0,11099563.0,1.0,0.0,-2438061277.0,2412674000.0,56553774.0,31166497.0,31166497.0,1591004.0,458771.0,6862577.0,0.6182745212581793,6403806.0,0.5769421733089852,0.0,6403806.0,0.5769421733089852,2337743.0,3768373.0,0.3395064292170782,0.509209110859985,0.3674313513505081,7400443.0,10255992.0,https://www.sec.gov/Archives/edgar/data/1364856/000136485613000031/0001364856-13-000031-index.html,https://www.sec.gov/Archives/edgar/data/1364856/000136485613000031/mnrk-12312012x10k.htm,1620595187,17:19:47,20210509
13,2012-09-30,MNRK,USD,2012-11-09 00:00:00,2012-11-09 11:22:14,Q3,10389556.0,0.0,10389556.0,1.0,0.0,-1614366868.0,1636813000.0,9692603.0,32138735.0,32138735.0,1430149.0,528978.0,6771077.0,0.6517195730019647,6242099.0,0.6008051739650857,0.0,6242099.0,0.6008051739650857,2111207.0,3763403.0,0.36222943502109234,0.5222502955470267,0.3679502253710444,7206129.0,10228022.0,https://www.sec.gov/Archives/edgar/data/1364856/000136485612000004/0001364856-12-000004-index.html,https://www.sec.gov/Archives/edgar/data/1364856/000136485612000004/mnrk2012930-10q.htm,1620595187,17:19:47,20210509
14,2012-06-30,MNRK,USD,2012-08-13 00:00:00,2012-08-13 11:55:17,Q2,9555683.0,0.0,9555683.0,1.0,0.0,-986370415.0,1003817000.0,18888444.0,36335029.0,36335029.0,1427936.0,553526.0,5042963.0,0.5277449032162327,4489437.0,0.4698185362574292,0.0,4489437.0,0.4698185362574292,1556294.0,2776987.0,0.29061104266434956,0.4639247145396223,0.3262411672463143,5985857.0,8512068.0,https://www.sec.gov/Archives/edgar/data/1364856/000144530512002625/0001445305-12-002625-index.html,https://www.sec.gov/Archives/edgar/data/1364856/000144530512002625/mnrk2012630-10q.htm,1620595187,17:19:47,20210509
15,2012-03-31,MNRK,USD,2012-05-14,2012-05-14 10:22:21,Q1,9507430.0,0.0,9507430.0,1.0,0.0,-394928281.0,410291000.0,0.0,15362719.0,15362719.0,1467144.0,488330.0,4579279.0,0.48165266533647894,4090949.0,0.43028967870391893,0.0,4090949.0,0.43028967870391893,1421541.0,2516106.0,0.2646462819079394,0.42034181571661333,0.29559279836580254,5985857.0,8512068.0,https://www.sec.gov/Archives/edgar/data/1364856/000144530512001717/0001445305-12-001717-index.htm,https://www.sec.gov/Archives/edgar/data/1364856/000144530512001717/mnrk2012331-10q.htm,1620595187,17:19:47,20210509
16,2011-12-31,MNRK,USD,2012-03-28 00:00:00,2012-03-28 10:54:58,Q4,9483792.0,0.0,9483792.0,1.0,0.0,-1552149817.0,1541689000.0,0.0,1541689000.0,1541689000.0,1484849.0,515577.0,3358046.0,0.35408262855195477,2842469.0,0.2997186146638391,0.0,2842469.0,0.2997186146638391,768595.0,1954034.0,0.20603931423211305,0.3264418110890387,0.22956043114317226,5985857.0,8512068.0,https://www.sec.gov/Archives/edgar/data/1364856/000119312512136360/0001193125-12-136360-index.html,https://www.sec.gov/Archives/edgar/data/1364856/000119312512136360/d283754d10k.htm,1620595187,17:19:47,20210509
17,2011-09-30,MNRK,USD,2011-11-14 00:00:00,2011-11-14 11:47:27,Q3,8501229.0,0.0,8501229.0,1.0,0.0,22682348.0,0.0,0.0,22682348.0,22682348.0,1691050.0,369302.0,3563934.0,0.41922573783155354,3194632.0,0.375784724773324,0.0,3194632.0,0.375784724773324,969166.0,2137230.0,0.25140247368939245,0.3570466183873086,0.25108234567674975,5985857.0,8512068.0,https://www.sec.gov/Archives/edgar/data/1364856/000119312511309845/0001193125-11-309845-index.html,https://www.sec.gov/Archives/edgar/data/1364856/000119312511309845/d242914d10q.htm,1620595187,17:19:47,20210509
18,2011-06-30,MNRK,USD,2011-08-15 00:00:00,2011-08-15 09:19:03,Q2,15637851.0,0.0,15637851.0,1.0,-4000000.0,-426814148.0,430272000.0,-250205.0,430272000.0,430272000.0,3620556.0,796675.0,17570576.0,1.1235927494129467,16773901.0,1.072647450087611,0.0,15924526.0,1.018332122489209,1680931.0,13991918.0,0.8947468549227129,2.3374962014628817,1.6437742273675444,5985857.0,8512068.0,https://www.sec.gov/Archives/edgar/data/1364856/000119312511222288/0001193125-11-222288-index.html,https://www.sec.gov/Archives/edgar/data/1364856/000119312511222288/d10q.htm,1620595187,17:19:47,20210509
19,2011-03-31,MNRK,USD,2011-05-13,2011-05-13 14:57:45,Q1,0.0,0.0,0.0,0.0,0.0,0.0,273756000.0,0.0,273756000.0,273756000.0,-1902160000.0,0.0,2209529000.0,0.0,2209529000.0,0.0,0.0,2209529000.0,0.0,-699474000.0,1510055000.0,0.0,0.16,0.16,9437843750.0,9437843750.0,https://www.sec.gov/Archives/edgar/data/1364856/000119312511139373/0001193125-11-139373-index.htm,https://www.sec.gov/Archives/edgar/data/1364856/000119312511139373/d10q.htm,1620595187,17:19:47,20210509
20,2010-12-31,MNRK,USD,2011-03-28,2011-03-28 17:28:57,Q4,0.0,0.0,0.0,0.0,0.0,0.0,0.0,0.0,0.0,0.0,-8797554000.0,-993225000.0,8763294000.0,0.0,9756519000.0,0.0,0.0,9756519000.0,0.0,-3544532000.0,6211987000.0,0.0,0.77,0.77,8067515584.0,8067515584.0,https://www.sec.gov/Archives/edgar/data/1364856/000119312511079972/0001193125-11-079972-index.htm,https://www.sec.gov/Archives/edgar/data/1364856/000119312511079972/d10k.htm,1620595187,17:19:47,20210509
21,2010-09-30,MNRK,USD,2010-11-15,2010-11-15 10:31:18,Q3,0.0,0.0,0.0,0.0,0.0,0.0,318456000.0,0.0,318456000.0,318456000.0,-2142495000.0,421686000.0,3370077000.0,0.0,2948391000.0,0.0,0.0,2948391000.0,0.0,-1341006000.0,1607385000.0,0.0,0.2,0.2,8036925000.0,8036925000.0,https://www.sec.gov/Archives/edgar/data/1364856/000119312510259982/0001193125-10-259982-index.htm,https://www.sec.gov/Archives/edgar/data/1364856/000119312510259982/d10q.htm,1620595187,17:19:47,20210509
22,2010-06-30,MNRK,USD,2010-08-12,2010-08-12 08:11:52,Q2,0.0,0.0,0.0,0.0,0.0,0.0,125112000.0,0.0,125112000.0,125112000.0,-2270845000.0,305540000.0,2643666000.0,0.0,2338126000.0,0.0,0.0,2338126000.0,0.0,-749331000.0,1588795000.0,0.0,0.2,0.2,7943975000.0,7943975000.0,https://www.sec.gov/Archives/edgar/data/1364856/000119312510186659/0001193125-10-186659-index.htm,https://www.sec.gov/Archives/edgar/data/1364856/000119312510186659/d10q.htm,1620595187,17:19:47,20210509
23,2010-03-31,MNRK,USD,2010-05-11,2010-05-11 11:48:44,Q1,0.0,0.0,0.0,0.0,0.0,0.0,0.0,0.0,0.0,0.0,-2165563000.0,265999000.0,1968781000.0,0.0,1702782000.0,0.0,0.0,1702782000.0,0.0,-569700000.0,1133082000.0,0.0,0.13,0.13,8716015384.0,8716015384.0,https://www.sec.gov/Archives/edgar/data/1364856/000119312510115715/0001193125-10-115715-index.htm,https://www.sec.gov/Archives/edgar/data/1364856/000119312510115715/d10q.htm,1620595187,17:19:47,20210509
24,2009-12-31,MNRK,USD,2010-03-31,2010-03-31 11:13:11,Q4,0.0,0.0,0.0,0.0,0.0,0.0,0.0,0.0,0.0,0.0,-10421158000.0,259697000.0,7772364000.0,0.0,7512667000.0,0.0,0.0,7512667000.0,0.0,-2452970000.0,5059697000.0,0.0,0.67,0.67,7551786567.0,7551786567.0,https://www.sec.gov/Archives/edgar/data/1364856/000119312510072805/0001193125-10-072805-index.htm,https://www.sec.gov/Archives/edgar/data/1364856/000119312510072805/d10k.htm,1620595187,17:19:47,20210509
25,2009-09-30,MNRK,USD,2009-11-13,2009-11-13 14:50:15,Q3,0.0,0.0,0.0,0.0,0.0,0.0,0.0,0.0,0.0,0.0,-2526792000.0,251935000.0,2047119000.0,0.0,1795184000.0,0.0,0.0,1795184000.0,0.0,-619870000.0,1175314000.0,0.0,0.17,0.17,6913611764.0,6913611764.0,https://www.sec.gov/Archives/edgar/data/1364856/000119312509234129/0001193125-09-234129-index.htm,https://www.sec.gov/Archives/edgar/data/1364856/000119312509234129/d10q.htm,1620595187,17:19:47,20210509
26,2009-06-30,MNRK,USD,2009-08-10,2009-08-10 10:37:31,Q2,302269000.0,0.0,302269000.0,1.0,0.0,0.0,0.0,0.0,0.0,0.0,262122000.0,244463000.0,746900000.0,2.470977837621456,502437000.0,1.6622180905087853,0.0,502437000.0,1.6622180905087853,-185100000.0,317337000.0,1.0498496372436472,0.04745,0.04745,6688181818.0,6688181818.0,https://www.sec.gov/Archives/edgar/data/1364856/000119312509170048/0001193125-09-170048-index.htm,https://www.sec.gov/Archives/edgar/data/1364856/000119312509170048/d10q.htm,1620595187,17:19:47,20210509
27,2009-03-31,MNRK,USD,2009-05-12,2009-05-12 09:16:21,Q1,0.0,0.0,0.0,0.0,0.0,0.0,0.0,0.0,0.0,0.0,-2977631000.0,245937000.0,1914400000.0,0.0,1668463000.0,0.0,0.0,1668463000.0,0.0,-514400000.0,1154063000.0,0.0,0.16,0.16,7212893750.0,7212893750.0,https://www.sec.gov/Archives/edgar/data/1364856/000119312509108029/0001193125-09-108029-index.htm,https://www.sec.gov/Archives/edgar/data/1364856/000119312509108029/d10q.htm,1620595187,17:19:47,20210509
28,2008-12-31,MNRK,USD,2009-03-31,2009-03-31 11:45:09,Q4,0.0,0.0,0.0,0.0,0.0,0.0,350163000.0,0.0,350163000.0,350163000.0,-14715983000.0,-712147000.0,1206466000.0,0.0,1918613000.0,0.0,0.0,1918613000.0,0.0,-504500000.0,1132883000.0,0.0,0.21,0.21,5394680952.0,5394680952.0,https://www.sec.gov/Archives/edgar/data/1364856/000119312509068826/0001193125-09-068826-index.htm,https://www.sec.gov/Archives/edgar/data/1364856/000119312509068826/d10k.htm,1620595187,17:19:47,20210509
29,2008-09-30,MNRK,USD,2008-11-14,2008-11-14 07:25:35,Q3,0.0,0.0,0.0,0.0,0.0,0.0,0.0,0.0,0.0,0.0,-3509976000.0,712147000.0,1990253000.0,0.0,1278106000.0,0.0,0.0,1278106000.0,0.0,-412700000.0,772333000.0,0.0,0.14,0.14,5516664285.0,5516664285.0,https://www.sec.gov/Archives/edgar/data/1364856/000119312508235961/0001193125-08-235961-index.htm,https://www.sec.gov/Archives/edgar/data/1364856/000119312508235961/d10q.htm,1620595187,17:19:47,20210509
30,2008-06-30,MNRK,USD,2008-08-14,2008-08-14 09:40:11,Q2,0.0,0.0,0.0,0.0,0.0,0.0,0.0,0.0,0.0,0.0,-3618796000.0,-225359000.0,1266202000.0,0.0,1491561000.0,0.0,0.0,1491561000.0,0.0,-446600000.0,927027000.0,0.0,0.19,0.19,4879089473.0,4879089473.0,https://www.sec.gov/Archives/edgar/data/1364856/000119312508177448/0001193125-08-177448-index.htm,https://www.sec.gov/Archives/edgar/data/1364856/000119312508177448/d10q.htm,1620595187,17:19:47,20210509
31,2008-03-31,MNRK,USD,2008-05-15,2008-05-15 13:28:28,Q1,4325346000.0,0.0,4325346000.0,1.0,0.0,0.0,59796000.0,0.0,59796000.0,59796000.0,-4000226000.0,225359000.0,1709190000.0,0.39515682676021757,1483831000.0,0.3430548677493084,18090000.0,1483831000.0,0.3430548677493084,-468200000.0,968201000.0,0.2238435954025412,0.2,0.2,4841005000.0,4841005000.0,https://www.sec.gov/Archives/edgar/data/1364856/000119312508116075/0001193125-08-116075-index.htm,https://www.sec.gov/Archives/edgar/data/1364856/000119312508116075/d10q.htm,1620595187,17:19:47,20210509
32,2007-12-31,MNRK,USD,2008-03-31,2008-03-31 09:54:41,Q4,0.0,0.0,0.0,0.0,0.0,0.0,297877000.0,0.0,297877000.0,297877000.0,-14486625000.0,-518953000.0,4337112000.0,0.0,4856065000.0,0.0,0.0,4856065000.0,0.0,-1533309000.0,3158174000.0,0.0,0.66,0.66,4785112121.0,4785112121.0,https://www.sec.gov/Archives/edgar/data/1364856/000119312508070298/0001193125-08-070298-index.htm,https://www.sec.gov/Archives/edgar/data/1364856/000119312508070298/d10k.htm,1620595187,17:19:47,20210509
33,2007-09-30,MNRK,USD,2007-11-13,2007-11-13 07:22:49,Q3,0.0,0.0,0.0,0.0,0.0,0.0,103808000.0,0.0,103808000.0,103808000.0,-3923603000.0,199870000.0,675917000.0,0.0,476047000.0,0.0,22992000.0,476047000.0,0.0,-124290000.0,313461000.0,0.0,0.07,0.07,4478014285.0,4478014285.0,https://www.sec.gov/Archives/edgar/data/1364856/000119312507243820/0001193125-07-243820-index.htm,https://www.sec.gov/Archives/edgar/data/1364856/000119312507243820/d10q.htm,1620595187,17:19:47,20210509
34,2007-06-30,MNRK,USD,2007-08-14,2007-08-14 09:16:21,Q2,0.0,0.0,0.0,0.0,0.0,0.0,57371000.0,0.0,57371000.0,57371000.0,-3411344000.0,161090000.0,1398623000.0,0.0,1237533000.0,0.0,16974000.0,1237533000.0,0.0,-411763000.0,787195000.0,0.0,0.19,0.19,4143131578.0,4143131578.0,https://www.sec.gov/Archives/edgar/data/1364856/000119312507181795/0001193125-07-181795-index.htm,https://www.sec.gov/Archives/edgar/data/1364856/000119312507181795/d10q.htm,1620595187,17:19:47,20210509
35,2007-03-31,MNRK,USD,2007-05-15,2007-05-15 11:17:44,Q1,0.0,0.0,0.0,0.0,0.0,0.0,53709000.0,0.0,53709000.0,53709000.0,-3209505000.0,157993000.0,1512295000.0,0.0,1354302000.0,0.0,17317000.0,1354302000.0,0.0,-407484000.0,926388000.0,0.0,0.23,0.23,4027773913.0,4027773913.0,https://www.sec.gov/Archives/edgar/data/1364856/000119312507114930/0001193125-07-114930-index.htm,https://www.sec.gov/Archives/edgar/data/1364856/000119312507114930/d10q.htm,1620595187,17:19:47,20210509
36,2006-12-31,MNRK,USD,2007-03-30,2007-03-30 12:33:46,Q4,0.0,0.0,0.0,0.0,0.0,0.0,323212000.0,0.0,323212000.0,323212000.0,-10860686000.0,-443437000.0,4963146000.0,0.0,5406583000.0,0.0,0.0,5406583000.0,0.0,-1785706000.0,3626458000.0,0.0,0.91,0.91,3985118681.0,3985118681.0,https://www.sec.gov/Archives/edgar/data/1364856/000119312507070025/0001193125-07-070025-index.htm,https://www.sec.gov/Archives/edgar/data/1364856/000119312507070025/d10k.htm,1620595187,17:19:47,20210509
37,2006-09-30,MNRK,USD,2006-11-13,2006-11-13 15:14:53,,0.0,0.0,0.0,0.0,0.0,0.0,78246000.0,0.0,78246000.0,78246000.0,-3082526000.0,151078000.0,1567928000.0,0.0,1416850000.0,0.0,168935000.0,1416850000.0,0.0,-464250000.0,952600000.0,0.0,0.24,0.24,3969166666.0,3969166666.0,https://www.sec.gov/Archives/edgar/data/1364856/000119312506232757/0001193125-06-232757-index.htm,https://www.sec.gov/Archives/edgar/data/1364856/000119312506232757/d10q.htm,1620595187,17:19:47,20210509
