,date,symbol,reportedCurrency,fillingDate,acceptedDate,period,revenue,costOfRevenue,grossProfit,grossProfitRatio,researchAndDevelopmentExpenses,generalAndAdministrativeExpenses,sellingAndMarketingExpenses,otherExpenses,operatingExpenses,costAndExpenses,interestExpense,depreciationAndAmortization,ebitda,ebitdaratio,operatingIncome,operatingIncomeRatio,totalOtherIncomeExpensesNet,incomeBeforeTax,incomeBeforeTaxRatio,incomeTaxExpense,netIncome,netIncomeRatio,eps,epsdiluted,weightedAverageShsOut,weightedAverageShsOutDil,link,finalLink,timestamp,est_time,est_date
0,2020-09-30,VP7.AX,AUD,2020-09-30,2020-09-30,Q3,12401732.25,11881227.5,520504.75,0.04197032636307722,0.0,959670.75,0.0,-275080.75,23463.0,0.0,1596234.75,11150.75,-462629.0,-0.037303579102830574,-473779.75,-0.03820270752902281,-275080.75,-2333161.75,-0.1881319240705265,-3554.75,-2431872.75,-0.1960913766703841,-0.23518034837718518,-0.23518034837718518,10340459.0,10340459.0,,,1620599607,18:33:27,20210509
1,2020-06-30,VP7.AX,AUD,2020-06-30,2020-06-30,Q2,12401732.25,11881227.5,520504.75,0.04197032636307722,0.0,959670.75,0.0,-275080.75,23463.0,0.0,1596234.75,11150.75,-462629.0,-0.037303579102830574,-473779.75,-0.03820270752902281,-275080.75,-2333161.75,-0.1881319240705265,-3554.75,-2431872.75,-0.1960913766703841,-0.23518034837718518,-0.23518034837718518,10340459.0,10340459.0,,,1620599607,18:33:27,20210509
2,2020-03-31,VP7.AX,AUD,2020-03-31,2020-03-31,Q1,12401732.25,11881227.5,520504.75,0.04197032636307722,0.0,959670.75,0.0,-275080.75,23463.0,0.0,1596234.75,11150.75,-462629.0,-0.037303579102830574,-473779.75,-0.03820270752902281,-275080.75,-2333161.75,-0.1881319240705265,-3554.75,-2431872.75,-0.1960913766703841,-0.23518034837718518,-0.23518034837718518,10340459.0,10340459.0,,,1620599607,18:33:27,20210509
3,2020-01-31,VP7.AX,AUD,2020-01-31,2020-01-31,Q1,12401732.25,11881227.5,520504.75,0.04197032636307722,0.0,959670.75,0.0,-275080.75,23463.0,0.0,1596234.75,11150.75,-462629.0,-0.037303579102830574,-473779.75,-0.03820270752902281,-275080.75,-2333161.75,-0.1881319240705265,-3554.75,-2431872.75,-0.1960913766703841,-0.23518034837718518,-0.23518034837718518,10340459.0,10340459.0,,,1620599607,18:33:27,20210509
4,2019-06-30,VP7.AX,AUD,2019-06-30,2019-06-30,Q2,9671167.75,7524271.25,2146896.5,0.22198937661897136,0.0,655132.5,0.0,-178839.25,-797.75,0.0,553963.0,9726.25,1492561.75,0.15433107858148773,1482835.5,0.15332538306969187,-178839.25,766573.0,0.07926374764826098,190767.5,151224.5,0.01563663291850149,0.01487525,0.01487525,10340459.0,10340459.0,,,1620599607,18:33:27,20210509
5,2019-03-31,VP7.AX,AUD,2019-03-31,2019-03-31,Q1,9671167.75,7524271.25,2146896.5,0.22198937661897136,0.0,655132.5,0.0,-178839.25,-797.75,0.0,553963.0,9726.25,1492561.75,0.15433107858148773,1482835.5,0.15332538306969187,-178839.25,766573.0,0.07926374764826098,190767.5,151224.5,0.01563663291850149,0.01487525,0.01487525,10340459.0,10340459.0,,,1620599607,18:33:27,20210509
6,2019-01-31,VP7.AX,AUD,2019-01-31,2019-01-31,Q1,9671167.75,7524271.25,2146896.5,0.22198937661897136,0.0,655132.5,0.0,-178839.25,-797.75,0.0,553963.0,9726.25,1492561.75,0.15433107858148773,1482835.5,0.15332538306969187,-178839.25,766573.0,0.07926374764826098,190767.5,151224.5,0.01563663291850149,0.01487525,0.01487525,10340459.0,10340459.0,,,1620599607,18:33:27,20210509
7,2018-06-30,VP7.AX,AUD,2018-06-30,2018-06-30,Q2,4369942.25,3306833.0,1063109.25,0.24327764285672196,0.0,583250.0,0.0,-190358.5,7599.25,0.0,253422.5,3136.5,472260.0,0.10807007804279335,469123.5,0.10735233400395623,-190358.5,38090.5,0.008716476745201839,13611.0,39453.25,0.00902832297154499,0.0035,0.0035,10340459.0,10340459.0,,,1620599607,18:33:27,20210509
8,2018-03-31,VP7.AX,AUD,2018-03-31,2018-03-31,Q1,4369942.25,3306833.0,1063109.25,0.24327764285672196,0.0,583250.0,0.0,-190358.5,7599.25,0.0,253422.5,3136.5,472260.0,0.10807007804279335,469123.5,0.10735233400395623,-190358.5,38090.5,0.008716476745201839,13611.0,39453.25,0.00902832297154499,0.0035,0.0035,10340459.0,10340459.0,,,1620599607,18:33:27,20210509
9,2018-01-31,VP7.AX,AUD,2018-01-31,2018-01-31,Q1,4369942.25,3306833.0,1063109.25,0.24327764285672196,0.0,583250.0,0.0,-190358.5,7599.25,0.0,253422.5,3136.5,472260.0,0.10807007804279335,469123.5,0.10735233400395623,-190358.5,38090.5,0.008716476745201839,13611.0,39453.25,0.00902832297154499,0.0035,0.0035,10340459.0,10340459.0,,,1620599607,18:33:27,20210509
10,2017-06-30,VP7.AX,AUD,2017-06-30,2017-06-30,Q2,3605983.5,2712015.75,893967.75,0.24791232405805516,0.0,515829.75,0.0,802282.75,65552.75,0.0,400768.75,2280.0,312585.25,0.08668515815449516,310305.25,0.08605287572724611,802282.75,729610.25,0.2023332192174479,198330.25,549676.25,0.152434488399628,0.070001,0.070001,8022969.0,8022969.0,,,1620599607,18:33:27,20210509
11,2017-03-31,VP7.AX,AUD,2017-03-31,2017-03-31,Q1,3605983.5,2712015.75,893967.75,0.24791232405805516,0.0,515829.75,0.0,802282.75,65552.75,0.0,400768.75,2280.0,312585.25,0.08668515815449516,310305.25,0.08605287572724611,802282.75,729610.25,0.2023332192174479,198330.25,549676.25,0.152434488399628,0.070001,0.070001,8022969.0,8022969.0,,,1620599607,18:33:27,20210509
12,2017-01-31,VP7.AX,AUD,2017-01-31,2017-01-31,Q1,3605983.5,2712015.75,893967.75,0.24791232405805516,0.0,515829.75,0.0,802282.75,65552.75,0.0,400768.75,2280.0,312585.25,0.08668515815449516,310305.25,0.08605287572724611,802282.75,729610.25,0.2023332192174479,198330.25,549676.25,0.152434488399628,0.070001,0.070001,8022969.0,8022969.0,,,1620599607,18:33:27,20210509
13,2016-06-30,VP7.AX,AUD,2016-06-30,2016-06-30,Q2,0.0,0.0,0.0,0.0,0.0,0.0,0.0,0.0,0.0,0.0,0.0,0.0,0.0,0.0,0.0,0.0,0.0,0.0,0.0,0.0,0.0,0.0,0.0,0.0,77999470.0,77999470.0,,,1620599607,18:33:27,20210509
14,2016-03-31,VP7.AX,AUD,2016-03-31,2016-03-31,Q1,0.0,0.0,0.0,0.0,0.0,0.0,0.0,0.0,0.0,0.0,0.0,0.0,0.0,0.0,0.0,0.0,0.0,0.0,0.0,0.0,0.0,0.0,0.0,0.0,77999470.0,77999470.0,,,1620599607,18:33:27,20210509
15,2016-01-31,VP7.AX,AUD,2016-01-31,2016-01-31,Q1,0.0,0.0,0.0,0.0,0.0,0.0,0.0,0.0,0.0,0.0,0.0,0.0,0.0,0.0,0.0,0.0,0.0,0.0,0.0,0.0,0.0,0.0,0.0,0.0,77999470.0,77999470.0,,,1620599607,18:33:27,20210509
