,date,symbol,reportedCurrency,fillingDate,acceptedDate,period,revenue,costOfRevenue,grossProfit,grossProfitRatio,researchAndDevelopmentExpenses,generalAndAdministrativeExpenses,sellingAndMarketingExpenses,otherExpenses,operatingExpenses,costAndExpenses,interestExpense,depreciationAndAmortization,ebitda,ebitdaratio,operatingIncome,operatingIncomeRatio,totalOtherIncomeExpensesNet,incomeBeforeTax,incomeBeforeTaxRatio,incomeTaxExpense,netIncome,netIncomeRatio,eps,epsdiluted,weightedAverageShsOut,weightedAverageShsOutDil,link,finalLink,timestamp,est_time,est_date
0,2020-06-30,SPCB,USD,2020-07-15 00:00:00,2020-07-15 17:21:16,Q3,6796000.0,2573000.0,4223000.0,0.6213949381989405,987000.0,2426000.0,0.0,45000.0,3457999.9999999995,6031000.0,-1141000.0,0.0,-1517000.0,-0.22322,765000.0,0.11256621542083578,0.0,-376000.0,-0.05532666274278988,0.0,-376000.0,-0.05532666274278988,-0.02329,-0.02329,16141290.0,16141290.0,https://www.sec.gov/Archives/edgar/data/1291855/000110465920083803/0001104659-20-083803-index.htm,https://www.sec.gov/Archives/edgar/data/1291855/000110465920083803/tm2024906d1_6k.htm,1620598190,18:09:50,20210509
1,2019-06-30,SPCB,USD,2019-06-30,2019-06-30,Q2,5666000.0,2404000.0,3262000.0,0.5757147899752912,857000.0,927000.0,898000.0,0.0,2682000.0,5086000.0,0.0,-941000.0,-361000.0,-0.06371337804447583,580000.0,0.10236498411577832,0.0,73000.0,0.012883868690434168,-36000.0,109000.0,0.019237557359689374,0.006759171404959508,0.006759171404959508,16126237.0,16126237.0,,,1620598190,18:09:50,20210509
2,2019-03-31,SPCB,USD,2019-06-10 00:00:00,2019-06-10 08:00:31,Q1,5673000.0,2600000.0,3073000.0,0.5416887008637405,961000.0,1088000.0,893000.0,0.0,2943000.0,5543000.0,0.0,0.0,130000.0,0.022915564956812975,130000.0,0.022915564956812975,0.0,-273000.0,-0.048122686409307246,-42000.0,-231000.0,-0.040719196192490745,-0.014324,-0.014324,16126237.0,16126237.0,https://www.sec.gov/Archives/edgar/data/1291855/000114420419030357/0001144204-19-030357-index.html,https://www.sec.gov/Archives/edgar/data/1291855/000114420419030357/tv523327_6k.htm,1620598190,18:09:50,20210509
3,2018-12-31,SPCB,USD,2019-01-24 00:00:00,2019-01-24 06:50:11,Q4,2025000.0,5013000.0,-2988000.0,-1.4755555555555555,1212000.0,2071000.0,773000.0,0.0,6175000.0,11188000.0,0.0,0.0,-8654000.0,-4.27358024691358,-9163000.0,-4.524938271604938,0.0,-9428000.0,-4.655802469135803,6143000.0,-15571000.0,-7.689382716049383,-0.9655693389598577,-0.9655693389598577,16126237.0,16126237.0,https://www.sec.gov/Archives/edgar/data/1291855/000114420419002505/0001144204-19-002505-index.html,https://www.sec.gov/Archives/edgar/data/1291855/000114420419002505/tv511407_6k.htm,1620598190,18:09:50,20210509
4,2018-09-30,SPCB,USD,2018-11-14 00:00:00,2018-11-14 11:09:20,Q3,6082000.0,2676000.0,3406000.0,0.5600131535679053,1034000.0,1075000.0,1050000.0,31000.0,3128000.0,5804000.0,348000.0,0.0,278000.0,0.04570864847089773,278000.0,0.04570864847089773,0.0,-70000.0,-0.011509371917132522,-188000.0,118000.0,0.01940151266030911,0.007877166404339223,0.007851832461325233,14980006.0,15028339.0,https://www.sec.gov/Archives/edgar/data/1291855/000114420418059651/0001144204-18-059651-index.html,https://www.sec.gov/Archives/edgar/data/1291855/000114420418059651/tv507241_6-k.htm,1620598190,18:09:50,20210509
5,2018-06-30,SPCB,USD,2018-07-16 00:00:00,2018-07-16 13:08:31,Q2,6761000.0,2927000.0,3834000.0,0.5670758763496524,1203000.0,1254000.0,1481000.0,-133000.0,4071000.0,6998000.0,226000.0,1961000.0,1724000.0,0.25499186510871175,-237000.0,-0.03505398609673125,0.0,-11000.0,-0.0016269782576541932,-44000.0,33000.0,0.004880934772962579,0.002202936367315207,0.002202936367315207,14980006.0,14980006.0,https://www.sec.gov/Archives/edgar/data/1291855/000114420418038463/0001144204-18-038463-index.html,https://www.sec.gov/Archives/edgar/data/1291855/000114420418038463/tv498592_6k.htm,1620598190,18:09:50,20210509
6,2018-03-31,SPCB,USD,2018-05-14 00:00:00,2018-05-14 08:45:27,Q1,7014000.0,3127000.0,3887000.0,0.5541773595665811,1341000.0,1348000.0,1701000.0,-50000.0,4440000.0,7567000.0,52000.0,0.0,-553000.0,-0.07884231536926148,-553000.0,-0.07884231536926148,0.0,-501000.0,-0.07142857142857142,-181000.0,-320000.0,-0.04562303963501568,-0.021393,-0.021393,14958339.0,14958339.0,https://www.sec.gov/Archives/edgar/data/1291855/000114420418027815/0001144204-18-027815-index.html,https://www.sec.gov/Archives/edgar/data/1291855/000114420418027815/tv494023_6k.htm,1620598190,18:09:50,20210509
7,2017-12-31,SPCB,USD,2017-12-31,2017-12-31,Q4,7797000.0,6483000.0,1314000.0,0.1685263562908811,1902000.0,1720000.0,2104000.0,-2033000.0,7493000.0,13976000.0,-222000.0,0.0,-5122000.0,-0.6569193279466461,-6179000.0,-0.7924842888290368,0.0,-4900000.0,-0.6284468385276388,-282000.0,-4618000.0,-0.592279081698089,-0.30872411702930386,-0.30872411702930386,14958339.0,14958339.0,,,1620598190,18:09:50,20210509
8,2017-09-30,SPCB,USD,2017-10-30 00:00:00,2017-10-30 14:35:18,Q3,9638000.0,4512000.0,5126000.0,0.5318530815521892,1695000.0,1202000.0,1724000.0,87000.0,4534000.0,9046000.0,31000.0,0.0,592000.0,0.06142353185308155,592000.0,0.06142353185308155,0.0,561000.0,0.058207096908072214,-53000.0,614000.0,0.0637061631043785,0.04110229390295668,0.040886156160611475,14938339.0,15017308.0,https://www.sec.gov/Archives/edgar/data/1291855/000114420417054731/0001144204-17-054731-index.html,https://www.sec.gov/Archives/edgar/data/1291855/000114420417054731/tv477995_6k.htm,1620598190,18:09:50,20210509
9,2017-06-30,SPCB,USD,2017-07-31 00:00:00,2017-07-31 12:50:21,Q2,7502000.0,4071000.0,3431000.0,0.4573447080778459,1960000.0,1516000.0,2337000.0,1917000.0,3896000.0,7967000.0,226000.0,0.0,-465000.0,-0.06198347107438017,-465000.0,-0.06198347107438017,0.0,-691000.0,-0.0921087709944015,-30000.0,-661000.0,-0.08810983737669954,-0.04424856070008854,-0.044030670126149536,14938339.0,15012263.0,https://www.sec.gov/Archives/edgar/data/1291855/000114420417039207/0001144204-17-039207-index.html,https://www.sec.gov/Archives/edgar/data/1291855/000114420417039207/v471919_6k.htm,1620598190,18:09:50,20210509
10,2017-03-31,SPCB,USD,2017-05-16 00:00:00,2017-05-16 16:01:27,Q1,8327000.0,5285000.0,3042000.0,0.3653176414074697,1681000.0,1675000.0,1934000.0,400000.0,4890000.0,10175000.0,176000.0,0.0,-1848000.0,-0.22192866578599735,-1848000.0,-0.22192866578599735,0.0,-2024000.0,-0.2430647291941876,-28000.0,-1996000.0,-0.2397021736519755,-0.13361592610798295,-0.13289920480866077,14938339.0,15018901.0,https://www.sec.gov/Archives/edgar/data/1291855/000114420417027919/0001144204-17-027919-index.html,https://www.sec.gov/Archives/edgar/data/1291855/000114420417027919/v467024_6k.htm,1620598190,18:09:50,20210509
11,2016-12-31,SPCB,USD,2017-03-13 00:00:00,2017-03-13 06:30:29,Q4,4036000.0,5368000.0,-1332000.0,-0.33002973240832506,2607000.0,1906000.0,2965000.0,-6810000.0,14726000.0,20094000.0,33000.0,0.0,-5792000.0,-1.4350842418235876,-16058000.0,-3.9786917740336967,0.0,-5825000.0,-1.443260654112983,3529000.0,-9354000.0,-2.3176412289395443,-0.6261740344759883,-0.6261740344759883,14938339.0,14938339.0,https://www.sec.gov/Archives/edgar/data/1291855/000114420417014108/0001144204-17-014108-index.html,https://www.sec.gov/Archives/edgar/data/1291855/000114420417014108/v461677_6k.htm,1620598190,18:09:50,20210509
12,2016-09-30,SPCB,USD,2016-10-27 00:00:00,2016-10-27 16:42:52,Q3,5106000.0,3404000.0,1702000.0,0.3333333333333333,1417000.0,1934000.0,2494000.0,1065000.0,4780000.0,8184000.0,76000.0,0.0,-3078000.0,-0.6028202115158637,-3078000.0,-0.6028202115158637,0.0,-3154000.0,-0.617704661182922,54000.0,-3208000.0,-0.6282804543674109,-0.21354509622443216,-0.2123647101751294,15022588.0,15106088.0,https://www.sec.gov/Archives/edgar/data/1291855/000114420416129926/0001144204-16-129926-index.html,https://www.sec.gov/Archives/edgar/data/1291855/000114420416129926/v451485_6k.htm,1620598190,18:09:50,20210509
13,2016-06-30,SPCB,USD,2016-07-06 00:00:00,2016-07-06 16:41:00,Q2,5016000.0,3686000.0,1330000.0,0.26515151515151514,1505000.0,1841000.0,2580000.0,3029000.0,2897000.0,6583000.0,54000.0,0.0,-1567000.0,-0.31240031897926634,-1567000.0,-0.31240031897926634,0.0,-1621000.0,-0.3231658692185008,-111000.0,-1510000.0,-0.30103668261563,-0.10052943058998726,-0.09996863897729566,15020477.0,15104737.0,https://www.sec.gov/Archives/edgar/data/1291855/000114420416111712/0001144204-16-111712-index.html,https://www.sec.gov/Archives/edgar/data/1291855/000114420416111712/v443711_6k.htm,1620598190,18:09:50,20210509
14,2016-03-31,SPCB,USD,2016-04-11 00:00:00,2016-04-11 11:02:01,Q1,5867000.0,5003000.0,864000.0,0.14726435997954662,1189000.0,1596000.0,1931000.0,2606000.0,2110000.0,7113000.0,56000.0,0.0,-1246000.0,-0.21237429691494802,-1246000.0,-0.21237429691494802,0.0,-1302000.0,-0.22191920913584456,-1381000.0,79000.0,0.013465144025907618,0.005221245313271414,0.005190668702022041,15130490.0,15219619.0,https://www.sec.gov/Archives/edgar/data/1291855/000114420416093607/0001144204-16-093607-index.html,https://www.sec.gov/Archives/edgar/data/1291855/000114420416093607/v436682_6k.htm,1620598190,18:09:50,20210509
15,2015-12-31,SPCB,USD,2016-01-05 00:00:00,2016-01-05 10:35:57,Q4,7173000.0,2796000.0,4377000.0,0.6102049351735676,1693000.0,1172000.0,2220000.0,-784000.0,6247000.0,9043000.0,94000.0,0.0,-2534000.0,-0.3532692039592918,-1870000.0,-0.260699846647149,0.0,-2628000.0,-0.36637390213299875,-433000.0,-2195000.0,-0.30600864352432733,-0.035692,-0.035692,15493615.0,15493615.0,https://www.sec.gov/Archives/edgar/data/1291855/000114420416073946/0001144204-16-073946-index.html,https://www.sec.gov/Archives/edgar/data/1291855/000114420416073946/v428309_6k.htm,1620598190,18:09:50,20210509
16,2014-12-31,SPCB,USD,2014-12-31,2014-12-31,Q3,8235000.0,2413000.0,5822000.0,0.7069823922282938,608000.0,1110000.0,2155000.0,-1087000.0,5098000.0,7511000.0,14000.0,0.0,756000.0,0.09180327868852459,724000.0,0.08791742562234366,0.0,742000.0,0.09010321797207044,1675000.0,-933000.0,-0.11329690346083789,-0.067891,-0.067891,13742585.0,13742585.0,,,1620598190,18:09:50,20210509
17,2014-09-30,SPCB,USD,2014-11-03 00:00:00,2014-11-03 09:27:50,Q2,9104000.0,2192000.0,6912000.0,0.7592267135325131,949000.0,569000.0,1659000.0,0.0,3177000.0,5369000.0,0.0,0.0,3735000.0,0.4102592267135325,3735000.0,0.4102592267135325,0.0,3684000.0,0.4046572934973638,0.0,3684000.0,0.4046572934973638,0.27,0.27,13644444.0,13644444.0,https://www.sec.gov/Archives/edgar/data/1291855/000114420414064563/0001144204-14-064563-index.html,https://www.sec.gov/Archives/edgar/data/1291855/000114420414064563/v392968_6k.htm,1620598190,18:09:50,20210509
18,2014-06-30,SPCB,USD,2014-08-04 00:00:00,2014-08-04 08:00:49,Q1,7056000.0,1673000.0,5383000.0,0.7628968253968254,543000.0,545000.0,2105000.0,0.0,3193000.0,4866000.0,75000.0,0.0,2190000.0,0.31037414965986393,2190000.0,0.31037414965986393,0.0,2115000.0,0.2997448979591837,0.0,2115000.0,0.2997448979591837,0.15698094251357886,0.15605143101006816,13472973.0,13553224.0,https://www.sec.gov/Archives/edgar/data/1291855/000114420414046610/0001144204-14-046610-index.html,https://www.sec.gov/Archives/edgar/data/1291855/000114420414046610/v385612_6k.htm,1620598190,18:09:50,20210509
19,2014-03-31,SPCB,USD,2014-04-23 00:00:00,2014-04-23 09:23:57,Q4,5308000.0,1023000.0,4285000.0,0.8072720422004521,1259000.0,549000.0,1117000.0,0.0,2925000.0,3948000.0,25000.0,0.0,1360000.0,0.2562170308967596,1360000.0,0.2562170308967596,0.0,1335000.0,0.25150715900527504,0.0,1335000.0,0.25150715900527504,0.10032118560253468,0.09978187756307691,13307259.0,13379183.0,https://www.sec.gov/Archives/edgar/data/1291855/000114420414024173/0001144204-14-024173-index.html,https://www.sec.gov/Archives/edgar/data/1291855/000114420414024173/v375587_6k.htm,1620598190,18:09:50,20210509
20,2013-12-31,SPCB,USD,2013-12-31,2013-12-31,Q3,2905000.0,1001000.0,1904000.0,0.655421686746988,93000.0,443000.0,999000.0,0.0,1893000.0,2894000.0,-20000.0,0.0,-227000.0,-0.07814113597246128,11000.0,0.0037865748709122204,0.0,-207000.0,-0.07125645438898451,-1060000.0,853000.0,0.29363166953528397,0.06410035304791167,0.06410035304791167,13307259.0,13307259.0,,,1620598190,18:09:50,20210509
21,2013-09-30,SPCB,USD,2013-10-07 00:00:00,2013-10-07 16:13:29,Q2,2014000.0,354000.0,1660000.0,0.8242303872889771,122000.0,305000.0,749000.0,0.0,1176000.0,1530000.0,45000.0,0.0,484000.0,0.24031777557100298,484000.0,0.24031777557100298,0.0,439000.0,0.217974180734856,-1047000.0,1486000.0,0.7378351539225422,0.16,0.15,9259155.0,9785597.0,https://www.sec.gov/Archives/edgar/data/1291855/000117891313002806/0001178913-13-002806-index.html,https://www.sec.gov/Archives/edgar/data/1291855/000117891313002806/zk1313708.htm,1620598190,18:09:50,20210509
22,2013-06-30,SPCB,USD,2013-07-22 00:00:00,2013-07-22 16:07:03,Q1,1871000.0,237000.0,1634000.0,0.8733297701763763,216000.0,197000.0,706000.0,0.0,1119000.0,1356000.0,14000.0,0.0,515000.0,0.2752538749331908,515000.0,0.2752538749331908,0.0,501000.0,0.2677712453233565,-2151000.0,2652000.0,1.4174238375200428,0.303107,0.303107,8749398.0,8749398.0,https://www.sec.gov/Archives/edgar/data/1291855/000117891313002122/0001178913-13-002122-index.html,https://www.sec.gov/Archives/edgar/data/1291855/000117891313002122/zk1313412.htm,1620598190,18:09:50,20210509
23,2013-03-31,SPCB,USD,2013-04-02 00:00:00,2013-04-02 13:05:14,Q4,2032000.0,304000.0,1728000.0,0.8503937007874016,133000.0,238000.0,704000.0,0.0,1075000.0,1379000.0,28000.0,0.0,653000.0,0.3213582677165354,653000.0,0.3213582677165354,0.0,625000.0,0.3075787401574803,-450000.0,1075000.0,0.5290354330708661,0.1235554074167725,0.11238727295157207,8700550.0,9565140.0,https://www.sec.gov/Archives/edgar/data/1291855/000117891313000979/0001178913-13-000979-index.html,https://www.sec.gov/Archives/edgar/data/1291855/000117891313000979/zk1312895.htm,1620598190,18:09:50,20210509
24,2012-12-31,SPCB,USD,2013-03-14 00:00:00,2013-03-14 15:54:18,Q3,3214000.0,-2000.0,3216000.0,1.000622277535781,98000.0,193000.0,1073000.0,0.0,2823000.0,2821000.0,0.0,0.0,2810000.0,0.8742999377722465,393000.0,0.1222775357809583,0.0,525000.0,0.16334785314250155,-1024000.0,1549000.0,0.4819539514623522,0.17803472194286568,0.17803472194286568,8700550.0,8700550.0,https://www.sec.gov/Archives/edgar/data/1291855/000117891313000712/0001178913-13-000712-index.html,https://www.sec.gov/Archives/edgar/data/1291855/000117891313000712/zk1312807.htm,1620598190,18:09:50,20210509
25,2012-09-30,SPCB,USD,2012-11-21 00:00:00,2012-11-21 11:00:23,Q2,1786000.0,489000.0,1297000.0,0.7262038073908175,73000.0,173000.0,523000.0,0.0,769000.0,1258000.0,0.0,0.0,528000.0,0.2956326987681971,528000.0,0.2956326987681971,0.0,515000.0,0.2883538633818589,5000.0,510000.0,0.2855543113101904,0.0606891141816894,0.05352969003265626,8403484.0,9527423.0,https://www.sec.gov/Archives/edgar/data/1291855/000117891312003254/0001178913-12-003254-index.html,https://www.sec.gov/Archives/edgar/data/1291855/000117891312003254/zk1212301.htm,1620598190,18:09:50,20210509
26,2012-06-30,SPCB,USD,2012-07-05 00:00:00,2012-07-05 13:53:11,Q1,1751000.0,277000.0,1474000.0,0.8418046830382638,55000.0,178000.0,730000.0,0.0,963000.0,1240000.0,0.0,0.0,406000.0,0.23186750428326672,511000.0,0.2918332381496288,105000.0,2661000.0,1.5197030268418046,8000.0,2653000.0,1.5151342090234152,0.425,0.3825,6131441.0,7065698.0,https://www.sec.gov/Archives/edgar/data/1291855/000117891312001866/0001178913-12-001866-index.html,https://www.sec.gov/Archives/edgar/data/1291855/000117891312001866/zk1211663.htm,1620598190,18:09:50,20210509
27,2012-03-31,SPCB,USD,2012-05-09 00:00:00,2012-05-09 17:27:13,Q4,2189000.0,956000.0,1233000.0,0.563270899954317,87000.0,313000.0,734000.0,0.0,947000.0,1903000.0,0.0,0.0,286000.0,0.1306532663316583,286000.0,0.1306532663316583,0.0,110000.0,0.05025125628140704,5000.0,105000.0,0.047967108268615805,0.03707853622414081,0.0291500187670597,2831827.0,3602056.0,https://www.sec.gov/Archives/edgar/data/1291855/000114420412027263/0001144204-12-027263-index.html,https://www.sec.gov/Archives/edgar/data/1291855/000114420412027263/v310332_20f.htm,1620598190,18:09:50,20210509
28,2011-12-31,SPCB,USD,2012-01-10 00:00:00,2012-01-10 11:30:31,Q3,1942000.0,800000.0,1142000.0,0.588053553038105,90000.0,111000.0,884000.0,0.0,1870000.0,2670000.0,0.0,0.0,1283000.0,0.660659114315139,-728000.0,-0.3748712667353244,0.0,1005000.0,0.5175077239958805,2000.0,1003000.0,0.5164778578784758,0.35418830316964983,0.35418830316964983,2831827.0,2831827.0,https://www.sec.gov/Archives/edgar/data/1291855/000114420412001520/0001144204-12-001520-index.html,https://www.sec.gov/Archives/edgar/data/1291855/000114420412001520/v245111_6k.htm,1620598190,18:09:50,20210509
29,2011-09-30,SPCB,USD,2011-11-03 00:00:00,2011-11-03 09:34:38,Q2,1942000.0,735000.0,1207000.0,0.621524201853759,92000.0,170000.0,907000.0,0.0,1169000.0,1904000.0,0.0,0.0,38000.0,0.01956745623069001,38000.0,0.01956745623069001,0.0,-221000.0,-0.11380020597322348,9000.0,-230000.0,-0.1184346035015448,-0.085,-0.085,2307705.0,2307705.0,https://www.sec.gov/Archives/edgar/data/1291855/000117891311002946/0001178913-11-002946-index.html,https://www.sec.gov/Archives/edgar/data/1291855/000117891311002946/zk1110584.htm,1620598190,18:09:50,20210509
30,2011-06-30,SPCB,USD,2011-09-12 00:00:00,2011-09-12 11:03:27,Q1,2190000.0,944000.0,1246000.0,0.5689497716894977,137000.0,216000.0,987000.0,0.0,525000.0,1469000.0,0.0,0.0,721000.0,0.32922374429223744,721000.0,0.32922374429223744,0.0,425000.0,0.19406392694063926,6000.0,419000.0,0.191324200913242,0.255,0.17,1713133.0,2204843.0,https://www.sec.gov/Archives/edgar/data/1291855/000117891311002574/0001178913-11-002574-index.html,https://www.sec.gov/Archives/edgar/data/1291855/000117891311002574/zk1110408.htm,1620598190,18:09:50,20210509
31,2011-03-31,SPCB,USD,2011-04-04 00:00:00,2011-04-04 09:05:27,Q4,1848000.0,827000.0,1021000.0,0.5524891774891775,143000.0,235000.0,727000.0,0.0,998000.0,1825000.0,0.0,0.0,23000.0,0.012445887445887446,23000.0,0.012445887445887446,0.0,-165000.0,-0.08928571428571429,8000.0,-173000.0,-0.09361471861471861,-0.085,-0.085,1713133.0,1713133.0,https://www.sec.gov/Archives/edgar/data/1291855/000117891311001023/0001178913-11-001023-index.html,https://www.sec.gov/Archives/edgar/data/1291855/000117891311001023/zk1109716.htm,1620598190,18:09:50,20210509
32,2010-12-31,SPCB,USD,2010-12-31,2010-12-31,Q3,1883000.0,616000.0,1267000.0,0.6728624535315985,78000.0,301000.0,996000.0,0.0,979000.0,1595000.0,0.0,0.0,288000.0,0.15294742432288902,288000.0,0.15294742432288902,0.0,89000.0,0.04726500265533723,13000.0,62000.0,0.032926181625066386,0.03619100209966185,0.03619100209966185,1713133.0,1713133.0,,,1620598190,18:09:50,20210509
33,2010-09-30,SPCB,USD,2010-10-26 00:00:00,2010-10-26 08:56:22,Q2,2291000.0,588000.0,1703000.0,0.7433435181143605,92000.0,628000.0,1393000.0,0.0,2113000.0,2701000.0,0.0,0.0,-410000.0,-0.1789611523352248,-410000.0,-0.1789611523352248,0.0,-608000.0,-0.2653862941946748,13000.0,-629000.0,-0.2745525971191619,-0.425,-0.443322,1418833.0,1418833.0,https://www.sec.gov/Archives/edgar/data/1291855/000117891310002776/0001178913-10-002776-index.html,https://www.sec.gov/Archives/edgar/data/1291855/000117891310002776/zk1008931.htm,1620598190,18:09:50,20210509
34,2010-06-30,SPCB,USD,2010-07-15 00:00:00,2010-07-15 11:29:07,Q1,1922000.0,479000.0,1443000.0,0.7507804370447451,81000.0,558000.0,1211000.0,0.0,1850000.0,2329000.0,0.0,0.0,-407000.0,-0.21175858480749218,-407000.0,-0.21175858480749218,0.0,-539000.0,-0.2804370447450572,13000.0,-540000.0,-0.2809573361082206,-0.425,-0.425,1346921.0,1346921.0,https://www.sec.gov/Archives/edgar/data/1291855/000114420410037978/0001144204-10-037978-index.html,https://www.sec.gov/Archives/edgar/data/1291855/000114420410037978/v190677_6k.htm,1620598190,18:09:50,20210509
35,2010-03-31,SPCB,USD,2010-04-07 00:00:00,2010-04-07 06:06:25,Q4,1293000.0,374000.0,919000.0,0.7107501933488012,135000.0,498000.0,805000.0,0.0,1438000.0,1812000.0,0.0,0.0,-519000.0,-0.4013921113689095,-519000.0,-0.4013921113689095,0.0,-668000.0,-0.5166279969064191,11000.0,-858000.0,-0.6635730858468677,-0.6375,-0.6375,1346921.0,1346921.0,https://www.sec.gov/Archives/edgar/data/1291855/000114420410018816/0001144204-10-018816-index.html,https://www.sec.gov/Archives/edgar/data/1291855/000114420410018816/v180129_6k.htm,1620598190,18:09:50,20210509
36,2009-12-31,SPCB,USD,2010-02-03 00:00:00,2010-02-03 14:24:31,Q3,-2681000.0,-1534000.0,-1147000.0,0.42782543826930247,-430000.0,22000.0,-541000.0,0.0,-949000.0,-2483000.0,0.0,174000.0,-24000.0,0.008951883625512868,-198000.0,0.07385303991048116,0.0,-331000.0,0.12346139500186498,47000.0,-2839000.0,1.0589332338679598,-2.1077702404224152,-2.1077702404224152,1346921.0,1346921.0,https://www.sec.gov/Archives/edgar/data/1291855/000114420410005110/0001144204-10-005110-index.html,https://www.sec.gov/Archives/edgar/data/1291855/000114420410005110/v173076_6k.htm,1620598190,18:09:50,20210509
37,2009-09-30,SPCB,USD,2009-11-30 00:00:00,2009-11-30 15:23:08,Q2,3995000.0,1389000.0,2606000.0,0.6523153942428035,457000.0,512000.0,1916000.0,0.0,2885000.0,4274000.0,0.0,175000.0,-104000.0,-0.026032540675844807,-279000.0,-0.06983729662077597,0.0,-477000.0,-0.11939924906132666,10000.0,-487000.0,-0.12190237797246559,-0.3825,-0.3825,1314520.0,1314520.0,https://www.sec.gov/Archives/edgar/data/1291855/000114420409062371/0001144204-09-062371-index.html,https://www.sec.gov/Archives/edgar/data/1291855/000114420409062371/v167905_6k.htm,1620598190,18:09:50,20210509
38,2009-06-30,SPCB,USD,2009-07-07 00:00:00,2009-07-07 16:06:41,Q1,3646000.0,1489000.0,2157000.0,0.5916072408118486,497000.0,635000.0,1672000.0,0.0,2804000.0,4293000.0,164000.0,360000.0,-287000.0,-0.07871640153592979,-647000.0,-0.17745474492594623,0.0,-811000.0,-0.2224355458036204,8000.0,-819000.0,-0.22462973121228744,-0.6375,-0.6375,1293067.0,1293067.0,https://www.sec.gov/Archives/edgar/data/1291855/000114420409036327/0001144204-09-036327-index.html,https://www.sec.gov/Archives/edgar/data/1291855/000114420409036327/v154306_6k.htm,1620598190,18:09:50,20210509
39,2009-03-31,SPCB,USD,2009-04-01 00:00:00,2009-04-01 08:34:07,Q4,4344000.0,2021000.0,2323000.0,0.5347605893186004,374000.0,609000.0,2084000.0,0.0,3067000.0,5088000.0,0.0,0.0,-744000.0,-0.1712707182320442,-744000.0,-0.1712707182320442,0.0,-869000.0,-0.20004604051565378,6000.0,-940000.0,-0.21639042357274402,-0.765,-0.765,1240753.0,1240753.0,https://www.sec.gov/Archives/edgar/data/1291855/000114420409018155/0001144204-09-018155-index.html,https://www.sec.gov/Archives/edgar/data/1291855/000114420409018155/v145022_6k.htm,1620598190,18:09:50,20210509
40,2008-12-31,SPCB,USD,2009-03-26 00:00:00,2009-03-26 17:02:57,Q3,5456000.0,2297000.0,3159000.0,0.5789956011730205,497000.0,811000.0,2865000.0,0.0,4173000.0,6470000.0,0.0,162000.0,-852000.0,-0.156158357771261,-1014000.0,-0.18585043988269795,0.0,-4359000.0,-0.7989369501466276,14000.0,-4645000.0,-0.8513563049853372,-3.74369435334833,-3.74369435334833,1240753.0,1240753.0,https://www.sec.gov/Archives/edgar/data/1291855/000114420409016373/0001144204-09-016373-index.html,https://www.sec.gov/Archives/edgar/data/1291855/000114420409016373/v144069_6k.htm,1620598190,18:09:50,20210509
41,2008-09-30,SPCB,USD,2008-11-12 00:00:00,2008-11-12 08:49:12,Q2,5774000.0,2507000.0,3267000.0,0.5658122618635262,611000.0,830000.0,3247000.0,0.0,4688000.0,7195000.0,0.0,164000.0,-1257000.0,-0.21770003463803256,-1421000.0,-0.24610322133702806,0.0,-2191000.0,-0.3794596466920679,8000.0,-2199000.0,-0.3808451679944579,-1.827501,-1.827501,1213147.0,1213147.0,https://www.sec.gov/Archives/edgar/data/1291855/000114420408062622/0001144204-08-062622-index.html,https://www.sec.gov/Archives/edgar/data/1291855/000114420408062622/v131611_6k.htm,1620598190,18:09:50,20210509
42,2008-06-30,SPCB,USD,2008-07-08 00:00:00,2008-07-08 08:34:32,Q1,5278000.0,2105000.0,3173000.0,0.601174687381584,730000.0,3741000.0,0.0,0.0,4471000.0,6576000.0,203000.0,-707000.0,-2005000.0,-0.3798787419477075,-1298000.0,-0.24592648730579766,0.0,-1501000.0,-0.28438802576733613,49000.0,-1550000.0,-0.29367184539598334,-1.275001,-1.275001,1211997.0,1211997.0,https://www.sec.gov/Archives/edgar/data/1291855/000114420408038912/0001144204-08-038912-index.html,https://www.sec.gov/Archives/edgar/data/1291855/000114420408038912/v119362_6k.htm,1620598190,18:09:50,20210509
43,2008-03-31,SPCB,USD,2008-06-03 00:00:00,2008-06-03 11:20:02,Q4,4079000.0,1543000.0,2536000.0,0.6217210100514832,733000.0,3737000.0,0.0,0.0,4470000.0,6013000.0,2030000.0,1032000.0,-902000.0,-0.22113263054670262,-1934000.0,-0.4741358176023535,0.0,0.0,0.0,0.0,-3964000.0,-0.9718068153959304,-3.272502,-3.272502,1206276.0,1206276.0,https://www.sec.gov/Archives/edgar/data/1291855/000114420408033350/0001144204-08-033350-index.html,https://www.sec.gov/Archives/edgar/data/1291855/000114420408033350/v116431_6k.htm,1620598190,18:09:50,20210509
44,2007-12-31,SPCB,USD,2007-12-31,2007-12-31,Q3,4074000.0,1934000.0,2140000.0,0.5252822778595975,812000.0,3848000.0,0.0,0.0,4694000.0,6628000.0,3508000.0,-118000.0,-2672000.0,-0.65586647029946,-2554000.0,-0.6269023073146784,0.0,0.0,0.0,0.0,-6099000.0,-1.4970544918998527,-5.056056822816669,-5.056056822816669,1206276.0,1206276.0,,,1620598190,18:09:50,20210509
45,2007-09-30,SPCB,USD,2007-11-29 00:00:00,2007-11-29 08:52:34,Q2,3364000.0,1282000.0,2082000.0,0.6189060642092746,516000.0,3544000.0,0.0,0.0,4060000.0,5342000.0,823000.0,155000.0,-1823000.0,-0.5419143876337693,-1978000.0,-0.5879904875148633,0.0,0.0,0.0,0.0,-2801000.0,-0.832639714625446,-2.677501,-2.677501,1039233.0,1039233.0,https://www.sec.gov/Archives/edgar/data/1291855/000114420407064787/0001144204-07-064787-index.html,https://www.sec.gov/Archives/edgar/data/1291855/000114420407064787/v095900_6k.htm,1620598190,18:09:50,20210509
46,2007-06-30,SPCB,USD,2007-07-05 00:00:00,2007-07-05 14:55:52,Q1,2838000.0,1097000.0,1741000.0,0.6134601832276251,200000.0,2748000.0,0.0,0.0,2948000.0,4045000.0,123000.0,91000.0,-1116000.0,-0.39323467230443976,-1207000.0,-0.42529950669485556,0.0,0.0,0.0,0.0,-1330000.0,-0.4686398872445384,-1.402501,-1.402501,944161.0,944161.0,https://www.sec.gov/Archives/edgar/data/1291855/000114420407035327/0001144204-07-035327-index.html,https://www.sec.gov/Archives/edgar/data/1291855/000114420407035327/v080268_6k.htm,1620598190,18:09:50,20210509
47,2007-03-31,SPCB,USD,2007-04-18 00:00:00,2007-04-18 11:43:51,Q4,2685000.0,1287000.0,1398000.0,0.5206703910614525,188000.0,2059000.0,0.0,0.0,2281000.0,3568000.0,0.0,97000.0,-786000.0,-0.2927374301675978,-883000.0,-0.32886405959031656,-34000.0,0.0,0.0,0.0,-1081000.0,-0.40260707635009313,-1.147501,-1.147501,941439.0,941439.0,https://www.sec.gov/Archives/edgar/data/1291855/000114420407019387/0001144204-07-019387-index.html,https://www.sec.gov/Archives/edgar/data/1291855/000114420407019387/v071943_6k.htm,1620598190,18:09:50,20210509
48,2006-12-31,SPCB,USD,2007-03-28 00:00:00,2007-03-28 12:08:12,Q3,2383000.0,1147000.0,1236000.0,0.5186739404112464,356000.0,2932000.0,0.0,0.0,-7140000.0,-5993000.0,120000.0,-83000.0,8293000.0,3.4800671422576586,8376000.0,3.5148971884179607,10121000.0,0.0,0.0,0.0,7949000.0,3.3357112882920688,8.44345730312851,8.44345730312851,941439.0,941439.0,https://www.sec.gov/Archives/edgar/data/1291855/000114420407014901/0001144204-07-014901-index.html,https://www.sec.gov/Archives/edgar/data/1291855/000114420407014901/v069591_6k.htm,1620598190,18:09:50,20210509
49,2006-09-30,SPCB,USD,2006-09-30,2006-09-30,Q2,2577000.0,792000.0,1785000.0,0.6926658905704307,364000.0,2159000.0,0.0,0.0,2523000.0,3315000.0,53000.0,139000.0,-599000.0,-0.23244082266201008,-738000.0,-0.28637951105937137,0.0,0.0,0.0,0.0,-791000.0,-0.3069460613116026,-0.749955,-0.749955,933225.0,933225.0,,,1620598190,18:09:50,20210509
50,2006-06-30,SPCB,USD,2006-06-30,2006-06-30,Q1,1822000.0,705000.0,1117000.0,0.6130625686059276,348000.0,1646000.0,0.0,0.0,1994000.0,2699000.0,53000.0,266000.0,-611000.0,-0.3353457738748628,-877000.0,-0.4813391877058178,-63000.0,0.0,0.0,0.0,-993000.0,-0.5450054884742042,-0.99994,-0.99994,932695.0,932695.0,,,1620598190,18:09:50,20210509
51,2006-03-31,SPCB,USD,2006-03-31,2006-03-31,Q4,2013000.0,850000.0,1163000.0,0.5777446597118728,294000.0,1619000.0,0.0,0.0,1913000.0,2763000.0,0.0,69000.0,-681000.0,-0.338301043219076,-750000.0,-0.37257824143070045,25000.0,0.0,0.0,0.0,-725000.0,-0.3601589667163438,-0.749955,-0.749955,930325.0,930325.0,,,1620598190,18:09:50,20210509
52,2005-12-31,SPCB,USD,2005-12-31,2005-12-31,Q3,1605000.0,1012000.0,593000.0,0.3694704049844237,224000.0,1292000.0,0.0,0.0,1645000.0,2657000.0,19000.0,28000.0,-1024000.0,-0.638006230529595,-1052000.0,-0.6554517133956387,-649000.0,0.0,0.0,0.0,-1591000.0,-0.9912772585669782,-1.7101550533415741,-1.7101550533415741,930325.0,930325.0,,,1620598190,18:09:50,20210509
53,2005-09-30,SPCB,USD,2005-09-30,2005-09-30,Q2,2069000.0,1106000.0,963000.0,0.4654422426292895,232000.0,1440000.0,0.0,0.0,1672000.0,2778000.0,0.0,107000.0,-602000.0,-0.29096181730304493,-709000.0,-0.34267762203963265,0.0,0.0,0.0,0.0,-721000.0,-0.3484775253745771,-0.99994,-0.99994,734099.0,734099.0,,,1620598190,18:09:50,20210509
54,2005-06-30,SPCB,USD,2005-06-30,2005-06-30,Q1,2160000.0,1211000.0,949000.0,0.4393518518518518,378000.0,1637000.0,0.0,0.0,2015000.0,3226000.0,0.0,572000.0,-494000.0,-0.22870370370370371,-1066000.0,-0.4935185185185185,-502000.0,0.0,0.0,0.0,-1545000.0,-0.7152777777777778,-1.999881,-1.999881,733889.0,733889.0,,,1620598190,18:09:50,20210509
55,2005-03-31,SPCB,USD,2005-03-31,2005-03-31,Q4,2628000.0,1251000.0,1377000.0,0.523972602739726,348000.0,1602000.0,0.0,0.0,1950000.0,3201000.0,17000.0,120000.0,-453000.0,-0.1723744292237443,-573000.0,-0.2180365296803653,0.0,0.0,0.0,0.0,-590000.0,-0.22450532724505326,-0.749955,-0.749955,726932.0,726932.0,,,1620598190,18:09:50,20210509
56,2004-12-31,SPCB,USD,2004-12-31,2004-12-31,Q3,3453000.0,1369000.0,2084000.0,0.6035331595713872,227000.0,1302000.0,0.0,0.0,1529000.0,2898000.0,97000.0,16000.0,571000.0,0.1653634520706632,555000.0,0.16072980017376196,-7000.0,0.0,0.0,0.0,451000.0,0.13061106284390386,0.6204156647389302,0.6204156647389302,726932.0,726932.0,,,1620598190,18:09:50,20210509
57,2004-09-30,SPCB,USD,2004-09-30,2004-09-30,Q2,1407000.0,797000.0,610000.0,0.43354655294953803,241000.0,1025000.0,0.0,0.0,1266000.0,2063000.0,0.0,159000.0,-497000.0,-0.35323383084577115,-656000.0,-0.4662402274342573,33000.0,0.0,0.0,0.0,-663000.0,-0.47121535181236673,-0.99994,-0.99994,607815.0,607815.0,,,1620598190,18:09:50,20210509
58,2004-06-30,SPCB,USD,2004-06-30,2004-06-30,Q1,1173000.0,738000.0,435000.0,0.37084398976982097,183000.0,1013000.0,0.0,0.0,1196000.0,1934000.0,70000.0,80000.0,-681000.0,-0.5805626598465473,-761000.0,-0.6487638533674339,-49000.0,0.0,0.0,0.0,-880000.0,-0.7502131287297528,-1.749896,-1.749896,518705.0,518705.0,,,1620598190,18:09:50,20210509
