,date,symbol,reportedCurrency,fillingDate,acceptedDate,period,revenue,costOfRevenue,grossProfit,grossProfitRatio,researchAndDevelopmentExpenses,generalAndAdministrativeExpenses,sellingAndMarketingExpenses,otherExpenses,operatingExpenses,costAndExpenses,interestExpense,depreciationAndAmortization,ebitda,ebitdaratio,operatingIncome,operatingIncomeRatio,totalOtherIncomeExpensesNet,incomeBeforeTax,incomeBeforeTaxRatio,incomeTaxExpense,netIncome,netIncomeRatio,eps,epsdiluted,weightedAverageShsOut,weightedAverageShsOutDil,link,finalLink,timestamp,est_time,est_date
0,2019-06-30,RM.L,GBP,2019-06-30,2019-06-30,Q2,55941250,33035000.0,22906250.0,0.4094697562174603,1652750.0,6874500.0,7469000.0,0.0,0.0,49425500,137250.0,394250.0,6910000.0,0.12352244542265323,6515750.0,0.11647487319285858,0.0,5792000.0,0.10353719303733828,1026500.0,4765500.0,0.08518758518981967,0.058,0.0575,82341000,82918000,https://find-and-update.company-information.service.gov.uk/,https://find-and-update.company-information.service.gov.uk/,1620597311,17:55:11,20210509
1,2019-03-31,RM.L,GBP,2019-03-31,2019-03-31,Q1,55941250,33035000.0,22906250.0,0.4094697562174603,1652750.0,6874500.0,7469000.0,0.0,0.0,49425500,137250.0,394250.0,6910000.0,0.12352244542265323,6515750.0,0.11647487319285858,0.0,5792000.0,0.10353719303733828,1026500.0,4765500.0,0.08518758518981967,0.058,0.0575,82341000,82918000,https://find-and-update.company-information.service.gov.uk/,https://find-and-update.company-information.service.gov.uk/,1620597311,17:55:11,20210509
2,2019-01-31,RM.L,GBP,2019-01-31,2019-01-31,Q1,55941250,33035000.0,22906250.0,0.4094697562174603,1652750.0,6874500.0,7469000.0,0.0,0.0,49425500,137250.0,394250.0,6910000.0,0.12352244542265323,6515750.0,0.11647487319285858,0.0,5792000.0,0.10353719303733828,1026500.0,4765500.0,0.08518758518981967,0.058,0.0575,82341000,82918000,https://find-and-update.company-information.service.gov.uk/,https://find-and-update.company-information.service.gov.uk/,1620597311,17:55:11,20210509
3,2018-06-30,RM.L,GBP,2018-06-30,2018-06-30,Q2,55244250,32416000.0,22828250.0,0.41322400068785436,1687000.0,7045500.0,7222250.0,0.0,0.0,48672500,247000.0,301750.0,6873500.0,0.12442018852640772,6571750.0,0.11895808161030333,0.0,5256750.0,0.09515469935785172,1025000.0,4231750.0,0.07660073220289894,0.05175,0.0515,81779000,82239000,https://find-and-update.company-information.service.gov.uk/,https://find-and-update.company-information.service.gov.uk/,1620597311,17:55:11,20210509
4,2018-03-31,RM.L,GBP,2018-03-31,2018-03-31,Q1,55244250,32416000.0,22828250.0,0.41322400068785436,1687000.0,7045500.0,7222250.0,0.0,0.0,48672500,247000.0,301750.0,6873500.0,0.12442018852640772,6571750.0,0.11895808161030333,0.0,5256750.0,0.09515469935785172,1025000.0,4231750.0,0.07660073220289894,0.05175,0.0515,81779000,82239000,https://find-and-update.company-information.service.gov.uk/,https://find-and-update.company-information.service.gov.uk/,1620597311,17:55:11,20210509
5,2018-01-31,RM.L,GBP,2018-01-31,2018-01-31,Q1,55244250,32416000.0,22828250.0,0.41322400068785436,1687000.0,7045500.0,7222250.0,0.0,0.0,48672500,247000.0,301750.0,6873500.0,0.12442018852640772,6571750.0,0.11895808161030333,0.0,5256750.0,0.09515469935785172,1025000.0,4231750.0,0.07660073220289894,0.05175,0.0515,81779000,82239000,https://find-and-update.company-information.service.gov.uk/,https://find-and-update.company-information.service.gov.uk/,1620597311,17:55:11,20210509
6,2017-06-30,RM.L,GBP,2017-06-30,2017-06-30,Q2,46465750,28214250.0,18251500.0,0.3927946928651749,1709250.0,4816750.0,6201000.0,0.0,0.0,41272250,319500.0,125750.0,5319250.0,0.11447679204575413,5193500.0,0.11177049762459446,0.0,3648500.0,0.07852020036263269,435750.0,3212750.0,0.0691423252610794,0.0395,0.03925,81455000,81634000,https://find-and-update.company-information.service.gov.uk/,https://find-and-update.company-information.service.gov.uk/,1620597311,17:55:11,20210509
7,2017-03-31,RM.L,GBP,2017-03-31,2017-03-31,Q1,46465750,28214250.0,18251500.0,0.3927946928651749,1709250.0,4816750.0,6201000.0,0.0,0.0,41272250,319500.0,125750.0,5319250.0,0.11447679204575413,5193500.0,0.11177049762459446,0.0,3648500.0,0.07852020036263269,435750.0,3212750.0,0.0691423252610794,0.0395,0.03925,81455000,81634000,https://find-and-update.company-information.service.gov.uk/,https://find-and-update.company-information.service.gov.uk/,1620597311,17:55:11,20210509
8,2017-01-31,RM.L,GBP,2017-01-31,2017-01-31,Q1,46465750,28214250.0,18251500.0,0.3927946928651749,1709250.0,4816750.0,6201000.0,0.0,0.0,41272250,319500.0,125750.0,5319250.0,0.11447679204575413,5193500.0,0.11177049762459446,0.0,3648500.0,0.07852020036263269,435750.0,3212750.0,0.0691423252610794,0.0395,0.03925,81455000,81634000,https://find-and-update.company-information.service.gov.uk/,https://find-and-update.company-information.service.gov.uk/,1620597311,17:55:11,20210509
9,2016-06-30,RM.L,GBP,2016-06-30,2016-06-30,Q2,41903750,25091250.0,16812500.0,0.4012170748441369,2072750.0,3440250.0,6592250.0,0.0,0.0,37427500,124500.0,2000.0,4478250.0,0.10686991021089998,4476250.0,0.10682218178563971,0.0,3778750.0,0.09017689347612087,867250.0,2911500.0,0.06948065507263669,0.036,0.036,81144000,81144000,https://find-and-update.company-information.service.gov.uk/,https://find-and-update.company-information.service.gov.uk/,1620597311,17:55:11,20210509
10,2016-03-31,RM.L,GBP,2016-03-31,2016-03-31,Q1,41903750,25091250.0,16812500.0,0.4012170748441369,2072750.0,3440250.0,6592250.0,0.0,0.0,37427500,124500.0,2000.0,4478250.0,0.10686991021089998,4476250.0,0.10682218178563971,0.0,3778750.0,0.09017689347612087,867250.0,2911500.0,0.06948065507263669,0.036,0.036,81144000,81144000,https://find-and-update.company-information.service.gov.uk/,https://find-and-update.company-information.service.gov.uk/,1620597311,17:55:11,20210509
11,2016-01-31,RM.L,GBP,2016-01-31,2016-01-31,Q1,41903750,25091250.0,16812500.0,0.4012170748441369,2072750.0,3440250.0,6592250.0,0.0,0.0,37427500,124500.0,2000.0,4478250.0,0.10686991021089998,4476250.0,0.10682218178563971,0.0,3778750.0,0.09017689347612087,867250.0,2911500.0,0.06948065507263669,0.036,0.036,81144000,81144000,https://find-and-update.company-information.service.gov.uk/,https://find-and-update.company-information.service.gov.uk/,1620597311,17:55:11,20210509
12,2015-09-30,RM.L,GBP,2015-09-30,2015-09-30,Q3,44557000,27329000.0,17228000.0,0.3866508068316987,1772250.0,4330500.0,6575500.0,0.0,0.0,39707000,242250.0,75750.0,4925750.0,0.1105494086226631,4850000.0,0.10884933904885877,0.0,4808750.0,0.10792355858787621,1068250.0,3740500.0,0.08394865004376417,0.04625,0.0445,80954000,84034000,https://find-and-update.company-information.service.gov.uk/,https://find-and-update.company-information.service.gov.uk/,1620597311,17:55:11,20210509
13,2015-06-30,RM.L,GBP,2015-06-30,2015-06-30,Q2,44557000,27329000.0,17228000.0,0.3866508068316987,1772250.0,4330500.0,6575500.0,0.0,0.0,39707000,242250.0,75750.0,4925750.0,0.1105494086226631,4850000.0,0.10884933904885877,0.0,4808750.0,0.10792355858787621,1068250.0,3740500.0,0.08394865004376417,0.04625,0.0445,80954000,84034000,https://find-and-update.company-information.service.gov.uk/,https://find-and-update.company-information.service.gov.uk/,1620597311,17:55:11,20210509
14,2015-03-31,RM.L,GBP,2015-03-31,2015-03-31,Q1,44557000,27329000.0,17228000.0,0.3866508068316987,1772250.0,4330500.0,6575500.0,0.0,0.0,39707000,242250.0,75750.0,4925750.0,0.1105494086226631,4850000.0,0.10884933904885877,0.0,4808750.0,0.10792355858787621,1068250.0,3740500.0,0.08394865004376417,0.04625,0.0445,80954000,84034000,https://find-and-update.company-information.service.gov.uk/,https://find-and-update.company-information.service.gov.uk/,1620597311,17:55:11,20210509
15,2015-01-31,RM.L,GBP,2015-01-31,2015-01-31,Q1,44557000,27329000.0,17228000.0,0.3866508068316987,1772250.0,4330500.0,6575500.0,0.0,0.0,39707000,242250.0,75750.0,4925750.0,0.1105494086226631,4850000.0,0.10884933904885877,0.0,4808750.0,0.10792355858787621,1068250.0,3740500.0,0.08394865004376417,0.04625,0.0445,80954000,84034000,https://find-and-update.company-information.service.gov.uk/,https://find-and-update.company-information.service.gov.uk/,1620597311,17:55:11,20210509
16,2014-09-30,RM.L,GBP,2014-09-30,2014-09-30,Q3,50636000,31743500.0,18892500.0,0.3731041156489454,2630000.0,4650500.0,6980500.0,0.0,0.0,46506750,100000.0,75750.0,4205000.0,0.08304368433525555,4129250.0,0.08154771308950154,0.0,3939250.0,0.07779544197803934,1039500.0,2899750.0,0.05726656923927641,0.03475,0.0325,83702000,89048000,https://find-and-update.company-information.service.gov.uk/,https://find-and-update.company-information.service.gov.uk/,1620597311,17:55:11,20210509
17,2014-06-30,RM.L,GBP,2014-06-30,2014-06-30,Q2,50636000,31743500.0,18892500.0,0.3731041156489454,2630000.0,4650500.0,6980500.0,0.0,0.0,46506750,100000.0,75750.0,4205000.0,0.08304368433525555,4129250.0,0.08154771308950154,0.0,3939250.0,0.07779544197803934,1039500.0,2899750.0,0.05726656923927641,0.03475,0.0325,83702000,89048000,https://find-and-update.company-information.service.gov.uk/,https://find-and-update.company-information.service.gov.uk/,1620597311,17:55:11,20210509
18,2014-03-31,RM.L,GBP,2014-03-31,2014-03-31,Q1,50636000,31743500.0,18892500.0,0.3731041156489454,2630000.0,4650500.0,6980500.0,0.0,0.0,46506750,100000.0,75750.0,4205000.0,0.08304368433525555,4129250.0,0.08154771308950154,0.0,3939250.0,0.07779544197803934,1039500.0,2899750.0,0.05726656923927641,0.03475,0.0325,83702000,89048000,https://find-and-update.company-information.service.gov.uk/,https://find-and-update.company-information.service.gov.uk/,1620597311,17:55:11,20210509
19,2014-01-31,RM.L,GBP,2014-01-31,2014-01-31,Q1,50636000,31743500.0,18892500.0,0.3731041156489454,2630000.0,4650500.0,6980500.0,0.0,0.0,46506750,100000.0,75750.0,4205000.0,0.08304368433525555,4129250.0,0.08154771308950154,0.0,3939250.0,0.07779544197803934,1039500.0,2899750.0,0.05726656923927641,0.03475,0.0325,83702000,89048000,https://find-and-update.company-information.service.gov.uk/,https://find-and-update.company-information.service.gov.uk/,1620597311,17:55:11,20210509
20,2013-09-30,RM.L,GBP,2013-09-30,2013-09-30,Q3,65439750,46948250.0,18491500.0,0.28257290102728083,2666250.0,3722000.0,7801000.0,0.0,0.0,61969750,216250.0,48750.0,3518750.0,0.05377083500471808,3470000.0,0.05302587494603815,0.0,2358750.0,0.03604460591612896,816750.0,1542000.0,0.023563659702245197,0.01914275,0.01885725,80253250,81262125,https://find-and-update.company-information.service.gov.uk/,https://find-and-update.company-information.service.gov.uk/,1620597311,17:55:11,20210509
21,2013-06-30,RM.L,GBP,2013-06-30,2013-06-30,Q2,65439750,46948250.0,18491500.0,0.28257290102728083,2666250.0,3722000.0,7801000.0,0.0,0.0,61969750,216250.0,48750.0,3518750.0,0.05377083500471808,3470000.0,0.05302587494603815,0.0,2358750.0,0.03604460591612896,816750.0,1542000.0,0.023563659702245197,0.01914275,0.01885725,80253250,81262125,https://find-and-update.company-information.service.gov.uk/,https://find-and-update.company-information.service.gov.uk/,1620597311,17:55:11,20210509
22,2013-03-31,RM.L,GBP,2013-03-31,2013-03-31,Q1,65439750,46948250.0,18491500.0,0.28257290102728083,2666250.0,3722000.0,7801000.0,0.0,0.0,61969750,216250.0,48750.0,3518750.0,0.05377083500471808,3470000.0,0.05302587494603815,0.0,2358750.0,0.03604460591612896,816750.0,1542000.0,0.023563659702245197,0.01914275,0.01885725,80253250,81262125,https://find-and-update.company-information.service.gov.uk/,https://find-and-update.company-information.service.gov.uk/,1620597311,17:55:11,20210509
23,2013-01-31,RM.L,GBP,2013-01-31,2013-01-31,Q1,65439750,46948250.0,18491500.0,0.28257290102728083,2666250.0,3722000.0,7801000.0,0.0,0.0,61969750,216250.0,48750.0,3518750.0,0.05377083500471808,3470000.0,0.05302587494603815,0.0,2358750.0,0.03604460591612896,816750.0,1542000.0,0.023563659702245197,0.01914275,0.01885725,80253250,81262125,https://find-and-update.company-information.service.gov.uk/,https://find-and-update.company-information.service.gov.uk/,1620597311,17:55:11,20210509
24,2012-09-30,RM.L,GBP,2012-09-30,2012-09-30,Q3,72172000,54467000.0,17705000.0,0.24531674333536552,0.0,0.0,0.0,-341000.0,0.0,69626750,44000.0,61000.0,2606250.0,0.036111649947348,2545250.0,0.035266446821482014,0.0,2097250.0,0.02905905337249903,865250.0,1232000.0,0.01707033198470321,0.015380750030040528,0.015361284761998276,80100125,80201625,https://find-and-update.company-information.service.gov.uk/,https://find-and-update.company-information.service.gov.uk/,1620597311,17:55:11,20210509
25,2012-06-30,RM.L,GBP,2012-06-30,2012-06-30,Q2,72172000,54467000.0,17705000.0,0.24531674333536552,0.0,0.0,0.0,-341000.0,0.0,69626750,44000.0,61000.0,2606250.0,0.036111649947348,2545250.0,0.035266446821482014,0.0,2097250.0,0.02905905337249903,865250.0,1232000.0,0.01707033198470321,0.015380750030040528,0.015361284761998276,80100125,80201625,https://find-and-update.company-information.service.gov.uk/,https://find-and-update.company-information.service.gov.uk/,1620597311,17:55:11,20210509
26,2012-03-31,RM.L,GBP,2012-03-31,2012-03-31,Q1,72172000,54467000.0,17705000.0,0.24531674333536552,0.0,0.0,0.0,-341000.0,0.0,69626750,44000.0,61000.0,2606250.0,0.036111649947348,2545250.0,0.035266446821482014,0.0,2097250.0,0.02905905337249903,865250.0,1232000.0,0.01707033198470321,0.015380750030040528,0.015361284761998276,80100125,80201625,https://find-and-update.company-information.service.gov.uk/,https://find-and-update.company-information.service.gov.uk/,1620597311,17:55:11,20210509
27,2012-01-31,RM.L,GBP,2012-01-31,2012-01-31,Q1,72172000,54467000.0,17705000.0,0.24531674333536552,0.0,0.0,0.0,-341000.0,0.0,69626750,44000.0,61000.0,2606250.0,0.036111649947348,2545250.0,0.035266446821482014,0.0,2097250.0,0.02905905337249903,865250.0,1232000.0,0.01707033198470321,0.015380750030040528,0.015361284761998276,80100125,80201625,https://find-and-update.company-information.service.gov.uk/,https://find-and-update.company-information.service.gov.uk/,1620597311,17:55:11,20210509
28,2011-09-30,RM.L,GBP,2011-09-30,2011-09-30,Q3,87696250,65028250.0,22668000.0,0.2584831164388443,0.0,0.0,20163750.0,0.0,0.0,89264500,212500.0,182000.0,-1386250.0,-0.0158074033952421,-1568250.0,-0.01788274869221888,0.0,-5845000.0,-0.06665051242213892,-67750.0,-5777250.0,-0.06587795943384124,-0.07234901850286465,-0.07232761979878218,79852500,79876125,https://find-and-update.company-information.service.gov.uk/,https://find-and-update.company-information.service.gov.uk/,1620597311,17:55:11,20210509
29,2011-06-30,RM.L,GBP,2011-06-30,2011-06-30,Q2,87696250,65028250.0,22668000.0,0.2584831164388443,0.0,0.0,20163750.0,0.0,0.0,89264500,212500.0,182000.0,-1386250.0,-0.0158074033952421,-1568250.0,-0.01788274869221888,0.0,-5845000.0,-0.06665051242213892,-67750.0,-5777250.0,-0.06587795943384124,-0.07234901850286465,-0.07232761979878218,79852500,79876125,https://find-and-update.company-information.service.gov.uk/,https://find-and-update.company-information.service.gov.uk/,1620597311,17:55:11,20210509
30,2011-03-31,RM.L,GBP,2011-03-31,2011-03-31,Q1,87696250,65028250.0,22668000.0,0.2584831164388443,0.0,0.0,20163750.0,0.0,0.0,89264500,212500.0,182000.0,-1386250.0,-0.0158074033952421,-1568250.0,-0.01788274869221888,0.0,-5845000.0,-0.06665051242213892,-67750.0,-5777250.0,-0.06587795943384124,-0.07234901850286465,-0.07232761979878218,79852500,79876125,https://find-and-update.company-information.service.gov.uk/,https://find-and-update.company-information.service.gov.uk/,1620597311,17:55:11,20210509
31,2011-01-31,RM.L,GBP,2011-01-31,2011-01-31,Q1,87696250,65028250.0,22668000.0,0.2584831164388443,0.0,0.0,20163750.0,0.0,0.0,89264500,212500.0,182000.0,-1386250.0,-0.0158074033952421,-1568250.0,-0.01788274869221888,0.0,-5845000.0,-0.06665051242213892,-67750.0,-5777250.0,-0.06587795943384124,-0.07234901850286465,-0.07232761979878218,79852500,79876125,https://find-and-update.company-information.service.gov.uk/,https://find-and-update.company-information.service.gov.uk/,1620597311,17:55:11,20210509
32,2010-09-30,RM.L,GBP,2010-09-30,2010-09-30,Q3,95031000,69884250.0,25146750.0,0.26461628310761753,3057500.0,0.0,11320500.0,9750.0,0.0,90117750,330250.0,2827000.0,7740250.0,0.08144973745409392,4913250.0,0.05170155002051962,0.0,5979750.0,0.06292420368090412,1440000.0,4539750.0,0.04777125359093348,0.05632033645190254,0.05626414620808036,80605875,80686375,https://find-and-update.company-information.service.gov.uk/,https://find-and-update.company-information.service.gov.uk/,1620597311,17:55:11,20210509
33,2010-06-30,RM.L,GBP,2010-06-30,2010-06-30,Q2,95031000,69884250.0,25146750.0,0.26461628310761753,3057500.0,0.0,11320500.0,9750.0,0.0,90117750,330250.0,2827000.0,7740250.0,0.08144973745409392,4913250.0,0.05170155002051962,0.0,5979750.0,0.06292420368090412,1440000.0,4539750.0,0.04777125359093348,0.05632033645190254,0.05626414620808036,80605875,80686375,https://find-and-update.company-information.service.gov.uk/,https://find-and-update.company-information.service.gov.uk/,1620597311,17:55:11,20210509
34,2010-03-31,RM.L,GBP,2010-03-31,2010-03-31,Q1,95031000,69884250.0,25146750.0,0.26461628310761753,3057500.0,0.0,11320500.0,9750.0,0.0,90117750,330250.0,2827000.0,7740250.0,0.08144973745409392,4913250.0,0.05170155002051962,0.0,5979750.0,0.06292420368090412,1440000.0,4539750.0,0.04777125359093348,0.05632033645190254,0.05626414620808036,80605875,80686375,https://find-and-update.company-information.service.gov.uk/,https://find-and-update.company-information.service.gov.uk/,1620597311,17:55:11,20210509
35,2010-01-31,RM.L,GBP,2010-01-31,2010-01-31,Q1,95031000,69884250.0,25146750.0,0.26461628310761753,3057500.0,0.0,11320500.0,9750.0,0.0,90117750,330250.0,2827000.0,7740250.0,0.08144973745409392,4913250.0,0.05170155002051962,0.0,5979750.0,0.06292420368090412,1440000.0,4539750.0,0.04777125359093348,0.05632033645190254,0.05626414620808036,80605875,80686375,https://find-and-update.company-information.service.gov.uk/,https://find-and-update.company-information.service.gov.uk/,1620597311,17:55:11,20210509
36,2009-09-30,RM.L,GBP,2009-09-30,2009-09-30,Q3,86729250,63920000.0,22809250.0,0.26299374201898434,3432750.0,0.0,9959750.0,750.0,0.0,81807500,236750.0,3059750.0,7981500.0,0.0920277760962997,4921750.0,0.05674844415234768,0.0,4079750.0,0.04704007010322354,840250.0,3239500.0,0.037351873791137365,0.04006455841794773,0.03996077318761025,80857000,81067000,https://find-and-update.company-information.service.gov.uk/,https://find-and-update.company-information.service.gov.uk/,1620597311,17:55:11,20210509
37,2009-06-30,RM.L,GBP,2009-06-30,2009-06-30,Q2,86729250,63920000.0,22809250.0,0.26299374201898434,3432750.0,0.0,9959750.0,750.0,0.0,81807500,236750.0,3059750.0,7981500.0,0.0920277760962997,4921750.0,0.05674844415234768,0.0,4079750.0,0.04704007010322354,840250.0,3239500.0,0.037351873791137365,0.04006455841794773,0.03996077318761025,80857000,81067000,https://find-and-update.company-information.service.gov.uk/,https://find-and-update.company-information.service.gov.uk/,1620597311,17:55:11,20210509
38,2009-03-31,RM.L,GBP,2009-03-31,2009-03-31,Q1,86729250,63920000.0,22809250.0,0.26299374201898434,3432750.0,0.0,9959750.0,750.0,0.0,81807500,236750.0,3059750.0,7981500.0,0.0920277760962997,4921750.0,0.05674844415234768,0.0,4079750.0,0.04704007010322354,840250.0,3239500.0,0.037351873791137365,0.04006455841794773,0.03996077318761025,80857000,81067000,https://find-and-update.company-information.service.gov.uk/,https://find-and-update.company-information.service.gov.uk/,1620597311,17:55:11,20210509
39,2009-01-31,RM.L,GBP,2009-01-31,2009-01-31,Q1,86729250,63920000.0,22809250.0,0.26299374201898434,3432750.0,0.0,9959750.0,750.0,0.0,81807500,236750.0,3059750.0,7981500.0,0.0920277760962997,4921750.0,0.05674844415234768,0.0,4079750.0,0.04704007010322354,840250.0,3239500.0,0.037351873791137365,0.04006455841794773,0.03996077318761025,80857000,81067000,https://find-and-update.company-information.service.gov.uk/,https://find-and-update.company-information.service.gov.uk/,1620597311,17:55:11,20210509
40,2008-09-30,RM.L,GBP,2008-09-30,2008-09-30,Q3,72368250,52928250.0,19440000.0,0.26862608947984784,3295000.0,0.0,8782750.0,-12500.0,0.0,67879500,41750.0,2705250.0,7194000.0,0.099408234964919,4488750.0,0.06202651024447876,0.0,3846750.0,0.05315521654869366,1015250.0,2831500.0,0.039126274298466525,0.03514275,0.03485725,80759875,81117750,https://find-and-update.company-information.service.gov.uk/,https://find-and-update.company-information.service.gov.uk/,1620597311,17:55:11,20210509
41,2008-06-30,RM.L,GBP,2008-06-30,2008-06-30,Q2,72368250,52928250.0,19440000.0,0.26862608947984784,3295000.0,0.0,8782750.0,-12500.0,0.0,67879500,41750.0,2705250.0,7194000.0,0.099408234964919,4488750.0,0.06202651024447876,0.0,3846750.0,0.05315521654869366,1015250.0,2831500.0,0.039126274298466525,0.03514275,0.03485725,80759875,81117750,https://find-and-update.company-information.service.gov.uk/,https://find-and-update.company-information.service.gov.uk/,1620597311,17:55:11,20210509
42,2008-03-31,RM.L,GBP,2008-03-31,2008-03-31,Q1,72368250,52928250.0,19440000.0,0.26862608947984784,3295000.0,0.0,8782750.0,-12500.0,0.0,67879500,41750.0,2705250.0,7194000.0,0.099408234964919,4488750.0,0.06202651024447876,0.0,3846750.0,0.05315521654869366,1015250.0,2831500.0,0.039126274298466525,0.03514275,0.03485725,80759875,81117750,https://find-and-update.company-information.service.gov.uk/,https://find-and-update.company-information.service.gov.uk/,1620597311,17:55:11,20210509
43,2008-01-31,RM.L,GBP,2008-01-31,2008-01-31,Q1,72368250,52928250.0,19440000.0,0.26862608947984784,3295000.0,0.0,8782750.0,-12500.0,0.0,67879500,41750.0,2705250.0,7194000.0,0.099408234964919,4488750.0,0.06202651024447876,0.0,3846750.0,0.05315521654869366,1015250.0,2831500.0,0.039126274298466525,0.03514275,0.03485725,80759875,81117750,https://find-and-update.company-information.service.gov.uk/,https://find-and-update.company-information.service.gov.uk/,1620597311,17:55:11,20210509
44,2007-09-30,RM.L,GBP,2007-09-30,2007-09-30,Q3,67727500,49344000.0,18383500.0,0.2714333173378613,3721500.0,0.0,8494750.0,0.0,0.0,63826750,6750.0,2740750.0,6641500.0,0.09806208703997638,3900750.0,0.057594773171902106,0.0,4608750.0,0.06804842936768668,1257500.0,3351250.0,0.04948137757926987,0.04171425,0.0414285,80307500,80749375,https://find-and-update.company-information.service.gov.uk/,https://find-and-update.company-information.service.gov.uk/,1620597311,17:55:11,20210509
45,2007-06-30,RM.L,GBP,2007-06-30,2007-06-30,Q2,67727500,49344000.0,18383500.0,0.2714333173378613,3721500.0,0.0,8494750.0,0.0,0.0,63826750,6750.0,2740750.0,6641500.0,0.09806208703997638,3900750.0,0.057594773171902106,0.0,4608750.0,0.06804842936768668,1257500.0,3351250.0,0.04948137757926987,0.04171425,0.0414285,80307500,80749375,https://find-and-update.company-information.service.gov.uk/,https://find-and-update.company-information.service.gov.uk/,1620597311,17:55:11,20210509
46,2007-03-31,RM.L,GBP,2007-03-31,2007-03-31,Q1,67727500,49344000.0,18383500.0,0.2714333173378613,3721500.0,0.0,8494750.0,0.0,0.0,63826750,6750.0,2740750.0,6641500.0,0.09806208703997638,3900750.0,0.057594773171902106,0.0,4608750.0,0.06804842936768668,1257500.0,3351250.0,0.04948137757926987,0.04171425,0.0414285,80307500,80749375,https://find-and-update.company-information.service.gov.uk/,https://find-and-update.company-information.service.gov.uk/,1620597311,17:55:11,20210509
47,2007-01-31,RM.L,GBP,2007-01-31,2007-01-31,Q1,67727500,49344000.0,18383500.0,0.2714333173378613,3721500.0,0.0,8494750.0,0.0,0.0,63826750,6750.0,2740750.0,6641500.0,0.09806208703997638,3900750.0,0.057594773171902106,0.0,4608750.0,0.06804842936768668,1257500.0,3351250.0,0.04948137757926987,0.04171425,0.0414285,80307500,80749375,https://find-and-update.company-information.service.gov.uk/,https://find-and-update.company-information.service.gov.uk/,1620597311,17:55:11,20210509
48,2006-09-30,RM.L,GBP,2006-09-30,2006-09-30,Q3,65577500,47794250.0,17783250.0,0.27117913918645875,3729500.0,2548250.0,8291500.0,0.0,0.0,61395250,9000.0,2393000.0,6575250.0,0.1002668598223476,4182250.0,0.06377568525790096,0.0,3636000.0,0.055445846517479316,1013750.0,2622250.0,0.03998703823720026,0.03314275,0.03285725,79410625,79900625,https://find-and-update.company-information.service.gov.uk/,https://find-and-update.company-information.service.gov.uk/,1620597311,17:55:11,20210509
49,2006-06-30,RM.L,GBP,2006-06-30,2006-06-30,Q2,65577500,47794250.0,17783250.0,0.27117913918645875,3729500.0,2548250.0,8291500.0,0.0,0.0,61395250,9000.0,2393000.0,6575250.0,0.1002668598223476,4182250.0,0.06377568525790096,0.0,3636000.0,0.055445846517479316,1013750.0,2622250.0,0.03998703823720026,0.03314275,0.03285725,79410625,79900625,https://find-and-update.company-information.service.gov.uk/,https://find-and-update.company-information.service.gov.uk/,1620597311,17:55:11,20210509
50,2006-03-31,RM.L,GBP,2006-03-31,2006-03-31,Q1,65577500,47794250.0,17783250.0,0.27117913918645875,3729500.0,2548250.0,8291500.0,0.0,0.0,61395250,9000.0,2393000.0,6575250.0,0.1002668598223476,4182250.0,0.06377568525790096,0.0,3636000.0,0.055445846517479316,1013750.0,2622250.0,0.03998703823720026,0.03314275,0.03285725,79410625,79900625,https://find-and-update.company-information.service.gov.uk/,https://find-and-update.company-information.service.gov.uk/,1620597311,17:55:11,20210509
51,2006-01-31,RM.L,GBP,2006-01-31,2006-01-31,Q1,65577500,47794250.0,17783250.0,0.27117913918645875,3729500.0,2548250.0,8291500.0,0.0,0.0,61395250,9000.0,2393000.0,6575250.0,0.1002668598223476,4182250.0,0.06377568525790096,0.0,3636000.0,0.055445846517479316,1013750.0,2622250.0,0.03998703823720026,0.03314275,0.03285725,79410625,79900625,https://find-and-update.company-information.service.gov.uk/,https://find-and-update.company-information.service.gov.uk/,1620597311,17:55:11,20210509
52,2005-09-30,RM.L,GBP,2005-09-30,2005-09-30,Q3,65676750,47111000.0,18565750.0,0.28268375033782883,4172000.0,0.0,8485000.0,-679500.0,0.0,62470500,111500.0,2176500.0,5382750.0,0.08195822722652994,3206250.0,0.04881864586782994,0.0,2882000.0,0.043881586710670065,947500.0,1934500.0,0.029454867970781135,0.024862322239858112,0.02474156922555499,77808500,78188250,https://find-and-update.company-information.service.gov.uk/,https://find-and-update.company-information.service.gov.uk/,1620597311,17:55:11,20210509
53,2005-06-30,RM.L,GBP,2005-06-30,2005-06-30,Q2,65676750,47111000.0,18565750.0,0.28268375033782883,4172000.0,0.0,8485000.0,-679500.0,0.0,62470500,111500.0,2176500.0,5382750.0,0.08195822722652994,3206250.0,0.04881864586782994,0.0,2882000.0,0.043881586710670065,947500.0,1934500.0,0.029454867970781135,0.024862322239858112,0.02474156922555499,77808500,78188250,https://find-and-update.company-information.service.gov.uk/,https://find-and-update.company-information.service.gov.uk/,1620597311,17:55:11,20210509
54,2005-03-31,RM.L,GBP,2005-03-31,2005-03-31,Q1,65676750,47111000.0,18565750.0,0.28268375033782883,4172000.0,0.0,8485000.0,-679500.0,0.0,62470500,111500.0,2176500.0,5382750.0,0.08195822722652994,3206250.0,0.04881864586782994,0.0,2882000.0,0.043881586710670065,947500.0,1934500.0,0.029454867970781135,0.024862322239858112,0.02474156922555499,77808500,78188250,https://find-and-update.company-information.service.gov.uk/,https://find-and-update.company-information.service.gov.uk/,1620597311,17:55:11,20210509
55,2005-01-31,RM.L,GBP,2005-01-31,2005-01-31,Q1,65676750,47111000.0,18565750.0,0.28268375033782883,4172000.0,0.0,8485000.0,-679500.0,0.0,62470500,111500.0,2176500.0,5382750.0,0.08195822722652994,3206250.0,0.04881864586782994,0.0,2882000.0,0.043881586710670065,947500.0,1934500.0,0.029454867970781135,0.024862322239858112,0.02474156922555499,77808500,78188250,https://find-and-update.company-information.service.gov.uk/,https://find-and-update.company-information.service.gov.uk/,1620597311,17:55:11,20210509
56,2004-09-30,RM.L,GBP,2004-09-30,2004-09-30,Q3,65816000,48689250.0,17126750.0,0.2602216786191808,3636500.0,-4378500.0,8186500.0,-267750.0,0.0,63241750,7000.0,1951250.0,4525500.0,0.06875987601798955,2574250.0,0.03911282970706211,0.0,1763500.0,0.02679439649933147,790500.0,973000.0,0.014783639236659778,0.0125715,0.01228575,77782442,78464067,https://find-and-update.company-information.service.gov.uk/,https://find-and-update.company-information.service.gov.uk/,1620597311,17:55:11,20210509
57,2004-06-30,RM.L,GBP,2004-06-30,2004-06-30,Q2,65816000,48689250.0,17126750.0,0.2602216786191808,3636500.0,-4378500.0,8186500.0,-267750.0,0.0,63241750,7000.0,1951250.0,4525500.0,0.06875987601798955,2574250.0,0.03911282970706211,0.0,1763500.0,0.02679439649933147,790500.0,973000.0,0.014783639236659778,0.0125715,0.01228575,77782442,78464067,https://find-and-update.company-information.service.gov.uk/,https://find-and-update.company-information.service.gov.uk/,1620597311,17:55:11,20210509
58,2004-03-31,RM.L,GBP,2004-03-31,2004-03-31,Q1,65816000,48689250.0,17126750.0,0.2602216786191808,3636500.0,-4378500.0,8186500.0,-267750.0,0.0,63241750,7000.0,1951250.0,4525500.0,0.06875987601798955,2574250.0,0.03911282970706211,0.0,1763500.0,0.02679439649933147,790500.0,973000.0,0.014783639236659778,0.0125715,0.01228575,77782442,78464067,https://find-and-update.company-information.service.gov.uk/,https://find-and-update.company-information.service.gov.uk/,1620597311,17:55:11,20210509
59,2004-01-31,RM.L,GBP,2004-01-31,2004-01-31,Q1,65816000,48689250.0,17126750.0,0.2602216786191808,3636500.0,-4378500.0,8186500.0,-267750.0,0.0,63241750,7000.0,1951250.0,4525500.0,0.06875987601798955,2574250.0,0.03911282970706211,0.0,1763500.0,0.02679439649933147,790500.0,973000.0,0.014783639236659778,0.0125715,0.01228575,77782442,78464067,https://find-and-update.company-information.service.gov.uk/,https://find-and-update.company-information.service.gov.uk/,1620597311,17:55:11,20210509
60,2003-09-30,RM.L,GBP,2003-09-30,2003-09-30,Q3,53873500,40552250.0,13321250.0,0.2472690654960231,2932250.0,-4907250.0,6742000.0,-270500.0,0.0,52051000,22500.0,2015500.0,3838000.0,0.07124096262540952,1822500.0,0.03382924814612008,0.0,1554750.0,0.028859272183912314,386000.0,1168750.0,0.021694339517573574,0.01485725,0.01485725,78488375,78488375,https://find-and-update.company-information.service.gov.uk/,https://find-and-update.company-information.service.gov.uk/,1620597311,17:55:11,20210509
61,2003-06-30,RM.L,GBP,2003-06-30,2003-06-30,Q2,53873500,40552250.0,13321250.0,0.2472690654960231,2932250.0,-4907250.0,6742000.0,-270500.0,0.0,52051000,22500.0,2015500.0,3838000.0,0.07124096262540952,1822500.0,0.03382924814612008,0.0,1554750.0,0.028859272183912314,386000.0,1168750.0,0.021694339517573574,0.01485725,0.01485725,78488375,78488375,https://find-and-update.company-information.service.gov.uk/,https://find-and-update.company-information.service.gov.uk/,1620597311,17:55:11,20210509
62,2003-03-31,RM.L,GBP,2003-03-31,2003-03-31,Q1,53873500,40552250.0,13321250.0,0.2472690654960231,2932250.0,-4907250.0,6742000.0,-270500.0,0.0,52051000,22500.0,2015500.0,3838000.0,0.07124096262540952,1822500.0,0.03382924814612008,0.0,1554750.0,0.028859272183912314,386000.0,1168750.0,0.021694339517573574,0.01485725,0.01485725,78488375,78488375,https://find-and-update.company-information.service.gov.uk/,https://find-and-update.company-information.service.gov.uk/,1620597311,17:55:11,20210509
63,2003-01-31,RM.L,GBP,2003-01-31,2003-01-31,Q1,53873500,40552250.0,13321250.0,0.2472690654960231,2932250.0,-4907250.0,6742000.0,-270500.0,0.0,52051000,22500.0,2015500.0,3838000.0,0.07124096262540952,1822500.0,0.03382924814612008,0.0,1554750.0,0.028859272183912314,386000.0,1168750.0,0.021694339517573574,0.01485725,0.01485725,78488375,78488375,https://find-and-update.company-information.service.gov.uk/,https://find-and-update.company-information.service.gov.uk/,1620597311,17:55:11,20210509
64,2002-09-30,RM.L,GBP,2002-09-30,2002-09-30,Q3,50539500,37728500.0,12811000.0,0.25348489795110757,3459000.0,-4891250.0,6614250.0,-245750.0,0.0,49557250,42750.0,3609000.0,4591250.0,0.09084478477230681,982250.0,0.019435293186517478,0.0,-1478500.0,-0.029254345610858833,-273750.0,-1204750.0,-0.02383779024327506,-0.0145715,-0.0145715,82678750,82678750,https://find-and-update.company-information.service.gov.uk/,https://find-and-update.company-information.service.gov.uk/,1620597311,17:55:11,20210509
65,2002-06-30,RM.L,GBP,2002-06-30,2002-06-30,Q2,50539500,37728500.0,12811000.0,0.25348489795110757,3459000.0,-4891250.0,6614250.0,-245750.0,0.0,49557250,42750.0,3609000.0,4591250.0,0.09084478477230681,982250.0,0.019435293186517478,0.0,-1478500.0,-0.029254345610858833,-273750.0,-1204750.0,-0.02383779024327506,-0.0145715,-0.0145715,82678750,82678750,https://find-and-update.company-information.service.gov.uk/,https://find-and-update.company-information.service.gov.uk/,1620597311,17:55:11,20210509
66,2002-03-31,RM.L,GBP,2002-03-31,2002-03-31,Q1,50539500,37728500.0,12811000.0,0.25348489795110757,3459000.0,-4891250.0,6614250.0,-245750.0,0.0,49557250,42750.0,3609000.0,4591250.0,0.09084478477230681,982250.0,0.019435293186517478,0.0,-1478500.0,-0.029254345610858833,-273750.0,-1204750.0,-0.02383779024327506,-0.0145715,-0.0145715,82678750,82678750,https://find-and-update.company-information.service.gov.uk/,https://find-and-update.company-information.service.gov.uk/,1620597311,17:55:11,20210509
67,2002-01-31,RM.L,GBP,2002-01-31,2002-01-31,Q1,50539500,37728500.0,12811000.0,0.25348489795110757,3459000.0,-4891250.0,6614250.0,-245750.0,0.0,49557250,42750.0,3609000.0,4591250.0,0.09084478477230681,982250.0,0.019435293186517478,0.0,-1478500.0,-0.029254345610858833,-273750.0,-1204750.0,-0.02383779024327506,-0.0145715,-0.0145715,82678750,82678750,https://find-and-update.company-information.service.gov.uk/,https://find-and-update.company-information.service.gov.uk/,1620597311,17:55:11,20210509
68,2001-09-30,RM.L,GBP,2001-09-30,2001-09-30,Q3,60479000,44959250.0,15519750.0,0.2566138659700061,2911500.0,0.0,0.0,0.0,0.0,56529250,45000.0,2279250.0,6229000.0,0.10299442781792027,3949750.0,0.06530779278757916,0.0,3801750.0,0.0628606623786769,1137750.0,2664000.0,0.04404834736024074,0.0325715,0.032,82150250,83389250,https://find-and-update.company-information.service.gov.uk/,https://find-and-update.company-information.service.gov.uk/,1620597311,17:55:11,20210509
69,2001-06-30,RM.L,GBP,2001-06-30,2001-06-30,Q2,60479000,44959250.0,15519750.0,0.2566138659700061,2911500.0,0.0,0.0,0.0,0.0,56529250,45000.0,2279250.0,6229000.0,0.10299442781792027,3949750.0,0.06530779278757916,0.0,3801750.0,0.0628606623786769,1137750.0,2664000.0,0.04404834736024074,0.0325715,0.032,82150250,83389250,https://find-and-update.company-information.service.gov.uk/,https://find-and-update.company-information.service.gov.uk/,1620597311,17:55:11,20210509
70,2001-03-31,RM.L,GBP,2001-03-31,2001-03-31,Q1,60479000,44959250.0,15519750.0,0.2566138659700061,2911500.0,0.0,0.0,0.0,0.0,56529250,45000.0,2279250.0,6229000.0,0.10299442781792027,3949750.0,0.06530779278757916,0.0,3801750.0,0.0628606623786769,1137750.0,2664000.0,0.04404834736024074,0.0325715,0.032,82150250,83389250,https://find-and-update.company-information.service.gov.uk/,https://find-and-update.company-information.service.gov.uk/,1620597311,17:55:11,20210509
71,2001-01-31,RM.L,GBP,2001-01-31,2001-01-31,Q1,60479000,44959250.0,15519750.0,0.2566138659700061,2911500.0,0.0,0.0,0.0,0.0,56529250,45000.0,2279250.0,6229000.0,0.10299442781792027,3949750.0,0.06530779278757916,0.0,3801750.0,0.0628606623786769,1137750.0,2664000.0,0.04404834736024074,0.0325715,0.032,82150250,83389250,https://find-and-update.company-information.service.gov.uk/,https://find-and-update.company-information.service.gov.uk/,1620597311,17:55:11,20210509
72,2000-09-30,RM.L,GBP,2000-09-30,2000-09-30,Q3,51890000,40180750.0,11709250.0,0.2256552322220081,1841250.0,0.0,0.0,0.0,0.0,47920000,8250.0,1694500.0,5664500.0,0.10916361534014261,3970000.0,0.07650799768741569,0.0,2382000.0,0.045904798612449414,504750.0,1877250.0,0.03617749084602043,0.02314275,0.0225715,81324250,83723500,https://find-and-update.company-information.service.gov.uk/,https://find-and-update.company-information.service.gov.uk/,1620597311,17:55:11,20210509
73,2000-06-30,RM.L,GBP,2000-06-30,2000-06-30,Q2,51890000,40180750.0,11709250.0,0.2256552322220081,1841250.0,0.0,0.0,0.0,0.0,47920000,8250.0,1694500.0,5664500.0,0.10916361534014261,3970000.0,0.07650799768741569,0.0,2382000.0,0.045904798612449414,504750.0,1877250.0,0.03617749084602043,0.02314275,0.0225715,81324250,83723500,https://find-and-update.company-information.service.gov.uk/,https://find-and-update.company-information.service.gov.uk/,1620597311,17:55:11,20210509
74,2000-03-31,RM.L,GBP,2000-03-31,2000-03-31,Q1,51890000,40180750.0,11709250.0,0.2256552322220081,1841250.0,0.0,0.0,0.0,0.0,47920000,8250.0,1694500.0,5664500.0,0.10916361534014261,3970000.0,0.07650799768741569,0.0,2382000.0,0.045904798612449414,504750.0,1877250.0,0.03617749084602043,0.02314275,0.0225715,81324250,83723500,https://find-and-update.company-information.service.gov.uk/,https://find-and-update.company-information.service.gov.uk/,1620597311,17:55:11,20210509
75,2000-01-31,RM.L,GBP,2000-01-31,2000-01-31,Q1,51890000,40180750.0,11709250.0,0.2256552322220081,1841250.0,0.0,0.0,0.0,0.0,47920000,8250.0,1694500.0,5664500.0,0.10916361534014261,3970000.0,0.07650799768741569,0.0,2382000.0,0.045904798612449414,504750.0,1877250.0,0.03617749084602043,0.02314275,0.0225715,81324250,83723500,https://find-and-update.company-information.service.gov.uk/,https://find-and-update.company-information.service.gov.uk/,1620597311,17:55:11,20210509
76,1999-09-30,RM.L,GBP,1999-09-30,1999-09-30,Q3,40552500,29591750.0,10960750.0,0.27028543246408976,1662750.0,0.0,0.0,0.0,0.0,37642750,1250.0,972250.0,3882000.0,0.09572776031070834,2909750.0,0.07175266629677579,0.0,3065500.0,0.07559336662351274,766250.0,2299250.0,0.0566981073916528,0.0285715,0.028,81069625,83437375,https://find-and-update.company-information.service.gov.uk/,https://find-and-update.company-information.service.gov.uk/,1620597311,17:55:11,20210509
77,1999-06-30,RM.L,GBP,1999-06-30,1999-06-30,Q2,40552500,29591750.0,10960750.0,0.27028543246408976,1662750.0,0.0,0.0,0.0,0.0,37642750,1250.0,972250.0,3882000.0,0.09572776031070834,2909750.0,0.07175266629677579,0.0,3065500.0,0.07559336662351274,766250.0,2299250.0,0.0566981073916528,0.0285715,0.028,81069625,83437375,https://find-and-update.company-information.service.gov.uk/,https://find-and-update.company-information.service.gov.uk/,1620597311,17:55:11,20210509
78,1999-03-31,RM.L,GBP,1999-03-31,1999-03-31,Q1,40552500,29591750.0,10960750.0,0.27028543246408976,1662750.0,0.0,0.0,0.0,0.0,37642750,1250.0,972250.0,3882000.0,0.09572776031070834,2909750.0,0.07175266629677579,0.0,3065500.0,0.07559336662351274,766250.0,2299250.0,0.0566981073916528,0.0285715,0.028,81069625,83437375,https://find-and-update.company-information.service.gov.uk/,https://find-and-update.company-information.service.gov.uk/,1620597311,17:55:11,20210509
79,1999-01-31,RM.L,GBP,1999-01-31,1999-01-31,Q1,40552500,29591750.0,10960750.0,0.27028543246408976,1662750.0,0.0,0.0,0.0,0.0,37642750,1250.0,972250.0,3882000.0,0.09572776031070834,2909750.0,0.07175266629677579,0.0,3065500.0,0.07559336662351274,766250.0,2299250.0,0.0566981073916528,0.0285715,0.028,81069625,83437375,https://find-and-update.company-information.service.gov.uk/,https://find-and-update.company-information.service.gov.uk/,1620597311,17:55:11,20210509
80,1998-09-30,RM.L,GBP,1998-09-30,1998-09-30,Q3,32749000,23742500.0,9006500.0,0.27501603102384803,1357750.0,0.0,0.0,0.0,0.0,30391500,1750.0,905500.0,3263000.0,0.09963663012611072,2357500.0,0.07198693089865339,0.0,2509250.0,0.0766206601728297,703500.0,1805750.0,0.05513908821643409,0.02285725,0.02228575,79121875,81102000,https://find-and-update.company-information.service.gov.uk/,https://find-and-update.company-information.service.gov.uk/,1620597311,17:55:11,20210509
81,1998-06-30,RM.L,GBP,1998-06-30,1998-06-30,Q2,32749000,23742500.0,9006500.0,0.27501603102384803,1357750.0,0.0,0.0,0.0,0.0,30391500,1750.0,905500.0,3263000.0,0.09963663012611072,2357500.0,0.07198693089865339,0.0,2509250.0,0.0766206601728297,703500.0,1805750.0,0.05513908821643409,0.02285725,0.02228575,79121875,81102000,https://find-and-update.company-information.service.gov.uk/,https://find-and-update.company-information.service.gov.uk/,1620597311,17:55:11,20210509
82,1998-03-31,RM.L,GBP,1998-03-31,1998-03-31,Q1,32749000,23742500.0,9006500.0,0.27501603102384803,1357750.0,0.0,0.0,0.0,0.0,30391500,1750.0,905500.0,3263000.0,0.09963663012611072,2357500.0,0.07198693089865339,0.0,2509250.0,0.0766206601728297,703500.0,1805750.0,0.05513908821643409,0.02285725,0.02228575,79121875,81102000,https://find-and-update.company-information.service.gov.uk/,https://find-and-update.company-information.service.gov.uk/,1620597311,17:55:11,20210509
83,1998-01-31,RM.L,GBP,1998-01-31,1998-01-31,Q1,32749000,23742500.0,9006500.0,0.27501603102384803,1357750.0,0.0,0.0,0.0,0.0,30391500,1750.0,905500.0,3263000.0,0.09963663012611072,2357500.0,0.07198693089865339,0.0,2509250.0,0.0766206601728297,703500.0,1805750.0,0.05513908821643409,0.02285725,0.02228575,79121875,81102000,https://find-and-update.company-information.service.gov.uk/,https://find-and-update.company-information.service.gov.uk/,1620597311,17:55:11,20210509
84,1997-09-30,RM.L,GBP,1997-09-30,1997-09-30,Q3,27542500,0.0,0.0,0.0,1118250.0,0.0,0.0,0.0,0.0,25696250,5750.0,598250.0,2444500.0,0.08875374421348825,1846250.0,0.06703276754107289,0.0,2004500.0,0.0727784333303077,605000.0,1399500.0,0.05081238086593447,0.01794275,0.0176,78102500,82341875,https://find-and-update.company-information.service.gov.uk/,https://find-and-update.company-information.service.gov.uk/,1620597311,17:55:11,20210509
85,1997-06-30,RM.L,GBP,1997-06-30,1997-06-30,Q2,27542500,0.0,0.0,0.0,1118250.0,0.0,0.0,0.0,0.0,25696250,5750.0,598250.0,2444500.0,0.08875374421348825,1846250.0,0.06703276754107289,0.0,2004500.0,0.0727784333303077,605000.0,1399500.0,0.05081238086593447,0.01794275,0.0176,78102500,82341875,https://find-and-update.company-information.service.gov.uk/,https://find-and-update.company-information.service.gov.uk/,1620597311,17:55:11,20210509
86,1997-03-31,RM.L,GBP,1997-03-31,1997-03-31,Q1,27542500,0.0,0.0,0.0,1118250.0,0.0,0.0,0.0,0.0,25696250,5750.0,598250.0,2444500.0,0.08875374421348825,1846250.0,0.06703276754107289,0.0,2004500.0,0.0727784333303077,605000.0,1399500.0,0.05081238086593447,0.01794275,0.0176,78102500,82341875,https://find-and-update.company-information.service.gov.uk/,https://find-and-update.company-information.service.gov.uk/,1620597311,17:55:11,20210509
87,1997-01-31,RM.L,GBP,1997-01-31,1997-01-31,Q1,27542500,0.0,0.0,0.0,1118250.0,0.0,0.0,0.0,0.0,25696250,5750.0,598250.0,2444500.0,0.08875374421348825,1846250.0,0.06703276754107289,0.0,2004500.0,0.0727784333303077,605000.0,1399500.0,0.05081238086593447,0.01794275,0.0176,78102500,82341875,https://find-and-update.company-information.service.gov.uk/,https://find-and-update.company-information.service.gov.uk/,1620597311,17:55:11,20210509
88,1996-09-30,RM.L,GBP,1996-09-30,1996-09-30,Q3,24758000,0.0,0.0,0.0,1007500.0,0.0,0.0,0.0,0.0,23181750,7500.0,491250.0,2067500.0,0.08350836093383956,1576250.0,0.0636662896841425,0.0,1701500.0,0.06872526052185152,561500.0,1140000.0,0.046045722594716856,0.01474275,0.01434275,77341250,80819375,https://find-and-update.company-information.service.gov.uk/,https://find-and-update.company-information.service.gov.uk/,1620597311,17:55:11,20210509
89,1996-06-30,RM.L,GBP,1996-06-30,1996-06-30,Q2,24758000,0.0,0.0,0.0,1007500.0,0.0,0.0,0.0,0.0,23181750,7500.0,491250.0,2067500.0,0.08350836093383956,1576250.0,0.0636662896841425,0.0,1701500.0,0.06872526052185152,561500.0,1140000.0,0.046045722594716856,0.01474275,0.01434275,77341250,80819375,https://find-and-update.company-information.service.gov.uk/,https://find-and-update.company-information.service.gov.uk/,1620597311,17:55:11,20210509
90,1996-03-31,RM.L,GBP,1996-03-31,1996-03-31,Q1,24758000,0.0,0.0,0.0,1007500.0,0.0,0.0,0.0,0.0,23181750,7500.0,491250.0,2067500.0,0.08350836093383956,1576250.0,0.0636662896841425,0.0,1701500.0,0.06872526052185152,561500.0,1140000.0,0.046045722594716856,0.01474275,0.01434275,77341250,80819375,https://find-and-update.company-information.service.gov.uk/,https://find-and-update.company-information.service.gov.uk/,1620597311,17:55:11,20210509
91,1996-01-31,RM.L,GBP,1996-01-31,1996-01-31,Q1,24758000,0.0,0.0,0.0,1007500.0,0.0,0.0,0.0,0.0,23181750,7500.0,491250.0,2067500.0,0.08350836093383956,1576250.0,0.0636662896841425,0.0,1701500.0,0.06872526052185152,561500.0,1140000.0,0.046045722594716856,0.01474275,0.01434275,77341250,80819375,https://find-and-update.company-information.service.gov.uk/,https://find-and-update.company-information.service.gov.uk/,1620597311,17:55:11,20210509
92,1995-09-30,RM.L,GBP,1995-09-30,1995-09-30,Q3,20172750,0.0,0.0,0.0,689250.0,0.0,0.0,0.0,0.0,18987250,12750.0,384500.0,1570000.0,0.0778277626996815,1185500.0,0.058767396611765874,0.0,1255750.0,0.062249817203901305,414500.0,841250.0,0.04170229641471787,0.0114285,0.01074275,73500000,79905000,https://find-and-update.company-information.service.gov.uk/,https://find-and-update.company-information.service.gov.uk/,1620597311,17:55:11,20210509
93,1995-06-30,RM.L,GBP,1995-06-30,1995-06-30,Q2,20172750,0.0,0.0,0.0,689250.0,0.0,0.0,0.0,0.0,18987250,12750.0,384500.0,1570000.0,0.0778277626996815,1185500.0,0.058767396611765874,0.0,1255750.0,0.062249817203901305,414500.0,841250.0,0.04170229641471787,0.0114285,0.01074275,73500000,79905000,https://find-and-update.company-information.service.gov.uk/,https://find-and-update.company-information.service.gov.uk/,1620597311,17:55:11,20210509
94,1995-03-31,RM.L,GBP,1995-03-31,1995-03-31,Q1,20172750,0.0,0.0,0.0,689250.0,0.0,0.0,0.0,0.0,18987250,12750.0,384500.0,1570000.0,0.0778277626996815,1185500.0,0.058767396611765874,0.0,1255750.0,0.062249817203901305,414500.0,841250.0,0.04170229641471787,0.0114285,0.01074275,73500000,79905000,https://find-and-update.company-information.service.gov.uk/,https://find-and-update.company-information.service.gov.uk/,1620597311,17:55:11,20210509
95,1995-01-31,RM.L,GBP,1995-01-31,1995-01-31,Q1,20172750,0.0,0.0,0.0,689250.0,0.0,0.0,0.0,0.0,18987250,12750.0,384500.0,1570000.0,0.0778277626996815,1185500.0,0.058767396611765874,0.0,1255750.0,0.062249817203901305,414500.0,841250.0,0.04170229641471787,0.0114285,0.01074275,73500000,79905000,https://find-and-update.company-information.service.gov.uk/,https://find-and-update.company-information.service.gov.uk/,1620597311,17:55:11,20210509
96,1994-09-30,RM.L,GBP,1994-09-30,1994-09-30,Q3,16373250,0.0,0.0,0.0,636500.0,0.0,0.0,0.0,0.0,15533500,45750.0,391500.0,1231250.0,0.07519887621577878,839750.0,0.05128792390026415,0.0,942250.0,0.05754813491518178,277500.0,664750.0,0.040599758752843815,0.00971425,0.00885725,68407500,76597500,https://find-and-update.company-information.service.gov.uk/,https://find-and-update.company-information.service.gov.uk/,1620597311,17:55:11,20210509
97,1994-06-30,RM.L,GBP,1994-06-30,1994-06-30,Q2,16373250,0.0,0.0,0.0,636500.0,0.0,0.0,0.0,0.0,15533500,45750.0,391500.0,1231250.0,0.07519887621577878,839750.0,0.05128792390026415,0.0,942250.0,0.05754813491518178,277500.0,664750.0,0.040599758752843815,0.00971425,0.00885725,68407500,76597500,https://find-and-update.company-information.service.gov.uk/,https://find-and-update.company-information.service.gov.uk/,1620597311,17:55:11,20210509
98,1994-03-31,RM.L,GBP,1994-03-31,1994-03-31,Q1,16373250,0.0,0.0,0.0,636500.0,0.0,0.0,0.0,0.0,15533500,45750.0,391500.0,1231250.0,0.07519887621577878,839750.0,0.05128792390026415,0.0,942250.0,0.05754813491518178,277500.0,664750.0,0.040599758752843815,0.00971425,0.00885725,68407500,76597500,https://find-and-update.company-information.service.gov.uk/,https://find-and-update.company-information.service.gov.uk/,1620597311,17:55:11,20210509
99,1994-01-31,RM.L,GBP,1994-01-31,1994-01-31,Q1,16373250,0.0,0.0,0.0,636500.0,0.0,0.0,0.0,0.0,15533500,45750.0,391500.0,1231250.0,0.07519887621577878,839750.0,0.05128792390026415,0.0,942250.0,0.05754813491518178,277500.0,664750.0,0.040599758752843815,0.00971425,0.00885725,68407500,76597500,https://find-and-update.company-information.service.gov.uk/,https://find-and-update.company-information.service.gov.uk/,1620597311,17:55:11,20210509
100,1993-09-30,RM.L,GBP,1993-09-30,1993-09-30,Q3,16553000,0.0,0.0,0.0,592500.0,0.0,0.0,0.0,0.0,15830250,110750.0,354750.0,1077500.0,0.06509394067540628,722750.0,0.04366278016069595,0.0,631250.0,0.038135081254153325,159000.0,472250.0,0.028529571678849754,0.00708575,0.00708575,66740625,66740625,https://find-and-update.company-information.service.gov.uk/,https://find-and-update.company-information.service.gov.uk/,1620597311,17:55:11,20210509
101,1993-06-30,RM.L,GBP,1993-06-30,1993-06-30,Q2,16553000,0.0,0.0,0.0,592500.0,0.0,0.0,0.0,0.0,15830250,110750.0,354750.0,1077500.0,0.06509394067540628,722750.0,0.04366278016069595,0.0,631250.0,0.038135081254153325,159000.0,472250.0,0.028529571678849754,0.00708575,0.00708575,66740625,66740625,https://find-and-update.company-information.service.gov.uk/,https://find-and-update.company-information.service.gov.uk/,1620597311,17:55:11,20210509
102,1993-03-31,RM.L,GBP,1993-03-31,1993-03-31,Q1,16553000,0.0,0.0,0.0,592500.0,0.0,0.0,0.0,0.0,15830250,110750.0,354750.0,1077500.0,0.06509394067540628,722750.0,0.04366278016069595,0.0,631250.0,0.038135081254153325,159000.0,472250.0,0.028529571678849754,0.00708575,0.00708575,66740625,66740625,https://find-and-update.company-information.service.gov.uk/,https://find-and-update.company-information.service.gov.uk/,1620597311,17:55:11,20210509
103,1993-01-31,RM.L,GBP,1993-01-31,1993-01-31,Q1,16553000,0.0,0.0,0.0,592500.0,0.0,0.0,0.0,0.0,15830250,110750.0,354750.0,1077500.0,0.06509394067540628,722750.0,0.04366278016069595,0.0,631250.0,0.038135081254153325,159000.0,472250.0,0.028529571678849754,0.00708575,0.00708575,66740625,66740625,https://find-and-update.company-information.service.gov.uk/,https://find-and-update.company-information.service.gov.uk/,1620597311,17:55:11,20210509
104,1992-09-30,RM.L,GBP,1992-09-30,1992-09-30,Q3,16266750,0.0,0.0,0.0,1129500.0,0.0,0.0,0.0,0.0,14884500,172750.0,444250.0,1826500.0,0.11228426083882767,1382250.0,0.0849739499285352,0.0,-1643750.0,-0.10104968724545468,-423500.0,-1220250.0,-0.07501498455438241,-0.0184,-0.0184,66377500,66377500,https://find-and-update.company-information.service.gov.uk/,https://find-and-update.company-information.service.gov.uk/,1620597311,17:55:11,20210509
105,1992-06-30,RM.L,GBP,1992-06-30,1992-06-30,Q2,16266750,0.0,0.0,0.0,1129500.0,0.0,0.0,0.0,0.0,14884500,172750.0,444250.0,1826500.0,0.11228426083882767,1382250.0,0.0849739499285352,0.0,-1643750.0,-0.10104968724545468,-423500.0,-1220250.0,-0.07501498455438241,-0.0184,-0.0184,66377500,66377500,https://find-and-update.company-information.service.gov.uk/,https://find-and-update.company-information.service.gov.uk/,1620597311,17:55:11,20210509
106,1992-03-31,RM.L,GBP,1992-03-31,1992-03-31,Q1,16266750,0.0,0.0,0.0,1129500.0,0.0,0.0,0.0,0.0,14884500,172750.0,444250.0,1826500.0,0.11228426083882767,1382250.0,0.0849739499285352,0.0,-1643750.0,-0.10104968724545468,-423500.0,-1220250.0,-0.07501498455438241,-0.0184,-0.0184,66377500,66377500,https://find-and-update.company-information.service.gov.uk/,https://find-and-update.company-information.service.gov.uk/,1620597311,17:55:11,20210509
107,1992-01-31,RM.L,GBP,1992-01-31,1992-01-31,Q1,16266750,0.0,0.0,0.0,1129500.0,0.0,0.0,0.0,0.0,14884500,172750.0,444250.0,1826500.0,0.11228426083882767,1382250.0,0.0849739499285352,0.0,-1643750.0,-0.10104968724545468,-423500.0,-1220250.0,-0.07501498455438241,-0.0184,-0.0184,66377500,66377500,https://find-and-update.company-information.service.gov.uk/,https://find-and-update.company-information.service.gov.uk/,1620597311,17:55:11,20210509
