,date,symbol,reportedCurrency,fillingDate,acceptedDate,period,revenue,costOfRevenue,grossProfit,grossProfitRatio,researchAndDevelopmentExpenses,generalAndAdministrativeExpenses,sellingAndMarketingExpenses,otherExpenses,operatingExpenses,costAndExpenses,interestExpense,depreciationAndAmortization,ebitda,ebitdaratio,operatingIncome,operatingIncomeRatio,totalOtherIncomeExpensesNet,incomeBeforeTax,incomeBeforeTaxRatio,incomeTaxExpense,netIncome,netIncomeRatio,eps,epsdiluted,weightedAverageShsOut,weightedAverageShsOutDil,link,finalLink,timestamp,est_time,est_date
0,2020-12-31,ICFI,USD,2021-02-26,2021-02-26 06:04:06,Q4,434335000,295095000.0,139240000.0,0.32058203920936607,0.0,108963000.0,0.0,-860000.0,117482000.0,412577000.0,2971000.0,5013000.0,26771000.0,0.06163675503931297,21758000.0,0.050094972774471315,-860000.0,17927000.0,0.04127459219266234,5107000.0,12820000.0,0.029516387120540596,0.6799978783217525,0.6799978783217525,18853000.0,18853000.0,https://www.sec.gov/Archives/edgar/data/1362004/000156459021009169/0001564590-21-009169-index.htm,https://www.sec.gov/Archives/edgar/data/1362004/000156459021009169/icfi-10k_20201231.htm,1620593403,16:50:03,20210509
1,2020-09-30,ICFI,USD,2020-11-06,2020-11-06 06:02:45,Q3,360315000,223288000.0,137027000.0,0.3802977949849437,0.0,0.0,100123000.0,-223000.0,108777000.0,332065000.0,3488000.0,5143000.0,33393000.0,0.09267724074767912,28250000.0,0.07840361905554862,-223000.0,24539000.0,0.06810429762846398,6668000.0,17871000.0,0.04959826818200741,0.95,0.94,18853000.0,19086000.0,https://www.sec.gov/Archives/edgar/data/1362004/000156459020051632/0001564590-20-051632-index.htm,https://www.sec.gov/Archives/edgar/data/1362004/000156459020051632/icfi-10q_20200930.htm,1620593403,16:50:03,20210509
2,2020-06-30,ICFI,USD,2020-08-05,2020-08-05 06:01:27,Q2,353987000,223407000.0,130580000.0,0.36888360307016926,0.0,99255000.0,0.0,349000.0,107798000.0,331205000.0,3908000.0,5064000.0,27846000.0,0.07866390573665134,22782000.0,0.06435829564362533,349000.0,19223000.0,0.05430425411102668,5567000.0,13656000.0,0.038577687881193375,0.73,0.72,18829000.0,19020000.0,https://www.sec.gov/Archives/edgar/data/1362004/000156459020036374/0001564590-20-036374-index.htm,https://www.sec.gov/Archives/edgar/data/1362004/000156459020036374/icfi-10q_20200630.htm,1620593403,16:50:03,20210509
3,2020-03-31,ICFI,USD,2020-05-06 00:00:00,2020-05-06 06:02:16,Q1,358238000,230616000.0,127622000.0,0.3562491974609059,0.0,0.0,103271000.0,190000.0,111303000.0,341919000.0,3525000.0,5179000.0,21498000.0,0.060010384158017856,16319000.0,0.0455535147025162,190000.0,12984000.0,0.0362440612107035,2372000.0,10612000.0,0.02962276475415785,0.56,0.55,18840000.0,19197000.0,https://www.sec.gov/Archives/edgar/data/1362004/000156459020021498/0001564590-20-021498-index.html,https://www.sec.gov/Archives/edgar/data/1362004/000156459020021498/icfi-10q_20200331.htm,1620593403,16:50:03,20210509
4,2019-12-31,ICFI,USD,2020-02-28 00:00:00,2020-02-28 06:06:36,Q4,396636000,264027000.0,132609000.0,0.3343342510513418,0.0,0.0,97664000.0,-134000.0,104311000.0,368338000.0,2508000.0,4707000.0,33005000.0,0.08321231557397715,28298000.0,0.0713450115471112,-134000.0,25656000.0,0.06468399237588116,6277000.0,19379000.0,0.048858399136739984,1.03,1.01,18835000.0,19234000.0,https://www.sec.gov/Archives/edgar/data/1362004/000156459020007616/0001564590-20-007616-index.html,https://www.sec.gov/Archives/edgar/data/1362004/000156459020007616/icfi-10k_20191231.htm,1620593403,16:50:03,20210509
5,2019-09-30,ICFI,USD,2019-11-07 00:00:00,2019-11-07 06:24:22,Q3,373918000,238158000.0,135760000.0,0.3630742569226408,0.0,0.0,100130000.0,-141000.0,107096000.0,345254000.0,2824000.0,5035000.0,33699000.0,0.09012403789066052,28664000.0,0.07665851871265893,-141000.0,25699000.0,0.06872897266245541,6069000.0,19630000.0,0.0524981413037083,1.04,1.02,18799000.0,19169000.0,https://www.sec.gov/Archives/edgar/data/1362004/000156459019041317/0001564590-19-041317-index.html,https://www.sec.gov/Archives/edgar/data/1362004/000156459019041317/icfi-10q_20190930.htm,1620593403,16:50:03,20210509
6,2019-06-30,ICFI,USD,2019-08-02,2019-08-02 06:02:26,Q2,366717000,235053000.0,131664000.0,0.3590343507391258,0.0,0.0,101450000.0,186000.0,109122000.0,344175000.0,2934000.0,5595000.0,28137000.0,0.07672674023838545,22542000.0,0.06146974369881952,186000.0,19794000.0,0.05397622689976194,5183000.0,14611000.0,0.039842712500374945,0.78,0.76,18805000.0,19133000.0,https://www.sec.gov/Archives/edgar/data/1362004/000156459019028119/icfi-10q_20190630.htm,https://www.sec.gov/Archives/edgar/data/1362004/000156459019028119/icfi-10q_20190630.htm,1620593403,16:50:03,20210509
7,2019-03-31,ICFI,USD,2019-05-03 00:00:00,2019-05-03 06:05:09,Q1,341254000,215949000.0,125305000.0,0.3671898351374636,0.0,0.0,96519000.0,-412000.0,103416000.0,319365000.0,2453000.0,4762000.0,26651000.0,0.07809725307249146,21889000.0,0.06414283788614931,-412000.0,19024000.0,0.05574733189940631,3706000.0,15318000.0,0.04488738593540296,0.81,0.8,18825000.0,19263000.0,https://www.sec.gov/Archives/edgar/data/1362004/000156459019015493/0001564590-19-015493-index.html,https://www.sec.gov/Archives/edgar/data/1362004/000156459019015493/icfi-10q_20190331.htm,1620593403,16:50:03,20210509
8,2018-12-31,ICFI,USD,2019-02-27 00:00:00,2019-02-27 06:02:32,Q4,377910000,249057000.0,128853000.0,0.3409621338413908,0.0,0.0,91958000.0,-170000.0,99410000.0,348467000.0,2637000.0,4439000.0,33882000.0,0.08965626736524569,29443000.0,0.0779100844116324,-170000.0,26636000.0,0.07048238998703395,7941000.0,18695000.0,0.049469450398242965,0.99,0.97,18838000.0,19333000.0,https://www.sec.gov/Archives/edgar/data/1362004/000156459019004641/0001564590-19-004641-index.html,https://www.sec.gov/Archives/edgar/data/1362004/000156459019004641/icfi-10k_20181231.htm,1620593403,16:50:03,20210509
9,2018-09-30,ICFI,USD,2018-11-02 00:00:00,2018-11-02 06:06:09,Q3,332968000,213060000.0,119908000.0,0.36011869008433245,0.0,0.0,88960000.0,-351000.0,95686000.0,308746000.0,2240000.0,4210000.0,28432000.0,0.08538958698733812,24222000.0,0.07274572931933398,-351000.0,21631000.0,0.06496420076403739,4960000.0,16671000.0,0.05006787439033181,0.88,0.86,18873000.0,19306000.0,https://www.sec.gov/Archives/edgar/data/1362004/000156459018026361/0001564590-18-026361-index.html,https://www.sec.gov/Archives/edgar/data/1362004/000156459018026361/icfi-10q_20180930.htm,1620593403,16:50:03,20210509
10,2018-06-30,ICFI,USD,2018-08-03 00:00:00,2018-08-03 06:08:54,Q2,324315000,206565000.0,117750000.0,0.36307293834697746,0.0,0.0,90410000.0,-318000.0,96725000.0,303290000.0,2167000.0,4045000.0,25070000.0,0.07730138908160276,21025000.0,0.06482894716556434,-318000.0,18540000.0,0.0571666435410018,4923000.0,13617000.0,0.04198695712501734,0.72,0.71,18806000.0,19209000.0,https://www.sec.gov/Archives/edgar/data/1362004/000156459018019025/0001564590-18-019025-index.html,https://www.sec.gov/Archives/edgar/data/1362004/000156459018019025/icfi-10q_20180630.htm,1620593403,16:50:03,20210509
11,2018-03-31,ICFI,USD,2018-05-03 00:00:00,2018-05-03 06:06:15,Q1,302780000,188826000.0,113954000.0,0.3763590725939626,0.0,0.0,89659000.0,104000.0,96372000.0,285198000.0,1666000.0,4469000.0,22051000.0,0.07282845630490785,17582000.0,0.058068564634388004,104000.0,16020000.0,0.052909703415020805,3603000.0,12417000.0,0.041009974238721186,0.67,0.65,18670000.0,19158000.0,https://www.sec.gov/Archives/edgar/data/1362004/000156459018010465/0001564590-18-010465-index.html,https://www.sec.gov/Archives/edgar/data/1362004/000156459018010465/icfi-10q_20180331.htm,1620593403,16:50:03,20210509
12,2017-12-31,ICFI,USD,2018-02-28 00:00:00,2018-02-28 06:05:10,Q4,321174000,207230000.0,113944000.0,0.3547734249970421,0.0,0.0,86840000.0,97000.0,93763000.0,300993000.0,1890000.0,4260000.0,24441000.0,0.0760989370247903,20181000.0,0.0628350987315287,97000.0,18388000.0,0.05725245505551508,-8682000.0,27070000.0,0.0842845311264299,1.45,1.41,18646000.0,19136000.0,https://www.sec.gov/Archives/edgar/data/1362004/000156459018003648/0001564590-18-003648-index.html,https://www.sec.gov/Archives/edgar/data/1362004/000156459018003648/icfi-10k_20171231.htm,1620593403,16:50:03,20210509
13,2017-09-30,ICFI,USD,2017-11-03 00:00:00,2017-11-03 06:04:40,Q3,305301000,189992000.0,115309000.0,0.37768955882882793,0.0,0.0,84558000.0,-311000.0,91913000.0,281905000.0,2175000.0,4613000.0,28009000.0,0.09174224781445196,23396000.0,0.07663256916944261,-311000.0,20910000.0,0.0684897854903849,7218000.0,13692000.0,0.04484754389929938,0.73,0.72,18666000.0,19024000.0,https://www.sec.gov/Archives/edgar/data/1362004/000156459017021364/0001564590-17-021364-index.html,https://www.sec.gov/Archives/edgar/data/1362004/000156459017021364/icfi-10q_20170930.htm,1620593403,16:50:03,20210509
14,2017-06-30,ICFI,USD,2017-08-03 00:00:00,2017-08-03 06:05:35,Q2,306392000,190896000.0,115496000.0,0.37695501188020575,0.0,0.0,86240000.0,226000.0,93288000.0,284184000.0,2537000.0,4299000.0,26507000.0,0.08651335544008983,22208000.0,0.07248231024308728,226000.0,19897000.0,0.06493968510927178,7960000.0,11937000.0,0.03895989451421708,0.64,0.63,18775000.0,19086000.0,https://www.sec.gov/Archives/edgar/data/1362004/000143774917013604/0001437749-17-013604-index.html,https://www.sec.gov/Archives/edgar/data/1362004/000143774917013604/icfi20170630_10q.htm,1620593403,16:50:03,20210509
15,2017-03-31,ICFI,USD,2017-05-04 00:00:00,2017-05-04 16:06:58,Q1,296295000,183607000.0,112688000.0,0.3803236639160296,0.0,0.0,88802000.0,109000.0,96055000.0,279662000.0,1951000.0,4519000.0,21152000.0,0.07138831232386642,16633000.0,0.05613662059771511,109000.0,14791000.0,0.04991984339931487,4614000.0,10177000.0,0.034347525270423056,0.54,0.52,18972000.0,19423000.0,https://www.sec.gov/Archives/edgar/data/1362004/000143774917007993/0001437749-17-007993-index.html,https://www.sec.gov/Archives/edgar/data/1362004/000143774917007993/icfi20170331_10q.htm,1620593403,16:50:03,20210509
16,2016-12-31,ICFI,USD,2017-02-28 00:00:00,2017-02-28 06:10:22,Q4,289559000,182440000.0,107119000.0,0.36993842360278906,0.0,0.0,77655000.0,234000.0,85154000.0,267594000.0,2158000.0,4405000.0,26370000.0,0.09106952296423182,21965000.0,0.07585673386080212,234000.0,20041000.0,0.06921214674729502,7368000.0,12673000.0,0.04376655534796017,0.67,0.65,18988000.0,19512000.0,https://www.sec.gov/Archives/edgar/data/1362004/000143774917003385/0001437749-17-003385-index.html,https://www.sec.gov/Archives/edgar/data/1362004/000143774917003385/icfi20161231_10k.htm,1620593403,16:50:03,20210509
17,2016-09-30,ICFI,USD,2016-11-02 00:00:00,2016-11-02 16:10:33,Q3,306520000,191310000.0,115210000.0,0.3758645439123059,0.0,0.0,84193000.0,732000.0,91434000.0,282744000.0,2407000.0,4130000.0,27906000.0,0.09104136761059638,23776000.0,0.07756753229805559,732000.0,22101000.0,0.07210296228631084,8664000.0,13437000.0,0.04383726999869503,0.71,0.7,18965000.0,19329000.0,https://www.sec.gov/Archives/edgar/data/1362004/000143774916040846/0001437749-16-040846-index.html,https://www.sec.gov/Archives/edgar/data/1362004/000143774916040846/icfi20160815_10q.htm,1620593403,16:50:03,20210509
18,2016-06-30,ICFI,USD,2016-08-03,2016-08-03 16:06:52,Q2,305419000,194188000.0,111231000.0,0.36419148775943866,0.0,0.0,84641000.0,-57000.0,91873000.0,286061000.0,2460000.0,4084000.0,23442000.0,0.07675357459752012,19358000.0,0.06338178043933089,-57000.0,16841000.0,0.05514064285457028,6258000.0,10583000.0,0.034650758466238184,0.56,0.55,19008000.0,19293000.0,https://www.sec.gov/Archives/edgar/data/1362004/000143774916036298/icfi20160630_10q.htm,https://www.sec.gov/Archives/edgar/data/1362004/000143774916036298/icfi20160630_10q.htm,1620593403,16:50:03,20210509
19,2016-03-31,ICFI,USD,2016-05-06 00:00:00,2016-05-06 16:06:30,Q1,283599000,177199000.0,106400000.0,0.3751776275656825,0.0,0.0,81559000.0,275000.0,88706000.0,265905000.0,2445000.0,4019000.0,21713000.0,0.07656232920426377,17694000.0,0.06239091111040589,275000.0,15524000.0,0.05473926212715842,5837000.0,9687000.0,0.034157384193879384,0.51,0.5,18994000.0,19293000.0,https://www.sec.gov/Archives/edgar/data/1362004/000143774916031114/0001437749-16-031114-index.html,https://www.sec.gov/Archives/edgar/data/1362004/000143774916031114/icfi20160331_10q.htm,1620593403,16:50:03,20210509
20,2015-12-31,ICFI,USD,2016-03-08 00:00:00,2016-03-08 16:06:11,Q4,280805000,173752000.0,107053000.0,0.38123608910097756,0.0,0.0,79533000.0,-86000.0,88015000.0,261767000.0,2345000.0,4164000.0,23202000.0,0.08262673385445415,19038000.0,0.0677979380709033,-86000.0,16607000.0,0.059140684816865796,5857000.0,10750000.0,0.03828279410979149,0.56,0.55,19102000.0,19373000.0,https://www.sec.gov/Archives/edgar/data/1362004/000143774916027070/0001437749-16-027070-index.html,https://www.sec.gov/Archives/edgar/data/1362004/000143774916027070/icfi20151231_10k.htm,1620593403,16:50:03,20210509
21,2015-09-30,ICFI,USD,2015-10-30 00:00:00,2015-10-30 16:47:36,Q3,288951000,177864000.0,111087000.0,0.3844492664846289,0.0,0.0,81011000.0,-52000.0,89590000.0,267454000.0,2674000.0,4316000.0,25813000.0,0.08933348560828652,21497000.0,0.07439669701783347,-52000.0,18771000.0,0.0649625715086641,7226000.0,11545000.0,0.03995487124114469,0.6,0.59,19316000.0,19556000.0,https://www.sec.gov/Archives/edgar/data/1362004/000143774915019206/0001437749-15-019206-index.html,https://www.sec.gov/Archives/edgar/data/1362004/000143774915019206/icfi20150930_10q.htm,1620593403,16:50:03,20210509
22,2015-06-30,ICFI,USD,2015-07-31 00:00:00,2015-07-31 16:06:18,Q2,288949000,178251000.0,110698000.0,0.3831056691665311,0.0,0.0,83782000.0,-1190000.0,91964000.0,270215000.0,2489000.0,3894000.0,22628000.0,0.07831139751305594,18734000.0,0.06483497087721363,-1190000.0,15055000.0,0.052102620185569076,5881000.0,9174000.0,0.03174954749800138,0.47106546854942233,0.46554348929260125,19475000.0,19706000.0,https://www.sec.gov/Archives/edgar/data/1362004/000143774915014463/0001437749-15-014463-index.html,https://www.sec.gov/Archives/edgar/data/1362004/000143774915014463/icfi20150630_10q.htm,1620593403,16:50:03,20210509
23,2015-03-31,ICFI,USD,2015-05-08 00:00:00,2015-05-08 17:08:03,Q1,273527000,164569000.0,108958000.0,0.3983445875544279,0.0,0.0,84833000.0,-231000.0,92996000.0,257565000.0,2564000.0,3848000.0,19810000.0,0.0724242944937794,15962000.0,0.05835621346338753,-231000.0,13167000.0,0.04813784379604207,5267000.0,7900000.0,0.0288819750883825,0.41,0.4,19450000.0,19838000.0,https://www.sec.gov/Archives/edgar/data/1362004/000143774915009575/0001437749-15-009575-index.html,https://www.sec.gov/Archives/edgar/data/1362004/000143774915009575/icfi20150331_10q.htm,1620593403,16:50:03,20210509
24,2014-12-31,ICFI,USD,2015-02-27,2015-02-27 16:53:08,Q4,276426000,168485000.0,107941000.0,0.39048787017140213,0.0,0.0,83447000.0,33000.0,91331000.0,259816000.0,1966000.0,3876000.0,20486000.0,0.07411025012118976,16610000.0,0.06008841425915073,33000.0,14677000.0,0.05309558435168906,5914000.0,8763000.0,0.03170107008747368,0.45,0.44,19409000.0,19744000.0,https://www.sec.gov/Archives/edgar/data/1362004/000143774915003683/ifci20141231_10k.htm,https://www.sec.gov/Archives/edgar/data/1362004/000143774915003683/ifci20141231_10k.htm,1620593403,16:50:03,20210509
25,2014-09-30,ICFI,USD,2014-11-07 00:00:00,2014-11-07 16:05:50,Q3,264796000,166064000.0,98732000.0,0.3728606172298675,0.0,0.0,74704000.0,-335000.0,80204000.0,246268000.0,800000.0,3227000.0,21755000.0,0.08215758546201604,18528000.0,0.06997084548104957,-335000.0,17393000.0,0.06568452695660056,5840000.0,11553000.0,0.04362981313917129,0.5939845758354756,0.5860599604322021,19450000.0,19713000.0,https://www.sec.gov/Archives/edgar/data/1362004/000143774914020054/0001437749-14-020054-index.html,https://www.sec.gov/Archives/edgar/data/1362004/000143774914020054/ifci20140930_10q.htm,1620593403,16:50:03,20210509
26,2014-06-30,ICFI,USD,2014-08-07 00:00:00,2014-08-07 07:01:56,Q2,263860000,166667000.0,97193000.0,0.36835064049116956,0.0,0.0,74232000.0,-621000.0,79619000.0,246286000.0,774000.0,3190000.0,20764000.0,0.0786932464185553,17574000.0,0.0666035018570454,-621000.0,16179000.0,0.06131660729174562,6181000.0,9998000.0,0.03789130599560373,0.51,0.5,19795000.0,20082000.0,https://www.sec.gov/Archives/edgar/data/1362004/000143774914014472/0001437749-14-014472-index.html,https://www.sec.gov/Archives/edgar/data/1362004/000143774914014472/ifci20140630_10q.htm,1620593403,16:50:03,20210509
27,2014-03-31,ICFI,USD,2014-05-08 00:00:00,2014-05-08 16:07:14,Q1,245052000,153730000.0,91322000.0,0.37266376116089645,0.0,0.0,69637000.0,-35000.0,74672000.0,228402000.0,714000.0,3076000.0,19726000.0,0.0804972005941596,16650000.0,0.06794476274423387,-35000.0,15901000.0,0.06488826861237615,6185000.0,9716000.0,0.039648727616995574,0.49,0.48,19804000.0,20277000.0,https://www.sec.gov/Archives/edgar/data/1362004/000143774914008413/0001437749-14-008413-index.html,https://www.sec.gov/Archives/edgar/data/1362004/000143774914008413/ifci20140331_10q.htm,1620593403,16:50:03,20210509
28,2013-12-31,ICFI,USD,2014-02-28,2014-02-28 16:07:57,Q4,229759000,143146000.0,86613000.0,0.3769732632889245,0.0,0.0,68874000.0,-221000.0,74026000.0,217172000.0,577000.0,2886000.0,15473000.0,0.06734447834470032,12587000.0,0.0547834905270305,-221000.0,11789000.0,0.051310285995325534,4033000.0,7756000.0,0.03375711071165874,0.39,0.38,19826000.0,20233000.0,https://www.sec.gov/Archives/edgar/data/1362004/000143774914003105/ifci20131231_10k.htm,https://www.sec.gov/Archives/edgar/data/1362004/000143774914003105/ifci20131231_10k.htm,1620593403,16:50:03,20210509
29,2013-09-30,ICFI,USD,2013-11-06 00:00:00,2013-11-06 07:09:15,Q3,244055000,154024000.0,90031000.0,0.36889635532974124,0.0,0.0,67647000.0,140000.0,72877000.0,226901000.0,476000.0,2771000.0,19925000.0,0.08164143328348118,17154000.0,0.07028743520927659,140000.0,16818000.0,0.06891069635942718,5687000.0,11131000.0,0.04560857183831513,0.56,0.55,19802000.0,20165000.0,https://www.sec.gov/Archives/edgar/data/1362004/000143774913013975/0001437749-13-013975-index.html,https://www.sec.gov/Archives/edgar/data/1362004/000143774913013975/ifci20130930_10q.htm,1620593403,16:50:03,20210509
30,2013-06-30,ICFI,USD,2013-08-02 00:00:00,2013-08-02 07:01:54,Q2,241568000,151528000.0,90040000.0,0.37273148761425356,0.0,0.0,67604000.0,-9000.0,72745000.0,224273000.0,626000.0,2782000.0,20077000.0,0.08311117366538615,17295000.0,0.0715947476486952,-9000.0,16660000.0,0.06896608822360578,6329000.0,10331000.0,0.04276642601669095,0.5242565716025576,0.5166533306661333,19706000.0,19996000.0,https://www.sec.gov/Archives/edgar/data/1362004/000143774913009779/0001437749-13-009779-index.html,https://www.sec.gov/Archives/edgar/data/1362004/000143774913009779/ifci20130630_10q.htm,1620593403,16:50:03,20210509
31,2013-03-31,ICFI,USD,2013-05-06 00:00:00,2013-05-06 07:31:58,Q1,233921000,142818000.0,91103000.0,0.3894605443718178,0.0,0.0,68262000.0,78000.0,73454000.0,216272000.0,768000.0,2799000.0,20448000.0,0.08741412699159118,17649000.0,0.07544854886906263,78000.0,16959000.0,0.07249883507679943,6847000.0,10112000.0,0.04322826937299345,0.52,0.51,19543000.0,19875000.0,https://www.sec.gov/Archives/edgar/data/1362004/000119312513200274/0001193125-13-200274-index.html,https://www.sec.gov/Archives/edgar/data/1362004/000119312513200274/d508070d10q.htm,1620593403,16:50:03,20210509
32,2012-12-31,ICFI,USD,2013-03-01 00:00:00,2013-03-01 06:25:19,Q4,231979000,146879000.0,85100000.0,0.3668435504937947,0.0,0.0,64265000.0,54000.0,70674000.0,217553000.0,662000.0,2850000.0,17276000.0,0.07447225826475673,14426000.0,0.062186663447984514,54000.0,13818000.0,0.05956573655373978,4599000.0,9219000.0,0.03974066618099052,0.4727449874365417,0.46820721178263075,19501000.0,19690000.0,https://www.sec.gov/Archives/edgar/data/1362004/000119312513085861/0001193125-13-085861-index.html,https://www.sec.gov/Archives/edgar/data/1362004/000119312513085861/d443791d10k.htm,1620593403,16:50:03,20210509
33,2012-09-30,ICFI,USD,2012-11-05 00:00:00,2012-11-05 07:01:45,Q3,237864000,148267000.0,89597000.0,0.37667322503615513,0.0,66356000.0,0.0,0.0,72722000.0,220989000.0,804000.0,2886000.0,19761000.0,0.08307688427000302,16875000.0,0.07094390071637574,-116000.0,15955000.0,0.06707614435139407,6382000.0,9573000.0,0.04024568661083645,0.49,0.48,19610000.0,19770000.0,https://www.sec.gov/Archives/edgar/data/1362004/000119312512450415/0001193125-12-450415-index.html,https://www.sec.gov/Archives/edgar/data/1362004/000119312512450415/d398662d10q.htm,1620593403,16:50:03,20210509
34,2012-06-30,ICFI,USD,2012-08-06 00:00:00,2012-08-06 07:02:08,Q2,239649000,147861000.0,91788000.0,0.38301015234780866,0.0,67404000.0,0.0,0.0,73723000.0,221584000.0,611000.0,2800000.0,20865000.0,0.087064832317264,18065000.0,0.07538107816014254,-212000.0,17242000.0,0.0719468889918172,6896000.0,10346000.0,0.04317147161056378,0.5232122989784566,0.5180511742025937,19774000.0,19971000.0,https://www.sec.gov/Archives/edgar/data/1362004/000119312512336157/0001193125-12-336157-index.html,https://www.sec.gov/Archives/edgar/data/1362004/000119312512336157/d351917d10q.htm,1620593403,16:50:03,20210509
35,2012-03-31,ICFI,USD,2012-05-04,2012-05-04 07:01:56,Q1,227641000,140188000.0,87453000.0,0.38417068981422503,0.0,65871000.0,0.0,0.0,71217000.0,211405000.0,1307000.0,1815000.0,18051000.0,0.07929590890920353,16236000.0,0.07132282848871688,-33000.0,14896000.0,0.06543636691105732,5959000.0,8937000.0,0.03925918441756977,0.452071424958268,0.4450253958769047,19769000.0,20082000.0,https://www.sec.gov/Archives/edgar/data/1362004/000119312512094488/d266827d10k.htm,https://www.sec.gov/Archives/edgar/data/1362004/000119312512094488/d266827d10k.htm,1620593403,16:50:03,20210509
36,2011-12-31,ICFI,USD,2012-03-02 00:00:00,2012-03-02 16:16:56,Q4,213947000,131436000.0,82511000.0,0.38566093471747676,0.0,63525000.0,0.0,0.0,68644000.0,200080000.0,516000.0,2674000.0,16541000.0,0.07731354026931904,13867000.0,0.06481511776281042,35000.0,13386000.0,0.06256689740917143,4544000.0,8842000.0,0.04132799244672746,0.4472659213920785,0.4472659213920785,19769000.0,19769000.0,https://www.sec.gov/Archives/edgar/data/1362004/000119312512094488/0001193125-12-094488-index.html,https://www.sec.gov/Archives/edgar/data/1362004/000119312512094488/d266827d10k.htm,1620593403,16:50:03,20210509
37,2011-09-30,ICFI,USD,2011-11-03 00:00:00,2011-11-03 16:17:40,Q3,218691000,137343000.0,81348000.0,0.37197689891216373,0.0,60341000.0,0.0,0.0,65254000.0,202597000.0,539000.0,2544000.0,18638000.0,0.08522527218769863,16094000.0,0.07359242035566164,0.0,15555000.0,0.07112775560036765,6221000.0,9334000.0,0.042681226022104245,0.4731346309813463,0.46998992950654583,19728000.0,19860000.0,https://www.sec.gov/Archives/edgar/data/1362004/000119312511295146/0001193125-11-295146-index.html,https://www.sec.gov/Archives/edgar/data/1362004/000119312511295146/d227029d10q.htm,1620593403,16:50:03,20210509
38,2011-06-30,ICFI,USD,2011-08-03 00:00:00,2011-08-03 16:31:43,Q2,213395000,133522000.0,79873000.0,0.3742964924201598,0.0,59270000.0,0.0,0.0,64369000.0,197891000.0,564000.0,2778000.0,18282000.0,0.08567211040558588,15504000.0,0.07265399845357201,2000.0,14942000.0,0.07002038473253826,5979000.0,8963000.0,0.042001921319618545,0.46,0.45,19688000.0,19847000.0,https://www.sec.gov/Archives/edgar/data/1362004/000119312511208259/0001193125-11-208259-index.html,https://www.sec.gov/Archives/edgar/data/1362004/000119312511208259/d10q.htm,1620593403,16:50:03,20210509
39,2011-03-31,ICFI,USD,2011-05-06 00:00:00,2011-05-06 07:00:36,Q1,194742000,118221000.0,76521000.0,0.3929352682010044,0.0,57926000.0,0.0,0.0,63102000.0,181323000.0,629000.0,2761000.0,16180000.0,0.0830842858756714,13419000.0,0.06890655328588594,87000.0,12877000.0,0.06612338375902477,5151000.0,7726000.0,0.039673003255589444,0.39458631256384064,0.3905965621840243,19580000.0,19780000.0,https://www.sec.gov/Archives/edgar/data/1362004/000119312511129543/0001193125-11-129543-index.html,https://www.sec.gov/Archives/edgar/data/1362004/000119312511129543/d10q.htm,1620593403,16:50:03,20210509
40,2010-12-31,ICFI,USD,2011-03-04,2011-03-04 16:05:32,Q4,192938000,119437000.0,73501000.0,0.38095657672412897,0.0,56025000.0,0.0,0.0,61854000.0,181291000.0,747000.0,2748000.0,14395000.0,0.07460946003379323,11647000.0,0.06036654261990899,-25000.0,10875000.0,0.05636525723289347,3718000.0,7157000.0,0.03709481802444309,0.36552604698672114,0.36552604698672114,19580000.0,19580000.0,https://www.sec.gov/Archives/edgar/data/1362004/000119312511056232/d10k.htm,https://www.sec.gov/Archives/edgar/data/1362004/000119312511056232/d10k.htm,1620593403,16:50:03,20210509
41,2010-09-30,ICFI,USD,2010-11-05 00:00:00,2010-11-05 16:06:13,Q3,197711000,124060000.0,73651000.0,0.37251847393417664,0.0,55348000.0,0.0,0.0,61146000.0,185206000.0,776000.0,2716000.0,15221000.0,0.07698610598297514,12505000.0,0.06324888347132937,99000.0,11828000.0,0.059824693618463314,4435000.0,7393000.0,0.03739296245530092,0.38082728068819865,0.37661742231278655,19413000.0,19630000.0,https://www.sec.gov/Archives/edgar/data/1362004/000119312510250070/0001193125-10-250070-index.html,https://www.sec.gov/Archives/edgar/data/1362004/000119312510250070/d10q.htm,1620593403,16:50:03,20210509
42,2010-06-30,ICFI,USD,2010-08-06 00:00:00,2010-08-06 08:00:57,Q2,199647000,125131000.0,74516000.0,0.3732387664227361,0.0,56130000.0,0.0,0.0,61855000.0,186986000.0,917000.0,2643000.0,15304000.0,0.07665529659849635,12661000.0,0.06341693088300851,79000.0,11823000.0,0.059219522457136846,4622000.0,7201000.0,0.036068661186995046,0.37212547155185777,0.3679987735077678,19351000.0,19568000.0,https://www.sec.gov/Archives/edgar/data/1362004/000119312510180411/0001193125-10-180411-index.html,https://www.sec.gov/Archives/edgar/data/1362004/000119312510180411/d10q.htm,1620593403,16:50:03,20210509
43,2010-03-31,ICFI,USD,2010-05-06 00:00:00,2010-05-06 16:24:09,Q1,174438000,107559000.0,66879000.0,0.3833969662573522,0.0,51030000.0,0.0,0.0,56779000.0,164338000.0,963000.0,2668000.0,12768000.0,0.07319506070924914,10100000.0,0.05790022816129513,19000.0,9156000.0,0.05248856327176418,3736000.0,5420000.0,0.031071211547942536,0.2810911731148221,0.2778917145200984,19282000.0,19504000.0,https://www.sec.gov/Archives/edgar/data/1362004/000119312510110932/0001193125-10-110932-index.html,https://www.sec.gov/Archives/edgar/data/1362004/000119312510110932/d10q.htm,1620593403,16:50:03,20210509
44,2009-12-31,ICFI,USD,2010-03-11 00:00:00,2010-03-11 17:14:25,Q4,174061000,106576000.0,67485000.0,0.3877089066476695,0.0,52011000.0,0.0,0.0,57890000.0,164466000.0,1400000.0,2808000.0,12403000.0,0.07125662842336881,9595000.0,0.05512435295672207,580000.0,8775000.0,0.050413360833271095,2586000.0,6189000.0,0.03555650030736351,0.3209729281194897,0.3209729281194897,19282000.0,19282000.0,https://www.sec.gov/Archives/edgar/data/1362004/000119312510053965/0001193125-10-053965-index.html,https://www.sec.gov/Archives/edgar/data/1362004/000119312510053965/d10k.htm,1620593403,16:50:03,20210509
45,2009-09-30,ICFI,USD,2009-11-06 00:00:00,2009-11-05 21:26:31,Q3,167071000,101610000.0,65461000.0,0.39181545570446097,0.0,50430000.0,0.0,0.0,56139000.0,157749000.0,1471000.0,2550000.0,11872000.0,0.07105960938762562,9322000.0,0.05579663735777005,65000.0,7916000.0,0.04738105356405361,2800000.0,5116000.0,0.03062171172734945,0.33,0.32,15299000.0,15844000.0,https://www.sec.gov/Archives/edgar/data/1362004/000119312509226073/0001193125-09-226073-index.html,https://www.sec.gov/Archives/edgar/data/1362004/000119312509226073/d10q.htm,1620593403,16:50:03,20210509
46,2009-06-30,ICFI,USD,2009-08-07 00:00:00,2009-08-07 16:31:16,Q2,175405000,103911000.0,71494000.0,0.4075938542230837,0.0,55698000.0,0.0,0.0,61357000.0,165268000.0,1500000.0,2499000.0,12636000.0,0.07203899546763205,10137000.0,0.05779196716171147,194000.0,8831000.0,0.050346341324363615,3662000.0,5169000.0,0.029468943302642457,0.34,0.33,15204000.0,15710000.0,https://www.sec.gov/Archives/edgar/data/1362004/000119312509169144/0001193125-09-169144-index.html,https://www.sec.gov/Archives/edgar/data/1362004/000119312509169144/d10q.htm,1620593403,16:50:03,20210509
47,2009-03-31,ICFI,USD,2009-05-08 00:00:00,2009-05-08 16:28:39,Q1,157862000,99237000.0,58625000.0,0.3713686637696216,0.0,45289000.0,0.0,0.0,48595000.0,147832000.0,735000.0,1559000.0,11589000.0,0.07341222080044596,10030000.0,0.06353650656902865,166000.0,9461000.0,0.05993209258719641,3579000.0,5882000.0,0.03726039198793883,0.39,0.38,15079000.0,15572000.0,https://www.sec.gov/Archives/edgar/data/1362004/000119312509105434/0001193125-09-105434-index.html,https://www.sec.gov/Archives/edgar/data/1362004/000119312509105434/d10q.htm,1620593403,16:50:03,20210509
48,2008-12-31,ICFI,USD,2009-03-13 00:00:00,2009-03-13 14:35:04,Q4,161933000,104864000.0,57069000.0,0.3524235331896525,0.0,42016000.0,0.0,0.0,45773000.0,150637000.0,0.0,1516000.0,12812000.0,0.0791191418673155,11296000.0,0.0697572452804555,566000.0,10812000.0,0.06676835481341048,4670000.0,6142000.0,0.037929267042542285,0.40732144041382057,0.40732144041382057,15079000.0,15079000.0,https://www.sec.gov/Archives/edgar/data/1362004/000119312509053605/0001193125-09-053605-index.html,https://www.sec.gov/Archives/edgar/data/1362004/000119312509053605/d10k.htm,1620593403,16:50:03,20210509
49,2008-09-30,ICFI,USD,2008-11-07 00:00:00,2008-11-07 16:46:30,Q3,176281000,115421000.0,60860000.0,0.34524424072929016,0.0,44251000.0,0.0,0.0,48198000.0,163619000.0,0.0,1706000.0,14368000.0,0.08150623152807165,12662000.0,0.07182850108633375,67000.0,11944000.0,0.06775545861437138,5076000.0,6868000.0,0.038960523255484145,0.47,0.45,14631000.0,15283000.0,https://www.sec.gov/Archives/edgar/data/1362004/000119312508230111/0001193125-08-230111-index.html,https://www.sec.gov/Archives/edgar/data/1362004/000119312508230111/d10q.htm,1620593403,16:50:03,20210509
50,2008-06-30,ICFI,USD,2008-08-08 00:00:00,2008-08-08 16:22:54,Q2,184064000,119310000.0,64754000.0,0.35180154728789986,0.0,46856000.0,0.0,0.0,50459000.0,169769000.0,0.0,3603000.0,17898000.0,0.09723791724617524,14295000.0,0.07766320410292073,-2000.0,13256000.0,0.07201842837273992,5358000.0,7898000.0,0.042908988178025034,0.54,0.52,14586000.0,15179000.0,https://www.sec.gov/Archives/edgar/data/1362004/000119312508171964/0001193125-08-171964-index.html,https://www.sec.gov/Archives/edgar/data/1362004/000119312508171964/d10q.htm,1620593403,16:50:03,20210509
51,2008-03-31,ICFI,USD,2008-05-12 00:00:00,2008-05-12 06:03:00,Q1,175148000,120407000.0,54741000.0,0.3125413935642999,0.0,37237000.0,0.0,0.0,40020000.0,160427000.0,0.0,2783000.0,17504000.0,0.099938337862836,14721000.0,0.08404891862881678,-50000.0,13461000.0,0.07685500262635028,5646000.0,7815000.0,0.04461940758672665,0.54,0.51,14482000.0,15179000.0,https://www.sec.gov/Archives/edgar/data/1362004/000119312508110330/0001193125-08-110330-index.html,https://www.sec.gov/Archives/edgar/data/1362004/000119312508110330/d10q.htm,1620593403,16:50:03,20210509
52,2007-12-31,ICFI,USD,2008-03-17,2008-03-17 16:58:34,Q4,186423000,133893000.0,52530000.0,0.2817785359102686,0.0,33021000.0,0.0,0.0,35117000.0,169010000.0,0.0,2096000.0,19509000.0,0.10464910445599523,17413000.0,0.09340585657349147,29000.0,16890000.0,0.09060040874784764,7270000.0,9620000.0,0.05160307472790374,0.6642728904847397,0.6642728904847397,14482000.0,14482000.0,https://www.sec.gov/Archives/edgar/data/1362004/000119312508058961/d10k.htm,https://www.sec.gov/Archives/edgar/data/1362004/000119312508058961/d10k.htm,1620593403,16:50:03,20210509
53,2007-09-30,ICFI,USD,2007-11-14 00:00:00,2007-11-14 16:25:50,Q3,198813000,147468000.0,51345000.0,0.2582577598044393,0.0,29639000.0,0.0,0.0,31518000.0,178986000.0,0.0,1879000.0,21706000.0,0.10917797125942469,19827000.0,0.0997268790270254,54000.0,19227000.0,0.09670896772343861,8133000.0,11094000.0,0.055801180003319704,0.78,0.74,14299000.0,14999000.0,https://www.sec.gov/Archives/edgar/data/1362004/000119312507247397/0001193125-07-247397-index.html,https://www.sec.gov/Archives/edgar/data/1362004/000119312507247397/d10q.htm,1620593403,16:50:03,20210509
54,2007-06-30,ICFI,USD,2007-08-14 00:00:00,2007-08-14 16:58:42,Q2,190171000,142640000.0,47531000.0,0.24993821350258452,0.0,27734000.0,0.0,0.0,28908000.0,171548000.0,0.0,1174000.0,19797000.0,0.10410104590079455,18623000.0,0.09792765458455811,158000.0,18367000.0,0.09658149770469734,7207000.0,11160000.0,0.05868402648142987,0.79,0.75,14123000.0,14848000.0,https://www.sec.gov/Archives/edgar/data/1362004/000119312507182879/0001193125-07-182879-index.html,https://www.sec.gov/Archives/edgar/data/1362004/000119312507182879/d10q.htm,1620593403,16:50:03,20210509
55,2007-03-31,ICFI,USD,2007-05-15 00:00:00,2007-05-15 14:16:46,Q1,151713000,108152000.0,43561000.0,0.2871276686902243,0.0,27734000.0,0.0,0.0,28901000.0,137053000.0,0.0,1167000.0,15827000.0,0.10432197636326485,14660000.0,0.09662982078002544,278000.0,14614000.0,0.09632661670390803,5932000.0,8682000.0,0.05722647367068082,0.63,0.6,13753000.0,14415000.0,https://www.sec.gov/Archives/edgar/data/1362004/000119312507115337/0001193125-07-115337-index.html,https://www.sec.gov/Archives/edgar/data/1362004/000119312507115337/d10q.htm,1620593403,16:50:03,20210509
56,2006-12-31,ICFI,USD,2007-03-30,2007-03-30 17:23:29,Q4,113885000,78072000.0,35813000.0,0.31446634763138254,0.0,19896000.0,0.0,0.0,20817000.0,98889000.0,0.0,921000.0,15917000.0,0.1397637968125741,14996000.0,0.1316766913992185,356000.0,15189000.0,0.13337138341309215,5983000.0,9206000.0,0.08083593098300917,0.669381225914346,0.669381225914346,13753000.0,13753000.0,https://www.sec.gov/Archives/edgar/data/1362004/000119312507070784/d10k.htm,https://www.sec.gov/Archives/edgar/data/1362004/000119312507070784/d10k.htm,1620593403,16:50:03,20210509
57,2006-09-30,ICFI,USD,2006-09-30,2006-09-30,Q3,107801000,73213000.0,34588000.0,0.3208504559326908,0.0,0.0,0.0,0.0,28248000.0,101461000.0,0.0,949000.0,7289000.0,0.06761532824370832,6340000.0,0.05881207038895743,290000.0,5449000.0,0.050546840938395746,2476000.0,2973000.0,0.027578593890594708,0.32,0.28,9334000.0,10475000.0,,,1620593403,16:50:03,20210509
58,2006-06-30,ICFI,USD,2006-06-30,2006-06-30,Q2,56145000,34836000.0,21309000.0,0.3795351322468608,0.0,0.0,0.0,0.0,22872000.0,57708000.0,0.0,894000.0,-669000.0,-0.011915575741383917,-1563000.0,-0.027838632113278118,0.0,-2702000.0,-0.04812538961617241,-1296000.0,-1406000.0,-0.025042301184433163,-0.15,-0.15,9248000.0,9248000.0,,,1620593403,16:50:03,20210509
59,2006-03-31,ICFI,USD,2006-03-31,2006-03-31,Q1,53448000,31626000.0,21822000.0,0.4082846879209699,0.0,0.0,0.0,0.0,18655000.0,50281000.0,0.0,772000.0,3939000.0,0.07369779973057926,3167000.0,0.0592538542134411,0.0,2141000.0,0.04005762610387666,1047000.0,1094000.0,0.020468492740607695,0.12,0.11,9225000.0,9772000.0,,,1620593403,16:50:03,20210509
60,2005-12-31,ICFI,USD,2005-12-31,2005-12-31,Q4,46966000,0.0,0.0,0.0,0.0,0.0,0.0,0.0,0.0,0.0,0.0,0.0,-124692000.0,-2.6549418728441854,-124692000.0,-2.6549418728441854,0.0,0.0,0.0,0.0,108000.0,0.00229953583443342,0.0,0.0,0.0,0.0,,,1620593403,16:50:03,20210509
61,2005-09-30,ICFI,USD,2005-09-30,2005-09-30,Q3,46967000,0.0,0.0,0.0,0.0,0.0,0.0,0.0,0.0,0.0,0.0,0.0,46967000.0,1.0,46967000.0,1.0,0.0,0.0,0.0,0.0,109000.0,0.002320778418889859,0.012033,0.01103,9058333.0,9881818.0,,,1620593403,16:50:03,20210509
62,2005-06-30,ICFI,USD,2005-06-30,2005-06-30,Q2,41643000,0.0,0.0,0.0,0.0,0.0,0.0,0.0,0.0,0.0,0.0,0.0,41643000.0,1.0,41643000.0,1.0,0.0,0.0,0.0,0.0,903000.0,0.02168431669188099,0.099687,0.09138,9058333.0,9881818.0,,,1620593403,16:50:03,20210509
63,2005-03-31,ICFI,USD,2005-03-31,2005-03-31,Q1,41212000,0.0,0.0,0.0,0.0,0.0,0.0,0.0,0.0,0.0,0.0,0.0,41212000.0,1.0,41212000.0,1.0,0.0,0.0,0.0,0.0,1087000.0,0.026375812870037853,0.12,0.11,9058333.0,9881818.0,,,1620593403,16:50:03,20210509
64,2004-12-31,ICFI,USD,2004-12-31,2004-12-31,Q4,34872000,0.0,0.0,0.0,0.0,0.0,0.0,0.0,0.0,0.0,0.0,0.0,-98018000.0,-2.8107937600367054,-98018000.0,-2.8107937600367054,0.0,0.0,0.0,0.0,754000.0,0.02162193163569626,0.0,0.0,0.0,0.0,,,1620593403,16:50:03,20210509
65,2004-09-30,ICFI,USD,2004-09-30,2004-09-30,Q3,34872000,0.0,0.0,0.0,0.0,0.0,0.0,0.0,0.0,0.0,0.0,0.0,34872000.0,1.0,34872000.0,1.0,0.0,0.0,0.0,0.0,754000.0,0.02162193163569626,0.081531,0.081531,9248000.0,9248000.0,,,1620593403,16:50:03,20210509
66,2004-06-30,ICFI,USD,2004-06-30,2004-06-30,Q2,34872000,0.0,0.0,0.0,0.0,0.0,0.0,0.0,0.0,0.0,0.0,0.0,34872000.0,1.0,34872000.0,1.0,0.0,0.0,0.0,0.0,754000.0,0.02162193163569626,0.081531,0.081531,9248000.0,9248000.0,,,1620593403,16:50:03,20210509
67,2004-03-31,ICFI,USD,2004-03-31,2004-03-31,Q1,34872000,0.0,0.0,0.0,0.0,0.0,0.0,0.0,0.0,0.0,0.0,0.0,34872000.0,1.0,34872000.0,1.0,0.0,0.0,0.0,0.0,754000.0,0.02162193163569626,0.081531,0.081531,9248000.0,9248000.0,,,1620593403,16:50:03,20210509
