,date,symbol,reportedCurrency,fillingDate,acceptedDate,period,revenue,costOfRevenue,grossProfit,grossProfitRatio,researchAndDevelopmentExpenses,generalAndAdministrativeExpenses,sellingAndMarketingExpenses,otherExpenses,operatingExpenses,costAndExpenses,interestExpense,depreciationAndAmortization,ebitda,ebitdaratio,operatingIncome,operatingIncomeRatio,totalOtherIncomeExpensesNet,incomeBeforeTax,incomeBeforeTaxRatio,incomeTaxExpense,netIncome,netIncomeRatio,eps,epsdiluted,weightedAverageShsOut,weightedAverageShsOutDil,link,finalLink,timestamp,est_time,est_date
0,2021-03-31,VRTS,USD,2021-05-06,2021-05-06 16:54:29,Q1,216177000,91759000.0,124418000.0,0.5755376381391175,0.0,0.0,32294000.0,1771000.0,62276000.0,154035000,16762000.0,1098000.0,63240000.0,0.29253805909046754,62142000.0,0.31162889669113736,-2025000.0,67367000.0,0.31162889669113736,15153000.0,36588000.0,0.16925019775461775,4.79,4.54,7633000.0,8052000.0,https://www.sec.gov/Archives/edgar/data/883237/000088323721000136/0000883237-21-000136-index.htm,https://www.sec.gov/Archives/edgar/data/883237/000088323721000136/vrts-20210331.htm,1620599636,18:33:56,20210509
1,2020-12-31,VRTS,USD,2021-02-26,2021-02-26 08:51:57,Q4,172071000,193772000.0,-21701000.0,-0.1261165449145992,0.0,-126293000.0,-56324000.0,459926.0,316067.0,122295000,-67566000.0,6700.0,49782700.0,0.2893148758361374,49776000.0,0.28927593842076815,11684000.0,75902000.0,0.44110861214266206,14088000.0,83321000.0,0.48422453522092623,10.843440916189484,10.419032137051394,7684000.0,7997000.0,https://www.sec.gov/Archives/edgar/data/883237/000088323721000075/0000883237-21-000075-index.htm,https://www.sec.gov/Archives/edgar/data/883237/000088323721000075/vrts-20201231.htm,1620599636,18:33:56,20210509
2,2020-09-30,VRTS,USD,2020-11-05,2020-11-05 16:45:44,Q3,154696000,67479000.0,87217000.0,0.5637960903966489,0.0,0.0,19570000.0,999000.0,45473000.0,112952000,20499000.0,1106000.0,42850000.0,0.27699488028132596,41744000.0,0.26984537415317783,5442000.0,52912000.0,0.3420385788902105,11978000.0,29648000.0,0.1916533071314061,3.86,3.71,7684000.0,7997000.0,https://www.sec.gov/Archives/edgar/data/883237/000088323720000138/0000883237-20-000138-index.htm,https://www.sec.gov/Archives/edgar/data/883237/000088323720000138/vrts-20200930.htm,1620599636,18:33:56,20210509
3,2020-06-30,VRTS,USD,2020-08-06 00:00:00,2020-08-06 09:28:01,Q2,132728000,60163000.0,72565000.0,0.546719607015852,0.0,60163000.0,17345000.0,-805000.0,45523000.0,105686000,31276000.0,1196000.0,28238000.0,0.21275088903622447,27042000.0,0.2037399795069616,-855000.0,23787000.0,0.17921614128141763,7578000.0,11279000.0,0.08497830148875897,1.46,1.43,7720000.0,7895000.0,https://www.sec.gov/Archives/edgar/data/883237/000088323720000118/0000883237-20-000118-index.htm,https://www.sec.gov/Archives/edgar/data/883237/000088323720000118/vrts0630202010-q.htm,1620599636,18:33:56,20210509
4,2020-03-31,VRTS,USD,2020-05-06,2020-05-06 08:42:04,Q1,144401000,66130000.0,78271000.0,0.5420391825541374,0.0,66130000.0,19409000.0,612000.0,53669000.0,119799000,27685000.0,1258000.0,25860000.0,0.17908463237789213,24602000.0,0.1703727813519297,-15601000.0,11297000.0,0.07823353023871026,10291000.0,-4285000.0,-0.02967430973469713,-0.58,-0.58,7422000.0,7422000.0,https://www.sec.gov/Archives/edgar/data/883237/000088323720000090/0000883237-20-000090-index.htm,https://www.sec.gov/Archives/edgar/data/883237/000088323720000090/vrts0331202010-q.htm,1620599636,18:33:56,20210509
5,2019-12-31,VRTS,USD,2020-02-27 00:00:00,2020-02-27 16:55:56,Q4,145858000,60265000.0,85593000.0,0.5868241714544283,0.0,60265000.0,20086000.0,519000.0,47514000.0,107779000,24243000.0,1263000.0,39342000.0,0.2697280917056315,38079000.0,0.26106898490312497,-1851000.0,41108000.0,0.28183575806606426,11326000.0,22892000.0,0.15694716779333323,3.02,2.83,6881000.0,8084000.0,https://www.sec.gov/Archives/edgar/data/883237/000088323720000059/0000883237-20-000059-index.html,https://www.sec.gov/Archives/edgar/data/883237/000088323720000059/vrts1231201910-k.htm,1620599636,18:33:56,20210509
6,2019-09-30,VRTS,USD,2019-11-06 00:00:00,2019-11-06 16:29:47,Q3,145745000,61282000.0,84463000.0,0.5795258842498885,0.0,61282000.0,20927000.0,746000.0,48153000.0,109435000,26141000.0,1245000.0,37555000.0,0.25767607808158083,36310000.0,0.24913376102096127,-5119000.0,36203000.0,0.24839960204466704,10844000.0,24085000.0,0.16525438265463652,3.17,2.95,6947000.0,8157000.0,https://www.sec.gov/Archives/edgar/data/883237/000088323719000116/0000883237-19-000116-index.html,https://www.sec.gov/Archives/edgar/data/883237/000088323719000116/vrts0930201910-q.htm,1620599636,18:33:56,20210509
7,2019-06-30,VRTS,USD,2019-08-06,2019-08-06 08:14:24,Q2,140262000,58123000.0,82139000.0,0.5856112133008228,0.0,58123000.0,21322000.0,696000.0,51691000.0,109814000,36228000.0,1271000.0,31719000.0,0.22614107883817428,30448000.0,0.2170794655715732,12135000.0,36687000.0,0.2615605081918125,8788000.0,26926000.0,0.19196931456845048,3.55,3.26,6999000.0,8252000.0,https://www.sec.gov/Archives/edgar/data/883237/000088323719000082/vrts0630201910-q.htm,https://www.sec.gov/Archives/edgar/data/883237/000088323719000082/vrts0630201910-q.htm,1620599636,18:33:56,20210509
8,2019-03-31,VRTS,USD,2019-05-06 00:00:00,2019-05-06 17:29:53,Q1,130394000,60851000.0,69543000.0,0.5333297544365538,0.0,60851000.0,19764000.0,450000.0,47368000.0,108219000,24866000.0,1213000.0,23388000.0,0.17936408116937896,22175000.0,0.17006150589751062,786000.0,26687000.0,0.20466432504563092,4219000.0,21746000.0,0.1667714772152093,2.8,2.61,7015000.0,8322000.0,https://www.sec.gov/Archives/edgar/data/883237/000088323719000053/0000883237-19-000053-index.html,https://www.sec.gov/Archives/edgar/data/883237/000088323719000053/vrts0331201910-q.htm,1620599636,18:33:56,20210509
9,2018-12-31,VRTS,USD,2019-02-27 00:00:00,2019-02-27 16:13:37,Q4,137835000,59668000.0,78167000.0,0.5671055972721007,0.0,59668000.0,21043000.0,966000.0,48852000.0,108520000,23965000.0,1293000.0,30608000.0,0.22206261109297348,29315000.0,0.2126818297239453,-22359000.0,11413000.0,0.08280190082344832,10320000.0,2161000.0,0.015678165923023905,0.30389537336520883,0.2927390950961799,7111000.0,7382000.0,https://www.sec.gov/Archives/edgar/data/883237/000088323719000026/0000883237-19-000026-index.html,https://www.sec.gov/Archives/edgar/data/883237/000088323719000026/vrts1231201810-k.htm,1620599636,18:33:56,20210509
10,2018-09-30,VRTS,USD,2018-11-08 00:00:00,2018-11-08 16:17:13,Q3,152010000,63269000.0,88741000.0,0.5837839615814749,0.0,63269000.0,25386000.0,549000.0,54795000.0,118064000,22114000.0,1189000.0,35135000.0,0.23113610946648247,33946000.0,0.22331425564107624,-4560000.0,34584000.0,0.2275113479376357,6653000.0,26998000.0,0.17760673639892113,3.47,3.19,7175000.0,8456000.0,https://www.sec.gov/Archives/edgar/data/883237/000088323718000099/0000883237-18-000099-index.html,https://www.sec.gov/Archives/edgar/data/883237/000088323718000099/vrts0930201810-q.htm,1620599636,18:33:56,20210509
11,2018-06-30,VRTS,USD,2018-08-08 00:00:00,2018-08-08 16:50:59,Q2,132684000,54868000.0,77816000.0,0.5864761387959362,0.0,54868000.0,23721000.0,455000.0,50508000.0,105376000,19747000.0,1100000.0,28408000.0,0.2141026800518525,27308000.0,0.2058123059298785,-364000.0,32694000.0,0.2464049923125622,9465000.0,23070000.0,0.1738717554490368,2.91,2.75,7211000.0,8401000.0,https://www.sec.gov/Archives/edgar/data/883237/000088323718000085/0000883237-18-000085-index.html,https://www.sec.gov/Archives/edgar/data/883237/000088323718000085/vrts0630201810-q.htm,1620599636,18:33:56,20210509
12,2018-03-31,VRTS,USD,2018-05-08 00:00:00,2018-05-08 16:13:15,Q1,128821000,60696000.0,68125000.0,0.5288345844233471,0.0,60696000.0,22291000.0,1319000.0,45508000.0,106204000,18407000.0,1015000.0,23632000.0,0.18344835081236754,22617000.0,0.1755692006738032,4016000.0,30350000.0,0.23559823320731868,6523000.0,23300000.0,0.18087113125965487,2.95,2.77,7198000.0,8411000.0,https://www.sec.gov/Archives/edgar/data/883237/000088323718000054/0000883237-18-000054-index.html,https://www.sec.gov/Archives/edgar/data/883237/000088323718000054/vrts0331201810-q.htm,1620599636,18:33:56,20210509
13,2017-12-31,VRTS,USD,2018-02-27 00:00:00,2018-02-26 21:00:52,Q4,127905000,54602000.0,73303000.0,0.5731050388960557,0.0,54602000.0,20348000.0,506000.0,45186000.0,99788000,17051000.0,1019000.0,29136000.0,0.22779406590829132,28117000.0,0.21982721551151246,-2506000.0,30194000.0,0.2360658301082835,24551000.0,5498000.0,0.042985027950431964,0.48,0.46,7176000.0,7433000.0,https://www.sec.gov/Archives/edgar/data/883237/000088323718000026/0000883237-18-000026-index.html,https://www.sec.gov/Archives/edgar/data/883237/000088323718000026/vrts1231201710-k.htm,1620599636,18:33:56,20210509
14,2017-09-30,VRTS,USD,2017-11-06 00:00:00,2017-11-06 09:05:34,Q3,123476000,54159000.0,69317000.0,0.5613803492176618,0.0,54159000.0,20552000.0,436000.0,50944000.0,105103000,20365000.0,1038000.0,19411000.0,0.1572046389581781,18373000.0,0.1487981470083255,13684000.0,30149000.0,0.24416890731802132,9626000.0,18792000.0,0.15219151899964364,2.32,2.21,7212000.0,8492000.0,https://www.sec.gov/Archives/edgar/data/883237/000088323717000093/0000883237-17-000093-index.html,https://www.sec.gov/Archives/edgar/data/883237/000088323717000093/vrts0930201710-q.htm,1620599636,18:33:56,20210509
15,2017-06-30,VRTS,USD,2017-08-08 00:00:00,2017-08-08 17:23:49,Q2,93977000,42992000.0,50985000.0,0.5425263628334592,0.0,42992000.0,15764000.0,47000.0,38907000.0,81899000,6734000.0,776000.0,12854000.0,0.1367781478446854,12078000.0,0.12852080828287774,-8984000.0,1908000.0,0.020302840056609595,1880000.0,-305000.0,-0.003245474956638326,-0.34,-0.34,7064000.0,7064000.0,https://www.sec.gov/Archives/edgar/data/883237/000088323717000083/0000883237-17-000083-index.html,https://www.sec.gov/Archives/edgar/data/883237/000088323717000083/vrts0630201710-q.htm,1620599636,18:33:56,20210509
16,2017-03-31,VRTS,USD,2017-05-08 00:00:00,2017-05-08 17:02:48,Q1,79035000,39641000.0,39394000.0,0.4984374011513886,0.0,39641000.0,15323000.0,646000.0,29347000.0,68988000,3100000.0,664000.0,10711000.0,0.13552223698361485,10047000.0,0.12712089580565572,5387000.0,18178000.0,0.2299993673688872,4433000.0,13027000.0,0.16482571012842412,1.67,1.62,6542000.0,6773000.0,https://www.sec.gov/Archives/edgar/data/883237/000088323717000051/0000883237-17-000051-index.html,https://www.sec.gov/Archives/edgar/data/883237/000088323717000051/vrts0331201710-q.htm,1620599636,18:33:56,20210509
17,2016-12-31,VRTS,USD,2017-02-27 00:00:00,2017-02-27 17:05:32,Q4,79661000,33457000.0,46204000.0,0.5800077829803794,0.0,33457000.0,16136000.0,626000.0,33421000.0,66878000,1394000.0,700000.0,13483000.0,0.1692547168627057,12783000.0,0.16046748095052787,-5116000.0,12449000.0,0.156274714101003,532000.0,12426000.0,0.15598599063531715,1.94,1.87,6413000.0,6627000.0,https://www.sec.gov/Archives/edgar/data/883237/000088323717000020/0000883237-17-000020-index.html,https://www.sec.gov/Archives/edgar/data/883237/000088323717000020/vrts1231201610-k.htm,1620599636,18:33:56,20210509
18,2016-09-30,VRTS,USD,2016-11-07 00:00:00,2016-11-07 08:31:10,Q3,82102000,33142000.0,48960000.0,0.5963313926579134,0.0,33142000.0,17380000.0,250000.0,30543000.0,63685000,3916000.0,754000.0,19171000.0,0.2335022289347397,18417000.0,0.22431853060826776,3012000.0,23145000.0,0.2819054347031741,6869000.0,15625000.0,0.19031205086355996,2.04,1.99,7676000.0,7854000.0,https://www.sec.gov/Archives/edgar/data/883237/000088323716000027/0000883237-16-000027-index.html,https://www.sec.gov/Archives/edgar/data/883237/000088323716000027/vrts0930201610-q.htm,1620599636,18:33:56,20210509
19,2016-06-30,VRTS,USD,2016-08-09 00:00:00,2016-08-08 18:29:16,Q2,79858000,33065000.0,46793000.0,0.5859525658043027,0.0,33065000.0,17432000.0,-15000.0,35659000.0,68724000,5797000.0,776000.0,11910000.0,0.1491397230083398,11134000.0,0.13942247489293497,4553000.0,14787000.0,0.1851661699516642,6087000.0,8088000.0,0.10127977159458038,0.99,0.97,8170000.0,8314000.0,https://www.sec.gov/Archives/edgar/data/883237/000088323716000006/0000883237-16-000006-index.html,https://www.sec.gov/Archives/edgar/data/883237/000088323716000006/vrts0630201610-q.htm,1620599636,18:33:56,20210509
20,2016-03-31,VRTS,USD,2016-05-03 00:00:00,2016-05-03 16:14:29,Q1,80120000,35977000.0,44143000.0,0.5509610584123814,0.0,35977000.0,18101000.0,228000.0,31393000.0,67370000,132000.0,862000.0,13612000.0,0.16989515726410384,12750000.0,0.159136295556665,2100000.0,19426000.0,0.24246130803794308,7556000.0,12363000.0,0.1543060409385921,1.48,1.45,8344000.0,8506000.0,https://www.sec.gov/Archives/edgar/data/883237/000162828016015375/0001628280-16-015375-index.html,https://www.sec.gov/Archives/edgar/data/883237/000162828016015375/vrts0331201610-q.htm,1620599636,18:33:56,20210509
21,2015-12-31,VRTS,USD,2016-02-24 00:00:00,2016-02-24 17:08:53,Q4,85871000,34376000.0,51495000.0,0.5996785876489152,0.0,34376000.0,19831000.0,75000.0,34989000.0,69365000,141000.0,881000.0,17387000.0,0.2024781358083637,16506000.0,0.19221856039873764,-7287000.0,14249000.0,0.16593494893503044,8612000.0,6636000.0,0.07727870876081565,0.78,0.76,8562000.0,8726000.0,https://www.sec.gov/Archives/edgar/data/883237/000162828016011648/0001628280-16-011648-index.html,https://www.sec.gov/Archives/edgar/data/883237/000162828016011648/vrts1231201510-k.htm,1620599636,18:33:56,20210509
22,2015-09-30,VRTS,USD,2015-10-30 00:00:00,2015-10-30 08:04:53,Q3,92092000,33504000.0,58588000.0,0.6361898970594623,0.0,33504000.0,21717000.0,141000.0,35466000.0,68970000,138000.0,910000.0,24032000.0,0.26095643486947834,23122000.0,0.25107501194457715,-20281000.0,5966000.0,0.06478304304391261,9669000.0,-649000.0,-0.007047300525561395,-0.07,-0.07,8775000.0,8775000.0,https://www.sec.gov/Archives/edgar/data/883237/000162828015008061/0001628280-15-008061-index.html,https://www.sec.gov/Archives/edgar/data/883237/000162828015008061/vrts0930201510-q.htm,1620599636,18:33:56,20210509
23,2015-06-30,VRTS,USD,2015-07-31 00:00:00,2015-07-31 16:56:17,Q2,99079000,33593000.0,65486000.0,0.6609473248619788,0.0,33593000.0,23676000.0,247000.0,49278000.0,82871000,121000.0,873000.0,17081000.0,0.17239778358683475,16208000.0,0.16358663288890682,-2652000.0,16835000.0,0.1699149163798585,7823000.0,9777000.0,0.09867883204311712,1.1,1.08,8889000.0,9037000.0,https://www.sec.gov/Archives/edgar/data/883237/000119312515273068/0001193125-15-273068-index.html,https://www.sec.gov/Archives/edgar/data/883237/000119312515273068/d67159d10q.htm,1620599636,18:33:56,20210509
24,2015-03-31,VRTS,USD,2015-05-11 00:00:00,2015-05-11 08:04:53,Q1,103136000,35622000.0,67514000.0,0.6546113869066087,0.0,35622000.0,24507000.0,435000.0,42972000.0,78594000,123000.0,779000.0,25321000.0,0.2455107818802358,24542000.0,0.2379576481538939,3570000.0,30593000.0,0.29662775364567173,10868000.0,19342000.0,0.18753878374185542,2.16,2.11,8964000.0,9151000.0,https://www.sec.gov/Archives/edgar/data/883237/000119312515180728/0001193125-15-180728-index.html,https://www.sec.gov/Archives/edgar/data/883237/000119312515180728/d900989d10q.htm,1620599636,18:33:56,20210509
25,2014-12-31,VRTS,USD,2015-03-02,2015-03-02 09:28:37,Q4,111472000,34053000.0,77419000.0,0.6945152145830343,0.0,34053000.0,27526000.0,318000.0,40754000.0,74807000,125000.0,723000.0,37388000.0,0.33540261231520024,36665000.0,0.32891667862781687,-6278000.0,33449000.0,0.30006638438352234,15038000.0,18879000.0,0.1693609157456581,2.09,2.05,9021000.0,9203000.0,https://www.sec.gov/Archives/edgar/data/883237/000119312515072018/d842922d10k.htm,https://www.sec.gov/Archives/edgar/data/883237/000119312515072018/d842922d10k.htm,1620599636,18:33:56,20210509
26,2014-09-30,VRTS,USD,2014-11-07 00:00:00,2014-11-06 17:57:53,Q3,117435000,35246000.0,82189000.0,0.6998680120917955,0.0,35246000.0,29180000.0,233000.0,42968000.0,78214000,149000.0,713000.0,39934000.0,0.3400519436283902,39221000.0,0.3339804998509814,-6430000.0,35190000.0,0.2996551283688849,-1805000.0,37340000.0,0.3179631285391919,4.1,4.02,9096000.0,9279000.0,https://www.sec.gov/Archives/edgar/data/883237/000119312514401383/0001193125-14-401383-index.html,https://www.sec.gov/Archives/edgar/data/883237/000119312514401383/d799045d10q.htm,1620599636,18:33:56,20210509
27,2014-06-30,VRTS,USD,2014-07-29 00:00:00,2014-07-29 17:08:22,Q2,112419000,35481000.0,76938000.0,0.6843860913190831,0.0,35481000.0,39222000.0,189000.0,54436000.0,89917000,125000.0,670000.0,23172000.0,0.20612174098684385,22502000.0,0.2001618943417038,7538000.0,31898000.0,0.28374207206966795,12106000.0,19543000.0,0.17384072087458527,2.14,2.1,9133000.0,9325000.0,https://www.sec.gov/Archives/edgar/data/883237/000119312514284841/0001193125-14-284841-index.html,https://www.sec.gov/Archives/edgar/data/883237/000119312514284841/d747248d10q.htm,1620599636,18:33:56,20210509
28,2014-03-31,VRTS,USD,2014-05-07 00:00:00,2014-05-07 16:47:47,Q1,107303000,35029000.0,72274000.0,0.673550599703643,0.0,35029000.0,27737000.0,151000.0,39648000.0,74677000,138000.0,657000.0,33283000.0,0.3101777210329627,32626000.0,0.3040548726503453,2033000.0,35777000.0,0.3334203144366886,14010000.0,21938000.0,0.20444908343662338,2.41,2.34,9116000.0,9361000.0,https://www.sec.gov/Archives/edgar/data/883237/000119312514187630/0001193125-14-187630-index.html,https://www.sec.gov/Archives/edgar/data/883237/000119312514187630/d713188d10q.htm,1620599636,18:33:56,20210509
29,2013-12-31,VRTS,USD,2014-02-24,2014-02-24 16:54:53,Q4,106081000,33457000.0,72624000.0,0.6846089309112847,0.0,33457000.0,26653000.0,-8000.0,38732000.0,72189000,148000.0,640000.0,34532000.0,0.3255248347960521,33892000.0,0.31949170916563757,6430000.0,41303000.0,0.3893534186140779,14443000.0,24756000.0,0.23336884079147066,2.72,2.65,9103000.0,9347000.0,https://www.sec.gov/Archives/edgar/data/883237/000119312514065148/d640483d10k.htm,https://www.sec.gov/Archives/edgar/data/883237/000119312514065148/d640483d10k.htm,1620599636,18:33:56,20210509
30,2013-09-30,VRTS,USD,2013-11-04 00:00:00,2013-11-04 15:57:13,Q3,99933000,33022000.0,66911000.0,0.6695586042648575,0.0,33022000.0,25253000.0,111000.0,35281000.0,68303000,207000.0,610000.0,32240000.0,0.322616152822391,31630000.0,0.3165120630822651,1720000.0,33869000.0,0.33891707443987473,12567000.0,21089000.0,0.21103139103199142,2.64,2.56,7995000.0,8227000.0,https://www.sec.gov/Archives/edgar/data/883237/000119312513425162/0001193125-13-425162-index.html,https://www.sec.gov/Archives/edgar/data/883237/000119312513425162/d597007d10q.htm,1620599636,18:33:56,20210509
31,2013-06-30,VRTS,USD,2013-08-02 00:00:00,2013-08-02 17:04:55,Q2,95860000,32878000.0,62982000.0,0.657020655122053,0.0,32878000.0,24252000.0,-11000.0,36100000.0,68978000,206000.0,597000.0,27479000.0,0.2866576257041519,26882000.0,0.2804297934487795,-3390000.0,24101000.0,0.25141873565616524,9318000.0,15385000.0,0.1604944711036929,1.97,1.91,7821000.0,8058000.0,https://www.sec.gov/Archives/edgar/data/883237/000119312513317403/0001193125-13-317403-index.html,https://www.sec.gov/Archives/edgar/data/883237/000119312513317403/d557672d10q.htm,1620599636,18:33:56,20210509
32,2013-03-31,VRTS,USD,2013-05-07 00:00:00,2013-05-07 16:43:46,Q1,85833000,32411000.0,53422000.0,0.622394650076311,0.0,32411000.0,21628000.0,-18000.0,32119000.0,64530000,221000.0,575000.0,21878000.0,0.25489031025363207,21303000.0,0.24819125511167034,976000.0,22635000.0,0.2637097619796582,8450000.0,13960000.0,0.1626414083161488,1.79,1.73,7820000.0,8088000.0,https://www.sec.gov/Archives/edgar/data/883237/000119312513204606/0001193125-13-204606-index.html,https://www.sec.gov/Archives/edgar/data/883237/000119312513204606/d508819d10q.htm,1620599636,18:33:56,20210509
33,2012-12-31,VRTS,USD,2013-03-01 00:00:00,2013-03-01 17:05:56,Q4,77353000,-24636000.0,101989000.0,1.318487970731581,0.0,27847000.0,19727000.0,-22000.0,81423000.0,56787000,183000.0,616000.0,21182000.0,0.2738355332049177,20566000.0,0.2658720411619459,1667000.0,22864000.0,0.29558000336121415,10550000.0,12213000.0,0.15788657194937494,1.56,1.5,7832000.0,8126000.0,https://www.sec.gov/Archives/edgar/data/883237/000119312513087932/0001193125-13-087932-index.html,https://www.sec.gov/Archives/edgar/data/883237/000119312513087932/d442269d10k.htm,1620599636,18:33:56,20210509
34,2012-09-30,VRTS,USD,2012-11-07 00:00:00,2012-11-07 17:28:11,Q3,71951000,43663000.0,28288000.0,0.39315645369765534,0.0,43663000.0,0.0,0.0,9812000.0,53475000,196000.0,435000.0,18911000.0,0.26283164931689623,18476000.0,0.25678586816027577,445000.0,18921000.0,0.2629706327917611,7279000.0,11642000.0,0.16180456143764507,1.48,1.43,7843000.0,8117000.0,https://www.sec.gov/Archives/edgar/data/883237/000119312512457831/0001193125-12-457831-index.html,https://www.sec.gov/Archives/edgar/data/883237/000119312512457831/d406632d10q.htm,1620599636,18:33:56,20210509
35,2012-06-30,VRTS,USD,2012-08-07 00:00:00,2012-08-07 11:45:04,Q2,66818000,41303000.0,25515000.0,0.38185818192702564,0.0,41303000.0,0.0,0.0,10468000.0,51771000,274000.0,436000.0,15483000.0,0.23171899787482414,15047000.0,0.2251938100511838,-1008000.0,13936000.0,0.2085665539225957,5569000.0,8367000.0,0.12522074889999701,1.08,1.04,7763000.0,8081000.0,https://www.sec.gov/Archives/edgar/data/883237/000119312512339951/0001193125-12-339951-index.html,https://www.sec.gov/Archives/edgar/data/883237/000119312512339951/d351689d10q.htm,1620599636,18:33:56,20210509
36,2012-03-31,VRTS,USD,2012-05-08 00:00:00,2012-05-08 15:59:31,Q1,62398000,45241000.0,17157000.0,0.2749607359210231,0.0,45241000.0,0.0,0.0,9204000.0,54445000,201000.0,323000.0,8276000.0,0.13263245616846694,7953000.0,0.12745600820539119,1224000.0,9082000.0,0.1455495368441296,3632000.0,5450000.0,0.08734254303022533,0.72,0.68,7468000.0,7966000.0,https://www.sec.gov/Archives/edgar/data/883237/000119312512218352/0001193125-12-218352-index.html,https://www.sec.gov/Archives/edgar/data/883237/000119312512218352/d317293d10q.htm,1620599636,18:33:56,20210509
37,2011-12-31,VRTS,USD,2012-03-01 00:00:00,2012-03-01 16:08:42,Q4,56172000,37880000.0,18292000.0,0.325642668945382,0.0,0.0,0.0,0.0,8838000.0,46718000,190000.0,420000.0,9874000.0,0.17578152816349782,9454000.0,0.16830449334187852,-765000.0,8628000.0,0.15359965819269386,-132037000.0,140665000.0,2.504183579007335,18.835698982324583,18.835698982324583,7468000.0,7468000.0,https://www.sec.gov/Archives/edgar/data/883237/000119312512092136/0001193125-12-092136-index.html,https://www.sec.gov/Archives/edgar/data/883237/000119312512092136/d251821d10k.htm,1620599636,18:33:56,20210509
38,2011-09-30,VRTS,USD,2011-11-04 00:00:00,2011-11-04 15:27:31,Q3,55457000,48776000.0,6681000.0,0.1204717168256487,0.0,48776000.0,0.0,0.0,8867000.0,57643000,189000.0,453000.0,-1733000.0,-0.031249436500351623,-2186000.0,-0.0394179274032133,-1579000.0,-3873000.0,-0.06983789242115512,-1095000.0,-2778000.0,-0.0500928647420524,-0.56,-0.56,6219000.0,6219000.0,https://www.sec.gov/Archives/edgar/data/883237/000119312511297250/0001193125-11-297250-index.html,https://www.sec.gov/Archives/edgar/data/883237/000119312511297250/d234467d10q.htm,1620599636,18:33:56,20210509
39,2011-06-30,VRTS,USD,2011-08-05 00:00:00,2011-08-05 16:06:48,Q2,48902000,35417000.0,13485000.0,0.27575559281828965,0.0,35417000.0,0.0,0.0,9432000.0,44849000,192000.0,485000.0,4538000.0,0.09279784057911741,4053000.0,0.08288004580589751,-313000.0,3613000.0,0.0738824587951413,417000.0,3196000.0,0.06535520019631098,0.33,0.3,6238000.0,6887000.0,https://www.sec.gov/Archives/edgar/data/883237/000119312511212318/0001193125-11-212318-index.html,https://www.sec.gov/Archives/edgar/data/883237/000119312511212318/d10q.htm,1620599636,18:33:56,20210509
40,2011-03-31,VRTS,USD,2011-05-05 00:00:00,2011-05-05 17:01:48,Q1,44121000,30646000.0,13475000.0,0.3054101221640489,0.0,0.0,0.0,0.0,8885000.0,39531000,211000.0,489000.0,5079000.0,0.11511525124090569,4590000.0,0.10403209356088937,199000.0,4624000.0,0.10480270166134041,287000.0,4337000.0,0.09829786269576846,0.48,0.43,6242000.0,6913000.0,https://www.sec.gov/Archives/edgar/data/883237/000119312511128706/0001193125-11-128706-index.html,https://www.sec.gov/Archives/edgar/data/883237/000119312511128706/d10q.htm,1620599636,18:33:56,20210509
41,2010-12-31,VRTS,USD,2011-03-01,2011-02-28 17:35:06,Q4,40739000,98439000.0,-57700000.0,-1.4163332433294877,0.0,0.0,0.0,0.0,-62427000.0,36012000,213000.0,499000.0,5226000.0,0.1282800265102236,4727000.0,0.11603132133827536,9000.0,4883000.0,0.1198605758609686,433000.0,4450000.0,0.1092319399101598,0.7129125280358859,0.7129125280358859,6242000.0,6242000.0,https://www.sec.gov/Archives/edgar/data/883237/000119312511050262/d10k.htm,https://www.sec.gov/Archives/edgar/data/883237/000119312511050262/d10k.htm,1620599636,18:33:56,20210509
42,2010-09-30,VRTS,USD,2010-11-04 00:00:00,2010-11-03 18:28:21,Q3,35582000,24127000.0,11455000.0,0.32193243774942387,0.0,24127000.0,0.0,0.0,8330000.0,32457000,228000.0,513000.0,3638000.0,0.10224270698667866,3125000.0,0.08782530492945871,800000.0,3749000.0,0.10536226181777303,30000.0,3719000.0,0.10451913889045022,0.39,0.37,6103000.0,6538000.0,https://www.sec.gov/Archives/edgar/data/883237/000119312510246444/0001193125-10-246444-index.html,https://www.sec.gov/Archives/edgar/data/883237/000119312510246444/d10q.htm,1620599636,18:33:56,20210509
43,2010-06-30,VRTS,USD,2010-08-06 00:00:00,2010-08-06 17:19:40,Q2,34788000,0.0,34788000.0,1.0,0.0,23244000.0,0.0,0.0,32471000.0,32471000,267000.0,500000.0,2817000.0,0.08097619868920318,2317000.0,0.06660342646889732,-1623000.0,504000.0,0.014487754398068299,91000.0,413000.0,0.011871909853972634,-0.08,-0.08,5854000.0,5854000.0,https://www.sec.gov/Archives/edgar/data/883237/000119312510181613/0001193125-10-181613-index.html,https://www.sec.gov/Archives/edgar/data/883237/000119312510181613/d10q.htm,1620599636,18:33:56,20210509
44,2010-03-31,VRTS,USD,2010-05-04 00:00:00,2010-05-04 17:13:40,Q1,33447000,0.0,33447000.0,1.0,0.0,23703000.0,0.0,0.0,32710000.0,32710000,275000.0,495000.0,1232000.0,0.03683439471402517,737000.0,0.02203486112356863,319000.0,1019000.0,0.030466110562980236,-41000.0,1060000.0,0.03169193051693724,0.18172466998114178,0.17255412664821748,5833000.0,6143000.0,https://www.sec.gov/Archives/edgar/data/883237/000119312510106743/0001193125-10-106743-index.html,https://www.sec.gov/Archives/edgar/data/883237/000119312510106743/d10q.htm,1620599636,18:33:56,20210509
45,2009-12-31,VRTS,USD,2010-03-08 00:00:00,2010-03-05 19:26:20,Q4,33325000,0.0,33325000.0,1.0,0.0,23659000.0,0.0,0.0,32011000.0,32011000,319000.0,491000.0,1805000.0,0.0541635408852213,1314000.0,0.03942985746436609,-242000.0,1092000.0,0.032768192048012006,-338000.0,1430000.0,0.04291072768192048,0.24515686610663467,0.24515686610663467,5833000.0,5833000.0,https://www.sec.gov/Archives/edgar/data/883237/000119312510049192/0001193125-10-049192-index.html,https://www.sec.gov/Archives/edgar/data/883237/000119312510049192/d10k.htm,1620599636,18:33:56,20210509
46,2009-09-30,VRTS,USD,2009-11-04 00:00:00,2009-11-04 16:05:34,Q3,30395000,0.0,30395000.0,1.0,0.0,21593000.0,0.0,0.0,30567000.0,30567000,373000.0,686000.0,514000.0,0.01691067609804244,-172000.0,-0.005658825464714592,778000.0,301000.0,0.009902944563250535,189000.0,112000.0,0.0036848165816746174,-0.14,-0.14,5824000.0,5824000.0,https://www.sec.gov/Archives/edgar/data/883237/000119312509223740/0001193125-09-223740-index.html,https://www.sec.gov/Archives/edgar/data/883237/000119312509223740/d10q.htm,1620599636,18:33:56,20210509
47,2009-06-30,VRTS,USD,2009-08-13 00:00:00,2009-08-13 16:33:49,Q2,27181000,0.0,27181000.0,1.0,0.0,20616000.0,0.0,0.0,29810000.0,29810000,662000.0,375000.0,-2254000.0,-0.08292557301055885,-2629000.0,-0.09672197490894374,1076000.0,-2101000.0,-0.07729664103601781,147000.0,-2248000.0,-0.08270483058018469,-0.54,-0.54,5811000.0,5811000.0,https://www.sec.gov/Archives/edgar/data/883237/000119312509174443/0001193125-09-174443-index.html,https://www.sec.gov/Archives/edgar/data/883237/000119312509174443/d10q.htm,1620599636,18:33:56,20210509
48,2009-03-31,VRTS,USD,2009-04-10 00:00:00,2009-04-10 06:07:35,Q1,26251000,0.0,26251000.0,1.0,0.0,21184000.0,0.0,0.0,30285000.0,30285000,430000.0,368000.0,-3666000.0,-0.13965182278770333,-4034000.0,-0.15367033636813834,-1294000.0,-5655000.0,-0.21542036493847855,123000.0,-5778000.0,-0.22010590072759134,-1.18,-1.18,5790000.0,5790000.0,https://www.sec.gov/Archives/edgar/data/883237/000119312509076817/0001193125-09-076817-index.html,https://www.sec.gov/Archives/edgar/data/883237/000119312509076817/d10k.htm,1620599636,18:33:56,20210509
49,2008-12-31,VRTS,USD,2008-12-31,2008-12-31,Q4,34887000,0.0,34887000.0,1.0,0.0,27390000.0,0.0,0.0,41892000.0,41892000,583000.0,583000.0,-6422000.0,-0.18408002981053115,-7005000.0,-0.20079112563419038,-130632000.0,-141216000.0,-4.047811505718462,37995000.0,-179211000.0,-5.13689913148164,-30.95181347150259,-30.95181347150259,5790000.0,5790000.0,,,1620599636,18:33:56,20210509
50,2008-09-30,VRTS,USD,2008-09-30,2008-09-30,Q3,44806000,0.0,44806000.0,1.0,0.0,30147000.0,0.0,0.0,48237000.0,48237000,629000.0,200000.0,-3231000.0,-0.07211087800740971,-3431000.0,-0.07657456590635182,-425272000.0,-429186000.0,-9.578761772976833,-91917000.0,-337269000.0,-7.527317769941526,-58.43,-58.43,5772000.0,5772000.0,,,1620599636,18:33:56,20210509
51,2008-06-30,VRTS,USD,2008-06-30,2008-06-30,Q2,48048000,0.0,48048000.0,1.0,0.0,32499000.0,0.0,0.0,52122000.0,52122000,666000.0,177000.0,-3897000.0,-0.0811063936063936,-4074000.0,-0.08479020979020979,-725000.0,-5263000.0,-0.10953629703629704,-1829000.0,-3434000.0,-0.07147019647019646,-0.59,-0.59,5772000.0,5772000.0,,,1620599636,18:33:56,20210509
52,2008-03-31,VRTS,USD,2008-03-31,2008-03-31,Q1,50533000,0.0,50533000.0,1.0,0.0,34410000.0,0.0,0.0,53772000.0,53772000,742000.0,172000.0,-3067000.0,-0.060693012486889755,-3239000.0,-0.0640967288702432,-11277000.0,-14931000.0,-0.29547028674331627,-5757000.0,-9174000.0,-0.18154473314467773,-1.59,-1.59,5772000.0,5772000.0,,,1620599636,18:33:56,20210509
53,2000-09-30,VRTS,USD,2000-11-14,2000-11-14,Q3,80675000,0.0,80675000.0,1.0,0.0,35641000.0,0.0,0.0,63570000.0,63570000,4865000.0,959000.0,18064000.0,0.22391075302138208,17105000.0,0.21202355128602418,1839000.0,13417000.0,0.16630926557173845,4894000.0,8523000.0,0.10564611093895258,0.19,0.16,44884000.0,55793000.0,https://www.sec.gov/Archives/edgar/data/883237/000088323700000019/0000883237-00-000019-index.htm,https://www.sec.gov/Archives/edgar/data/883237/000088323700000019/0000883237-00-000019-0001.txt,1620599636,18:33:56,20210509
54,2000-06-30,VRTS,USD,2000-06-30,2000-06-30,Q2,82851000,0.0,82851000.0,1.0,0.0,30894000.0,0.0,0.0,59791000.0,59791000,4730000.0,936000.0,23996000.0,0.2896283689997707,23060000.0,0.27833097971056475,8040000.0,25356000.0,0.3060433790781041,12578000.0,12778000.0,0.1542286755742236,0.29,0.25,44212000.0,54283000.0,,,1620599636,18:33:56,20210509
55,2000-03-31,VRTS,USD,2000-03-31,2000-03-31,Q1,82150000,0.0,82150000.0,1.0,0.0,32761000.0,0.0,0.0,59516000.0,59516000,5036000.0,1075000.0,23709000.0,0.28860620815581256,22634000.0,0.2755203895313451,6279000.0,23164000.0,0.28197200243457093,9961000.0,13203000.0,0.1607181984175289,0.3,0.26,44055000.0,53699000.0,,,1620599636,18:33:56,20210509
56,1999-12-31,VRTS,USD,1999-12-31,1999-12-31,Q4,72840000,0.0,72840000.0,1.0,0.0,28868000.0,0.0,0.0,57251000.0,57251000,5081000.0,1023000.0,16612000.0,0.22806150466776495,15589000.0,0.21401702361339922,988000.0,15622000.0,0.2144700713893465,6105000.0,9517000.0,0.13065623283909938,0.0,0.0,0.0,0.0,,,1620599636,18:33:56,20210509
57,1999-09-30,VRTS,USD,1999-09-30,1999-09-30,Q3,73366000,0.0,73366000.0,1.0,0.0,29395000.0,0.0,0.0,56134000.0,56134000,5090000.0,1031000.0,18263000.0,0.24893002208107298,17232000.0,0.2348771910694327,-5661000.0,6488000.0,0.08843333424201946,2712000.0,3776000.0,0.051467982444183956,0.09,0.08,43929000.0,54031000.0,,,1620599636,18:33:56,20210509
58,1999-06-30,VRTS,USD,1999-06-30,1999-06-30,Q2,72645000,0.0,72645000.0,1.0,0.0,29118000.0,0.0,0.0,55204000.0,55204000,5119000.0,940000.0,18381000.0,0.2530249845137312,17441000.0,0.24008534654828276,954000.0,13160000.0,0.1811549315162778,5780000.0,7380000.0,0.10158992360107372,0.17,0.15,43839000.0,54226000.0,,,1620599636,18:33:56,20210509
59,1999-03-31,VRTS,USD,1999-03-31,1999-03-31,Q1,63319000,0.0,63319000.0,1.0,0.0,26654000.0,0.0,0.0,48950000.0,48950000,3786000.0,904000.0,15273000.0,0.24120722058150001,14369000.0,0.2269303052796159,210000.0,10783000.0,0.1702964355090889,4745000.0,6038000.0,0.09535842322209763,0.14,0.13,43661000.0,53446000.0,,,1620599636,18:33:56,20210509
