,date,symbol,reportedCurrency,fillingDate,acceptedDate,period,revenue,costOfRevenue,grossProfit,grossProfitRatio,researchAndDevelopmentExpenses,generalAndAdministrativeExpenses,sellingAndMarketingExpenses,otherExpenses,operatingExpenses,costAndExpenses,interestExpense,depreciationAndAmortization,ebitda,ebitdaratio,operatingIncome,operatingIncomeRatio,totalOtherIncomeExpensesNet,incomeBeforeTax,incomeBeforeTaxRatio,incomeTaxExpense,netIncome,netIncomeRatio,eps,epsdiluted,weightedAverageShsOut,weightedAverageShsOutDil,link,finalLink,timestamp,est_time,est_date
0,2020-12-31,COCHINSHIP.NS,INR,2020-12-31,2020-12-31,Q4,7486973000,3031143000,4455830000,0.5951443928006686,0.0,0.0,0.0,147229000.0,1466422000,4497565000,116942000,171832000,3161240000,0.42223205559843746,2989408000,0.39928125826018074,0.0,3019695000,0.4033265513312256,782361000,2237334000,0.2988302482191401,17.01,17.01,131530511,131530511,https://www.nseindia.com/companies-listing/corporate-filings-annual-reports,https://www.nseindia.com/companies-listing/corporate-filings-annual-reports,1620590519,16:01:59,20210509
1,2020-09-30,COCHINSHIP.NS,INR,2020-09-30,2020-09-30,Q3,6574033000,4013940000,2560093000,0.3894250302668088,0.0,0.0,0.0,446758000.0,1444905000,5458845000,114901000,137220000,1252408000,0.1905083226689005,1115188000,0.16963529084809886,0.0,1447045000,0.22011526257930253,375411000,1071634000,0.1630101339619074,8.15,8.15,131488834,131488834,https://www.nseindia.com/companies-listing/corporate-filings-annual-reports,https://www.nseindia.com/companies-listing/corporate-filings-annual-reports,1620590519,16:01:59,20210509
2,2020-06-30,COCHINSHIP.NS,INR,2020-06-30,2020-06-30,Q2,3324773000,2134172000,1190601000,0.358099936446789,0.0,0.0,0.0,639797000.0,1147161000,3281333000,114564000,121197000,164637000,0.04951826786370077,43440000,0.013065553648324261,0.0,568673000,0.17104115077931636,154338000,414335000,0.12462053800364717,3.15,3.15,131534921,131534921,https://www.nseindia.com/companies-listing/corporate-filings-annual-reports,https://www.nseindia.com/companies-listing/corporate-filings-annual-reports,1620590519,16:01:59,20210509
3,2020-03-31,COCHINSHIP.NS,INR,2020-03-31,2020-03-31,Q1,8022972000,4941620000,3081352000,0.38406615403867794,0.0,0.0,0.0,-1770432000.0,918410000,5860030000,112216000,71361000,2234303000,0.2784881961447703,2162942000,0.2695936119433048,0.0,1832570000,0.22841535530723528,463675000,1366730000,0.17035208399082036,10.394266634077841,10.394266634077841,131488834,131488834,https://www.nseindia.com/companies-listing/corporate-filings-annual-reports,https://www.nseindia.com/companies-listing/corporate-filings-annual-reports,1620590519,16:01:59,20210509
4,2019-12-31,COCHINSHIP.NS,INR,2019-12-31,2019-12-31,Q4,8960866000,5715945000,3244921000,0.36212136193086697,0.0,0.0,0.0,542622000.0,1392062000,7108007000,113214000,124284000,1977143000,0.22064195581096738,1852859000,0.20677231419373976,0.0,2282267000,0.25469268260456074,584123000,1698144000,0.189506683840602,12.91,12.91,131537103,131537103,https://www.nseindia.com/companies-listing/corporate-filings-annual-reports,https://www.nseindia.com/companies-listing/corporate-filings-annual-reports,1620590519,16:01:59,20210509
5,2019-09-30,COCHINSHIP.NS,INR,2019-09-30,2019-09-30,Q3,9711989000,6257509000,3454480000,0.35569233037640385,0.0,0.0,0.0,796020000.0,1526253000,7783762000,112401000,121577000,2049804000,0.2110591352605527,1928227000,0.19854089620571028,0.0,2611846000,0.26893008219016723,548533000,2064523000,0.2125746847530408,15.7,15.7,131498280,131498280,https://www.nseindia.com/companies-listing/corporate-filings-annual-reports,https://www.nseindia.com/companies-listing/corporate-filings-annual-reports,1620590519,16:01:59,20210509
6,2019-06-30,COCHINSHIP.NS,INR,2019-06-30,2019-06-30,Q2,7354365000,4887645000,2466720000,0.3354089714067768,0.0,0.0,0.0,673118000.0,1177912000,6065557000,111409000,121295000,1410103000,0.19173688007054315,1288808000,0.17524395376079377,0.0,1850517000,0.2516215879957005,660770000,1190701000,0.16190398491236158,9.55,9.55,124680733,124680733,https://www.nseindia.com/companies-listing/corporate-filings-annual-reports,https://www.nseindia.com/companies-listing/corporate-filings-annual-reports,1620590519,16:01:59,20210509
7,2019-03-31,COCHINSHIP.NS,INR,2019-03-31,2019-03-31,Q1,7849951000,5265681000,2584270000,0.32920842435831765,0.0,0.0,0.0,-1537727000.0,1320990000,6586671000,44646000,30452000,1293732000,0.16480765293948968,1263280000,0.16092839305621143,0.0,1591038000,0.20268126514420282,627595000,964186000,0.12282700872909907,7.332835577506148,7.332835577506148,131488834,131488834,https://www.nseindia.com/companies-listing/corporate-filings-annual-reports,https://www.nseindia.com/companies-listing/corporate-filings-annual-reports,1620590519,16:01:59,20210509
8,2018-12-31,COCHINSHIP.NS,INR,2018-12-31,2018-12-31,Q4,7171080000,4404542000,2766538000,0.38579098266927714,0.0,0.0,0.0,499693000.0,1275856000,5680398000,33925000,86122000,1576804000,0.2198837553060348,1490682000,0.20787412774644823,0.0,1956450000,0.2728250138054519,674138000,1284079000,0.17906354412445546,9.49,9.49,135308641,135308641,https://www.nseindia.com/companies-listing/corporate-filings-annual-reports,https://www.nseindia.com/companies-listing/corporate-filings-annual-reports,1620590519,16:01:59,20210509
9,2018-09-30,COCHINSHIP.NS,INR,2018-09-30,2018-09-30,Q3,7994020000,4891454000,3102566000,0.3881108628699953,0.0,0.0,0.0,558876000.0,1312996000,6204450000,31375000,84394000,1873964000,0.23442072949529774,1789570000,0.22386358803205397,0.0,2317071000,0.28985053827736235,846563000,1471389000,0.1840612107550394,10.82,10.82,135987893,135987893,https://www.nseindia.com/companies-listing/corporate-filings-annual-reports,https://www.nseindia.com/companies-listing/corporate-filings-annual-reports,1620590519,16:01:59,20210509
10,2018-06-30,COCHINSHIP.NS,INR,2018-06-30,2018-06-30,Q2,6587269000,4422268000,2165001000,0.3286644283086056,0.0,0.0,0.0,576736000.0,1099099000,5521367000,32047000,84067000,1149969000,0.17457447084671965,1065902000,0.16181242939980134,0.0,1610591000,0.24450056616786106,548981000,1061682000,0.16117179972458998,7.81,7.81,135938796,135938796,https://www.nseindia.com/companies-listing/corporate-filings-annual-reports,https://www.nseindia.com/companies-listing/corporate-filings-annual-reports,1620590519,16:01:59,20210509
11,2018-03-31,COCHINSHIP.NS,INR,2018-03-31,2018-03-31,Q1,6006026000,3440721000,2565305000,0.427121860611326,0.0,0.0,0.0,0.0,2834229000,6274950000,25929000,19665000,-249259000,-0.041501485341555296,-268924000,-0.044775696941704884,0.0,1409808000,0.23473225057633784,498501000,912271000,0.15189261584948183,6.938011177435796,6.938011177435796,131488834,131488834,https://www.nseindia.com/companies-listing/corporate-filings-annual-reports,https://www.nseindia.com/companies-listing/corporate-filings-annual-reports,1620590519,16:01:59,20210509
12,2017-12-31,COCHINSHIP.NS,INR,2017-12-31,2017-12-31,Q4,6150353000,3658293000,2492060000,0.4051897508972249,0.0,0.0,0.0,0.0,701161000,4359454000,30278000,90906000,1881805000,0.3059669908377617,1790899000,0.2911863758063968,0.0,1760621000,0.2862634063443188,622975000,1137646000,0.18497247231175187,8.37,8.37,135919474,135919474,https://www.nseindia.com/companies-listing/corporate-filings-annual-reports,https://www.nseindia.com/companies-listing/corporate-filings-annual-reports,1620590519,16:01:59,20210509
13,2017-09-30,COCHINSHIP.NS,INR,2017-09-30,2017-09-30,Q3,5832356000,3864693000,1967663000,0.3373701811069146,0.0,0.0,0.0,0.0,467928000,4332621000,31625000,96062000,1595797000,0.2736110415756514,1499735000,0.25714051062726623,0.0,1468110000,0.2517181735819967,466059000,1002051000,0.1718089567920751,7.93,7.93,126362043,126362043,https://www.nseindia.com/companies-listing/corporate-filings-annual-reports,https://www.nseindia.com/companies-listing/corporate-filings-annual-reports,1620590519,16:01:59,20210509
14,2017-06-30,COCHINSHIP.NS,INR,2017-06-30,2017-06-30,Q2,5562498000,3447659000,2114839000,0.38019591198055264,0.0,0.0,0.0,0.0,684693000,4132352000,26271000,98353000,1528499000,0.27478643587826906,1430146000,0.25710499131864856,0.0,1403875000,0.2523821132160407,492280000,911595000,0.16388230611498647,6.70606,6.70606,135936000,135936000,https://www.nseindia.com/companies-listing/corporate-filings-annual-reports,https://www.nseindia.com/companies-listing/corporate-filings-annual-reports,1620590519,16:01:59,20210509
15,2017-03-31,COCHINSHIP.NS,INR,2017-03-31,2017-03-31,Q1,5220887000,4163906000,1056981000,0.20245238021815068,0.0,0.0,0.0,0.0,1821240000,5985146000,25926000,98410000,-665849000,-0.12753560841289996,-764259000,-0.14638489589987294,0.0,640984000,0.12277300772838025,222977000,418007000,0.08006436454188723,3.179030395843346,3.179030395843346,131488834,131488834,https://www.nseindia.com/companies-listing/corporate-filings-annual-reports,https://www.nseindia.com/companies-listing/corporate-filings-annual-reports,1620590519,16:01:59,20210509
16,2016-12-31,COCHINSHIP.NS,INR,2016-12-31,2016-12-31,Q4,5818033000,3767923000,2050110000,0.3523716692566027,0.0,0.0,0.0,0.0,646021000,4413944000,26716000,98299000,1502388000,0.25822954252751745,1404089000,0.24133396974544488,0.0,1377373000,0.23674203979248656,473853000,903520000,0.1552964721925778,6.646657,6.646657,135936000,135936000,https://www.nseindia.com/companies-listing/corporate-filings-annual-reports,https://www.nseindia.com/companies-listing/corporate-filings-annual-reports,1620590519,16:01:59,20210509
17,2016-09-30,COCHINSHIP.NS,INR,2016-09-30,2016-09-30,Q3,5418047000,3213975000,2204072000,0.406801934350145,0.0,0.0,0.0,0.0,500243000,3714218000,26502000,96007000,1799836000,0.332192762447428,1703829000,0.31447290878059936,0.0,1677327000,0.3095814783445031,587106000,1090221000,0.20122029210894626,9.62,9.62,113328586,113328586,https://www.nseindia.com/companies-listing/corporate-filings-annual-reports,https://www.nseindia.com/companies-listing/corporate-filings-annual-reports,1620590519,16:01:59,20210509
18,2016-06-30,COCHINSHIP.NS,INR,2016-06-30,2016-06-30,Q2,4131743000,2176986000,1954757000,0.4731071124220456,0.0,0.0,0.0,0.0,684210000,2861196000,26214000,92383000,1362930000,0.32986804842411543,1270547000,0.3075087196856145,0.0,1244333000,0.3011641817993036,434599000,809734000,0.1959787915172846,7.148522,5.95673,113272925,135936000,https://www.nseindia.com/companies-listing/corporate-filings-annual-reports,https://www.nseindia.com/companies-listing/corporate-filings-annual-reports,1620590519,16:01:59,20210509
