,date,symbol,reportedCurrency,fillingDate,acceptedDate,period,revenue,costOfRevenue,grossProfit,grossProfitRatio,researchAndDevelopmentExpenses,generalAndAdministrativeExpenses,sellingAndMarketingExpenses,otherExpenses,operatingExpenses,costAndExpenses,interestExpense,depreciationAndAmortization,ebitda,ebitdaratio,operatingIncome,operatingIncomeRatio,totalOtherIncomeExpensesNet,incomeBeforeTax,incomeBeforeTaxRatio,incomeTaxExpense,netIncome,netIncomeRatio,eps,epsdiluted,weightedAverageShsOut,weightedAverageShsOutDil,link,finalLink,timestamp,est_time,est_date
0,2020-12-31,TA.TO,CAD,2020-12-31,2020-12-31,Q4,544000000,327000000.0,217000000.0,0.39889705882352944,0.0,118000000.0,0.0,0.0,325000000.0,652000000.0,53000000.0,231000000.0,123000000,0.2261029411764706,-108000000.0,-0.19852941176470587,-7000000.0,-168000000.0,-0.3088235294117647,-25000000.0,-148000000.0,-0.27205882352941174,-0.5401459854014599,-0.5401459854014599,274000000,274000000,https://www.sedar.com/ModifyCompanyDocumentSearchForm.do?lang=EN&company_search=TransAlta Corp&document_selection=0&industry_group=A&FromDate=13&FromMonth=05&FromYear=2000&ToDate=13&ToMonth=11&ToYear=2020&Variable=Issuer,https://www.sedar.com/ModifyCompanyDocumentSearchForm.do?lang=EN&company_search=TransAlta Corp&document_selection=0&industry_group=A&FromDate=13&FromMonth=05&FromYear=2000&ToDate=13&ToMonth=11&ToYear=2020&Variable=Issuer,1620598569,18:16:09,20210509
1,2020-09-30,TA.TO,CAD,2020-09-30,2020-09-30,Q3,514000000,252000000.0,262000000.0,0.5097276264591439,0.0,114000000.0,0.0,2000000.0,282000000.0,534000000.0,46000000.0,195000000.0,175000000,0.3404669260700389,-20000000.0,-0.038910505836575876,-63000000.0,-129000000.0,-0.2509727626459144,-10000000.0,-126000000.0,-0.245136186770428,-0.5,-0.5,274000000,274000000,https://www.sedar.com/ModifyCompanyDocumentSearchForm.do?lang=EN&company_search=TransAlta Corp&document_selection=0&industry_group=A&FromDate=13&FromMonth=05&FromYear=2000&ToDate=13&ToMonth=11&ToYear=2020&Variable=Issuer,https://www.sedar.com/ModifyCompanyDocumentSearchForm.do?lang=EN&company_search=TransAlta Corp&document_selection=0&industry_group=A&FromDate=13&FromMonth=05&FromYear=2000&ToDate=13&ToMonth=11&ToYear=2020&Variable=Issuer,1620598569,18:16:09,20210509
2,2020-06-30,TA.TO,CAD,2020-06-30,2020-06-30,Q2,437000000,151000000.0,286000000.0,0.6544622425629291,0.0,112000000.0,0.0,0.0,279000000.0,430000000.0,48000000.0,188000000.0,195000000,0.4462242562929062,7000000.0,0.016018306636155607,-9000000.0,-52000000.0,-0.11899313501144165,-17000000.0,-50000000.0,-0.11441647597254005,-0.22,-0.22,276000000,276000000,https://www.sedar.com/ModifyCompanyDocumentSearchForm.do?lang=EN&company_search=TransAlta Corp&document_selection=0&industry_group=A&FromDate=13&FromMonth=05&FromYear=2000&ToDate=13&ToMonth=11&ToYear=2020&Variable=Issuer,https://www.sedar.com/ModifyCompanyDocumentSearchForm.do?lang=EN&company_search=TransAlta Corp&document_selection=0&industry_group=A&FromDate=13&FromMonth=05&FromYear=2000&ToDate=13&ToMonth=11&ToYear=2020&Variable=Issuer,1620598569,18:16:09,20210509
3,2020-03-31,TA.TO,CAD,2020-03-31,2020-03-31,Q1,606000000,238000000.0,368000000.0,0.6072607260726073,0.0,128000000.0,0.0,0.0,292000000.0,530000000.0,52000000.0,184000000.0,260000000,0.429042904290429,76000000.0,0.1254125412541254,22000000.0,46000000.0,0.07590759075907591,2000000.0,37000000.0,0.06105610561056106,0.1,0.1,277000000,277000000,https://www.sedar.com/ModifyCompanyDocumentSearchForm.do?lang=EN&company_search=TransAlta Corp&document_selection=0&industry_group=A&FromDate=13&FromMonth=05&FromYear=2000&ToDate=13&ToMonth=11&ToYear=2020&Variable=Issuer,https://www.sedar.com/ModifyCompanyDocumentSearchForm.do?lang=EN&company_search=TransAlta Corp&document_selection=0&industry_group=A&FromDate=13&FromMonth=05&FromYear=2000&ToDate=13&ToMonth=11&ToYear=2020&Variable=Issuer,1620598569,18:16:09,20210509
4,2019-12-31,TA.TO,CAD,2019-12-31,2019-12-31,Q4,609000000,286000000.0,323000000.0,0.5303776683087028,0.0,127000000.0,0.0,0.0,276000000.0,562000000.0,48000000.0,185000000.0,232000000,0.38095238095238093,47000000.0,0.07717569786535304,108000000.0,143000000.0,0.2348111658456486,40000000.0,76000000.0,0.12479474548440066,0.2773722627737226,0.2773722627737226,274000000,274000000,https://www.sedar.com/ModifyCompanyDocumentSearchForm.do?lang=EN&company_search=TransAlta Corp&document_selection=0&industry_group=A&FromDate=13&FromMonth=05&FromYear=2000&ToDate=13&ToMonth=11&ToYear=2020&Variable=Issuer,https://www.sedar.com/ModifyCompanyDocumentSearchForm.do?lang=EN&company_search=TransAlta Corp&document_selection=0&industry_group=A&FromDate=13&FromMonth=05&FromYear=2000&ToDate=13&ToMonth=11&ToYear=2020&Variable=Issuer,1620598569,18:16:09,20210509
5,2019-09-30,TA.TO,CAD,2019-09-30,2019-09-30,Q3,593000000,257000000.0,336000000.0,0.5666104553119731,0.0,114000000.0,0.0,-6000000.0,265000000.0,522000000.0,49000000.0,177000000.0,248000000,0.418212478920742,71000000.0,0.11973018549747048,63000000.0,87000000.0,0.1467116357504216,10000000.0,61000000.0,0.10286677908937605,0.18,0.18,282000000,282000000,https://www.sedar.com/ModifyCompanyDocumentSearchForm.do?lang=EN&company_search=TransAlta Corp&document_selection=0&industry_group=A&FromDate=13&FromMonth=05&FromYear=2000&ToDate=13&ToMonth=11&ToYear=2020&Variable=Issuer,https://www.sedar.com/ModifyCompanyDocumentSearchForm.do?lang=EN&company_search=TransAlta Corp&document_selection=0&industry_group=A&FromDate=13&FromMonth=05&FromYear=2000&ToDate=13&ToMonth=11&ToYear=2020&Variable=Issuer,1620598569,18:16:09,20210509
6,2019-06-30,TA.TO,CAD,2019-06-30,2019-06-30,Q2,497000000,177000000.0,320000000.0,0.6438631790744467,0.0,130000000.0,0.0,-12000000.0,275000000.0,452000000.0,49000000.0,173000000.0,218000000,0.4386317907444668,45000000.0,0.09054325955734406,-20000000.0,-24000000.0,-0.0482897384305835,-50000000.0,10000000.0,0.02012072434607646,0.035211267605633804,0.035211267605633804,284000000,284000000,https://www.sedar.com/ModifyCompanyDocumentSearchForm.do?lang=EN&company_search=TransAlta Corp&document_selection=0&industry_group=A&FromDate=13&FromMonth=05&FromYear=2000&ToDate=13&ToMonth=11&ToYear=2020&Variable=Issuer,https://www.sedar.com/ModifyCompanyDocumentSearchForm.do?lang=EN&company_search=TransAlta Corp&document_selection=0&industry_group=A&FromDate=13&FromMonth=05&FromYear=2000&ToDate=13&ToMonth=11&ToYear=2020&Variable=Issuer,1620598569,18:16:09,20210509
7,2019-03-31,TA.TO,CAD,2019-03-31,2019-03-31,Q1,648000000,366000000.0,282000000.0,0.4351851851851852,0.0,104000000.0,0.0,0.0,252000000.0,618000000.0,43000000.0,174000000.0,204000000,0.3148148148148148,30000000.0,0.046296296296296294,-1000000.0,-13000000.0,-0.020061728395061727,17000000.0,-65000000.0,-0.10030864197530864,-0.23,-0.23,285000000,285000000,https://www.sedar.com/ModifyCompanyDocumentSearchForm.do?lang=EN&company_search=TransAlta Corp&document_selection=0&industry_group=A&FromDate=13&FromMonth=05&FromYear=2000&ToDate=13&ToMonth=11&ToYear=2020&Variable=Issuer,https://www.sedar.com/ModifyCompanyDocumentSearchForm.do?lang=EN&company_search=TransAlta Corp&document_selection=0&industry_group=A&FromDate=13&FromMonth=05&FromYear=2000&ToDate=13&ToMonth=11&ToYear=2020&Variable=Issuer,1620598569,18:16:09,20210509
8,2018-12-31,TA.TO,CAD,2018-12-31,2018-12-31,Q4,622000000,336000000.0,286000000.0,0.45980707395498394,0.0,139000000.0,0.0,0.0,295000000.0,631000000.0,44000000.0,187000000.0,178000000,0.2861736334405145,-9000000.0,-0.014469453376205787,-23000000.0,-75000000.0,-0.12057877813504823,-16000000.0,-102000000.0,-0.1639871382636656,-0.3722627737226277,-0.3722627737226277,274000000,274000000,https://www.sedar.com/ModifyCompanyDocumentSearchForm.do?lang=EN&company_search=TransAlta Corp&document_selection=0&industry_group=A&FromDate=13&FromMonth=05&FromYear=2000&ToDate=13&ToMonth=11&ToYear=2020&Variable=Issuer,https://www.sedar.com/ModifyCompanyDocumentSearchForm.do?lang=EN&company_search=TransAlta Corp&document_selection=0&industry_group=A&FromDate=13&FromMonth=05&FromYear=2000&ToDate=13&ToMonth=11&ToYear=2020&Variable=Issuer,1620598569,18:16:09,20210509
9,2018-09-30,TA.TO,CAD,2018-09-30,2018-09-30,Q3,593000000,308000000.0,285000000.0,0.4806070826306914,0.0,120000000.0,0.0,1000000.0,263000000.0,571000000.0,46000000.0,180000000.0,202000000,0.3406408094435076,22000000.0,0.03709949409780776,-64000000.0,-88000000.0,-0.14839797639123103,-21000000.0,-76000000.0,-0.1281618887015177,-0.3,-0.3,287000000,287000000,https://www.sedar.com/ModifyCompanyDocumentSearchForm.do?lang=EN&company_search=TransAlta Corp&document_selection=0&industry_group=A&FromDate=13&FromMonth=05&FromYear=2000&ToDate=13&ToMonth=11&ToYear=2020&Variable=Issuer,https://www.sedar.com/ModifyCompanyDocumentSearchForm.do?lang=EN&company_search=TransAlta Corp&document_selection=0&industry_group=A&FromDate=13&FromMonth=05&FromYear=2000&ToDate=13&ToMonth=11&ToYear=2020&Variable=Issuer,1620598569,18:16:09,20210509
10,2018-06-30,TA.TO,CAD,2018-06-30,2018-06-30,Q2,446000000,179000000.0,267000000.0,0.5986547085201793,0.0,123000000.0,0.0,0.0,273000000.0,452000000.0,53000000.0,182000000.0,176000000,0.39461883408071746,-6000000.0,-0.013452914798206279,-17000000.0,-73000000.0,-0.16367713004484305,-6000000.0,-95000000.0,-0.21300448430493274,-0.36,-0.36,288000000,288000000,https://www.sedar.com/ModifyCompanyDocumentSearchForm.do?lang=EN&company_search=TransAlta Corp&document_selection=0&industry_group=A&FromDate=13&FromMonth=05&FromYear=2000&ToDate=13&ToMonth=11&ToYear=2020&Variable=Issuer,https://www.sedar.com/ModifyCompanyDocumentSearchForm.do?lang=EN&company_search=TransAlta Corp&document_selection=0&industry_group=A&FromDate=13&FromMonth=05&FromYear=2000&ToDate=13&ToMonth=11&ToYear=2020&Variable=Issuer,1620598569,18:16:09,20210509
11,2018-03-31,TA.TO,CAD,2018-03-31,2018-03-31,Q1,588000000,277000000.0,311000000.0,0.5289115646258503,0.0,133000000.0,0.0,0.0,109000000.0,386000000.0,57000000.0,161000000.0,363000000,0.6173469387755102,202000000.0,0.3435374149659864,-7000000.0,140000000.0,0.23809523809523808,37000000.0,75000000.0,0.12755102040816327,0.23,0.23,288000000,288000000,https://www.sedar.com/ModifyCompanyDocumentSearchForm.do?lang=EN&company_search=TransAlta Corp&document_selection=0&industry_group=A&FromDate=13&FromMonth=05&FromYear=2000&ToDate=13&ToMonth=11&ToYear=2020&Variable=Issuer,https://www.sedar.com/ModifyCompanyDocumentSearchForm.do?lang=EN&company_search=TransAlta Corp&document_selection=0&industry_group=A&FromDate=13&FromMonth=05&FromYear=2000&ToDate=13&ToMonth=11&ToYear=2020&Variable=Issuer,1620598569,18:16:09,20210509
12,2017-12-31,TA.TO,CAD,2017-12-31,2017-12-31,Q4,638000000,292000000.0,346000000.0,0.542319749216301,0.0,146000000.0,0.0,0.0,319000000.0,611000000.0,38000000.0,199000000.0,226000000,0.3542319749216301,27000000.0,0.04231974921630094,7000000.0,-11000000.0,-0.017241379310344827,105000000.0,-135000000.0,-0.2115987460815047,-0.4927007299270073,-0.4927007299270073,274000000,274000000,https://www.sedar.com/ModifyCompanyDocumentSearchForm.do?lang=EN&company_search=TransAlta Corp&document_selection=0&industry_group=A&FromDate=13&FromMonth=05&FromYear=2000&ToDate=13&ToMonth=11&ToYear=2020&Variable=Issuer,https://www.sedar.com/ModifyCompanyDocumentSearchForm.do?lang=EN&company_search=TransAlta Corp&document_selection=0&industry_group=A&FromDate=13&FromMonth=05&FromYear=2000&ToDate=13&ToMonth=11&ToYear=2020&Variable=Issuer,1620598569,18:16:09,20210509
13,2017-09-30,TA.TO,CAD,2017-09-30,2017-09-30,Q3,588000000,294000000.0,294000000.0,0.5,0.0,119000000.0,0.0,-1000000.0,280000000.0,574000000.0,58000000.0,176000000.0,190000000,0.3231292517006803,14000000.0,0.023809523809523808,-15000000.0,-43000000.0,-0.07312925170068027,-5000000.0,-17000000.0,-0.02891156462585034,-0.09375,-0.09375,288000000,288000000,https://www.sedar.com/ModifyCompanyDocumentSearchForm.do?lang=EN&company_search=TransAlta Corp&document_selection=0&industry_group=A&FromDate=13&FromMonth=05&FromYear=2000&ToDate=13&ToMonth=11&ToYear=2020&Variable=Issuer,https://www.sedar.com/ModifyCompanyDocumentSearchForm.do?lang=EN&company_search=TransAlta Corp&document_selection=0&industry_group=A&FromDate=13&FromMonth=05&FromYear=2000&ToDate=13&ToMonth=11&ToYear=2020&Variable=Issuer,1620598569,18:16:09,20210509
14,2017-06-30,TA.TO,CAD,2017-06-30,2017-06-30,Q2,503000000,180000000.0,323000000.0,0.6421471172962226,0.0,127000000.0,0.0,2000000.0,284000000.0,464000000.0,55000000.0,173000000.0,212000000,0.42147117296222664,39000000.0,0.0775347912524851,-16000000.0,-15000000.0,-0.02982107355864811,-19000000.0,-8000000.0,-0.015904572564612324,-0.06,-0.06,288000000,288000000,https://www.sedar.com/ModifyCompanyDocumentSearchForm.do?lang=EN&company_search=TransAlta Corp&document_selection=0&industry_group=A&FromDate=13&FromMonth=05&FromYear=2000&ToDate=13&ToMonth=11&ToYear=2020&Variable=Issuer,https://www.sedar.com/ModifyCompanyDocumentSearchForm.do?lang=EN&company_search=TransAlta Corp&document_selection=0&industry_group=A&FromDate=13&FromMonth=05&FromYear=2000&ToDate=13&ToMonth=11&ToYear=2020&Variable=Issuer,1620598569,18:16:09,20210509
15,2017-03-31,TA.TO,CAD,2017-03-31,2017-03-31,Q1,578000000,250000000.0,328000000.0,0.5674740484429066,0.0,125000000.0,0.0,0.0,271000000.0,521000000.0,58000000.0,160000000.0,217000000,0.3754325259515571,57000000.0,0.0986159169550173,-1000000.0,15000000.0,0.025951557093425604,-17000000.0,0.0,0.0,0.0,0.0,288000000,288000000,https://www.sedar.com/ModifyCompanyDocumentSearchForm.do?lang=EN&company_search=TransAlta Corp&document_selection=0&industry_group=A&FromDate=13&FromMonth=05&FromYear=2000&ToDate=13&ToMonth=11&ToYear=2020&Variable=Issuer,https://www.sedar.com/ModifyCompanyDocumentSearchForm.do?lang=EN&company_search=TransAlta Corp&document_selection=0&industry_group=A&FromDate=13&FromMonth=05&FromYear=2000&ToDate=13&ToMonth=11&ToYear=2020&Variable=Issuer,1620598569,18:16:09,20210509
16,2016-12-31,TA.TO,CAD,2016-12-31,2016-12-31,Q4,717000000,280000000.0,437000000.0,0.6094839609483961,0.0,125000000.0,0.0,0.0,131000000.0,411000000.0,42000000.0,206000000.0,512000000,0.7140864714086471,306000000.0,0.42677824267782427,-28000000.0,253000000.0,0.3528591352859135,82000000.0,81000000.0,0.11297071129707113,0.2956204379562044,0.2956204379562044,274000000,274000000,https://www.sedar.com/ModifyCompanyDocumentSearchForm.do?lang=EN&company_search=TransAlta Corp&document_selection=0&industry_group=A&FromDate=13&FromMonth=05&FromYear=2000&ToDate=13&ToMonth=11&ToYear=2020&Variable=Issuer,https://www.sedar.com/ModifyCompanyDocumentSearchForm.do?lang=EN&company_search=TransAlta Corp&document_selection=0&industry_group=A&FromDate=13&FromMonth=05&FromYear=2000&ToDate=13&ToMonth=11&ToYear=2020&Variable=Issuer,1620598569,18:16:09,20210509
17,2016-09-30,TA.TO,CAD,2016-09-30,2016-09-30,Q3,620000000,301000000.0,319000000.0,0.5145161290322581,0.0,119000000.0,0.0,0.0,275000000.0,576000000.0,52000000.0,161000000.0,205000000,0.33064516129032256,44000000.0,0.07096774193548387,4000000.0,12000000.0,0.01935483870967742,-2000000.0,-2000000.0,-0.0032258064516129032,-0.04,-0.04,288000000,288000000,https://www.sedar.com/ModifyCompanyDocumentSearchForm.do?lang=EN&company_search=TransAlta Corp&document_selection=0&industry_group=A&FromDate=13&FromMonth=05&FromYear=2000&ToDate=13&ToMonth=11&ToYear=2020&Variable=Issuer,https://www.sedar.com/ModifyCompanyDocumentSearchForm.do?lang=EN&company_search=TransAlta Corp&document_selection=0&industry_group=A&FromDate=13&FromMonth=05&FromYear=2000&ToDate=13&ToMonth=11&ToYear=2020&Variable=Issuer,1620598569,18:16:09,20210509
18,2016-06-30,TA.TO,CAD,2016-06-30,2016-06-30,Q2,492000000,174000000.0,318000000.0,0.6463414634146342,0.0,122000000.0,0.0,0.0,282000000.0,456000000.0,56000000.0,161000000.0,197000000,0.40040650406504064,36000000.0,0.07317073170731707,-1000000.0,-4000000.0,-0.008130081300813009,-24000000.0,16000000.0,0.032520325203252036,0.02,0.02,288000000,288000000,https://www.sedar.com/ModifyCompanyDocumentSearchForm.do?lang=EN&company_search=TransAlta Corp&document_selection=0&industry_group=A&FromDate=13&FromMonth=05&FromYear=2000&ToDate=13&ToMonth=11&ToYear=2020&Variable=Issuer,https://www.sedar.com/ModifyCompanyDocumentSearchForm.do?lang=EN&company_search=TransAlta Corp&document_selection=0&industry_group=A&FromDate=13&FromMonth=05&FromYear=2000&ToDate=13&ToMonth=11&ToYear=2020&Variable=Issuer,1620598569,18:16:09,20210509
19,2016-03-31,TA.TO,CAD,2016-03-31,2016-03-31,Q1,568000000,208000000.0,360000000.0,0.6338028169014085,0.0,123000000.0,0.0,0.0,259000000.0,467000000.0,58000000.0,136000000.0,237000000,0.41725352112676056,101000000.0,0.17781690140845072,-6000000.0,53000000.0,0.09330985915492958,-18000000.0,74000000.0,0.13028169014084506,0.22,0.22,288000000,288000000,https://www.sedar.com/ModifyCompanyDocumentSearchForm.do?lang=EN&company_search=TransAlta Corp&document_selection=0&industry_group=A&FromDate=13&FromMonth=05&FromYear=2000&ToDate=13&ToMonth=11&ToYear=2020&Variable=Issuer,https://www.sedar.com/ModifyCompanyDocumentSearchForm.do?lang=EN&company_search=TransAlta Corp&document_selection=0&industry_group=A&FromDate=13&FromMonth=05&FromYear=2000&ToDate=13&ToMonth=11&ToYear=2020&Variable=Issuer,1620598569,18:16:09,20210509
20,2015-12-31,TA.TO,CAD,2015-12-31,2015-12-31,Q4,595000000,272000000.0,323000000.0,0.5428571428571428,0.0,-141000000.0,0.0,0.0,230000000.0,502000000.0,63000000.0,153000000.0,246000000,0.4134453781512605,93000000.0,0.15630252100840336,-1000000.0,46000000.0,0.0773109243697479,43000000.0,-43000000.0,-0.07226890756302522,-0.15693430656934307,-0.15693430656934307,274000000,274000000,https://www.sedar.com/ModifyCompanyDocumentSearchForm.do?lang=EN&company_search=TransAlta Corp&document_selection=0&industry_group=A&FromDate=13&FromMonth=05&FromYear=2000&ToDate=13&ToMonth=11&ToYear=2020&Variable=Issuer,https://www.sedar.com/ModifyCompanyDocumentSearchForm.do?lang=EN&company_search=TransAlta Corp&document_selection=0&industry_group=A&FromDate=13&FromMonth=05&FromYear=2000&ToDate=13&ToMonth=11&ToYear=2020&Variable=Issuer,1620598569,18:16:09,20210509
21,2015-09-30,TA.TO,CAD,2015-09-30,2015-09-30,Q3,641000000,299000000.0,342000000.0,0.5335413416536662,0.0,130000000.0,0.0,0.0,334000000.0,633000000.0,58000000.0,153000000.0,161000000,0.25117004680187205,8000000.0,0.0124804992199688,254000000.0,219000000.0,0.3416536661466459,31000000.0,166000000.0,0.2589703588143526,0.55,0.55,281000000,281000000,https://www.sedar.com/ModifyCompanyDocumentSearchForm.do?lang=EN&company_search=TransAlta Corp&document_selection=0&industry_group=A&FromDate=13&FromMonth=05&FromYear=2000&ToDate=13&ToMonth=11&ToYear=2020&Variable=Issuer,https://www.sedar.com/ModifyCompanyDocumentSearchForm.do?lang=EN&company_search=TransAlta Corp&document_selection=0&industry_group=A&FromDate=13&FromMonth=05&FromYear=2000&ToDate=13&ToMonth=11&ToYear=2020&Variable=Issuer,1620598569,18:16:09,20210509
22,2015-06-30,TA.TO,CAD,2015-06-30,2015-06-30,Q2,438000000,200000000.0,238000000.0,0.54337899543379,0.0,119000000.0,0.0,0.0,269000000.0,469000000.0,54000000.0,152000000.0,121000000,0.2762557077625571,-31000000.0,-0.07077625570776255,-1000000.0,-73000000.0,-0.16666666666666666,35000000.0,-120000000.0,-0.273972602739726,-0.47,-0.47,279000000,279000000,https://www.sedar.com/ModifyCompanyDocumentSearchForm.do?lang=EN&company_search=TransAlta Corp&document_selection=0&industry_group=A&FromDate=13&FromMonth=05&FromYear=2000&ToDate=13&ToMonth=11&ToYear=2020&Variable=Issuer,https://www.sedar.com/ModifyCompanyDocumentSearchForm.do?lang=EN&company_search=TransAlta Corp&document_selection=0&industry_group=A&FromDate=13&FromMonth=05&FromYear=2000&ToDate=13&ToMonth=11&ToYear=2020&Variable=Issuer,1620598569,18:16:09,20210509
23,2015-03-31,TA.TO,CAD,2015-03-31,2015-03-31,Q1,593000000,237000000.0,356000000.0,0.6003372681281619,0.0,134000000.0,0.0,0.0,279000000.0,516000000.0,55000000.0,147000000.0,224000000,0.3777403035413153,77000000.0,0.12984822934232715,-6000000.0,29000000.0,0.048903878583473864,-4000000.0,19000000.0,0.03204047217537943,0.03,0.03,277000000,277000000,https://www.sedar.com/ModifyCompanyDocumentSearchForm.do?lang=EN&company_search=TransAlta Corp&document_selection=0&industry_group=A&FromDate=13&FromMonth=05&FromYear=2000&ToDate=13&ToMonth=11&ToYear=2020&Variable=Issuer,https://www.sedar.com/ModifyCompanyDocumentSearchForm.do?lang=EN&company_search=TransAlta Corp&document_selection=0&industry_group=A&FromDate=13&FromMonth=05&FromYear=2000&ToDate=13&ToMonth=11&ToYear=2020&Variable=Issuer,1620598569,18:16:09,20210509
24,2014-12-31,TA.TO,CAD,2014-12-31,2014-12-31,Q4,718000000,268000000.0,450000000.0,0.6267409470752089,0.0,138000000.0,0.0,0.0,272000000.0,540000000.0,58000000.0,152000000.0,330000000,0.4596100278551532,178000000.0,0.2479108635097493,16000000.0,149000000.0,0.2075208913649025,-26000000.0,161000000.0,0.22423398328690808,0.5875912408759124,0.5875912408759124,274000000,274000000,https://www.sedar.com/ModifyCompanyDocumentSearchForm.do?lang=EN&company_search=TransAlta Corp&document_selection=0&industry_group=A&FromDate=13&FromMonth=05&FromYear=2000&ToDate=13&ToMonth=11&ToYear=2020&Variable=Issuer,https://www.sedar.com/ModifyCompanyDocumentSearchForm.do?lang=EN&company_search=TransAlta Corp&document_selection=0&industry_group=A&FromDate=13&FromMonth=05&FromYear=2000&ToDate=13&ToMonth=11&ToYear=2020&Variable=Issuer,1620598569,18:16:09,20210509
25,2014-09-30,TA.TO,CAD,2014-09-30,2014-09-30,Q3,639000000,277000000.0,362000000.0,0.5665101721439749,0.0,138000000.0,0.0,0.0,285000000.0,562000000.0,59000000.0,148000000.0,225000000,0.352112676056338,77000000.0,0.12050078247261346,1000000.0,31000000.0,0.048513302034428794,18000000.0,3000000.0,0.004694835680751174,-0.03,-0.03,273000000,273000000,https://www.sedar.com/ModifyCompanyDocumentSearchForm.do?lang=EN&company_search=TransAlta Corp&document_selection=0&industry_group=A&FromDate=13&FromMonth=05&FromYear=2000&ToDate=13&ToMonth=11&ToYear=2020&Variable=Issuer,https://www.sedar.com/ModifyCompanyDocumentSearchForm.do?lang=EN&company_search=TransAlta Corp&document_selection=0&industry_group=A&FromDate=13&FromMonth=05&FromYear=2000&ToDate=13&ToMonth=11&ToYear=2020&Variable=Issuer,1620598569,18:16:09,20210509
26,2014-06-30,TA.TO,CAD,2014-06-30,2014-06-30,Q2,491000000,212000000.0,279000000.0,0.5682281059063137,0.0,122000000.0,0.0,2000000.0,265000000.0,477000000.0,58000000.0,145000000.0,159000000,0.32382892057026474,14000000.0,0.028513238289205704,-4000000.0,-32000000.0,-0.06517311608961303,-3000000.0,-40000000.0,-0.0814663951120163,-0.18,-0.18,272000000,272000000,https://www.sedar.com/ModifyCompanyDocumentSearchForm.do?lang=EN&company_search=TransAlta Corp&document_selection=0&industry_group=A&FromDate=13&FromMonth=05&FromYear=2000&ToDate=13&ToMonth=11&ToYear=2020&Variable=Issuer,https://www.sedar.com/ModifyCompanyDocumentSearchForm.do?lang=EN&company_search=TransAlta Corp&document_selection=0&industry_group=A&FromDate=13&FromMonth=05&FromYear=2000&ToDate=13&ToMonth=11&ToYear=2020&Variable=Issuer,1620598569,18:16:09,20210509
27,2014-03-31,TA.TO,CAD,2014-03-31,2014-03-31,Q1,775000000,335000000.0,440000000.0,0.567741935483871,0.0,144000000.0,0.0,0.0,291000000.0,626000000.0,61000000.0,150000000.0,299000000,0.3858064516129032,149000000.0,0.19225806451612903,-9000000.0,91000000.0,0.11741935483870967,18000000.0,58000000.0,0.07483870967741936,0.18,0.18,270000000,270000000,https://www.sedar.com/ModifyCompanyDocumentSearchForm.do?lang=EN&company_search=TransAlta Corp&document_selection=0&industry_group=A&FromDate=13&FromMonth=05&FromYear=2000&ToDate=13&ToMonth=11&ToYear=2020&Variable=Issuer,https://www.sedar.com/ModifyCompanyDocumentSearchForm.do?lang=EN&company_search=TransAlta Corp&document_selection=0&industry_group=A&FromDate=13&FromMonth=05&FromYear=2000&ToDate=13&ToMonth=11&ToYear=2020&Variable=Issuer,1620598569,18:16:09,20210509
28,2013-12-31,TA.TO,CAD,2013-12-31,2013-12-31,Q4,587000000,278000000.0,309000000.0,0.5264054514480409,0.0,140000000.0,0.0,8000000.0,293000000.0,571000000.0,61000000.0,160000000.0,176000000,0.29982964224872233,16000000.0,0.027257240204429302,-59000000.0,-92000000.0,-0.1567291311754685,-49000000.0,-56000000.0,-0.09540034071550256,-0.25,-0.25,268000000,268000000,https://www.sedar.com/ModifyCompanyDocumentSearchForm.do?lang=EN&company_search=TransAlta Corp&document_selection=0&industry_group=A&FromDate=13&FromMonth=05&FromYear=2000&ToDate=13&ToMonth=11&ToYear=2020&Variable=Issuer,https://www.sedar.com/ModifyCompanyDocumentSearchForm.do?lang=EN&company_search=TransAlta Corp&document_selection=0&industry_group=A&FromDate=13&FromMonth=05&FromYear=2000&ToDate=13&ToMonth=11&ToYear=2020&Variable=Issuer,1620598569,18:16:09,20210509
29,2013-09-30,TA.TO,CAD,2013-09-30,2013-09-30,Q3,623000000,260000000.0,363000000.0,0.5826645264847512,0.0,128000000.0,0.0,0.0,263000000.0,523000000.0,61000000.0,141000000.0,241000000,0.3868378812199037,100000000.0,0.16051364365971107,-5000000.0,45000000.0,0.07223113964686999,48000000.0,0.0,0.0,-0.03,-0.03,266000000,266000000,https://www.sedar.com/ModifyCompanyDocumentSearchForm.do?lang=EN&company_search=TransAlta Corp&document_selection=0&industry_group=A&FromDate=13&FromMonth=05&FromYear=2000&ToDate=13&ToMonth=11&ToYear=2020&Variable=Issuer,https://www.sedar.com/ModifyCompanyDocumentSearchForm.do?lang=EN&company_search=TransAlta Corp&document_selection=0&industry_group=A&FromDate=13&FromMonth=05&FromYear=2000&ToDate=13&ToMonth=11&ToYear=2020&Variable=Issuer,1620598569,18:16:09,20210509
30,2013-06-30,TA.TO,CAD,2013-06-30,2013-06-30,Q2,542000000,187000000.0,355000000.0,0.6549815498154982,0.0,133000000.0,0.0,0.0,277000000.0,464000000.0,58000000.0,145000000.0,223000000,0.4114391143911439,78000000.0,0.14391143911439114,12000000.0,44000000.0,0.08118081180811808,10000000.0,25000000.0,0.046125461254612546,0.06,0.06,262000000,262000000,https://www.sedar.com/ModifyCompanyDocumentSearchForm.do?lang=EN&company_search=TransAlta Corp&document_selection=0&industry_group=A&FromDate=13&FromMonth=05&FromYear=2000&ToDate=13&ToMonth=11&ToYear=2020&Variable=Issuer,https://www.sedar.com/ModifyCompanyDocumentSearchForm.do?lang=EN&company_search=TransAlta Corp&document_selection=0&industry_group=A&FromDate=13&FromMonth=05&FromYear=2000&ToDate=13&ToMonth=11&ToYear=2020&Variable=Issuer,1620598569,18:16:09,20210509
31,2013-03-31,TA.TO,CAD,2013-03-31,2013-03-31,Q1,540000000,201000000.0,339000000.0,0.6277777777777778,0.0,115000000.0,0.0,0.0,253000000.0,454000000.0,58000000.0,139000000.0,225000000,0.4166666666666667,86000000.0,0.15925925925925927,-48000000.0,-9000000.0,-0.016666666666666666,-17000000.0,-2000000.0,-0.003703703703703704,-0.04,-0.04,258000000,258000000,https://www.sedar.com/ModifyCompanyDocumentSearchForm.do?lang=EN&company_search=TransAlta Corp&document_selection=0&industry_group=A&FromDate=13&FromMonth=05&FromYear=2000&ToDate=13&ToMonth=11&ToYear=2020&Variable=Issuer,https://www.sedar.com/ModifyCompanyDocumentSearchForm.do?lang=EN&company_search=TransAlta Corp&document_selection=0&industry_group=A&FromDate=13&FromMonth=05&FromYear=2000&ToDate=13&ToMonth=11&ToYear=2020&Variable=Issuer,1620598569,18:16:09,20210509
32,2012-12-31,TA.TO,CAD,2012-12-31,2012-12-31,Q4,661000000,263000000.0,398000000.0,0.6021180030257186,0.0,0.0,0.0,0.0,260000000.0,523000000.0,41000000.0,145000000.0,283000000,0.4281391830559758,138000000.0,0.2087745839636914,-39000000.0,71000000.0,0.10741301059001512,11000000.0,48000000.0,0.07261724659606657,0.17518248175182483,0.17518248175182483,274000000,274000000,https://www.sedar.com/ModifyCompanyDocumentSearchForm.do?lang=EN&company_search=TransAlta Corp&document_selection=0&industry_group=A&FromDate=13&FromMonth=05&FromYear=2000&ToDate=13&ToMonth=11&ToYear=2020&Variable=Issuer,https://www.sedar.com/ModifyCompanyDocumentSearchForm.do?lang=EN&company_search=TransAlta Corp&document_selection=0&industry_group=A&FromDate=13&FromMonth=05&FromYear=2000&ToDate=13&ToMonth=11&ToYear=2020&Variable=Issuer,1620598569,18:16:09,20210509
33,2012-09-30,TA.TO,CAD,2012-09-30,2012-09-30,Q3,538000000,208000000.0,330000000.0,0.6133828996282528,0.0,0.0,0.0,0.0,247000000.0,455000000.0,58000000.0,129000000.0,212000000,0.3940520446096654,83000000.0,0.15427509293680297,59000000.0,85000000.0,0.1579925650557621,14000000.0,64000000.0,0.11895910780669144,0.24,0.24,234000000,234000000,https://www.sedar.com/ModifyCompanyDocumentSearchForm.do?lang=EN&company_search=TransAlta Corp&document_selection=0&industry_group=A&FromDate=13&FromMonth=05&FromYear=2000&ToDate=13&ToMonth=11&ToYear=2020&Variable=Issuer,https://www.sedar.com/ModifyCompanyDocumentSearchForm.do?lang=EN&company_search=TransAlta Corp&document_selection=0&industry_group=A&FromDate=13&FromMonth=05&FromYear=2000&ToDate=13&ToMonth=11&ToYear=2020&Variable=Issuer,1620598569,18:16:09,20210509
34,2012-06-30,TA.TO,CAD,2012-06-30,2012-06-30,Q2,407000000,151000000.0,256000000.0,0.628992628992629,0.0,0.0,0.0,0.0,277000000.0,428000000.0,64000000.0,149000000.0,128000000,0.3144963144963145,-21000000.0,-0.051597051597051594,-627000000.0,-710000000.0,-1.7444717444717446,76000000.0,-791000000.0,-1.9434889434889435,-3.51,-3.51,227000000,227000000,https://www.sedar.com/ModifyCompanyDocumentSearchForm.do?lang=EN&company_search=TransAlta Corp&document_selection=0&industry_group=A&FromDate=13&FromMonth=05&FromYear=2000&ToDate=13&ToMonth=11&ToYear=2020&Variable=Issuer,https://www.sedar.com/ModifyCompanyDocumentSearchForm.do?lang=EN&company_search=TransAlta Corp&document_selection=0&industry_group=A&FromDate=13&FromMonth=05&FromYear=2000&ToDate=13&ToMonth=11&ToYear=2020&Variable=Issuer,1620598569,18:16:09,20210509
35,2012-03-31,TA.TO,CAD,2012-03-31,2012-03-31,Q1,656000000,187000000.0,469000000.0,0.7149390243902439,0.0,0.0,0.0,0.0,263000000.0,450000000.0,60000000.0,140000000.0,346000000,0.5274390243902439,206000000.0,0.31402439024390244,-37000000.0,111000000.0,0.16920731707317074,2000000.0,96000000.0,0.14634146341463414,0.4,0.4,225000000,225000000,https://www.sedar.com/ModifyCompanyDocumentSearchForm.do?lang=EN&company_search=TransAlta Corp&document_selection=0&industry_group=A&FromDate=13&FromMonth=05&FromYear=2000&ToDate=13&ToMonth=11&ToYear=2020&Variable=Issuer,https://www.sedar.com/ModifyCompanyDocumentSearchForm.do?lang=EN&company_search=TransAlta Corp&document_selection=0&industry_group=A&FromDate=13&FromMonth=05&FromYear=2000&ToDate=13&ToMonth=11&ToYear=2020&Variable=Issuer,1620598569,18:16:09,20210509
36,2011-12-31,TA.TO,CAD,2011-12-31,2011-12-31,Q4,701000000,292000000.0,409000000.0,0.5834522111269614,0.0,0.0,0.0,0.0,301000000.0,593000000.0,63000000.0,149000000.0,257000000,0.3666191155492154,108000000.0,0.15406562054208273,-13000000.0,50000000.0,0.07132667617689016,11000000.0,28000000.0,0.039942938659058486,0.10218978102189781,0.10218978102189781,274000000,274000000,https://www.sedar.com/ModifyCompanyDocumentSearchForm.do?lang=EN&company_search=TransAlta Corp&document_selection=0&industry_group=A&FromDate=13&FromMonth=05&FromYear=2000&ToDate=13&ToMonth=11&ToYear=2020&Variable=Issuer,https://www.sedar.com/ModifyCompanyDocumentSearchForm.do?lang=EN&company_search=TransAlta Corp&document_selection=0&industry_group=A&FromDate=13&FromMonth=05&FromYear=2000&ToDate=13&ToMonth=11&ToYear=2020&Variable=Issuer,1620598569,18:16:09,20210509
37,2011-09-30,TA.TO,CAD,2011-09-30,2011-09-30,Q3,629000000,258000000.0,371000000.0,0.589825119236884,0.0,0.0,0.0,0.0,260000000.0,518000000.0,55000000.0,126000000.0,237000000,0.3767885532591415,111000000.0,0.17647058823529413,11000000.0,70000000.0,0.11128775834658187,9000000.0,54000000.0,0.08585055643879173,0.22,0.22,223000000,223000000,https://www.sedar.com/ModifyCompanyDocumentSearchForm.do?lang=EN&company_search=TransAlta Corp&document_selection=0&industry_group=A&FromDate=13&FromMonth=05&FromYear=2000&ToDate=13&ToMonth=11&ToYear=2020&Variable=Issuer,https://www.sedar.com/ModifyCompanyDocumentSearchForm.do?lang=EN&company_search=TransAlta Corp&document_selection=0&industry_group=A&FromDate=13&FromMonth=05&FromYear=2000&ToDate=13&ToMonth=11&ToYear=2020&Variable=Issuer,1620598569,18:16:09,20210509
38,2011-06-30,TA.TO,CAD,2011-06-30,2011-06-30,Q2,515000000,187000000.0,328000000.0,0.6368932038834951,0.0,0.0,0.0,0.0,261000000.0,448000000.0,48000000.0,130000000.0,197000000,0.3825242718446602,67000000.0,0.13009708737864079,-5000000.0,16000000.0,0.031067961165048542,-6000000.0,15000000.0,0.02912621359223301,0.05,0.05,222000000,222000000,https://www.sedar.com/ModifyCompanyDocumentSearchForm.do?lang=EN&company_search=TransAlta Corp&document_selection=0&industry_group=A&FromDate=13&FromMonth=05&FromYear=2000&ToDate=13&ToMonth=11&ToYear=2020&Variable=Issuer,https://www.sedar.com/ModifyCompanyDocumentSearchForm.do?lang=EN&company_search=TransAlta Corp&document_selection=0&industry_group=A&FromDate=13&FromMonth=05&FromYear=2000&ToDate=13&ToMonth=11&ToYear=2020&Variable=Issuer,1620598569,18:16:09,20210509
39,2011-03-31,TA.TO,CAD,2011-03-31,2011-03-31,Q1,818000000,210000000.0,608000000.0,0.7432762836185819,0.0,0.0,0.0,0.0,249000000.0,459000000.0,49000000.0,127000000.0,486000000,0.5941320293398533,359000000.0,0.4388753056234719,1000000.0,313000000.0,0.38264058679706603,92000000.0,208000000.0,0.254278728606357,0.92,0.92,221000000,221000000,https://www.sedar.com/ModifyCompanyDocumentSearchForm.do?lang=EN&company_search=TransAlta Corp&document_selection=0&industry_group=A&FromDate=13&FromMonth=05&FromYear=2000&ToDate=13&ToMonth=11&ToYear=2020&Variable=Issuer,https://www.sedar.com/ModifyCompanyDocumentSearchForm.do?lang=EN&company_search=TransAlta Corp&document_selection=0&industry_group=A&FromDate=13&FromMonth=05&FromYear=2000&ToDate=13&ToMonth=11&ToYear=2020&Variable=Issuer,1620598569,18:16:09,20210509
40,2010-12-31,TA.TO,CAD,2010-12-31,2010-12-31,Q4,811000000,331000000.0,480000000.0,0.591861898890259,0.0,0.0,0.0,0.0,270000000.0,601000000.0,-3000000.0,128000000.0,338000000,0.41676942046855736,210000000.0,0.2589395807644883,-83000000.0,79000000.0,0.09741060419235512,16000000.0,63000000.0,0.07768187422934648,0.22992700729927007,0.22992700729927007,274000000,274000000,https://www.sedar.com/ModifyCompanyDocumentSearchForm.do?lang=EN&company_search=TransAlta Corp&document_selection=0&industry_group=A&FromDate=13&FromMonth=05&FromYear=2000&ToDate=13&ToMonth=11&ToYear=2020&Variable=Issuer,https://www.sedar.com/ModifyCompanyDocumentSearchForm.do?lang=EN&company_search=TransAlta Corp&document_selection=0&industry_group=A&FromDate=13&FromMonth=05&FromYear=2000&ToDate=13&ToMonth=11&ToYear=2020&Variable=Issuer,1620598569,18:16:09,20210509
41,2010-09-30,TA.TO,CAD,2010-09-30,2010-09-30,Q3,700000000,320000000.0,380000000.0,0.5428571428571428,0.0,0.0,0.0,0.0,282000000.0,602000000.0,63000000.0,130000000.0,228000000,0.32571428571428573,98000000.0,0.14,1000000.0,42000000.0,0.06,4000000.0,38000000.0,0.054285714285714284,0.17,0.17,220000000,220000000,https://www.sedar.com/ModifyCompanyDocumentSearchForm.do?lang=EN&company_search=TransAlta Corp&document_selection=0&industry_group=A&FromDate=13&FromMonth=05&FromYear=2000&ToDate=13&ToMonth=11&ToYear=2020&Variable=Issuer,https://www.sedar.com/ModifyCompanyDocumentSearchForm.do?lang=EN&company_search=TransAlta Corp&document_selection=0&industry_group=A&FromDate=13&FromMonth=05&FromYear=2000&ToDate=13&ToMonth=11&ToYear=2020&Variable=Issuer,1620598569,18:16:09,20210509
42,2010-06-30,TA.TO,CAD,2010-06-30,2010-06-30,Q2,582000000,229000000.0,353000000.0,0.6065292096219931,0.0,0.0,0.0,0.0,298000000.0,527000000.0,61000000.0,122000000.0,177000000,0.30412371134020616,55000000.0,0.09450171821305842,-7000000.0,15000000.0,0.02577319587628866,-36000000.0,51000000.0,0.08762886597938144,0.23,0.23,219000000,219000000,https://www.sedar.com/ModifyCompanyDocumentSearchForm.do?lang=EN&company_search=TransAlta Corp&document_selection=0&industry_group=A&FromDate=13&FromMonth=05&FromYear=2000&ToDate=13&ToMonth=11&ToYear=2020&Variable=Issuer,https://www.sedar.com/ModifyCompanyDocumentSearchForm.do?lang=EN&company_search=TransAlta Corp&document_selection=0&industry_group=A&FromDate=13&FromMonth=05&FromYear=2000&ToDate=13&ToMonth=11&ToYear=2020&Variable=Issuer,1620598569,18:16:09,20210509
43,2010-03-31,TA.TO,CAD,2010-03-31,2010-03-31,Q1,726000000,322000000.0,404000000.0,0.5564738292011019,0.0,0.0,0.0,0.0,270000000.0,592000000.0,57000000.0,110000000.0,244000000,0.33608815426997246,134000000.0,0.18457300275482094,3000000.0,84000000.0,0.11570247933884298,17000000.0,67000000.0,0.09228650137741047,0.31,0.31,219000000,219000000,https://www.sedar.com/ModifyCompanyDocumentSearchForm.do?lang=EN&company_search=TransAlta Corp&document_selection=0&industry_group=A&FromDate=13&FromMonth=05&FromYear=2000&ToDate=13&ToMonth=11&ToYear=2020&Variable=Issuer,https://www.sedar.com/ModifyCompanyDocumentSearchForm.do?lang=EN&company_search=TransAlta Corp&document_selection=0&industry_group=A&FromDate=13&FromMonth=05&FromYear=2000&ToDate=13&ToMonth=11&ToYear=2020&Variable=Issuer,1620598569,18:16:09,20210509
44,2009-12-31,TA.TO,CAD,2009-12-31,2009-12-31,Q4,763000000,328000000.0,435000000.0,0.5701179554390564,0.0,0.0,0.0,0.0,276000000.0,604000000.0,42000000.0,134000000.0,293000000,0.3840104849279161,159000000.0,0.20838794233289645,-23000000.0,94000000.0,0.12319790301441677,15000000.0,79000000.0,0.10353866317169069,0.28832116788321166,0.28832116788321166,274000000,274000000,https://www.sedar.com/ModifyCompanyDocumentSearchForm.do?lang=EN&company_search=TransAlta Corp&document_selection=0&industry_group=A&FromDate=13&FromMonth=05&FromYear=2000&ToDate=13&ToMonth=11&ToYear=2020&Variable=Issuer,https://www.sedar.com/ModifyCompanyDocumentSearchForm.do?lang=EN&company_search=TransAlta Corp&document_selection=0&industry_group=A&FromDate=13&FromMonth=05&FromYear=2000&ToDate=13&ToMonth=11&ToYear=2020&Variable=Issuer,1620598569,18:16:09,20210509
45,2009-09-30,TA.TO,CAD,2009-09-30,2009-09-30,Q3,666000000,286000000.0,380000000.0,0.5705705705705706,0.0,0.0,0.0,0.0,260000000.0,546000000.0,39000000.0,116000000.0,236000000,0.35435435435435436,120000000.0,0.18018018018018017,1000000.0,82000000.0,0.12312312312312312,16000000.0,66000000.0,0.0990990990990991,0.34,0.34,198000000,198000000,https://www.sedar.com/ModifyCompanyDocumentSearchForm.do?lang=EN&company_search=TransAlta Corp&document_selection=0&industry_group=A&FromDate=13&FromMonth=05&FromYear=2000&ToDate=13&ToMonth=11&ToYear=2020&Variable=Issuer,https://www.sedar.com/ModifyCompanyDocumentSearchForm.do?lang=EN&company_search=TransAlta Corp&document_selection=0&industry_group=A&FromDate=13&FromMonth=05&FromYear=2000&ToDate=13&ToMonth=11&ToYear=2020&Variable=Issuer,1620598569,18:16:09,20210509
46,2009-06-30,TA.TO,CAD,2009-06-30,2009-06-30,Q2,585000000,239000000.0,346000000.0,0.5914529914529915,0.0,0.0,0.0,0.0,332000000.0,571000000.0,33000000.0,122000000.0,136000000,0.23247863247863249,14000000.0,0.023931623931623933,3000000.0,-26000000.0,-0.044444444444444446,-20000000.0,-6000000.0,-0.010256410256410256,-0.03,-0.03,198000000,198000000,https://www.sedar.com/ModifyCompanyDocumentSearchForm.do?lang=EN&company_search=TransAlta Corp&document_selection=0&industry_group=A&FromDate=13&FromMonth=05&FromYear=2000&ToDate=13&ToMonth=11&ToYear=2020&Variable=Issuer,https://www.sedar.com/ModifyCompanyDocumentSearchForm.do?lang=EN&company_search=TransAlta Corp&document_selection=0&industry_group=A&FromDate=13&FromMonth=05&FromYear=2000&ToDate=13&ToMonth=11&ToYear=2020&Variable=Issuer,1620598569,18:16:09,20210509
47,2009-03-31,TA.TO,CAD,2009-03-31,2009-03-31,Q1,756000000,375000000.0,381000000.0,0.503968253968254,0.0,0.0,0.0,0.0,296000000.0,671000000.0,33000000.0,121000000.0,206000000,0.2724867724867725,85000000.0,0.11243386243386243,8000000.0,46000000.0,0.06084656084656084,4000000.0,42000000.0,0.05555555555555555,0.21,0.21,198000000,198000000,https://www.sedar.com/ModifyCompanyDocumentSearchForm.do?lang=EN&company_search=TransAlta Corp&document_selection=0&industry_group=A&FromDate=13&FromMonth=05&FromYear=2000&ToDate=13&ToMonth=11&ToYear=2020&Variable=Issuer,https://www.sedar.com/ModifyCompanyDocumentSearchForm.do?lang=EN&company_search=TransAlta Corp&document_selection=0&industry_group=A&FromDate=13&FromMonth=05&FromYear=2000&ToDate=13&ToMonth=11&ToYear=2020&Variable=Issuer,1620598569,18:16:09,20210509
48,2008-12-31,TA.TO,CAD,2008-12-31,2008-12-31,Q4,808050161,398063389.0,409986772.0,0.5073778730427108,0.0,0.0,0.0,0.0,284967424.0,683030813.0,39383741.0,0.0,266870764,0.3302650960055932,125019348.0,0.15471731092198868,-7549278.0,89363717.0,0.11059179406561619,-5672299.0,95036016.0,0.11761153030696568,0.34684677372262773,0.34684677372262773,274000000,274000000,https://www.sedar.com/ModifyCompanyDocumentSearchForm.do?lang=EN&company_search=TransAlta Corp&document_selection=0&industry_group=A&FromDate=13&FromMonth=05&FromYear=2000&ToDate=13&ToMonth=11&ToYear=2020&Variable=Issuer,https://www.sedar.com/ModifyCompanyDocumentSearchForm.do?lang=EN&company_search=TransAlta Corp&document_selection=0&industry_group=A&FromDate=13&FromMonth=05&FromYear=2000&ToDate=13&ToMonth=11&ToYear=2020&Variable=Issuer,1620598569,18:16:09,20210509
49,2008-09-30,TA.TO,CAD,2008-09-30,2008-09-30,Q3,790930381,392803917.0,398126464.0,0.5033647379894994,0.0,0.0,0.0,0.0,273578880.0,666382797.0,39386843.0,0.0,236321056,0.2987886945260736,124547584.0,0.15746971793210204,-4258037.0,71322121.0,0.09017496699244885,10645093.0,60677028.0,0.0767160162987847,0.31,0.31,198000000,198000000,https://www.sedar.com/ModifyCompanyDocumentSearchForm.do?lang=EN&company_search=TransAlta Corp&document_selection=0&industry_group=A&FromDate=13&FromMonth=05&FromYear=2000&ToDate=13&ToMonth=11&ToYear=2020&Variable=Issuer,https://www.sedar.com/ModifyCompanyDocumentSearchForm.do?lang=EN&company_search=TransAlta Corp&document_selection=0&industry_group=A&FromDate=13&FromMonth=05&FromYear=2000&ToDate=13&ToMonth=11&ToYear=2020&Variable=Issuer,1620598569,18:16:09,20210509
50,2008-06-30,TA.TO,CAD,2008-06-30,2008-06-30,Q2,708324852,331772848.0,376552004.0,0.5316091944773385,0.0,0.0,0.0,0.0,282922858.0,614695706.0,34602076.0,0.0,197309849,0.27855841630133854,93629146.0,0.13218390648814904,-1017708.0,50885406.0,0.071839080411088,4070832.0,46814574.0,0.06609195465585613,0.24,0.24,199000000,199000000,https://www.sedar.com/ModifyCompanyDocumentSearchForm.do?lang=EN&company_search=TransAlta Corp&document_selection=0&industry_group=A&FromDate=13&FromMonth=05&FromYear=2000&ToDate=13&ToMonth=11&ToYear=2020&Variable=Issuer,https://www.sedar.com/ModifyCompanyDocumentSearchForm.do?lang=EN&company_search=TransAlta Corp&document_selection=0&industry_group=A&FromDate=13&FromMonth=05&FromYear=2000&ToDate=13&ToMonth=11&ToYear=2020&Variable=Issuer,1620598569,18:16:09,20210509
51,2008-03-31,TA.TO,CAD,2008-03-31,2008-03-31,Q1,803415286,370332270.0,433083016.0,0.5390524969424094,0.0,0.0,0.0,0.0,243802078.0,614134348.0,38061928.0,0.0,388848884,0.4839948788328132,189280938.0,0.2355953904516574,-92583068.0,47320235.0,0.0588988482352575,14401811.0,32918424.0,0.040973111382896936,0.16956,0.16956,200000000,200000000,https://www.sedar.com/ModifyCompanyDocumentSearchForm.do?lang=EN&company_search=TransAlta Corp&document_selection=0&industry_group=A&FromDate=13&FromMonth=05&FromYear=2000&ToDate=13&ToMonth=11&ToYear=2020&Variable=Issuer,https://www.sedar.com/ModifyCompanyDocumentSearchForm.do?lang=EN&company_search=TransAlta Corp&document_selection=0&industry_group=A&FromDate=13&FromMonth=05&FromYear=2000&ToDate=13&ToMonth=11&ToYear=2020&Variable=Issuer,1620598569,18:16:09,20210509
52,2007-12-31,TA.TO,CAD,2007-12-31,2007-12-31,Q4,629199225,348000179.0,281199046.0,0.4469157539092646,0.0,0.0,0.0,0.0,97699752.0,445699931.0,37300010.0,0.0,333498877,0.5300370117270885,183499294.0,0.2916394151629796,-37099911.0,100700069.0,0.1600448077474984,-28799802.0,129499871.0,0.20581695884955994,0.4726272664233577,0.4726272664233577,274000000,274000000,https://www.sedar.com/ModifyCompanyDocumentSearchForm.do?lang=EN&company_search=TransAlta Corp&document_selection=0&industry_group=A&FromDate=13&FromMonth=05&FromYear=2000&ToDate=13&ToMonth=11&ToYear=2020&Variable=Issuer,https://www.sedar.com/ModifyCompanyDocumentSearchForm.do?lang=EN&company_search=TransAlta Corp&document_selection=0&industry_group=A&FromDate=13&FromMonth=05&FromYear=2000&ToDate=13&ToMonth=11&ToYear=2020&Variable=Issuer,1620598569,18:16:09,20210509
53,2007-09-30,TA.TO,CAD,2007-09-30,2007-09-30,Q3,770100368,336099573.0,434000795.0,0.5635639366426065,0.0,0.0,0.0,0.0,305201232.0,641300805.0,40400477.0,0.0,229699891,0.2982726674920898,128799563.0,0.16725035898177884,1299811.0,89299414.0,0.11595815001610284,23399583.0,65899831.0,0.08557304182459499,0.32999,0.32999,201522360,201522360,https://www.sedar.com/ModifyCompanyDocumentSearchForm.do?lang=EN&company_search=TransAlta Corp&document_selection=0&industry_group=A&FromDate=13&FromMonth=05&FromYear=2000&ToDate=13&ToMonth=11&ToYear=2020&Variable=Issuer,https://www.sedar.com/ModifyCompanyDocumentSearchForm.do?lang=EN&company_search=TransAlta Corp&document_selection=0&industry_group=A&FromDate=13&FromMonth=05&FromYear=2000&ToDate=13&ToMonth=11&ToYear=2020&Variable=Issuer,1620598569,18:16:09,20210509
54,2007-06-30,TA.TO,CAD,2007-06-30,2007-06-30,Q2,665500531,255900106.0,409600425.0,0.6154772324291353,0.0,0.0,0.0,0.0,319099894.0,575000000.0,42299681.0,0.0,176900106,0.26581512374480737,90500531.0,0.1359886683546463,14000000.0,63000000.0,0.09466558938027354,5800213.0,57199787.0,0.08595002458382711,0.28028,0.28028,202800000,202800000,https://www.sedar.com/ModifyCompanyDocumentSearchForm.do?lang=EN&company_search=TransAlta Corp&document_selection=0&industry_group=A&FromDate=13&FromMonth=05&FromYear=2000&ToDate=13&ToMonth=11&ToYear=2020&Variable=Issuer,https://www.sedar.com/ModifyCompanyDocumentSearchForm.do?lang=EN&company_search=TransAlta Corp&document_selection=0&industry_group=A&FromDate=13&FromMonth=05&FromYear=2000&ToDate=13&ToMonth=11&ToYear=2020&Variable=Issuer,1620598569,18:16:09,20210509
55,2007-03-31,TA.TO,CAD,2007-03-31,2007-03-31,Q1,723700415,290699954.0,433000461.0,0.5983145125044594,0.0,0.0,0.0,0.0,280900600.0,571600554.0,0.0,0.0,260799123,0.3603689007142548,152099861.0,0.21016964733950028,-8799585.0,90000000.0,0.12436085172066676,24000231.0,65999769.0,0.09119763873563622,0.33015,0.33015,202600000,202600000,https://www.sedar.com/ModifyCompanyDocumentSearchForm.do?lang=EN&company_search=TransAlta Corp&document_selection=0&industry_group=A&FromDate=13&FromMonth=05&FromYear=2000&ToDate=13&ToMonth=11&ToYear=2020&Variable=Issuer,https://www.sedar.com/ModifyCompanyDocumentSearchForm.do?lang=EN&company_search=TransAlta Corp&document_selection=0&industry_group=A&FromDate=13&FromMonth=05&FromYear=2000&ToDate=13&ToMonth=11&ToYear=2020&Variable=Issuer,1620598569,18:16:09,20210509
56,2006-12-31,TA.TO,CAD,2006-12-31,2006-12-31,Q4,779801014,347600376.0,432200638.0,0.5542447755780938,0.0,0.0,0.0,0.0,603501005.0,951101381.0,51399726.0,0.0,-44099730,-0.05655254251823787,-171300367.0,-0.21967189568183865,-18300268.0,-247399897.0,-0.317260291482514,-101399968.0,-145999929.0,-0.18722715972256995,-0.5328464562043795,-0.5328464562043795,274000000,274000000,https://www.sedar.com/ModifyCompanyDocumentSearchForm.do?lang=EN&company_search=TransAlta Corp&document_selection=0&industry_group=A&FromDate=13&FromMonth=05&FromYear=2000&ToDate=13&ToMonth=11&ToYear=2020&Variable=Issuer,https://www.sedar.com/ModifyCompanyDocumentSearchForm.do?lang=EN&company_search=TransAlta Corp&document_selection=0&industry_group=A&FromDate=13&FromMonth=05&FromYear=2000&ToDate=13&ToMonth=11&ToYear=2020&Variable=Issuer,1620598569,18:16:09,20210509
57,2006-09-30,TA.TO,CAD,2006-09-30,2006-09-30,Q3,684000224,302100145.0,381900079.0,0.5583332659844276,0.0,0.0,0.0,0.0,283700682.0,585800827.0,48599531.0,0.0,208099163,0.30423844276401873,98199397.0,0.1435663228671691,1600536.0,38999665.0,0.057017035421321735,3699564.0,35300101.0,0.05160831789435204,0.17967,0.17967,201100000,201100000,https://www.sedar.com/ModifyCompanyDocumentSearchForm.do?lang=EN&company_search=TransAlta Corp&document_selection=0&industry_group=A&FromDate=13&FromMonth=05&FromYear=2000&ToDate=13&ToMonth=11&ToYear=2020&Variable=Issuer,https://www.sedar.com/ModifyCompanyDocumentSearchForm.do?lang=EN&company_search=TransAlta Corp&document_selection=0&industry_group=A&FromDate=13&FromMonth=05&FromYear=2000&ToDate=13&ToMonth=11&ToYear=2020&Variable=Issuer,1620598569,18:16:09,20210509
58,2006-06-30,TA.TO,CAD,2006-06-30,2006-06-30,Q2,599000558,241200223.0,357800335.0,0.5973288842912897,0.0,0.0,0.0,0.0,282100390.0,523300613.0,40600112.0,0.0,181999963,0.3038393880761627,75699945.0,0.12637708594588654,799777.0,34500836.0,0.05759733532668929,-51899610.0,86400446.0,0.1442410108739832,0.42871,0.42871,200500000,200500000,https://www.sedar.com/ModifyCompanyDocumentSearchForm.do?lang=EN&company_search=TransAlta Corp&document_selection=0&industry_group=A&FromDate=13&FromMonth=05&FromYear=2000&ToDate=13&ToMonth=11&ToYear=2020&Variable=Issuer,https://www.sedar.com/ModifyCompanyDocumentSearchForm.do?lang=EN&company_search=TransAlta Corp&document_selection=0&industry_group=A&FromDate=13&FromMonth=05&FromYear=2000&ToDate=13&ToMonth=11&ToYear=2020&Variable=Issuer,1620598569,18:16:09,20210509
59,2006-03-31,TA.TO,CAD,2006-03-31,2006-03-31,Q1,733700374,295300093.0,438400281.0,0.5975195005147973,0.0,0.0,0.0,0.0,284399813.0,579699906.0,41200374.0,0.0,265900281,0.36240990249243077,154000468.0,0.20989558334339897,-1599720.0,92999766.0,0.12675442087208205,23799626.0,69200140.0,0.09431662086082022,0.34968,0.34968,199500000,199500000,https://www.sedar.com/ModifyCompanyDocumentSearchForm.do?lang=EN&company_search=TransAlta Corp&document_selection=0&industry_group=A&FromDate=13&FromMonth=05&FromYear=2000&ToDate=13&ToMonth=11&ToYear=2020&Variable=Issuer,https://www.sedar.com/ModifyCompanyDocumentSearchForm.do?lang=EN&company_search=TransAlta Corp&document_selection=0&industry_group=A&FromDate=13&FromMonth=05&FromYear=2000&ToDate=13&ToMonth=11&ToYear=2020&Variable=Issuer,1620598569,18:16:09,20210509
60,2005-12-31,TA.TO,CAD,2005-12-31,2005-12-31,Q4,810100291,383999977.0,426100314.0,0.5259846450295869,0.0,0.0,0.0,0.0,331699245.0,715699222.0,46399570.0,0.0,206201162,0.25453781993518626,94401069.0,0.11653010133284843,-1700220.0,70998396.0,0.0876414893177714,12799233.0,70199395.0,0.08665519044974643,0.2562021715328467,0.2562021715328467,274000000,274000000,https://www.sedar.com/ModifyCompanyDocumentSearchForm.do?lang=EN&company_search=TransAlta Corp&document_selection=0&industry_group=A&FromDate=13&FromMonth=05&FromYear=2000&ToDate=13&ToMonth=11&ToYear=2020&Variable=Issuer,https://www.sedar.com/ModifyCompanyDocumentSearchForm.do?lang=EN&company_search=TransAlta Corp&document_selection=0&industry_group=A&FromDate=13&FromMonth=05&FromYear=2000&ToDate=13&ToMonth=11&ToYear=2020&Variable=Issuer,1620598569,18:16:09,20210509
61,2005-09-30,TA.TO,CAD,2005-09-30,2005-09-30,Q3,722900116,304800232.0,418099884.0,0.5783646658039823,0.0,0.0,0.0,0.0,298299652.0,603099884.0,0.0,0.0,212701022,0.29423293383452714,119800232.0,0.1657216942540925,-900116.0,56900116.0,0.07871089620906908,4800232.0,52099884.0,0.07207065381076797,0.26981,0.26981,196100000,196100000,https://www.sedar.com/ModifyCompanyDocumentSearchForm.do?lang=EN&company_search=TransAlta Corp&document_selection=0&industry_group=A&FromDate=13&FromMonth=05&FromYear=2000&ToDate=13&ToMonth=11&ToYear=2020&Variable=Issuer,https://www.sedar.com/ModifyCompanyDocumentSearchForm.do?lang=EN&company_search=TransAlta Corp&document_selection=0&industry_group=A&FromDate=13&FromMonth=05&FromYear=2000&ToDate=13&ToMonth=11&ToYear=2020&Variable=Issuer,1620598569,18:16:09,20210509
62,2005-06-30,TA.TO,CAD,2005-06-30,2005-06-30,Q2,621200442,241400516.0,379799926.0,0.6113967414079851,0.0,0.0,0.0,0.0,288799558.0,530200074.0,51799435.0,0.0,188700324,0.30376720820169667,91000368.0,0.14649115140198177,1900086.0,33900822.0,0.054573080938020324,9100282.0,24800540.0,0.03992357107820602,0.12972,0.12972,195300000,195300000,https://www.sedar.com/ModifyCompanyDocumentSearchForm.do?lang=EN&company_search=TransAlta Corp&document_selection=0&industry_group=A&FromDate=13&FromMonth=05&FromYear=2000&ToDate=13&ToMonth=11&ToYear=2020&Variable=Issuer,https://www.sedar.com/ModifyCompanyDocumentSearchForm.do?lang=EN&company_search=TransAlta Corp&document_selection=0&industry_group=A&FromDate=13&FromMonth=05&FromYear=2000&ToDate=13&ToMonth=11&ToYear=2020&Variable=Issuer,1620598569,18:16:09,20210509
63,2005-03-31,TA.TO,CAD,2005-03-31,2005-03-31,Q1,712299879,291899637.0,420400242.0,0.590201198110831,0.0,0.0,0.0,0.0,281200726.0,573100363.0,48299879.0,0.0,239899637,0.3367958412920073,139199516.0,0.19542263041715327,-1500605.0,72400242.0,0.1016429233452109,20700121.0,51700121.0,0.07258195954291324,0.27015,0.26014,195100000,195100000,https://www.sedar.com/ModifyCompanyDocumentSearchForm.do?lang=EN&company_search=TransAlta Corp&document_selection=0&industry_group=A&FromDate=13&FromMonth=05&FromYear=2000&ToDate=13&ToMonth=11&ToYear=2020&Variable=Issuer,https://www.sedar.com/ModifyCompanyDocumentSearchForm.do?lang=EN&company_search=TransAlta Corp&document_selection=0&industry_group=A&FromDate=13&FromMonth=05&FromYear=2000&ToDate=13&ToMonth=11&ToYear=2020&Variable=Issuer,1620598569,18:16:09,20210509
64,2004-12-31,TA.TO,CAD,2004-12-31,2004-12-31,Q4,852899711,0.0,0.0,0.0,0.0,0.0,0.0,0.0,0.0,0.0,0.0,0.0,-1403224997,-1.645240324158112,-1507299473.0,-1.767264607503191,0.0,0.0,0.0,0.0,62100346.0,0.07281084188337825,0.22664359854014599,0.22664359854014599,274000000,274000000,https://www.sedar.com/ModifyCompanyDocumentSearchForm.do?lang=EN&company_search=TransAlta Corp&document_selection=0&industry_group=A&FromDate=13&FromMonth=05&FromYear=2000&ToDate=13&ToMonth=11&ToYear=2020&Variable=Issuer,https://www.sedar.com/ModifyCompanyDocumentSearchForm.do?lang=EN&company_search=TransAlta Corp&document_selection=0&industry_group=A&FromDate=13&FromMonth=05&FromYear=2000&ToDate=13&ToMonth=11&ToYear=2020&Variable=Issuer,1620598569,18:16:09,20210509
65,2004-09-30,TA.TO,CAD,2004-09-30,2004-09-30,Q3,683099408,0.0,0.0,0.0,0.0,0.0,0.0,0.0,0.0,0.0,0.0,0.0,784633502,1.1486373620162762,683099408.0,1.0,0.0,0.0,0.0,0.0,35799420.0,0.05240733571240337,0.1808,0.1808,193000000,193000000,https://www.sedar.com/ModifyCompanyDocumentSearchForm.do?lang=EN&company_search=TransAlta Corp&document_selection=0&industry_group=A&FromDate=13&FromMonth=05&FromYear=2000&ToDate=13&ToMonth=11&ToYear=2020&Variable=Issuer,https://www.sedar.com/ModifyCompanyDocumentSearchForm.do?lang=EN&company_search=TransAlta Corp&document_selection=0&industry_group=A&FromDate=13&FromMonth=05&FromYear=2000&ToDate=13&ToMonth=11&ToYear=2020&Variable=Issuer,1620598569,18:16:09,20210509
66,2004-06-30,TA.TO,CAD,2004-06-30,2004-06-30,Q2,656400267,0.0,0.0,0.0,0.0,0.0,0.0,0.0,0.0,0.0,0.0,0.0,761292550,1.1597992692467933,656400267.0,1.0,0.0,0.0,0.0,0.0,25099400.0,0.038237949101870186,0.13064,0.13064,192200000,192200000,https://www.sedar.com/ModifyCompanyDocumentSearchForm.do?lang=EN&company_search=TransAlta Corp&document_selection=0&industry_group=A&FromDate=13&FromMonth=05&FromYear=2000&ToDate=13&ToMonth=11&ToYear=2020&Variable=Issuer,https://www.sedar.com/ModifyCompanyDocumentSearchForm.do?lang=EN&company_search=TransAlta Corp&document_selection=0&industry_group=A&FromDate=13&FromMonth=05&FromYear=2000&ToDate=13&ToMonth=11&ToYear=2020&Variable=Issuer,1620598569,18:16:09,20210509
67,2004-03-31,TA.TO,CAD,2004-03-31,2004-03-31,Q1,701100472,0.0,0.0,0.0,0.0,0.0,0.0,0.0,0.0,0.0,0.0,0.0,802399475,1.144485715023167,701100472.0,1.0,0.0,0.0,0.0,0.0,47199633.0,0.06732220970463132,0.2505,0.24048,191400000,191400000,https://www.sedar.com/ModifyCompanyDocumentSearchForm.do?lang=EN&company_search=TransAlta Corp&document_selection=0&industry_group=A&FromDate=13&FromMonth=05&FromYear=2000&ToDate=13&ToMonth=11&ToYear=2020&Variable=Issuer,https://www.sedar.com/ModifyCompanyDocumentSearchForm.do?lang=EN&company_search=TransAlta Corp&document_selection=0&industry_group=A&FromDate=13&FromMonth=05&FromYear=2000&ToDate=13&ToMonth=11&ToYear=2020&Variable=Issuer,1620598569,18:16:09,20210509
68,2003-12-31,TA.TO,CAD,2003-12-31,2003-12-31,Q4,721399606,0.0,0.0,0.0,0.0,0.0,0.0,0.0,0.0,0.0,0.0,0.0,-1144637103,-1.5866893930629622,-1251301670.0,-1.7345472046182404,0.0,0.0,0.0,0.0,49699536.0,0.06889321200987737,0.18138516788321168,0.18138516788321168,274000000,274000000,https://www.sedar.com/ModifyCompanyDocumentSearchForm.do?lang=EN&company_search=TransAlta Corp&document_selection=0&industry_group=A&FromDate=13&FromMonth=05&FromYear=2000&ToDate=13&ToMonth=11&ToYear=2020&Variable=Issuer,https://www.sedar.com/ModifyCompanyDocumentSearchForm.do?lang=EN&company_search=TransAlta Corp&document_selection=0&industry_group=A&FromDate=13&FromMonth=05&FromYear=2000&ToDate=13&ToMonth=11&ToYear=2020&Variable=Issuer,1620598569,18:16:09,20210509
69,2003-09-30,TA.TO,CAD,2003-09-30,2003-09-30,Q3,630000000,0.0,0.0,0.0,0.0,0.0,0.0,0.0,0.0,0.0,0.0,0.0,732031931,1.161955446031746,630000000.0,1.0,0.0,0.0,0.0,0.0,124200432.0,0.19714354285714286,0.61946,0.61946,189800000,189800000,https://www.sedar.com/ModifyCompanyDocumentSearchForm.do?lang=EN&company_search=TransAlta Corp&document_selection=0&industry_group=A&FromDate=13&FromMonth=05&FromYear=2000&ToDate=13&ToMonth=11&ToYear=2020&Variable=Issuer,https://www.sedar.com/ModifyCompanyDocumentSearchForm.do?lang=EN&company_search=TransAlta Corp&document_selection=0&industry_group=A&FromDate=13&FromMonth=05&FromYear=2000&ToDate=13&ToMonth=11&ToYear=2020&Variable=Issuer,1620598569,18:16:09,20210509
70,2003-06-30,TA.TO,CAD,2003-06-30,2003-06-30,Q2,540999595,0.0,0.0,0.0,0.0,0.0,0.0,0.0,0.0,0.0,0.0,0.0,629606128,1.1637829932201704,540999595.0,1.0,0.0,0.0,0.0,0.0,29100365.0,0.05378999405720442,0.12071,0.12071,188300000,188300000,https://www.sedar.com/ModifyCompanyDocumentSearchForm.do?lang=EN&company_search=TransAlta Corp&document_selection=0&industry_group=A&FromDate=13&FromMonth=05&FromYear=2000&ToDate=13&ToMonth=11&ToYear=2020&Variable=Issuer,https://www.sedar.com/ModifyCompanyDocumentSearchForm.do?lang=EN&company_search=TransAlta Corp&document_selection=0&industry_group=A&FromDate=13&FromMonth=05&FromYear=2000&ToDate=13&ToMonth=11&ToYear=2020&Variable=Issuer,1620598569,18:16:09,20210509
71,2003-03-31,TA.TO,CAD,2003-03-31,2003-03-31,Q1,616199501,0.0,0.0,0.0,0.0,0.0,0.0,0.0,0.0,0.0,0.0,0.0,696996431,1.1311213817422419,616199501.0,1.0,0.0,0.0,0.0,0.0,54200088.0,0.08795866908694559,0.28036,0.28036,172400000,172400000,https://www.sedar.com/ModifyCompanyDocumentSearchForm.do?lang=EN&company_search=TransAlta Corp&document_selection=0&industry_group=A&FromDate=13&FromMonth=05&FromYear=2000&ToDate=13&ToMonth=11&ToYear=2020&Variable=Issuer,https://www.sedar.com/ModifyCompanyDocumentSearchForm.do?lang=EN&company_search=TransAlta Corp&document_selection=0&industry_group=A&FromDate=13&FromMonth=05&FromYear=2000&ToDate=13&ToMonth=11&ToYear=2020&Variable=Issuer,1620598569,18:16:09,20210509
72,2002-12-31,TA.TO,CAD,2002-12-31,2002-12-31,Q4,517599906,0.0,0.0,0.0,0.0,0.0,0.0,0.0,0.0,0.0,0.0,0.0,-929163210,-1.7951379032901138,-1008700063.0,-1.9488026394657034,0.0,0.0,0.0,0.0,-49600504.0,-0.09582788448188011,-0.18102373722627738,-0.18102373722627738,274000000,274000000,https://www.sedar.com/ModifyCompanyDocumentSearchForm.do?lang=EN&company_search=TransAlta Corp&document_selection=0&industry_group=A&FromDate=13&FromMonth=05&FromYear=2000&ToDate=13&ToMonth=11&ToYear=2020&Variable=Issuer,https://www.sedar.com/ModifyCompanyDocumentSearchForm.do?lang=EN&company_search=TransAlta Corp&document_selection=0&industry_group=A&FromDate=13&FromMonth=05&FromYear=2000&ToDate=13&ToMonth=11&ToYear=2020&Variable=Issuer,1620598569,18:16:09,20210509
73,2002-09-30,TA.TO,CAD,2002-09-30,2002-09-30,Q3,450300000,0.0,0.0,0.0,0.0,0.0,0.0,0.0,0.0,0.0,0.0,0.0,524250759,1.1642255363091272,450300000.0,1.0,0.0,0.0,0.0,0.0,73400000.0,0.1630024428159005,0.39972,0.39972,169200000,169200000,https://www.sedar.com/ModifyCompanyDocumentSearchForm.do?lang=EN&company_search=TransAlta Corp&document_selection=0&industry_group=A&FromDate=13&FromMonth=05&FromYear=2000&ToDate=13&ToMonth=11&ToYear=2020&Variable=Issuer,https://www.sedar.com/ModifyCompanyDocumentSearchForm.do?lang=EN&company_search=TransAlta Corp&document_selection=0&industry_group=A&FromDate=13&FromMonth=05&FromYear=2000&ToDate=13&ToMonth=11&ToYear=2020&Variable=Issuer,1620598569,18:16:09,20210509
74,2002-06-30,TA.TO,CAD,2002-06-30,2002-06-30,Q2,1028799818,0.0,0.0,0.0,0.0,0.0,0.0,0.0,0.0,0.0,0.0,0.0,1119302476,1.0879691621407344,1028799818.0,1.0,0.0,0.0,0.0,0.0,130100015.0,0.12645804628243043,0.74269,0.73266,169200000,169200000,https://www.sedar.com/ModifyCompanyDocumentSearchForm.do?lang=EN&company_search=TransAlta Corp&document_selection=0&industry_group=A&FromDate=13&FromMonth=05&FromYear=2000&ToDate=13&ToMonth=11&ToYear=2020&Variable=Issuer,https://www.sedar.com/ModifyCompanyDocumentSearchForm.do?lang=EN&company_search=TransAlta Corp&document_selection=0&industry_group=A&FromDate=13&FromMonth=05&FromYear=2000&ToDate=13&ToMonth=11&ToYear=2020&Variable=Issuer,1620598569,18:16:09,20210509
75,2002-03-31,TA.TO,CAD,2002-03-31,2002-03-31,Q1,1067399618,0.0,0.0,0.0,0.0,0.0,0.0,0.0,0.0,0.0,0.0,0.0,1138209474,1.0663386559315782,1067399618.0,1.0,0.0,0.0,0.0,0.0,56899299.0,0.05330646370907732,0.24027,0.22033,169000000,169000000,https://www.sedar.com/ModifyCompanyDocumentSearchForm.do?lang=EN&company_search=TransAlta Corp&document_selection=0&industry_group=A&FromDate=13&FromMonth=05&FromYear=2000&ToDate=13&ToMonth=11&ToYear=2020&Variable=Issuer,https://www.sedar.com/ModifyCompanyDocumentSearchForm.do?lang=EN&company_search=TransAlta Corp&document_selection=0&industry_group=A&FromDate=13&FromMonth=05&FromYear=2000&ToDate=13&ToMonth=11&ToYear=2020&Variable=Issuer,1620598569,18:16:09,20210509
76,2001-12-31,TA.TO,CAD,2001-12-31,2001-12-31,Q4,2968100123,0.0,0.0,0.0,0.0,0.0,0.0,0.0,0.0,0.0,0.0,0.0,-1510929022,-0.5090559480428956,-1580099495.0,-0.532360577311967,0.0,0.0,0.0,0.0,49998972.0,0.01684544655773393,0.182478,0.182478,274000000,274000000,https://www.sedar.com/ModifyCompanyDocumentSearchForm.do?lang=EN&company_search=TransAlta Corp&document_selection=0&industry_group=A&FromDate=13&FromMonth=05&FromYear=2000&ToDate=13&ToMonth=11&ToYear=2020&Variable=Issuer,https://www.sedar.com/ModifyCompanyDocumentSearchForm.do?lang=EN&company_search=TransAlta Corp&document_selection=0&industry_group=A&FromDate=13&FromMonth=05&FromYear=2000&ToDate=13&ToMonth=11&ToYear=2020&Variable=Issuer,1620598569,18:16:09,20210509
77,2001-09-30,TA.TO,CAD,2001-09-30,2001-09-30,Q3,590700647,0.0,0.0,0.0,0.0,0.0,0.0,0.0,0.0,0.0,0.0,0.0,718832541,1.2169151069170914,590700647.0,1.0,0.0,0.0,0.0,0.0,44700963.0,0.0756744778036446,0.25022,0.25022,168800000,168800000,https://www.sedar.com/ModifyCompanyDocumentSearchForm.do?lang=EN&company_search=TransAlta Corp&document_selection=0&industry_group=A&FromDate=13&FromMonth=05&FromYear=2000&ToDate=13&ToMonth=11&ToYear=2020&Variable=Issuer,https://www.sedar.com/ModifyCompanyDocumentSearchForm.do?lang=EN&company_search=TransAlta Corp&document_selection=0&industry_group=A&FromDate=13&FromMonth=05&FromYear=2000&ToDate=13&ToMonth=11&ToYear=2020&Variable=Issuer,1620598569,18:16:09,20210509
78,2001-06-30,TA.TO,CAD,2001-06-30,2001-06-30,Q2,606000000,0.0,0.0,0.0,0.0,0.0,0.0,0.0,0.0,0.0,0.0,0.0,668997028,1.103955491749175,606000000.0,1.0,0.0,0.0,0.0,0.0,62299546.0,0.10280453135313532,0.35117,0.34116,168800000,168800000,https://www.sedar.com/ModifyCompanyDocumentSearchForm.do?lang=EN&company_search=TransAlta Corp&document_selection=0&industry_group=A&FromDate=13&FromMonth=05&FromYear=2000&ToDate=13&ToMonth=11&ToYear=2020&Variable=Issuer,https://www.sedar.com/ModifyCompanyDocumentSearchForm.do?lang=EN&company_search=TransAlta Corp&document_selection=0&industry_group=A&FromDate=13&FromMonth=05&FromYear=2000&ToDate=13&ToMonth=11&ToYear=2020&Variable=Issuer,1620598569,18:16:09,20210509
79,2001-03-31,TA.TO,CAD,2001-03-31,2001-03-31,Q1,807700000,467200000.0,340500000.0,0.4215674136436796,0.0,0.0,0.0,0.0,163800000.0,631000000.0,36900000.0,0.0,243600000,0.30159712764640334,176700000.0,0.21876934505385662,-1300000.0,131700000.0,0.16305558994676242,61300000.0,70700000.0,0.08753249969047913,0.4,0.39,169000000,173333333,https://www.sedar.com/ModifyCompanyDocumentSearchForm.do?lang=EN&company_search=TransAlta Corp&document_selection=0&industry_group=A&FromDate=13&FromMonth=05&FromYear=2000&ToDate=13&ToMonth=11&ToYear=2020&Variable=Issuer,https://www.sedar.com/ModifyCompanyDocumentSearchForm.do?lang=EN&company_search=TransAlta Corp&document_selection=0&industry_group=A&FromDate=13&FromMonth=05&FromYear=2000&ToDate=13&ToMonth=11&ToYear=2020&Variable=Issuer,1620598569,18:16:09,20210509
80,2000-12-31,TA.TO,CAD,2000-12-31,2000-12-31,Q4,1725900000,1557999340.0,167900660.0,0.0972829596152732,0.0,0.0,0.0,0.0,122799940.0,1680799280.0,6300720.0,0.0,118801680,0.06883462541282809,45100720.0,0.026131710991366824,-1500300.0,11601020.0,0.0067217220001158815,5900300.0,-176899520.0,-0.1024969696969697,-0.6456186861313868,-0.6456186861313868,274000000,274000000,https://www.sedar.com/ModifyCompanyDocumentSearchForm.do?lang=EN&company_search=TransAlta Corp&document_selection=0&industry_group=A&FromDate=13&FromMonth=05&FromYear=2000&ToDate=13&ToMonth=11&ToYear=2020&Variable=Issuer,https://www.sedar.com/ModifyCompanyDocumentSearchForm.do?lang=EN&company_search=TransAlta Corp&document_selection=0&industry_group=A&FromDate=13&FromMonth=05&FromYear=2000&ToDate=13&ToMonth=11&ToYear=2020&Variable=Issuer,1620598569,18:16:09,20210509
81,2000-09-30,TA.TO,CAD,2000-09-30,2000-09-30,Q3,397300000,147300000.0,250000000.0,0.6292474200855777,0.0,0.0,0.0,0.0,121200000.0,268500000.0,44000000.0,0.0,205300000,0.5167379813742764,128800000.0,0.3241882708280896,1200000.0,82700000.0,0.20815504656430908,43400000.0,319400000.0,0.803926503901334,1.87,1.84,169037433,171793478,https://www.sedar.com/ModifyCompanyDocumentSearchForm.do?lang=EN&company_search=TransAlta Corp&document_selection=0&industry_group=A&FromDate=13&FromMonth=05&FromYear=2000&ToDate=13&ToMonth=11&ToYear=2020&Variable=Issuer,https://www.sedar.com/ModifyCompanyDocumentSearchForm.do?lang=EN&company_search=TransAlta Corp&document_selection=0&industry_group=A&FromDate=13&FromMonth=05&FromYear=2000&ToDate=13&ToMonth=11&ToYear=2020&Variable=Issuer,1620598569,18:16:09,20210509
82,2000-06-30,TA.TO,CAD,2000-06-30,2000-06-30,Q2,368200000,84500000.0,283700000.0,0.7705051602390005,0.0,0.0,0.0,0.0,187500000.0,272000000.0,0.0,0.0,181300246,0.4923961053775122,96200000.0,0.2612710483432917,600000.0,77600000.0,0.21075502444323738,34600000.0,53900000.0,0.14638783269961977,0.3,0.3,169000000,169000000,https://www.sedar.com/ModifyCompanyDocumentSearchForm.do?lang=EN&company_search=TransAlta Corp&document_selection=0&industry_group=A&FromDate=13&FromMonth=05&FromYear=2000&ToDate=13&ToMonth=11&ToYear=2020&Variable=Issuer,https://www.sedar.com/ModifyCompanyDocumentSearchForm.do?lang=EN&company_search=TransAlta Corp&document_selection=0&industry_group=A&FromDate=13&FromMonth=05&FromYear=2000&ToDate=13&ToMonth=11&ToYear=2020&Variable=Issuer,1620598569,18:16:09,20210509
83,2000-03-31,TA.TO,CAD,2000-03-31,2000-03-31,Q1,311100478,68499348.0,242601130.0,0.7798159988683785,0.0,0.0,0.0,0.0,103798753.0,172298101.0,30100043.0,0.0,226202696,0.7271049451746583,138802377.0,0.44616574648914553,-1300565.0,102999855.0,0.3310822781828063,44600551.0,96199797.0,0.30922420183488114,0.55073,0.5307,169200000,169200000,https://www.sedar.com/ModifyCompanyDocumentSearchForm.do?lang=EN&company_search=TransAlta Corp&document_selection=0&industry_group=A&FromDate=13&FromMonth=05&FromYear=2000&ToDate=13&ToMonth=11&ToYear=2020&Variable=Issuer,https://www.sedar.com/ModifyCompanyDocumentSearchForm.do?lang=EN&company_search=TransAlta Corp&document_selection=0&industry_group=A&FromDate=13&FromMonth=05&FromYear=2000&ToDate=13&ToMonth=11&ToYear=2020&Variable=Issuer,1620598569,18:16:09,20210509
84,1999-12-31,TA.TO,CAD,1999-12-31,1999-12-31,Q4,-573601139,-467001281.0,-106599858.0,0.18584317699550454,0.0,0.0,0.0,0.0,-51702691.0,-518703972.0,0.0,0.0,27203971,-0.047426633509526556,-54897167.0,0.09570616804510913,1100101.0,-31898313.0,0.05561061656120596,-9799494.0,38600850.0,-0.06729562996910297,0.14087901459854016,0.14087901459854016,274000000,274000000,https://www.sedar.com/ModifyCompanyDocumentSearchForm.do?lang=EN&company_search=TransAlta Corp&document_selection=0&industry_group=A&FromDate=13&FromMonth=05&FromYear=2000&ToDate=13&ToMonth=11&ToYear=2020&Variable=Issuer,https://www.sedar.com/ModifyCompanyDocumentSearchForm.do?lang=EN&company_search=TransAlta Corp&document_selection=0&industry_group=A&FromDate=13&FromMonth=05&FromYear=2000&ToDate=13&ToMonth=11&ToYear=2020&Variable=Issuer,1620598569,18:16:09,20210509
85,1999-09-30,TA.TO,CAD,1999-09-30,1999-09-30,Q3,556400587,248000000.0,308400587.0,0.554277968437873,0.0,0.0,0.0,0.0,211200293.0,459200293.0,32299340.0,0.0,180599487,0.3245853638899917,97200294.0,0.17469480850853236,400587.0,60099780.0,0.10801530660498745,32600147.0,39900220.0,0.07171131902490246,0.22032,0.22032,169600000,169600000,https://www.sedar.com/ModifyCompanyDocumentSearchForm.do?lang=EN&company_search=TransAlta Corp&document_selection=0&industry_group=A&FromDate=13&FromMonth=05&FromYear=2000&ToDate=13&ToMonth=11&ToYear=2020&Variable=Issuer,https://www.sedar.com/ModifyCompanyDocumentSearchForm.do?lang=EN&company_search=TransAlta Corp&document_selection=0&industry_group=A&FromDate=13&FromMonth=05&FromYear=2000&ToDate=13&ToMonth=11&ToYear=2020&Variable=Issuer,1620598569,18:16:09,20210509
86,1999-06-30,TA.TO,CAD,1999-06-30,1999-06-30,Q2,532100323,230699619.0,301400704.0,0.5664358598782508,0.0,0.0,0.0,0.0,194700792.0,425400411.0,0.0,0.0,185899849,0.3493699232353219,106699912.0,0.20052592976907477,0.0,71400704.0,0.13418654511886097,36600176.0,42901144.0,0.08062604389736482,0.25228,0.24218,169600000,169600000,https://www.sedar.com/ModifyCompanyDocumentSearchForm.do?lang=EN&company_search=TransAlta Corp&document_selection=0&industry_group=A&FromDate=13&FromMonth=05&FromYear=2000&ToDate=13&ToMonth=11&ToYear=2020&Variable=Issuer,https://www.sedar.com/ModifyCompanyDocumentSearchForm.do?lang=EN&company_search=TransAlta Corp&document_selection=0&industry_group=A&FromDate=13&FromMonth=05&FromYear=2000&ToDate=13&ToMonth=11&ToYear=2020&Variable=Issuer,1620598569,18:16:09,20210509
87,1999-03-31,TA.TO,CAD,1999-03-31,1999-03-31,Q1,514499623,193699623.0,320800000.0,0.6235184355033045,0.0,0.0,0.0,0.0,155000755.0,348700378.0,34499623.0,0.0,245098868,0.4763829885255329,165799245.0,0.32225338481929267,8200756.0,108099623.0,0.21010632110803315,46099623.0,70200755.0,0.13644471611206604,0.41091,0.40089,169700000,169700000,https://www.sedar.com/ModifyCompanyDocumentSearchForm.do?lang=EN&company_search=TransAlta Corp&document_selection=0&industry_group=A&FromDate=13&FromMonth=05&FromYear=2000&ToDate=13&ToMonth=11&ToYear=2020&Variable=Issuer,https://www.sedar.com/ModifyCompanyDocumentSearchForm.do?lang=EN&company_search=TransAlta Corp&document_selection=0&industry_group=A&FromDate=13&FromMonth=05&FromYear=2000&ToDate=13&ToMonth=11&ToYear=2020&Variable=Issuer,1620598569,18:16:09,20210509
88,1998-12-31,TA.TO,CAD,1998-12-31,1998-12-31,Q4,407299534,96100236.0,311199298.0,0.7640551290196173,0.0,0.0,0.0,0.0,9699301.0,105799537.0,58798769.0,0.0,367298770,0.9017903025639111,301499997.0,0.7402414484471274,999996.0,207000766.0,0.5082273578049319,69100230.0,67999228.0,0.16695140142242343,0.24817236496350364,0.24817236496350364,274000000,274000000,https://www.sedar.com/ModifyCompanyDocumentSearchForm.do?lang=EN&company_search=TransAlta Corp&document_selection=0&industry_group=A&FromDate=13&FromMonth=05&FromYear=2000&ToDate=13&ToMonth=11&ToYear=2020&Variable=Issuer,https://www.sedar.com/ModifyCompanyDocumentSearchForm.do?lang=EN&company_search=TransAlta Corp&document_selection=0&industry_group=A&FromDate=13&FromMonth=05&FromYear=2000&ToDate=13&ToMonth=11&ToYear=2020&Variable=Issuer,1620598569,18:16:09,20210509
89,1998-09-30,TA.TO,CAD,1998-09-30,1998-09-30,Q3,420800306,99499617.0,321300689.0,0.7635467094931248,0.0,0.0,0.0,0.0,223900536.0,323400153.0,38399388.0,0.0,168400918,0.40019200461322857,97400153.0,0.2314640736026461,5199694.0,54599847.0,0.12975239376370606,27100230.0,27499617.0,0.06535075333334002,0.16956,0.16956,159700000,159700000,https://www.sedar.com/ModifyCompanyDocumentSearchForm.do?lang=EN&company_search=TransAlta Corp&document_selection=0&industry_group=A&FromDate=13&FromMonth=05&FromYear=2000&ToDate=13&ToMonth=11&ToYear=2020&Variable=Issuer,https://www.sedar.com/ModifyCompanyDocumentSearchForm.do?lang=EN&company_search=TransAlta Corp&document_selection=0&industry_group=A&FromDate=13&FromMonth=05&FromYear=2000&ToDate=13&ToMonth=11&ToYear=2020&Variable=Issuer,1620598569,18:16:09,20210509
90,1998-06-30,TA.TO,CAD,1998-06-30,1998-06-30,Q2,399800088,89400265.0,310399823.0,0.7763875804849748,0.0,0.0,0.0,0.0,171999118.0,261399383.0,0.0,0.0,206400117,0.5162583080772108,138400705.0,0.346174773728414,3200059.0,84299574.0,0.2108543157699355,50299868.0,53300015.0,0.13331666650358517,0.33013,0.33013,159700000,159700000,https://www.sedar.com/ModifyCompanyDocumentSearchForm.do?lang=EN&company_search=TransAlta Corp&document_selection=0&industry_group=A&FromDate=13&FromMonth=05&FromYear=2000&ToDate=13&ToMonth=11&ToYear=2020&Variable=Issuer,https://www.sedar.com/ModifyCompanyDocumentSearchForm.do?lang=EN&company_search=TransAlta Corp&document_selection=0&industry_group=A&FromDate=13&FromMonth=05&FromYear=2000&ToDate=13&ToMonth=11&ToYear=2020&Variable=Issuer,1620598569,18:16:09,20210509
91,1998-03-31,TA.TO,CAD,1998-03-31,1998-03-31,Q1,428000000,81600000.0,346400000.0,0.8093457943925234,0.0,0.0,0.0,0.0,179001418.0,260601418.0,0.0,0.0,235998582,0.5513985560747664,167398582.0,0.39111818224299066,3600000.0,118100709.0,0.2759362359813084,55500709.0,62600000.0,0.14626168224299066,0.39102,0.39102,159700000,159700000,https://www.sedar.com/ModifyCompanyDocumentSearchForm.do?lang=EN&company_search=TransAlta Corp&document_selection=0&industry_group=A&FromDate=13&FromMonth=05&FromYear=2000&ToDate=13&ToMonth=11&ToYear=2020&Variable=Issuer,https://www.sedar.com/ModifyCompanyDocumentSearchForm.do?lang=EN&company_search=TransAlta Corp&document_selection=0&industry_group=A&FromDate=13&FromMonth=05&FromYear=2000&ToDate=13&ToMonth=11&ToYear=2020&Variable=Issuer,1620598569,18:16:09,20210509
92,1997-12-31,TA.TO,CAD,1997-12-31,1997-12-31,Q4,360599662,85599905.0,274999757.0,0.7626179000689135,0.0,0.0,0.0,0.0,210299914.0,295899819.0,0.0,0.0,119700725,0.33194907709037175,64699843.0,0.1794229163753348,5700086.0,12201313.0,0.03383617425575956,7700594.0,4500719.0,0.01248120692914016,0.016425981751824817,0.016425981751824817,274000000,274000000,https://www.sedar.com/ModifyCompanyDocumentSearchForm.do?lang=EN&company_search=TransAlta Corp&document_selection=0&industry_group=A&FromDate=13&FromMonth=05&FromYear=2000&ToDate=13&ToMonth=11&ToYear=2020&Variable=Issuer,https://www.sedar.com/ModifyCompanyDocumentSearchForm.do?lang=EN&company_search=TransAlta Corp&document_selection=0&industry_group=A&FromDate=13&FromMonth=05&FromYear=2000&ToDate=13&ToMonth=11&ToYear=2020&Variable=Issuer,1620598569,18:16:09,20210509
93,1997-09-30,TA.TO,CAD,1997-09-30,1997-09-30,Q3,450299682,94100262.0,356199420.0,0.7910274740100749,0.0,0.0,0.0,0.0,183900014.0,278000276.0,0.0,0.0,243898633,0.5416362541424136,172299406.0,0.382632750782178,2400221.0,117800028.0,0.26160362245159213,58799890.0,59000138.0,0.13102416092756647,0.37046,0.37046,159600000,159600000,https://www.sedar.com/ModifyCompanyDocumentSearchForm.do?lang=EN&company_search=TransAlta Corp&document_selection=0&industry_group=A&FromDate=13&FromMonth=05&FromYear=2000&ToDate=13&ToMonth=11&ToYear=2020&Variable=Issuer,https://www.sedar.com/ModifyCompanyDocumentSearchForm.do?lang=EN&company_search=TransAlta Corp&document_selection=0&industry_group=A&FromDate=13&FromMonth=05&FromYear=2000&ToDate=13&ToMonth=11&ToYear=2020&Variable=Issuer,1620598569,18:16:09,20210509
94,1997-06-30,TA.TO,CAD,1997-06-30,1997-06-30,Q2,433399586,87199448.0,346200138.0,0.7988012660445873,0.0,0.0,0.0,0.0,187799862.0,274999310.0,53000690.0,0.0,224699793,0.5184587162942053,158400276.0,0.36548321945097567,2899931.0,101500345.0,0.23419575901486903,50800552.0,50699793.0,0.11698163689524152,0.31984,0.31984,159500000,159500000,https://www.sedar.com/ModifyCompanyDocumentSearchForm.do?lang=EN&company_search=TransAlta Corp&document_selection=0&industry_group=A&FromDate=13&FromMonth=05&FromYear=2000&ToDate=13&ToMonth=11&ToYear=2020&Variable=Issuer,https://www.sedar.com/ModifyCompanyDocumentSearchForm.do?lang=EN&company_search=TransAlta Corp&document_selection=0&industry_group=A&FromDate=13&FromMonth=05&FromYear=2000&ToDate=13&ToMonth=11&ToYear=2020&Variable=Issuer,1620598569,18:16:09,20210509
95,1997-03-31,TA.TO,CAD,1997-03-31,1997-03-31,Q1,441399889,84599834.0,356800055.0,0.8083374370762472,0.0,0.0,0.0,0.0,171300194.0,255900028.0,51800055.0,0.0,258499030,0.585634560501668,185499861.0,0.42025352888115475,1700360.0,131099418.0,0.29700827133647056,62700083.0,68399335.0,0.15496001857852756,0.429,0.429,159500000,159500000,https://www.sedar.com/ModifyCompanyDocumentSearchForm.do?lang=EN&company_search=TransAlta Corp&document_selection=0&industry_group=A&FromDate=13&FromMonth=05&FromYear=2000&ToDate=13&ToMonth=11&ToYear=2020&Variable=Issuer,https://www.sedar.com/ModifyCompanyDocumentSearchForm.do?lang=EN&company_search=TransAlta Corp&document_selection=0&industry_group=A&FromDate=13&FromMonth=05&FromYear=2000&ToDate=13&ToMonth=11&ToYear=2020&Variable=Issuer,1620598569,18:16:09,20210509
96,1996-12-31,TA.TO,CAD,1996-12-31,1996-12-31,Q4,463900000,0.0,0.0,0.0,0.0,0.0,0.0,0.0,0.0,0.0,0.0,0.0,463900000,1.0,463900000.0,1.0,0.0,0.0,0.0,0.0,33300000.0,0.07178271179133434,0.12153284671532846,0.12153284671532846,274000000,274000000,https://www.sedar.com/ModifyCompanyDocumentSearchForm.do?lang=EN&company_search=TransAlta Corp&document_selection=0&industry_group=A&FromDate=13&FromMonth=05&FromYear=2000&ToDate=13&ToMonth=11&ToYear=2020&Variable=Issuer,https://www.sedar.com/ModifyCompanyDocumentSearchForm.do?lang=EN&company_search=TransAlta Corp&document_selection=0&industry_group=A&FromDate=13&FromMonth=05&FromYear=2000&ToDate=13&ToMonth=11&ToYear=2020&Variable=Issuer,1620598569,18:16:09,20210509
97,1996-09-30,TA.TO,CAD,1996-09-30,1996-09-30,Q3,381600000,0.0,0.0,0.0,0.0,0.0,0.0,0.0,0.0,0.0,0.0,0.0,381600000,1.0,381600000.0,1.0,0.0,0.0,0.0,0.0,48600000.0,0.12735849056603774,0.31,0.31,156774194,156774194,https://www.sedar.com/ModifyCompanyDocumentSearchForm.do?lang=EN&company_search=TransAlta Corp&document_selection=0&industry_group=A&FromDate=13&FromMonth=05&FromYear=2000&ToDate=13&ToMonth=11&ToYear=2020&Variable=Issuer,https://www.sedar.com/ModifyCompanyDocumentSearchForm.do?lang=EN&company_search=TransAlta Corp&document_selection=0&industry_group=A&FromDate=13&FromMonth=05&FromYear=2000&ToDate=13&ToMonth=11&ToYear=2020&Variable=Issuer,1620598569,18:16:09,20210509
98,1996-06-30,TA.TO,CAD,1996-06-30,1996-06-30,Q2,355400000,0.0,0.0,0.0,0.0,0.0,0.0,0.0,0.0,0.0,0.0,0.0,355400000,1.0,355400000.0,1.0,0.0,0.0,0.0,0.0,37600000.0,0.10579628587507034,0.23,0.23,163478261,163478261,https://www.sedar.com/ModifyCompanyDocumentSearchForm.do?lang=EN&company_search=TransAlta Corp&document_selection=0&industry_group=A&FromDate=13&FromMonth=05&FromYear=2000&ToDate=13&ToMonth=11&ToYear=2020&Variable=Issuer,https://www.sedar.com/ModifyCompanyDocumentSearchForm.do?lang=EN&company_search=TransAlta Corp&document_selection=0&industry_group=A&FromDate=13&FromMonth=05&FromYear=2000&ToDate=13&ToMonth=11&ToYear=2020&Variable=Issuer,1620598569,18:16:09,20210509
99,1996-03-31,TA.TO,CAD,1996-03-31,1996-03-31,Q1,374400000,0.0,0.0,0.0,0.0,0.0,0.0,0.0,0.0,0.0,0.0,0.0,374400000,1.0,374400000.0,1.0,0.0,0.0,0.0,0.0,61500000.0,0.1642628205128205,0.39,0.39,157692308,157692308,https://www.sedar.com/ModifyCompanyDocumentSearchForm.do?lang=EN&company_search=TransAlta Corp&document_selection=0&industry_group=A&FromDate=13&FromMonth=05&FromYear=2000&ToDate=13&ToMonth=11&ToYear=2020&Variable=Issuer,https://www.sedar.com/ModifyCompanyDocumentSearchForm.do?lang=EN&company_search=TransAlta Corp&document_selection=0&industry_group=A&FromDate=13&FromMonth=05&FromYear=2000&ToDate=13&ToMonth=11&ToYear=2020&Variable=Issuer,1620598569,18:16:09,20210509
