,date,symbol,reportedCurrency,fillingDate,acceptedDate,period,revenue,costOfRevenue,grossProfit,grossProfitRatio,researchAndDevelopmentExpenses,generalAndAdministrativeExpenses,sellingAndMarketingExpenses,otherExpenses,operatingExpenses,costAndExpenses,interestExpense,depreciationAndAmortization,ebitda,ebitdaratio,operatingIncome,operatingIncomeRatio,totalOtherIncomeExpensesNet,incomeBeforeTax,incomeBeforeTaxRatio,incomeTaxExpense,netIncome,netIncomeRatio,eps,epsdiluted,weightedAverageShsOut,weightedAverageShsOutDil,link,finalLink,timestamp,est_time,est_date
0,2019-09-30,TRNX,USD,2019-11-19 00:00:00,2019-11-19 17:22:18,Q3,5319000.0,2867000.0,2452000.0,0.4609889076894153,0.0,10476000.0,0.0,0.0,10476000.0,13343000.0,240000.0,792968.0,-7231032.0,-1.3594720812182741,-8024000.0,-1.5085542395187066,0.0,-8264000.0,-1.5536755029140816,0.0,-8264000.0,-1.5536755029140816,-0.49,-0.49,16758496.0,16758496.0,https://www.sec.gov/Archives/edgar/data/1353487/000149315219018036/0001493152-19-018036-index.html,https://www.sec.gov/Archives/edgar/data/1353487/000149315219018036/form10-q.htm,1620599033,18:23:53,20210509
1,2019-06-30,TRNX,USD,2019-08-19,2019-08-19 17:04:50,Q2,5860061.0,3763828.0,2096233.0,0.35771521832281267,2335.0,7546570.0,0.0,49675.0,7548905.0,11312733.0,-28169.0,736429.0,-4716243.0,-0.8048112468453826,-5452672.0,-0.9304804165007838,49675.0,-5374828.0,-0.9171965957350956,0.0,-5374828.0,-0.9171965957350956,-1.1,-1.1,5582591.0,5582591.0,https://www.sec.gov/Archives/edgar/data/1353487/000149315219013048/form10-q.htm,https://www.sec.gov/Archives/edgar/data/1353487/000149315219013048/form10-q.htm,1620599033,18:23:53,20210509
2,2019-03-31,TRNX,USD,2019-04-12 00:00:00,2019-04-12 11:01:44,Q1,4913332.0,3112865.0,1800467.0,0.36644521477482084,25173.0,7939058.0,0.0,-8534.0,7964231.0,11077096.0,0.0,644603.0,-5519161.0,-1.1233030863780424,-6163764.0,-1.2544977624145894,-8534.0,-6162398.0,-1.2542197433432138,0.0,-6162398.0,-1.2542197433432138,-3.0,-3.0,3077965.0,3077965.0,https://www.sec.gov/Archives/edgar/data/1353487/000149315219005182/0001493152-19-005182-index.html,https://www.sec.gov/Archives/edgar/data/1353487/000149315219005182/form10k.htm,1620599033,18:23:53,20210509
3,2018-12-31,TRNX,USD,2019-04-12,2019-04-12 11:01:44,Q4,3034898.0,1371018.0,1663880.0,0.5482490680082164,2940.0,6768736.0,0.0,268582.0,6771676.0,8142694.0,85613.0,75599.0,-5032197.0,-1.658110750344822,-5107796.0,-1.683020648469899,283656.0,-4909753.0,-1.617765407601837,0.0,-4909753.0,-1.617765407601837,-1.5951295742479203,-1.5951295742479203,3077965.0,3077965.0,https://www.sec.gov/Archives/edgar/data/1353487/000149315219005182/form10k.htm,https://www.sec.gov/Archives/edgar/data/1353487/000149315219005182/form10k.htm,1620599033,18:23:53,20210509
4,2018-09-30,TRNX,USD,2018-11-14 00:00:00,2018-11-14 16:06:58,Q3,2598820.0,2009483.0,589337.0,0.226770996067446,4500.0,4133073.0,0.0,0.0,4137573.0,6147056.0,64352.0,408880.0,-3139356.0,-1.2079928582972272,-3548236.0,-1.365325801710007,0.0,-3612588.0,-1.3900878090825837,0.0,-3612588.0,-1.3900878090825837,-10.0,-10.0,393666.0,393666.0,https://www.sec.gov/Archives/edgar/data/1353487/000149315218016071/0001493152-18-016071-index.html,https://www.sec.gov/Archives/edgar/data/1353487/000149315218016071/form10-q.htm,1620599033,18:23:53,20210509
5,2018-06-30,TRNX,USD,2018-08-14 00:00:00,2018-08-14 16:38:58,Q2,2907712.0,2374515.0,533197.0,0.18337338773578676,2440.0,3951595.0,0.0,19542.0,3954035.0,6328550.0,93765.0,420263.0,-3000575.0,-1.0319367942904938,-3420838.0,-1.1764707096163582,19542.0,-3495061.0,-1.2019969653115576,0.0,-3495060.0,-1.201996621398543,-24.0,-24.0,159721.0,159721.0,https://www.sec.gov/Archives/edgar/data/1353487/000149315218011842/0001493152-18-011842-index.html,https://www.sec.gov/Archives/edgar/data/1353487/000149315218011842/form10-q.htm,1620599033,18:23:53,20210509
6,2018-03-31,TRNX,USD,2018-04-16 00:00:00,2018-04-13 20:17:25,Q1,1171753.0,917085.0,254668.0,0.21733931980545387,1152.0,3153994.0,0.0,0.0,3155146.0,4072231.0,118963.0,159211.0,-2741267.0,-2.3394580598470838,-2900478.0,-2.4753322585903343,0.0,-3019441.0,-2.576857921422006,0.0,-3019441.0,-2.576857921422006,-62.0,-62.0,63506.0,63506.0,https://www.sec.gov/Archives/edgar/data/1353487/000149315218005157/0001493152-18-005157-index.html,https://www.sec.gov/Archives/edgar/data/1353487/000149315218005157/form10-k.htm,1620599033,18:23:53,20210509
7,2017-12-31,TRNX,USD,2018-04-16,2018-04-13 20:17:25,Q4,1001949.0,1301416.0,-299467.0,-0.2988844741598624,45926.0,3297076.0,0.0,0.0,2816400.0,4117816.0,998914.0,146460.0,-2969407.0,-2.9636308834082374,-3115867.0,-3.1098059881291364,238384.0,-3876397.0,-3.8688565984895438,0.0,-3876397.0,-3.8688565984895438,-61.03985450193682,-61.03985450193682,63506.0,63506.0,https://www.sec.gov/Archives/edgar/data/1353487/000149315218005157/form10-k.htm,https://www.sec.gov/Archives/edgar/data/1353487/000149315218005157/form10-k.htm,1620599033,18:23:53,20210509
8,2017-09-30,TRNX,USD,2017-11-16 00:00:00,2017-11-16 16:47:26,Q3,879511.0,552374.0,327137.0,0.3719532785832127,1470.0,2453160.0,0.0,0.0,2620664.0,3173038.0,27233.0,166034.0,-2127493.0,-2.418949848267958,-2293527.0,-2.6077297498268925,-804295.0,-3125055.0,-3.553173297434597,0.0,-3125055.0,-3.553173297434597,-584.997075,-584.997075,7191.0,7191.0,https://www.sec.gov/Archives/edgar/data/1353487/000149315217013425/0001493152-17-013425-index.html,https://www.sec.gov/Archives/edgar/data/1353487/000149315217013425/form10-q.htm,1620599033,18:23:53,20210509
9,2017-06-30,TRNX,USD,2017-08-21 00:00:00,2017-08-21 17:26:21,Q2,966204.0,532657.0,433547.0,0.44871165923552375,26114.0,3305578.0,0.0,0.0,3568599.0,4101256.0,18909.0,193230.0,-2941822.0,-3.044721404589507,-3135052.0,-3.244710226825805,912184.0,-2241777.0,-2.32019014618031,0.0,-2241777.0,-2.32019014618031,-494.997525,-494.997525,4684.0,4684.0,https://www.sec.gov/Archives/edgar/data/1353487/000114420417044450/0001144204-17-044450-index.html,https://www.sec.gov/Archives/edgar/data/1353487/000114420417044450/v473470_10q.htm,1620599033,18:23:53,20210509
10,2017-03-31,TRNX,USD,2017-05-15 00:00:00,2017-05-15 09:02:21,Q1,871788.0,503388.0,368400.0,0.42257980151137664,98141.0,2607866.0,0.0,0.0,2873345.0,3376733.0,0.0,167338.0,-2337607.0,-2.681393870986983,-2504945.0,-2.8733419134009646,723786.0,-1781159.0,-2.043110251574924,0.0,-1781159.0,-2.043110251574924,-449.99775,-449.99775,3945.0,3945.0,https://www.sec.gov/Archives/edgar/data/1353487/000114420417027066/0001144204-17-027066-index.html,https://www.sec.gov/Archives/edgar/data/1353487/000114420417027066/v466734_10q.htm,1620599033,18:23:53,20210509
11,2016-12-31,TRNX,USD,2017-03-31 00:00:00,2017-03-31 16:47:26,Q4,1011657.0,547884.0,463773.0,0.4584290920736969,206217.0,2934192.0,0.0,0.0,3284296.0,3832180.0,-2498626.0,143887.0,-2676636.0,-2.6457939795800356,-2820523.0,-2.788023015705916,-6308705.0,-6630602.0,-6.554199694165117,0.0,-6630602.0,-6.554199694165117,-1680.7609632446133,-1680.7609632446133,3945.0,3945.0,https://www.sec.gov/Archives/edgar/data/1353487/000114420417018242/0001144204-17-018242-index.html,https://www.sec.gov/Archives/edgar/data/1353487/000114420417018242/v462656_10k.htm,1620599033,18:23:53,20210509
12,2016-09-30,TRNX,USD,2016-11-14 00:00:00,2016-11-14 09:01:39,Q3,1037668.0,632531.0,405137.0,0.39043027249563445,143072.0,2690495.0,0.0,0.0,3011124.0,3643655.0,97734.0,177557.0,-2428430.0,-2.3402764660758546,-2605987.0,-2.511388035479556,-1363957.0,-4067678.0,-3.920018734315793,0.0,-4067678.0,-3.920018734315793,-1199.994,-1199.994,3357.0,3357.0,https://www.sec.gov/Archives/edgar/data/1353487/000114420416133686/0001144204-16-133686-index.html,https://www.sec.gov/Archives/edgar/data/1353487/000114420416133686/v452277_10q.htm,1620599033,18:23:53,20210509
13,2016-06-30,TRNX,USD,2016-08-15,2016-08-15 12:13:29,Q2,837257.0,472275.0,364982.0,0.43592588655574094,167963.0,2301085.0,0.0,0.0,2644538.0,3116813.0,2630773.0,175490.0,-2104066.0,-2.5130467705853756,-2279556.0,-2.72264788469968,-239924.0,-5150253.0,-6.151340627788122,0.0,-5150253.0,-6.151340627788122,-1499.9925,-1499.9925,3371.0,3371.0,https://www.sec.gov/Archives/edgar/data/1353487/000114420416119166/v446036_10q.htm,https://www.sec.gov/Archives/edgar/data/1353487/000114420416119166/v446036_10q.htm,1620599033,18:23:53,20210509
14,2016-03-31,TRNX,USD,2016-05-16 00:00:00,2016-05-16 10:01:51,Q1,665663.0,365763.0,299900.0,0.45052827031095316,161294.0,2552904.0,0.0,0.0,2868151.0,3233914.0,0.0,153953.0,-2414298.0,-3.62690730895363,-2568251.0,-3.858184997513757,957662.0,-1621395.0,-2.43575953598142,0.0,-1621395.0,-2.43575953598142,-599.997,-599.997,3045.0,3045.0,https://www.sec.gov/Archives/edgar/data/1353487/000114420416102187/0001144204-16-102187-index.html,https://www.sec.gov/Archives/edgar/data/1353487/000114420416102187/v439346_10q.htm,1620599033,18:23:53,20210509
15,2015-12-31,TRNX,USD,2016-03-23 00:00:00,2016-03-23 10:01:17,Q4,676661.0,396329.0,280332.0,0.4142872132426725,110732.0,2632423.0,0.0,0.0,2882819.0,3279148.0,0.0,139664.0,-2462823.0,-3.639670381476101,-2602487.0,-3.8460721099634823,490.0,-2609704.0,-3.856737716522749,0.0,-2609704.0,-3.856737716522749,-857.0456486042693,-857.0456486042693,3045.0,3045.0,https://www.sec.gov/Archives/edgar/data/1353487/000114420416089714/0001144204-16-089714-index.html,https://www.sec.gov/Archives/edgar/data/1353487/000114420416089714/v433397_10k.htm,1620599033,18:23:53,20210509
16,2015-09-30,TRNX,USD,2015-11-10 00:00:00,2015-11-10 17:06:17,Q3,623893.0,405979.0,217914.0,0.3492810465897197,104968.0,2183924.0,0.0,0.0,2430740.0,2836719.0,0.0,141848.0,-2070978.0,-3.319444199566272,-2212826.0,-3.546803698711157,8421.0,-2215220.0,-3.550640895153496,0.0,-2215220.0,-3.550640895153496,-749.99625,-749.99625,2745.0,2745.0,https://www.sec.gov/Archives/edgar/data/1353487/000114420415064196/0001144204-15-064196-index.html,https://www.sec.gov/Archives/edgar/data/1353487/000114420415064196/v422957_10q.htm,1620599033,18:23:53,20210509
17,2015-06-30,TRNX,USD,2015-08-10 00:00:00,2015-08-10 16:00:59,Q2,584445.0,372728.0,211717.0,0.3622530777061999,64224.0,2121854.0,0.0,0.0,2325774.0,2698502.0,0.0,139696.0,-1974361.0,-3.3781810093336415,-2114057.0,-3.6172043562696232,520.0,-2119022.0,-3.62569959534259,0.0,-2119022.0,-3.62569959534259,-749.99625,-749.99625,2609.0,2609.0,https://www.sec.gov/Archives/edgar/data/1353487/000114420415047705/0001144204-15-047705-index.html,https://www.sec.gov/Archives/edgar/data/1353487/000114420415047705/v417004_10q.htm,1620599033,18:23:53,20210509
18,2015-03-31,TRNX,USD,2015-05-11 00:00:00,2015-05-11 17:23:21,Q1,545648.0,299325.0,246323.0,0.4514320587631587,62426.0,1758948.0,0.0,0.0,1958297.0,2257622.0,0.0,136923.0,-1575051.0,-2.8865697299357826,-1711974.0,-3.1375062311233615,-480808.0,-2197552.0,-4.027416942790957,0.0,-2197552.0,-4.027416942790957,-899.9955,-899.9955,2476.0,2476.0,https://www.sec.gov/Archives/edgar/data/1353487/000114420415029425/0001144204-15-029425-index.html,https://www.sec.gov/Archives/edgar/data/1353487/000114420415029425/v409788_10q.htm,1620599033,18:23:53,20210509
19,2014-12-31,TRNX,USD,2015-03-12,2015-03-12 08:31:02,Q4,506715.0,344924.0,161791.0,0.31929388314930485,81048.0,2183613.0,0.0,0.0,2371380.0,2716304.0,0.0,106719.0,-2102870.0,-4.150005427113861,-2209589.0,-4.360614941337833,-6574.0,-2216549.0,-4.374350473145654,0.0,-2216549.0,-4.374350473145654,-895.2136510500808,-895.2136510500808,2476.0,2476.0,https://www.sec.gov/Archives/edgar/data/1353487/000114420415015519/v403846_10k.htm,https://www.sec.gov/Archives/edgar/data/1353487/000114420415015519/v403846_10k.htm,1620599033,18:23:53,20210509
20,2014-09-30,TRNX,USD,2014-11-10 00:00:00,2014-11-10 08:30:37,Q3,146400.0,98484.0,47916.0,0.32729508196721313,124351.0,1725460.0,0.0,0.0,1954518.0,2053002.0,0.0,104707.0,-1801895.0,-12.308025956284153,-1906602.0,-13.023237704918033,901.0,-1905701.0,-13.017083333333334,0.0,-1905701.0,-13.017083333333334,-899.9955,-899.9955,2221.0,2221.0,https://www.sec.gov/Archives/edgar/data/1353487/000114420414066224/0001144204-14-066224-index.html,https://www.sec.gov/Archives/edgar/data/1353487/000114420414066224/v392995_10-q.htm,1620599033,18:23:53,20210509
21,2014-06-30,TRNX,USD,2014-08-06 00:00:00,2014-08-06 16:15:02,Q2,178330.0,124842.0,53488.0,0.2999383166040487,106729.0,1478680.0,0.0,0.0,1687681.0,1812523.0,81.0,102272.0,-1531921.0,-8.590371782650143,-1634193.0,-9.163870352716874,0.0,-1634274.0,-9.164324566814333,0.0,-1634274.0,-9.164324566814333,-749.99625,-749.99625,2138.0,2138.0,https://www.sec.gov/Archives/edgar/data/1353487/000121390014005436/0001213900-14-005436-index.html,https://www.sec.gov/Archives/edgar/data/1353487/000121390014005436/f10q0614_magnegascorp.htm,1620599033,18:23:53,20210509
22,2014-03-31,TRNX,USD,2014-05-12 00:00:00,2014-05-12 17:06:28,Q1,191601.0,105600.0,86001.0,0.4488546510717585,74929.0,1345060.0,0.0,0.0,1482931.0,1588531.0,0.0,62942.0,-1333988.0,-6.962322743618248,-1396930.0,-7.290828335969019,0.0,-1396566.0,-7.288928554652638,0.0,-1396566.0,-7.288928554652638,-749.99625,-749.99625,1707.0,1707.0,https://www.sec.gov/Archives/edgar/data/1353487/000121390014003159/0001213900-14-003159-index.html,https://www.sec.gov/Archives/edgar/data/1353487/000121390014003159/f10q0314_magnegascorp.htm,1620599033,18:23:53,20210509
23,2013-12-31,TRNX,USD,2014-03-27,2014-03-27 08:01:21,Q4,597288.0,313446.0,283842.0,0.47521798529352677,103826.0,1277396.0,0.0,0.0,1445840.0,1759286.0,0.0,64618.0,-1097380.0,-1.837271132184139,-1161998.0,-1.945456798060567,-668067.0,-1831334.0,-3.066082024082185,0.0,-1831334.0,-3.066082024082185,-1072.837727006444,-1072.837727006444,1707.0,1707.0,https://www.sec.gov/Archives/edgar/data/1353487/000121390014001764/f10k2013_magnegascorp.htm,https://www.sec.gov/Archives/edgar/data/1353487/000121390014001764/f10k2013_magnegascorp.htm,1620599033,18:23:53,20210509
24,2013-09-30,TRNX,USD,2013-11-14 00:00:00,2013-11-14 14:57:56,Q3,125410.0,84994.0,40416.0,0.32227095127980226,59622.0,1386788.0,0.0,0.0,1559800.0,1644794.0,0.0,113390.0,-1405994.0,-11.211179331791723,-1519384.0,-12.115333705446137,45965.0,-1473416.0,-11.748791962363448,0.0,-1473416.0,-11.748791962363448,-899.9955,-899.9955,1528.0,1528.0,https://www.sec.gov/Archives/edgar/data/1353487/000121390013006438/0001213900-13-006438-index.html,https://www.sec.gov/Archives/edgar/data/1353487/000121390013006438/f10q0913_magnegascorp.htm,1620599033,18:23:53,20210509
25,2013-06-30,TRNX,USD,2013-08-13 00:00:00,2013-08-13 17:23:30,Q2,133475.0,80906.0,52569.0,0.39384903539988764,2821.0,1362467.0,0.0,0.0,1504496.0,1585402.0,0.0,139208.0,-1312719.0,-9.834942873197228,-1451927.0,-10.877894736842105,-1.0,-1451908.0,-10.877752388087657,0.0,-1451908.0,-10.877752388087657,-1049.99475,-1049.99475,1393.0,1393.0,https://www.sec.gov/Archives/edgar/data/1353487/000121390013004223/0001213900-13-004223-index.html,https://www.sec.gov/Archives/edgar/data/1353487/000121390013004223/f10q0613_magnegas.htm,1620599033,18:23:53,20210509
26,2013-03-31,TRNX,USD,2013-04-01 00:00:00,2013-04-01 13:00:07,Q1,130840.0,64504.0,66336.0,0.5070009171507185,13290.0,1450069.0,0.0,0.0,1631050.0,1695554.0,0.0,167691.0,-1397023.0,-10.67733873433201,-1564714.0,-11.95898807704066,0.0,-1564825.0,-11.959836441455213,0.0,-1564825.0,-11.959836441455213,-1049.99475,-1049.99475,1338.0,1338.0,https://www.sec.gov/Archives/edgar/data/1353487/000121390013001510/0001213900-13-001510-index.html,https://www.sec.gov/Archives/edgar/data/1353487/000121390013001510/f10k2012_magnegas.htm,1620599033,18:23:53,20210509
27,2012-12-31,TRNX,USD,2013-04-01 00:00:00,2013-04-01 13:00:07,Q4,155477.0,228949.0,-73472.0,-0.4725586421142677,14477.0,1229524.0,230516.0,0.0,1648669.0,1877618.0,0.0,174152.0,-1547989.0,-9.956385831988012,-1722141.0,-11.076500061102285,0.0,-1721442.0,-11.072004219273591,456500.0,-2177942.0,-14.008129819844736,-1627.7593423019432,-1627.7593423019432,1338.0,1338.0,https://www.sec.gov/Archives/edgar/data/1353487/000121390013001510/0001213900-13-001510-index.html,https://www.sec.gov/Archives/edgar/data/1353487/000121390013001510/f10k2012_magnegas.htm,1620599033,18:23:53,20210509
28,2012-09-30,TRNX,USD,2012-11-13 00:00:00,2012-11-13 17:01:39,Q3,201096.0,133616.0,67480.0,0.3355611250348092,71875.0,1692157.0,293660.0,0.0,2166514.0,2300130.0,0.0,108822.0,-1990212.0,-9.896825396825397,-2099034.0,-10.43796992481203,0.0,-2098385.0,-10.43474261049449,0.0,-2098385.0,-10.43474261049449,-1649.99175,-1649.99175,1274.0,1274.0,https://www.sec.gov/Archives/edgar/data/1353487/000121390012006078/0001213900-12-006078-index.html,https://www.sec.gov/Archives/edgar/data/1353487/000121390012006078/f10q0912_magnegas.htm,1620599033,18:23:53,20210509
29,2012-06-30,TRNX,USD,2012-07-13 00:00:00,2012-07-13 09:01:19,Q2,188973.0,117733.0,71240.0,0.3769850719414943,64216.0,1904740.0,171389.0,0.0,2238087.0,2355820.0,0.0,97742.0,-2069105.0,-10.949209675456283,-2166847.0,-11.466437004228117,0.0,-2166253.0,-11.46329369804152,0.0,-2166253.0,-11.46329369804152,-1799.991,-1799.991,1174.0,1174.0,https://www.sec.gov/Archives/edgar/data/1353487/000121390012003776/0001213900-12-003776-index.html,https://www.sec.gov/Archives/edgar/data/1353487/000121390012003776/f10q0612_magnegascorp.htm,1620599033,18:23:53,20210509
30,2012-03-31,TRNX,USD,2012-05-14,2012-05-14 16:00:04,Q1,131983.0,65475.0,66508.0,0.5039133827841464,49657.0,487630.0,150446.0,0.0,759248.0,824723.0,0.0,71515.0,-621225.0,-4.706856186023957,-692740.0,-5.248706272777555,0.0,-694362.0,-5.260995734299114,0.0,-694362.0,-5.260995734299114,-673.4839961202716,-673.4839961202716,1031.0,1031.0,https://www.sec.gov/Archives/edgar/data/1353487/000121390012002525/f10q0312_magnegas.htm,https://www.sec.gov/Archives/edgar/data/1353487/000121390012002525/f10q0312_magnegas.htm,1620599033,18:23:53,20210509
31,2011-12-31,TRNX,USD,2012-03-14 00:00:00,2012-03-14 16:09:27,Q4,155789.0,-48141.0,203930.0,1.3090141152456207,-46231.0,1316175.0,114230.0,0.0,1415029.0,1366888.0,343.0,30855.0,-1180244.0,-7.575913575412899,-1211099.0,-7.773969920854489,0.0,-1211454.0,-7.7762486439992555,645100.0,-1856554.0,-11.917105829037993,-1800.7313288069836,-1800.7313288069836,1031.0,1031.0,https://www.sec.gov/Archives/edgar/data/1353487/000121390012001097/0001213900-12-001097-index.html,https://www.sec.gov/Archives/edgar/data/1353487/000121390012001097/f10k2011_magnegas.htm,1620599033,18:23:53,20210509
32,2011-09-30,TRNX,USD,2011-11-10 00:00:00,2011-11-10 17:27:43,Q3,61253.0,40491.0,20762.0,0.3389548267023656,48031.0,472981.0,68992.0,0.0,607773.0,648264.0,30.0,17769.0,-569242.0,-9.293291757138427,-587011.0,-9.583383671003869,0.0,-587041.0,-9.583873442933408,-221000.0,-366041.0,-5.975886895335739,-413.138826,-413.138826,886.0,886.0,https://www.sec.gov/Archives/edgar/data/1353487/000121390011005880/0001213900-11-005880-index.html,https://www.sec.gov/Archives/edgar/data/1353487/000121390011005880/f10q0911_magnegas.htm,1620599033,18:23:53,20210509
33,2011-06-30,TRNX,USD,2011-08-15 00:00:00,2011-08-15 14:37:26,Q2,66553.0,6668.0,59885.0,0.8998091746427659,65445.0,618043.0,119566.0,0.0,822687.0,829355.0,7.0,19633.0,-743169.0,-11.166574008684808,-762802.0,-11.461571980226285,0.0,-762809.0,-11.461677159557045,-294100.0,-468709.0,-7.042642705813412,-544.377468,-544.377468,861.0,861.0,https://www.sec.gov/Archives/edgar/data/1353487/000121390011004384/0001213900-11-004384-index.html,https://www.sec.gov/Archives/edgar/data/1353487/000121390011004384/f10q0611_magnegas.htm,1620599033,18:23:53,20210509
34,2011-03-31,TRNX,USD,2011-05-16 00:00:00,2011-05-16 14:37:18,Q1,158988.0,74274.0,84714.0,0.5328326666163484,17059.0,297287.0,99531.0,0.0,429786.0,504060.0,0.0,15909.0,-329163.0,-2.070363801041588,-345072.0,-2.1704279568269302,-390.0,-345413.0,-2.172572772787883,-130000.0,-215413.0,-1.354900998817521,-260.160628,-260.160628,828.0,828.0,https://www.sec.gov/Archives/edgar/data/1353487/000121390011002585/0001213900-11-002585-index.html,https://www.sec.gov/Archives/edgar/data/1353487/000121390011002585/f10q0311_magnegas.htm,1620599033,18:23:53,20210509
35,2010-12-31,TRNX,USD,2011-03-30,2011-03-30 14:21:01,Q4,93632.0,5646.0,87986.0,0.9397001025290499,-12886.0,51044.0,88574.0,0.0,141447.0,147093.0,-161.0,14715.0,-38746.0,-0.4138115174299385,-53461.0,-0.5709693267259057,0.0,-53300.0,-0.5692498291182502,-20100.0,-33200.0,-0.3545796308954204,-40.09661835748792,-40.09661835748792,828.0,828.0,https://www.sec.gov/Archives/edgar/data/1353487/000121390011001579/f10k2010_magnegas.htm,https://www.sec.gov/Archives/edgar/data/1353487/000121390011001579/f10k2010_magnegas.htm,1620599033,18:23:53,20210509
36,2010-09-30,TRNX,USD,2010-11-15 00:00:00,2010-11-15 16:23:23,Q3,444232.0,183308.0,260924.0,0.587359757964307,56310.0,257129.0,34904.0,0.0,362704.0,546012.0,9.0,14361.0,-87419.0,-0.19678681409713844,-101780.0,-0.22911451673900124,0.0,-101789.0,-0.22913477642313027,-38300.0,-63489.0,-0.1429185650741054,-77.331303,-77.331303,821.0,821.0,https://www.sec.gov/Archives/edgar/data/1353487/000121390010004752/0001213900-10-004752-index.html,https://www.sec.gov/Archives/edgar/data/1353487/000121390010004752/f10q0910_magnegas.htm,1620599033,18:23:53,20210509
37,2010-06-30,TRNX,USD,2010-08-16 00:00:00,2010-08-16 14:12:03,Q2,1256192.0,388433.0,867759.0,0.6907853258100672,7587.0,263954.0,127288.0,0.0,412863.0,801296.0,224.0,14034.0,468930.0,0.37329484664764623,454896.0,0.3621229875687793,0.0,454672.0,0.3619446708783371,172300.0,282372.0,0.2247841094355003,367.671875,367.671875,768.0,768.0,https://www.sec.gov/Archives/edgar/data/1353487/000121390010003290/0001213900-10-003290-index.html,https://www.sec.gov/Archives/edgar/data/1353487/000121390010003290/f10q0610_magnegas.htm,1620599033,18:23:53,20210509
38,2010-03-31,TRNX,USD,2010-05-13 00:00:00,2010-05-13 15:54:22,Q1,242182.0,152558.0,89624.0,0.3700687912396462,14563.0,250433.0,68915.0,0.0,347731.0,500289.0,1476.0,13820.0,-244287.0,-1.0086918102914337,-258107.0,-1.0657563320147658,0.0,-259583.0,-1.0718509220338424,-97500.0,-162083.0,-0.6692611341883377,-227.644663,-227.644663,712.0,712.0,https://www.sec.gov/Archives/edgar/data/1353487/000121390010001838/0001213900-10-001838-index.html,https://www.sec.gov/Archives/edgar/data/1353487/000121390010001838/f10q0310_magnegas.htm,1620599033,18:23:53,20210509
39,2009-12-31,TRNX,USD,2010-03-29 00:00:00,2010-03-29 16:17:43,Q4,13213.0,4790.0,8423.0,0.6374782411261636,9712.0,337009.0,-12881.0,0.0,346332.0,351122.0,1088.0,12492.0,-325417.0,-24.628547642473322,-337909.0,-25.57398017104367,0.0,0.0,0.0,0.0,133903.0,10.134186028910921,188.06601123595505,188.06601123595505,712.0,712.0,https://www.sec.gov/Archives/edgar/data/1353487/000121390010001079/0001213900-10-001079-index.html,https://www.sec.gov/Archives/edgar/data/1353487/000121390010001079/f10k2009_magnegas.htm,1620599033,18:23:53,20210509
40,2009-09-30,TRNX,USD,2009-11-16 00:00:00,2009-11-16 14:13:10,Q3,1300.0,888.0,412.0,0.3169230769230769,4093.0,460234.0,18088.0,0.0,494531.0,495419.0,1367.0,12116.0,-482003.0,-370.77153846153846,-494119.0,-380.09153846153845,0.0,0.0,0.0,0.0,-495486.0,-381.14307692307693,-713.956772,-713.956772,694.0,694.0,https://www.sec.gov/Archives/edgar/data/1353487/000121390009003215/0001213900-09-003215-index.html,https://www.sec.gov/Archives/edgar/data/1353487/000121390009003215/f10q0909_magnegas.htm,1620599033,18:23:53,20210509
41,2009-06-30,TRNX,USD,2009-08-13 00:00:00,2009-08-13 17:22:48,Q2,2585.0,2289.0,296.0,0.11450676982591876,15153.0,183895.0,48969.0,0.0,260134.0,262423.0,1945.0,12117.0,-247721.0,-95.83017408123791,-259838.0,-100.51760154738878,0.0,0.0,0.0,0.0,-261783.0,-101.27001934235977,-383.846041,-383.846041,682.0,682.0,https://www.sec.gov/Archives/edgar/data/1353487/000121390009002036/0001213900-09-002036-index.html,https://www.sec.gov/Archives/edgar/data/1353487/000121390009002036/f10q0609_magnegas.htm,1620599033,18:23:53,20210509
42,2009-03-31,TRNX,USD,2009-05-14 00:00:00,2009-05-14 16:41:39,Q1,1466.0,1259.0,207.0,0.14120054570259208,0.0,131516.0,15443.0,0.0,159076.0,160335.0,1503.0,12117.0,-146752.0,-100.10368349249659,-158869.0,-108.36903137789905,13620.0,0.0,0.0,0.0,-160372.0,-109.39427012278308,-241.524096,-241.524096,664.0,664.0,https://www.sec.gov/Archives/edgar/data/1353487/000121390009001149/0001213900-09-001149-index.html,https://www.sec.gov/Archives/edgar/data/1353487/000121390009001149/f10q0309_magnegas.htm,1620599033,18:23:53,20210509
43,2008-12-31,TRNX,USD,2009-03-26 00:00:00,2009-03-26 14:40:48,Q4,3074.0,1202.0,1872.0,0.6089785296031229,289.0,159403.0,36256.0,0.0,197615.0,198817.0,0.0,1647.0,-194096.0,-63.141184124918674,-195743.0,-63.67696811971373,11079.0,0.0,0.0,0.0,-196451.0,-63.907286922576446,-295.85993975903614,-295.85993975903614,664.0,664.0,https://www.sec.gov/Archives/edgar/data/1353487/000121390009000632/0001213900-09-000632-index.html,https://www.sec.gov/Archives/edgar/data/1353487/000121390009000632/f10k2008_magnegas.htm,1620599033,18:23:53,20210509
44,2008-09-30,TRNX,USD,2008-11-12 00:00:00,2008-11-12 08:29:27,Q3,1072.0,1102.0,-30.0,-0.027985074626865673,1102.0,486993.0,157.0,0.0,489918.0,491020.0,0.0,1666.0,-488282.0,-455.4869402985075,-489948.0,-457.0410447761194,0.0,0.0,0.0,0.0,-490421.0,-457.48227611940297,-1070.78821,-1070.78821,458.0,458.0,https://www.sec.gov/Archives/edgar/data/1353487/000121390008002193/0001213900-08-002193-index.html,https://www.sec.gov/Archives/edgar/data/1353487/000121390008002193/f10q0908_magnegas.htm,1620599033,18:23:53,20210509
45,2008-06-30,TRNX,USD,2008-08-14 00:00:00,2008-08-14 16:55:25,Q2,7297.0,7319.0,-22.0,-0.003014937645607784,0.0,66947.0,0.0,0.0,66947.0,74266.0,0.0,3038.0,-63931.0,-8.761271755515965,-66969.0,-9.177607235850349,0.0,0.0,0.0,0.0,-66969.0,-9.177607235850349,-146.220524,-146.220524,458.0,458.0,https://www.sec.gov/Archives/edgar/data/1353487/000121390008001565/0001213900-08-001565-index.html,https://www.sec.gov/Archives/edgar/data/1353487/000121390008001565/f10q063008_ea3magnegas.htm,1620599033,18:23:53,20210509
46,2008-03-31,TRNX,USD,2008-05-13 00:00:00,2008-05-13 17:24:12,Q1,782.0,725.0,57.0,0.07289002557544758,0.0,223642.0,0.0,0.0,223642.0,224367.0,0.0,260.0,-223325.0,-285.5818414322251,-223585.0,-285.9143222506394,0.0,0.0,0.0,0.0,-223585.0,-285.9143222506394,-488.176856,-488.176856,458.0,458.0,https://www.sec.gov/Archives/edgar/data/1353487/000121390008000873/0001213900-08-000873-index.html,https://www.sec.gov/Archives/edgar/data/1353487/000121390008000873/f10q0308_magnegas.htm,1620599033,18:23:53,20210509
47,2007-12-31,TRNX,USD,2008-08-19,2008-08-19 16:41:47,Q4,0.0,0.0,0.0,0.0,0.0,152166.0,0.0,0.0,152166.0,152166.0,0.0,0.0,-152166.0,0.0,-152166.0,0.0,0.0,0.0,0.0,0.0,-152166.0,0.0,-332.2401746724891,-332.2401746724891,458.0,458.0,https://www.sec.gov/Archives/edgar/data/1353487/000121390008001620/0001213900-08-001620-index.htm,https://www.sec.gov/Archives/edgar/data/1353487/000121390008001620/f10ksb2007a2_magnegas.htm,1620599033,18:23:53,20210509
48,2007-09-30,TRNX,USD,2007-11-08,2007-11-08 15:52:07,Q3,0.0,0.0,0.0,0.0,0.0,10768.0,0.0,0.0,10768.0,10768.0,0.0,0.0,-10768.0,0.0,-10768.0,0.0,0.0,0.0,0.0,0.0,-10768.0,0.0,-23.510917,-23.510917,458.0,458.0,https://www.sec.gov/Archives/edgar/data/1353487/000121390007001475/0001213900-07-001475-index.htm,https://www.sec.gov/Archives/edgar/data/1353487/000121390007001475/f10qsb0907_magnegas.htm,1620599033,18:23:53,20210509
49,2007-06-30,TRNX,USD,2008-09-19,2008-09-19 16:54:53,Q2,0.0,0.0,0.0,0.0,0.0,256937.0,0.0,0.0,256937.0,256937.0,0.0,0.0,-256937.0,0.0,-256937.0,0.0,0.0,0.0,0.0,0.0,-256937.0,0.0,-560.997817,-560.997817,458.0,458.0,https://www.sec.gov/Archives/edgar/data/1353487/000121390008001847/0001213900-08-001847-index.htm,https://www.sec.gov/Archives/edgar/data/1353487/000121390008001847/f10qa10607_magnegas.htm,1620599033,18:23:53,20210509
50,2007-03-31,TRNX,USD,2007-05-18,2007-05-18 14:40:12,Q1,0.0,0.0,0.0,0.0,0.0,750.0,0.0,0.0,750.0,750.0,0.0,0.0,-750.0,0.0,-750.0,0.0,0.0,0.0,0.0,0.0,-750.0,0.0,-1.637555,-1.637555,458.0,458.0,https://www.sec.gov/Archives/edgar/data/1353487/000121390007000605/0001213900-07-000605-index.htm,https://www.sec.gov/Archives/edgar/data/1353487/000121390007000605/f10qsb0307_magnegas.htm,1620599033,18:23:53,20210509
51,2006-12-31,TRNX,USD,2007-03-19,2007-03-19 15:48:48,Q4,0.0,0.0,0.0,0.0,0.0,250.0,0.0,0.0,250.0,250.0,0.0,0.0,-250.0,0.0,-250.0,0.0,0.0,0.0,0.0,0.0,-250.0,0.0,-0.5458515283842795,-0.5458515283842795,458.0,458.0,https://www.sec.gov/Archives/edgar/data/1353487/000121390007000250/0001213900-07-000250-index.htm,https://www.sec.gov/Archives/edgar/data/1353487/000121390007000250/f10ksb2006_4307.htm,1620599033,18:23:53,20210509
52,2006-09-30,TRNX,USD,2006-11-16,2006-11-16 11:50:20,Q3,0.0,0.0,0.0,0.0,0.0,250.0,0.0,0.0,250.0,250.0,0.0,0.0,-250.0,0.0,-250.0,0.0,0.0,0.0,0.0,0.0,-250.0,0.0,-0.545852,-0.545852,458.0,458.0,https://www.sec.gov/Archives/edgar/data/1353487/000121390006001585/0001213900-06-001585-index.htm,https://www.sec.gov/Archives/edgar/data/1353487/000121390006001585/f10qsb0906_4307.htm,1620599033,18:23:53,20210509
53,2006-06-30,TRNX,USD,2006-08-08,2006-08-08 16:14:56,Q2,0.0,0.0,0.0,0.0,0.0,250.0,0.0,0.0,250.0,250.0,0.0,0.0,-250.0,0.0,-250.0,0.0,0.0,0.0,0.0,0.0,-250.0,0.0,-0.545852,-0.545852,458.0,458.0,https://www.sec.gov/Archives/edgar/data/1353487/000121390006000930/0001213900-06-000930-index.htm,https://www.sec.gov/Archives/edgar/data/1353487/000121390006000930/f10qsb060630_4307.htm,1620599033,18:23:53,20210509
