,date,symbol,reportedCurrency,fillingDate,acceptedDate,period,revenue,costOfRevenue,grossProfit,grossProfitRatio,researchAndDevelopmentExpenses,generalAndAdministrativeExpenses,sellingAndMarketingExpenses,otherExpenses,operatingExpenses,costAndExpenses,interestExpense,depreciationAndAmortization,ebitda,ebitdaratio,operatingIncome,operatingIncomeRatio,totalOtherIncomeExpensesNet,incomeBeforeTax,incomeBeforeTaxRatio,incomeTaxExpense,netIncome,netIncomeRatio,eps,epsdiluted,weightedAverageShsOut,weightedAverageShsOutDil,link,finalLink,timestamp,est_time,est_date
0,2020-09-30,VOD,EUR,2020-09-30,2020-09-30,Q2,10713500000.0,7328500000.0,3385000000.0,0.31595650347692167,0.0,2117500000.0,0.0,-527500000.0,7328500000.0,0.0,-805000000.0,3434500000.0,5229500000.0,0.488122462313903,1795000000.0,0.16754562001213422,0.0,1022500000.0,0.09544033229103467,245000000.0,657000000.0,0.06132449712978952,0.0,0.0,0.0,0.0,,,1620599591,18:33:11,20210509
1,2020-03-31,VOD,EUR,2020-03-31,2020-03-31,Q1,11517500000.0,7836000000.0,3681500000.0,0.31964401996961145,0.0,2575500000.0,0.0,681000000.0,7836000000.0,0.0,-1046500000.0,2594500000.0,3019500000.0,0.2621662687215107,425000000.0,0.03690036900369004,0.0,653000000.0,0.056696331669199046,-65000000.0,604000000.0,0.05244193618406772,0.0,0.0,0.0,0.0,,,1620599591,18:33:11,20210509
2,2018-09-30,VOD,EUR,2018-09-30,2018-09-30,Q2,0.0,0.0,0.0,0.0,0.0,0.0,0.0,0.0,0.0,0.0,0.0,0.0,0.0,0.0,0.0,0.0,0.0,0.0,0.0,0.0,0.0,0.0,0.0,0.0,0.0,0.0,,,1620599591,18:33:11,20210509
3,2017-09-30,VOD,EUR,2017-09-30,2017-09-30,Q2,0.0,0.0,0.0,0.0,0.0,0.0,0.0,0.0,0.0,0.0,0.0,0.0,0.0,0.0,0.0,0.0,0.0,0.0,0.0,0.0,0.0,0.0,0.0,0.0,0.0,0.0,,,1620599591,18:33:11,20210509
4,2016-09-30,VOD,EUR,2016-09-30,2016-09-30,Q2,0.0,0.0,0.0,0.0,0.0,0.0,0.0,0.0,0.0,0.0,0.0,0.0,0.0,0.0,0.0,0.0,0.0,0.0,0.0,0.0,0.0,0.0,0.0,0.0,0.0,0.0,,,1620599591,18:33:11,20210509
5,2015-09-30,VOD,EUR,2015-09-30,2015-09-30,Q2,0.0,0.0,0.0,0.0,0.0,0.0,0.0,0.0,0.0,0.0,0.0,0.0,0.0,0.0,0.0,0.0,0.0,0.0,0.0,0.0,0.0,0.0,0.0,0.0,0.0,0.0,,,1620599591,18:33:11,20210509
6,2014-09-30,VOD,EUR,2014-09-30,2014-09-30,Q2,0.0,0.0,0.0,0.0,0.0,0.0,0.0,0.0,0.0,0.0,0.0,0.0,0.0,0.0,0.0,0.0,0.0,0.0,0.0,0.0,0.0,0.0,0.0,0.0,0.0,0.0,,,1620599591,18:33:11,20210509
7,2013-09-30,VOD,EUR,2013-09-30,2013-09-30,Q2,0.0,0.0,0.0,0.0,0.0,0.0,0.0,0.0,0.0,0.0,0.0,0.0,0.0,0.0,0.0,0.0,0.0,0.0,0.0,0.0,0.0,0.0,0.0,0.0,0.0,0.0,,,1620599591,18:33:11,20210509
8,2012-09-30,VOD,EUR,2012-09-30,2012-09-30,Q2,0.0,0.0,0.0,0.0,0.0,0.0,0.0,0.0,0.0,0.0,0.0,0.0,0.0,0.0,0.0,0.0,0.0,0.0,0.0,0.0,0.0,0.0,0.0,0.0,0.0,0.0,,,1620599591,18:33:11,20210509
9,2011-09-30,VOD,EUR,2011-09-30,2011-09-30,Q2,0.0,0.0,0.0,0.0,0.0,0.0,0.0,0.0,0.0,0.0,0.0,0.0,0.0,0.0,0.0,0.0,0.0,0.0,0.0,0.0,0.0,0.0,0.0,0.0,0.0,0.0,,,1620599591,18:33:11,20210509
10,2010-09-30,VOD,EUR,2010-09-30,2010-09-30,Q2,0.0,0.0,0.0,0.0,0.0,0.0,0.0,0.0,0.0,0.0,0.0,0.0,0.0,0.0,0.0,0.0,0.0,0.0,0.0,0.0,0.0,0.0,0.0,0.0,0.0,0.0,,,1620599591,18:33:11,20210509
11,2009-09-30,VOD,EUR,2009-09-30,2009-09-30,Q2,0.0,0.0,0.0,0.0,0.0,0.0,0.0,0.0,0.0,0.0,0.0,0.0,0.0,0.0,0.0,0.0,0.0,0.0,0.0,0.0,0.0,0.0,0.0,0.0,0.0,0.0,,,1620599591,18:33:11,20210509
12,2008-09-30,VOD,EUR,2008-09-30,2008-09-30,Q2,12593692150.214226,7829631530.0,4722319660.0,0.37497499571002857,0.0,3285338640.0,0.0,-477338710.0,2154762260.0,9984393790.0,784452620.0,0.0,-6834754864.924307,-0.5427125566832316,-7536225123.421879,-0.598412684186002,-8511240.0,2090218690.0,0.16597346235467922,722036860.0,1354235607.012282,0.10753284984731389,0.3897954611977849,0.3897954611977849,3474221077.0,3474221077.0,,,1620599591,18:33:11,20210509
13,2008-03-31,VOD,EUR,2008-03-31,2008-03-31,Q1,8833671560.0,0.0,0.0,0.0,0.0,0.0,0.0,0.0,0.0,0.0,0.0,0.0,-23099999710.0,-2.614994179158728,-23099999710.0,-2.614994179158728,0.0,0.0,0.0,0.0,1540086080.0,0.17434269199838803,0.44328960243654636,0.44328960243654636,3474221077.0,3474221077.0,,,1620599591,18:33:11,20210509
14,2007-09-30,VOD,EUR,2007-09-30,2007-09-30,Q2,11760337606.517256,7318841880.0,4860540720.0,0.41329942069914916,0.0,2151363900.0,0.0,-463909740.0,1128239700.0,8447081580.0,917307930.0,0.0,-4230310252.569096,-0.35970993300607074,-7162072389.186596,-0.6090022777252221,179397120.0,3268391280.0,0.2779164501356447,883670970.0,2249132859.8883,0.1912473038734783,0.6473775876779934,0.6473775876779934,3474221077.0,3474221077.0,,,1620599591,18:33:11,20210509
15,2007-03-31,VOD,EUR,2007-03-31,2007-03-31,Q1,11583728300.0,0.0,0.0,0.0,0.0,0.0,0.0,0.0,0.0,0.0,0.0,0.0,-36553919620.0,-3.1556264678618198,-36553919620.0,-3.1556264678618198,0.0,0.0,0.0,0.0,2940370410.0,0.25383627221298,0.84633946569083,0.84633946569083,3474221077.0,3474221077.0,,,1620599591,18:33:11,20210509
16,2006-09-30,VOD,EUR,2006-09-30,2006-09-30,Q2,11718960404.05413,6650382400.0,4844378080.0,0.4133795074795291,0.0,2092033800.0,0.0,-278149880.0,7020723600.0,13671106000.0,599637560.0,0.0,-14991773045.325397,-1.2792749978179847,-5743083880.670822,-0.49006769224034785,7879600.0,-2454495400.0,-0.2094465136302429,897486440.0,-4239763962.96629,-0.36178669581472084,-1.2203495025213935,-1.2203495025213935,3474221077.0,3474221077.0,,,1620599591,18:33:11,20210509
17,2006-03-31,VOD,EUR,2006-03-31,2006-03-31,Q1,7545681840.0,3812348440.0,3733333400.0,0.4947642213337741,0.0,1543910890.0,0.0,-275614570.0,16966244830.0,20778593270.0,336432930.0,0.0,2543554530.0,0.3370874341025754,-13232911430.0,-1.75370651858812,505769730.0,-13508526000.0,-1.7902326504664818,750899040.0,-17547011340.0,-2.325437476966296,-5.0506317678412955,-5.0506317678412955,3474221077.0,3474221077.0,,,1620599591,18:33:11,20210509
18,2005-09-30,VOD,EUR,2005-09-30,2005-09-30,Q2,10660842940.0,6154961950.0,4505880990.0,0.4226571027600187,0.0,1857709650.0,0.0,0.0,1364813980.0,7519775930.0,0.0,0.0,3518427270.0,0.33003274598471855,3141067010.0,0.29463589583658195,0.0,2865943120.0,0.26882894121316075,939244700.0,2033921930.0,0.1907843443006393,0.585767,0.584395,3474221077.0,3482293811.0,,,1620599591,18:33:11,20210509
19,2005-03-31,VOD,EUR,2005-03-31,2005-03-31,Q1,14741947190.0,0.0,0.0,0.0,0.0,0.0,0.0,0.0,0.0,0.0,0.0,0.0,-42751187850.0,-2.899968864289494,-42751187850.0,-2.899968864289494,0.0,0.0,0.0,0.0,-3600552470.0,-0.24423859505088893,-0.9864027735844589,-0.9864027735844589,3650184860.0,3650184860.0,,,1620599591,18:33:11,20210509
20,2004-09-30,VOD,EUR,2004-09-30,2004-09-30,Q2,12200214780.0,7585829940.0,4614384840.0,0.3782216070133808,0.0,1931640360.0,0.0,0.0,1145956500.0,8731786440.0,0.0,0.0,2437469580.0,0.19978907125436687,3468428340.0,0.2842923999736339,0.0,3308396520.0,0.2711752686045745,624847860.0,2634493680.0,0.2159383033419023,0.721389,0.721389,3650184860.0,3650184860.0,,,1620599591,18:33:11,20210509
21,2004-03-31,VOD,EUR,2004-03-31,2004-03-31,Q1,14488860090.0,0.0,0.0,0.0,0.0,0.0,0.0,0.0,0.0,0.0,0.0,0.0,-42856542230.0,-2.9578960638579814,-42856542230.0,-2.9578960638579814,0.0,0.0,0.0,0.0,-4080445550.0,-0.2816264029505167,-1.1178736711981212,-1.1178736711981212,3650184860.0,3650184860.0,,,1620599591,18:33:11,20210509
22,2003-09-30,VOD,EUR,2003-09-30,2003-09-30,Q2,8257164868.121448,13365303000.0,-1312510500.0,-0.15895413510116865,0.0,0.0,0.0,-106373400.0,857850.0,13366160850.0,253923600.0,0.0,-18316312048.819424,-2.21823257030188,-18408977070.257256,-2.2294549478270747,147550200.0,-1755161100.0,-0.21256219635097454,1278196500.0,-3005302049.177386,-0.3639629457781566,-0.8233287256518264,-0.8233287256518264,3650184860.0,3650184860.0,,,1620599591,18:33:11,20210509
23,2003-03-31,VOD,EUR,2003-03-31,2003-03-31,Q1,9935559620.0,0.0,0.0,0.0,0.0,0.0,0.0,0.0,0.0,0.0,0.0,0.0,-41659828630.0,-4.193002731938717,-41659828630.0,-4.193002731938717,0.0,0.0,0.0,0.0,-3569610240.0,-0.35927621357275896,-0.9779258796224365,-0.9779258796224365,3650184860.0,3650184860.0,,,1620599591,18:33:11,20210509
24,2002-09-30,VOD,EUR,2002-09-30,2002-09-30,Q2,12193800304.326132,13540276860.0,-1716458700.0,-0.14076486879902672,0.0,0.0,0.0,-124557180.0,0.0,13540276860.0,309873960.0,0.0,-14785995612.760283,-1.2125830539896973,-14841610952.715405,-1.2171440061594152,185316780.0,-2169117720.0,-0.17788693154425678,1271900960.0,-3548034115.583172,-0.29097033140065415,-0.9720149120291869,-0.9720149120291869,3650184860.0,3650184860.0,,,1620599591,18:33:11,20210509
25,2002-03-31,VOD,EUR,2002-03-31,2002-03-31,Q1,11692750450.0,0.0,0.0,0.0,0.0,0.0,0.0,0.0,0.0,0.0,0.0,0.0,-42633051850.0,-3.6461097867696304,-42633051850.0,-3.6461097867696304,0.0,0.0,0.0,0.0,-5288221800.0,-0.4522650015163883,-1.4487545159562139,-1.4487545159562139,3650184860.0,3650184860.0,,,1620599591,18:33:11,20210509
26,2001-09-30,VOD,EUR,2001-09-30,2001-09-30,Q2,6990693651.232659,12928710600.0,-5729994000.0,-0.8196602920784032,0.0,0.0,0.0,-1098797700.0,0.0,12928710600.0,308453700.0,0.0,-20866462839.00327,-2.984891611624823,-11777968538.393566,-1.6848068483614316,-790344000.0,-6990153600.0,-0.999922747117868,878160000.0,-7746441537.668994,-1.1081077106422872,-2.12220526761732,-2.12220526761732,3650184860.0,3650184860.0,,,1620599591,18:33:11,20210509
27,2001-03-31,VOD,EUR,2001-03-31,2001-03-31,Q1,7427521222.163334,0.0,0.0,0.0,0.0,0.0,0.0,0.0,0.0,0.0,0.0,0.0,-28054726429.00506,-3.7771317765193624,-11366713901.903156,-1.5303509154555464,0.0,0.0,0.0,0.0,-4955826015.572151,-0.6672247533651235,-1.3576917897720255,-1.3576917897720255,3650184860.0,3650184860.0,,,1620599591,18:33:11,20210509
28,2000-09-30,VOD,EUR,2000-09-30,2000-09-30,Q2,6157112613.376623,4100448220.0,1765108620.0,0.2866779821706065,0.0,0.0,0.0,-646186200.0,4380462240.0,8480910460.0,498810400.0,0.0,-11483547126.883118,-1.8650864208548923,-10961554919.090908,-1.7803076876125998,-147375800.0,-3411182940.0,-0.5540231524414612,485206480.0,-4382523732.727273,-0.7117822927594388,-1.200630625794462,-1.200630625794462,3650184860.0,3650184860.0,,,1620599591,18:33:11,20210509
29,2000-03-31,VOD,EUR,2000-03-31,2000-03-31,Q1,657288899.932287,0.0,0.0,0.0,0.0,0.0,0.0,0.0,0.0,0.0,0.0,0.0,-9571495932.378714,-14.56208363379445,-11220170671.484903,-17.070379056516533,0.0,0.0,0.0,0.0,483884080.53055,0.7361817316257723,0.4495540922199357,0.4495540922199357,1076364533.0,1076364533.0,,,1620599591,18:33:11,20210509
30,1999-09-30,VOD,EUR,1999-09-30,1999-09-30,Q2,2459131704.0,1708382448.0,750749256.0,0.3052903814703533,0.0,0.0,0.0,-120838176.0,416573712.0,2124956160.0,104751360.0,416573712.0,750749256.0,0.3052903814703533,334175544.0,0.1358916821967824,-16086816.0,157127040.0,0.06389533335868862,212495616.0,-55368576.0,-0.022515498421633133,-0.05144,-0.05144,1076364533.0,1076364533.0,,,1620599591,18:33:11,20210509
31,1999-03-31,VOD,EUR,1999-03-31,1999-03-31,Q1,1544332297.191109,0.0,0.0,0.0,0.0,0.0,0.0,0.0,0.0,0.0,0.0,0.0,-1948188839.959572,-1.2615088368630334,-2303994480.613514,-1.4919033195149178,0.0,0.0,0.0,0.0,266349354.580172,0.17246894017862507,0.3105837943046693,0.3105837943046693,857576472.0,857576472.0,,,1620599591,18:33:11,20210509
32,1998-09-30,VOD,EUR,1998-09-30,1998-09-30,Q2,1126521704.0,743660456.0,382861248.0,0.33986140403736065,0.0,0.0,0.0,56767326.0,95969874.0,839630330.0,31311126.0,95969874.0,382861248.0,0.33986140403736065,286891374.0,0.2546700813498042,88078452.0,329403228.0,0.2924073516119313,89266408.0,240136820.0,0.21316661645073817,0.280018,0.280018,857576472.0,857576472.0,,,1620599591,18:33:11,20210509
33,1998-03-31,VOD,EUR,1998-03-31,1998-03-31,Q1,1144972316.190932,0.0,0.0,0.0,0.0,0.0,0.0,0.0,0.0,0.0,0.0,0.0,-1580102273.630279,-1.3800353521969226,-1726698490.452209,-1.5080700782325902,0.0,0.0,0.0,0.0,198456780.544748,0.17332888991147796,0.23549328660265254,0.23549328660265254,842727975.0,842727975.0,,,1620599591,18:33:11,20210509
34,1997-09-30,VOD,EUR,1997-09-30,1997-09-30,Q2,848669080.0,0.0,0.0,0.0,0.0,0.0,0.0,0.0,0.0,0.0,0.0,0.0,848669080.0,1.0,848669080.0,1.0,0.0,0.0,0.0,0.0,139340460.0,0.16418703506907545,0.165345,0.165345,842727975.0,842727975.0,,,1620599591,18:33:11,20210509
35,1997-03-31,VOD,EUR,1997-03-31,1997-03-31,Q1,1135549917.803957,0.0,0.0,0.0,0.0,0.0,0.0,0.0,0.0,0.0,0.0,0.0,-521017167.590258,-0.45882365840671674,-671100761.877657,-0.5909918633744439,0.0,0.0,0.0,0.0,252436414.775689,0.22230323019517845,0.30694158965921936,0.30694158965921936,822424928.0,822424928.0,,,1620599591,18:33:11,20210509
36,1996-09-30,VOD,EUR,1996-09-30,1996-09-30,Q2,483503330.0,289845710.0,193657620.0,0.4005300646016233,0.0,0.0,0.0,8489540.0,43889320.0,333735030.0,2402700.0,43889320.0,193657620.0,0.4005300646016233,149768300.0,0.3097565015736293,10892240.0,158097660.0,0.3269836011263873,49415530.0,108682130.0,0.22478052012589034,0.132148,0.132148,822424928.0,822424928.0,,,1620599591,18:33:11,20210509
37,1996-03-31,VOD,EUR,1996-03-31,1996-03-31,Q1,456899562.958769,0.0,0.0,0.0,0.0,0.0,0.0,0.0,0.0,0.0,0.0,0.0,-649351891.039918,-1.4212136401157294,-689568171.245691,-1.5092335978179041,0.0,0.0,0.0,0.0,117552813.832283,0.2572837081984494,0.1424545029989433,0.1424545029989433,825195493.0,825195493.0,,,1620599591,18:33:11,20210509
38,1995-09-30,VOD,EUR,1995-09-30,1995-09-30,Q2,403906750.0,0.0,0.0,0.0,0.0,0.0,0.0,0.0,0.0,0.0,0.0,0.0,403906750.0,1.0,403906750.0,1.0,0.0,0.0,0.0,0.0,81087630.0,0.20075829383886257,0.098265,0.098265,825195493.0,825195493.0,,,1620599591,18:33:11,20210509
39,1995-03-31,VOD,EUR,1995-03-31,1995-03-31,Q1,263237895.60651,0.0,0.0,0.0,0.0,0.0,0.0,0.0,0.0,0.0,0.0,0.0,-686498731.34302,-2.6079023681651194,-697354955.308922,-2.649143481800711,0.0,0.0,0.0,0.0,54238869.787077,0.2060450668096575,0.06201944601829793,0.06201944601829793,874546183.0,874546183.0,,,1620599591,18:33:11,20210509
40,1994-09-30,VOD,EUR,1994-09-30,1994-09-30,Q2,378126792.0,0.0,0.0,0.0,0.0,0.0,0.0,0.0,0.0,0.0,0.0,0.0,378126792.0,1.0,378126792.0,1.0,0.0,0.0,0.0,0.0,77875824.0,0.20595161635624062,0.089047,0.089047,874546183.0,874546183.0,,,1620599591,18:33:11,20210509
41,1994-03-31,VOD,EUR,1994-03-31,1994-03-31,Q1,268554356.145942,0.0,0.0,0.0,0.0,0.0,0.0,0.0,0.0,0.0,0.0,0.0,-358338748.842889,-1.3343248420373974,-410526150.183172,-1.5286519871607576,0.0,0.0,0.0,0.0,73724863.66344,0.2745249219617026,0.09205139895853286,0.09205139895853286,800909758.0,800909758.0,,,1620599591,18:33:11,20210509
42,1993-09-30,VOD,EUR,1993-09-30,1993-09-30,Q2,248151600.0,0.0,0.0,0.0,0.0,0.0,0.0,0.0,0.0,0.0,0.0,0.0,248151600.0,1.0,248151600.0,1.0,0.0,0.0,0.0,0.0,74973100.0,0.30212620027434844,0.09361,0.09361,800909758.0,800909758.0,,,1620599591,18:33:11,20210509
43,1993-03-31,VOD,EUR,1993-03-31,1993-03-31,Q1,175807574.686122,0.0,0.0,0.0,0.0,0.0,0.0,0.0,0.0,0.0,0.0,0.0,-247934429.886433,-1.4102602253007737,-268196920.166017,-1.5255140209108866,0.0,0.0,0.0,0.0,57736994.329284,0.3284101633980488,0.06608807576737366,0.06608807576737366,873637092.0,873637092.0,,,1620599591,18:33:11,20210509
44,1992-09-30,VOD,EUR,1992-09-30,1992-09-30,Q2,204462006.0,0.0,0.0,0.0,0.0,0.0,0.0,0.0,0.0,0.0,0.0,0.0,204462006.0,1.0,204462006.0,1.0,0.0,0.0,0.0,0.0,69137223.0,0.3381421534130894,0.079137,0.079137,873637092.0,873637092.0,,,1620599591,18:33:11,20210509
45,1992-03-31,VOD,EUR,1992-03-31,1992-03-31,Q1,249185768.547559,0.0,0.0,0.0,0.0,0.0,0.0,0.0,0.0,0.0,0.0,0.0,-187357362.946654,-0.7518782635088385,-200839884.572274,-0.8059845702381763,0.0,0.0,0.0,0.0,78405847.506831,0.31464817579205634,0.08983995873494491,0.08983995873494491,872728000.0,872728000.0,,,1620599591,18:33:11,20210509
46,1991-09-30,VOD,EUR,1991-09-30,1991-09-30,Q2,206159100.0,0.0,0.0,0.0,0.0,0.0,0.0,0.0,0.0,0.0,0.0,0.0,206159100.0,1.0,206159100.0,1.0,0.0,0.0,0.0,0.0,64932000.0,0.31496062992125984,0.074401,0.074401,872728000.0,872728000.0,,,1620599591,18:33:11,20210509
47,1991-03-31,VOD,EUR,1991-03-31,1991-03-31,Q1,260775079.014621,0.0,0.0,0.0,0.0,0.0,0.0,0.0,0.0,0.0,0.0,0.0,-159253474.313729,-0.61069284271907,-513744000.0,-1.9700655520506838,0.0,0.0,0.0,0.0,0.0,0.0,0.0,0.0,822666140.0,822666140.0,,,1620599591,18:33:11,20210509
48,1990-09-30,VOD,EUR,1990-09-30,1990-09-30,Q2,178071584.0,0.0,0.0,0.0,0.0,0.0,0.0,0.0,0.0,0.0,0.0,0.0,178071584.0,1.0,178071584.0,1.0,0.0,0.0,0.0,0.0,0.0,0.0,0.069549,0.069549,822666140.0,822666140.0,,,1620599591,18:33:11,20210509
49,1990-03-31,VOD,EUR,1990-03-31,1990-03-31,Q1,130022427.600526,0.0,0.0,0.0,0.0,0.0,0.0,0.0,0.0,0.0,0.0,0.0,-197375193.588699,-1.5180088330230541,-422330211.0,-3.248133562753842,0.0,0.0,0.0,0.0,0.0,0.0,0.0,0.0,822666140.0,822666140.0,,,1620599591,18:33:11,20210509
50,1989-09-30,VOD,EUR,1989-09-30,1989-09-30,Q2,151492860.0,0.0,0.0,0.0,0.0,0.0,0.0,0.0,0.0,0.0,0.0,0.0,151492860.0,1.0,151492860.0,1.0,0.0,0.0,0.0,0.0,0.0,0.0,0.0,0.0,822666140.0,822666140.0,,,1620599591,18:33:11,20210509
51,1989-03-31,VOD,EUR,1989-03-31,1989-03-31,Q1,108340752.147418,0.0,0.0,0.0,0.0,0.0,0.0,0.0,0.0,0.0,0.0,0.0,-114417052.24117,-1.0560850831595119,-260214375.0,-2.401814366637674,0.0,0.0,0.0,0.0,0.0,0.0,0.0,0.0,822666140.0,822666140.0,,,1620599591,18:33:11,20210509
52,1988-09-30,VOD,EUR,1988-09-30,1988-09-30,Q2,91740319.0,0.0,0.0,0.0,0.0,0.0,0.0,0.0,0.0,0.0,0.0,0.0,91740319.0,1.0,91740319.0,1.0,0.0,0.0,0.0,0.0,0.0,0.0,0.033206,0.033206,822666140.0,822666140.0,,,1620599591,18:33:11,20210509
53,1988-03-31,VOD,EUR,1988-03-31,1988-03-31,Q1,56686350.0534,0.0,0.0,0.0,0.0,0.0,0.0,0.0,0.0,0.0,0.0,0.0,-73898774.516327,-1.3036431953497172,-150078924.0,-2.6475319694886297,0.0,0.0,0.0,0.0,0.0,0.0,0.0,0.0,822666140.0,822666140.0,,,1620599591,18:33:11,20210509
54,1987-09-30,VOD,EUR,1987-09-30,1987-09-30,Q2,57575742.0,0.0,0.0,0.0,0.0,0.0,0.0,0.0,0.0,0.0,0.0,0.0,57575742.0,1.0,57575742.0,1.0,0.0,0.0,0.0,0.0,0.0,0.0,0.016214,0.016214,822666140.0,822666140.0,,,1620599591,18:33:11,20210509
55,1987-03-31,VOD,EUR,1987-03-31,1987-03-31,Q1,13439621.16515,0.0,0.0,0.0,0.0,0.0,0.0,0.0,0.0,0.0,0.0,0.0,-86451503.672302,-6.43258486306724,-81417596.0,-6.058027603569829,0.0,0.0,0.0,0.0,0.0,0.0,0.0,0.0,822666140.0,822666140.0,,,1620599591,18:33:11,20210509
56,1986-09-30,VOD,EUR,1986-09-30,1986-09-30,Q2,28077510.0,0.0,0.0,0.0,0.0,0.0,0.0,0.0,0.0,0.0,0.0,0.0,28077510.0,1.0,28077510.0,1.0,0.0,0.0,0.0,0.0,0.0,0.0,0.0,0.0,822666140.0,822666140.0,,,1620599591,18:33:11,20210509
