,date,symbol,reportedCurrency,fillingDate,acceptedDate,period,revenue,costOfRevenue,grossProfit,grossProfitRatio,researchAndDevelopmentExpenses,generalAndAdministrativeExpenses,sellingAndMarketingExpenses,otherExpenses,operatingExpenses,costAndExpenses,interestExpense,depreciationAndAmortization,ebitda,ebitdaratio,operatingIncome,operatingIncomeRatio,totalOtherIncomeExpensesNet,incomeBeforeTax,incomeBeforeTaxRatio,incomeTaxExpense,netIncome,netIncomeRatio,eps,epsdiluted,weightedAverageShsOut,weightedAverageShsOutDil,link,finalLink,timestamp,est_time,est_date
0,2020-12-31,Y,USD,2021-02-23,2021-02-23 16:35:43,Q4,8000000.0,0.0,8000.0,0.001,0.0,31438000.0,0.0,15000.0,15000.0,15000000,-45000000.0,45285000.0,-156715000.0,-19.589375,-202000000.0,-25.25,0.0,-202000000.0,-25.25,0.0,-202000000.0,-25.25,-14.150130219725604,-14.150130219725604,14275487.0,14275487.0,https://www.sec.gov/Archives/edgar/data/775368/000156459021007601/0001564590-21-007601-index.htm,https://www.sec.gov/Archives/edgar/data/775368/000156459021007601/y-10k_20201231.htm,1620600067,18:41:07,20210509
1,2020-09-30,Y,USD,2020-11-03,2020-11-03 16:43:14,Q3,2522913000.0,0.0,2522913000.0,1.0,0.0,12871000.0,0.0,0.0,2332000000.0,2355013000,23319000.0,41300000.0,41300000.0,0.0,0.0,0.06655005543195505,723785000.0,167900000.0,0.06655005543195505,30253000.0,126522000.0,0.05014917280144024,8.86,8.86,14275487.0,14275487.0,https://www.sec.gov/Archives/edgar/data/775368/000156459020050023/0001564590-20-050023-index.htm,https://www.sec.gov/Archives/edgar/data/775368/000156459020050023/y-10q_20200930.htm,1620600067,18:41:07,20210509
2,2020-06-30,Y,USD,2020-08-05,2020-08-04 17:48:00,Q2,2227367000.0,0.0,0.0,0.0,0.0,18579000.0,0.0,0.0,1975000000.0,1997551000,22194000.0,40259000.0,0.0,0.0,0.0,0.10317832669694756,492701000.0,229816000.0,0.10317832669694756,53356000.0,177378000.0,0.07963573133659609,12.39,12.39,14316223.0,14316223.0,https://www.sec.gov/Archives/edgar/data/775368/000156459020036188/0001564590-20-036188-index.htm,https://www.sec.gov/Archives/edgar/data/775368/000156459020036188/y-10q_20200630.htm,1620600067,18:41:07,20210509
3,2020-03-31,Y,USD,2020-05-05 00:00:00,2020-05-05 16:55:17,Q1,1482926000.0,0.0,0.0,0.0,0.0,-14307000.0,0.0,0.0,1931000000.0,1949118000,18356000.0,33158000.0,0.0,0.0,0.0,-0.31437307053757235,467849000.0,-466192000.0,-0.31437307053757235,-104720000.0,-361218000.0,-0.24358464279404365,-25.19,-25.37,14340669.0,14356108.0,https://www.sec.gov/Archives/edgar/data/775368/000156459020021320/0001564590-20-021320-index.html,https://www.sec.gov/Archives/edgar/data/775368/000156459020021320/y-10q_20200331.htm,1620600067,18:41:07,20210509
4,2019-12-31,Y,USD,2020-02-19 00:00:00,2020-02-19 17:32:35,Q4,2300830000.0,0.0,0.0,0.0,0.0,7218000.0,0.0,0.0,2214000000.0,2239099000,25594000.0,34570000.0,0.0,0.0,0.0,0.026829883129131663,572341000.0,61731000.0,0.026829883129131663,25557000.0,31683000.0,0.013770248127849515,2.2093111555674287,2.2093111555674287,14340669.0,14340669.0,https://www.sec.gov/Archives/edgar/data/775368/000156459020005335/0001564590-20-005335-index.html,https://www.sec.gov/Archives/edgar/data/775368/000156459020005335/y-10k_20191231.htm,1620600067,18:41:07,20210509
5,2019-09-30,Y,USD,2019-11-05 00:00:00,2019-11-05 16:41:51,Q3,2159957000.0,0.0,0.0,0.0,0.0,22276000.0,0.0,0.0,2005000000.0,2030655000,25703000.0,28001000.0,0.0,0.0,0.0,0.05986322875872066,638478000.0,129302000.0,0.05986322875872066,28010000.0,90432000.0,0.041867500140049085,6.27,6.27,14422581.0,14422581.0,https://www.sec.gov/Archives/edgar/data/775368/000156459019040439/0001564590-19-040439-index.html,https://www.sec.gov/Archives/edgar/data/775368/000156459019040439/y-10q_20190930.htm,1620600067,18:41:07,20210509
6,2019-06-30,Y,USD,2019-08-06,2019-08-06 16:51:28,Q2,2258673000.0,0.0,0.0,0.0,0.0,25967000.0,0.0,0.0,1857000000.0,1882484000,25129000.0,29210000.0,0.0,0.0,0.0,0.166553104411307,603906000.0,376189000.0,0.166553104411307,71356000.0,295459000.0,0.13081087877705183,20.46,20.46,14439545.0,14439545.0,https://www.sec.gov/Archives/edgar/data/775368/000119312519214165/d741567d10q.htm,https://www.sec.gov/Archives/edgar/data/775368/000119312519214165/d741567d10q.htm,1620600067,18:41:07,20210509
7,2019-03-31,Y,USD,2019-05-07 00:00:00,2019-05-07 17:05:28,Q1,2321256000.0,0.0,0.0,0.0,0.0,19369000.0,0.0,0.0,1741000000.0,1764842000,23531000.0,27732000.0,0.0,0.0,0.0,0.2397038499846635,514123000.0,556414000.0,0.2397038499846635,108512000.0,440227000.0,0.1896503444686842,30.4,30.39,14481255.0,14485236.0,https://www.sec.gov/Archives/edgar/data/775368/000119312519139814/0001193125-19-139814-index.html,https://www.sec.gov/Archives/edgar/data/775368/000119312519139814/d723423d10q.htm,1620600067,18:41:07,20210509
8,2018-12-31,Y,USD,2019-02-20 00:00:00,2019-02-20 17:03:34,Q4,1227127000.0,0.0,0.0,0.0,0.0,-25266000.0,0.0,0.0,2071000000.0,2117855000,24727000.0,31947000.0,0.0,0.0,0.0,-0.72586456006591,611309000.0,-890728000.0,-0.72586456006591,-186337000.0,-712052000.0,-0.5802594189517466,-49.17060020005172,-49.17060020005172,14481255.0,14481255.0,https://www.sec.gov/Archives/edgar/data/775368/000119312519045528/0001193125-19-045528-index.html,https://www.sec.gov/Archives/edgar/data/775368/000119312519045528/d666096d10k.htm,1620600067,18:41:07,20210509
9,2018-09-30,Y,USD,2018-11-01 00:00:00,2018-11-01 16:50:28,Q3,2177415000.0,0.0,0.0,0.0,0.0,19094000.0,0.0,0.0,1805000000.0,1827543000,22189000.0,30917000.0,0.0,0.0,0.0,0.1606822769201094,438338000.0,349872000.0,0.1606822769201094,60413000.0,284900000.0,0.13084322464941225,19.07,19.07,14937135.0,14937135.0,https://www.sec.gov/Archives/edgar/data/775368/000119312518315892/0001193125-18-315892-index.html,https://www.sec.gov/Archives/edgar/data/775368/000119312518315892/d621160d10q.htm,1620600067,18:41:07,20210509
10,2018-06-30,Y,USD,2018-08-02 00:00:00,2018-08-02 17:03:27,Q2,1897664000.0,0.0,0.0,0.0,0.0,14119000.0,0.0,0.0,1526000000.0,1525820000,22277000.0,31403000.0,0.0,0.0,0.0,0.19594828167684059,342725000.0,371844000.0,0.19594828167684059,73440000.0,295116000.0,0.155515412633638,19.44,19.44,15180075.0,15180075.0,https://www.sec.gov/Archives/edgar/data/775368/000119312518236762/0001193125-18-236762-index.html,https://www.sec.gov/Archives/edgar/data/775368/000119312518236762/d589014d10q.htm,1620600067,18:41:07,20210509
11,2018-03-31,Y,USD,2018-05-03 00:00:00,2018-05-03 16:31:06,Q1,1584954000.0,0.0,0.0,0.0,0.0,7785000.0,0.0,0.0,1355000000.0,1376350000,21531000.0,33107000.0,0.0,0.0,0.0,0.13161517621331598,251627000.0,208604000.0,0.13161517621331598,37422000.0,171575000.0,0.10825235306513628,11.15,11.04,15389283.0,15418664.0,https://www.sec.gov/Archives/edgar/data/775368/000119312518150853/0001193125-18-150853-index.html,https://www.sec.gov/Archives/edgar/data/775368/000119312518150853/d516799d10q.htm,1620600067,18:41:07,20210509
12,2017-12-31,Y,USD,2018-02-21 00:00:00,2018-02-21 16:53:11,Q4,1670802000.0,0.0,0.0,0.0,0.0,20397000.0,0.0,0.0,1439000000.0,1459816000,20342000.0,28832000.0,0.0,0.0,0.0,0.12627827833579322,277885000.0,210986000.0,0.12627827833579322,52566000.0,153303000.0,0.09175413962875313,9.961672678317761,9.961672678317761,15389283.0,15389283.0,https://www.sec.gov/Archives/edgar/data/775368/000119312518052080/0001193125-18-052080-index.html,https://www.sec.gov/Archives/edgar/data/775368/000119312518052080/d469642d10k.htm,1620600067,18:41:07,20210509
13,2017-09-30,Y,USD,2017-11-02 00:00:00,2017-11-02 16:52:09,Q3,1667483000.0,0.0,0.0,0.0,0.0,-4689000.0,0.0,0.0,2169000000.0,2189809000,20804000.0,36474000.0,0.0,0.0,0.0,-0.31324217398318305,296309000.0,-522326000.0,-0.31324217398318305,-212379000.0,-314157000.0,-0.18840192073922193,-20.38,-20.9,15416014.0,15458324.0,https://www.sec.gov/Archives/edgar/data/775368/000119312517331193/0001193125-17-331193-index.html,https://www.sec.gov/Archives/edgar/data/775368/000119312517331193/d448209d10q.htm,1620600067,18:41:07,20210509
14,2017-06-30,Y,USD,2017-08-03 00:00:00,2017-08-03 16:53:11,Q2,1553918000.0,0.0,0.0,0.0,0.0,14405000.0,0.0,0.0,1393000000.0,1413798000,20989000.0,34060000.0,0.0,0.0,0.0,0.0901720682815953,202812000.0,140120000.0,0.0901720682815953,37461000.0,101811000.0,0.06551890125476377,6.6,6.6,15419034.0,15419034.0,https://www.sec.gov/Archives/edgar/data/775368/000119312517247546/0001193125-17-247546-index.html,https://www.sec.gov/Archives/edgar/data/775368/000119312517247546/d392082d10q.htm,1620600067,18:41:07,20210509
15,2017-03-31,Y,USD,2017-05-04 00:00:00,2017-05-04 16:47:17,Q1,1532452000.0,0.0,0.0,0.0,0.0,16885000.0,0.0,0.0,1304000000.0,1324542000,20935000.0,35663000.0,0.0,0.0,0.0,0.13567145985649143,151292000.0,207910000.0,0.13567145985649143,58550000.0,149176000.0,0.09734464766270004,9.68,9.67,15413698.0,15420468.0,https://www.sec.gov/Archives/edgar/data/775368/000119312517158867/0001193125-17-158867-index.html,https://www.sec.gov/Archives/edgar/data/775368/000119312517158867/d357141d10q.htm,1620600067,18:41:07,20210509
16,2016-12-31,Y,USD,2017-02-22 00:00:00,2017-02-22 16:46:59,Q4,1455422000.0,0.0,0.0,0.0,0.0,9022000.0,0.0,0.0,1340000000.0,1360651000,20215000.0,45449000.0,0.0,0.0,0.0,0.06511582207772042,170982000.0,94771000.0,0.06511582207772042,24867000.0,69514000.0,0.04776209236908608,4.509884649355398,4.509884649355398,15413698.0,15413698.0,https://www.sec.gov/Archives/edgar/data/775368/000119312517052180/0001193125-17-052180-index.html,https://www.sec.gov/Archives/edgar/data/775368/000119312517052180/d308070d10k.htm,1620600067,18:41:07,20210509
17,2016-09-30,Y,USD,2016-11-01 00:00:00,2016-11-01 16:40:48,Q3,1614616000.0,0.0,0.0,0.0,0.0,10745000.0,0.0,0.0,1387000000.0,1407441000,20682000.0,40267000.0,0.0,0.0,0.0,0.12831224266327101,225006000.0,207175000.0,0.12831224266327101,48328000.0,155831000.0,0.09651273120048358,10.09,10.09,15438399.0,15438399.0,https://www.sec.gov/Archives/edgar/data/775368/000119312516755417/0001193125-16-755417-index.html,https://www.sec.gov/Archives/edgar/data/775368/000119312516755417/d250707d10q.htm,1620600067,18:41:07,20210509
18,2016-06-30,Y,USD,2016-08-02,2016-08-02 16:40:22,Q2,1582031000.0,0.0,0.0,0.0,0.0,13459000.0,0.0,0.0,1428000000.0,1448493000,20433000.0,39848000.0,0.0,0.0,0.0,0.08440921827701227,165371000.0,133538000.0,0.08440921827701227,56278000.0,77071000.0,0.04871649164902584,4.99,4.99,15438859.0,15438859.0,https://www.sec.gov/Archives/edgar/data/775368/000119312516668439/d376125d10q.htm,https://www.sec.gov/Archives/edgar/data/775368/000119312516668439/d376125d10q.htm,1620600067,18:41:07,20210509
19,2016-03-31,Y,USD,2016-05-05 00:00:00,2016-05-05 16:55:44,Q1,1478950000.0,0.0,0.0,0.0,0.0,9734000.0,0.0,0.0,1246000000.0,1266629000,20269000.0,34905000.0,0.0,0.0,0.0,0.14356198654450794,137388000.0,212321000.0,0.14356198654450794,57668000.0,154505000.0,0.10446938706514756,10.0,9.96,15452191.0,15464489.0,https://www.sec.gov/Archives/edgar/data/775368/000119312516580114/0001193125-16-580114-index.html,https://www.sec.gov/Archives/edgar/data/775368/000119312516580114/d162665d10q.htm,1620600067,18:41:07,20210509
20,2015-12-31,Y,USD,2016-02-23 00:00:00,2016-02-23 16:32:44,Q4,1352380000.0,0.0,0.0,0.0,0.0,13062000.0,0.0,0.0,1116000000.0,1138790000,22620000.0,38529000.0,0.0,0.0,0.0,0.1579363788284358,125076000.0,213590000.0,0.1579363788284358,57060000.0,156098000.0,0.11542465874975968,10.10199783318754,10.10199783318754,15452191.0,15452191.0,https://www.sec.gov/Archives/edgar/data/775368/000119312516473635/0001193125-16-473635-index.html,https://www.sec.gov/Archives/edgar/data/775368/000119312516473635/d66024d10k.htm,1620600067,18:41:07,20210509
21,2015-09-30,Y,USD,2015-11-03 00:00:00,2015-11-03 16:46:55,Q3,1189037000.0,0.0,0.0,0.0,0.0,10922000.0,0.0,0.0,1033000000.0,1055894000,22691000.0,38040000.0,0.0,0.0,0.0,0.11197548940865591,45285000.0,133143000.0,0.11197548940865591,36045000.0,96530000.0,0.0811833441684321,6.07,6.07,15900759.0,15900759.0,https://www.sec.gov/Archives/edgar/data/775368/000119312515364407/0001193125-15-364407-index.html,https://www.sec.gov/Archives/edgar/data/775368/000119312515364407/d31916d10q.htm,1620600067,18:41:07,20210509
22,2015-06-30,Y,USD,2015-08-04 00:00:00,2015-08-04 16:45:33,Q2,1300438000.0,0.0,0.0,0.0,0.0,9841000.0,0.0,0.0,1032000000.0,1055386000,23375000.0,44410000.0,0.0,0.0,0.0,0.18843804933414743,43785000.0,245052000.0,0.18843804933414743,61905000.0,182478000.0,0.1403204151216744,11.41,11.4,15994969.0,16003023.0,https://www.sec.gov/Archives/edgar/data/775368/000119312515276687/0001193125-15-276687-index.html,https://www.sec.gov/Archives/edgar/data/775368/000119312515276687/d932442d10q.htm,1620600067,18:41:07,20210509
23,2015-03-31,Y,USD,2015-05-05 00:00:00,2015-05-05 16:42:02,Q1,1157623000.0,0.0,0.0,0.0,0.0,12678000.0,0.0,0.0,969000000.0,992040000,23092000.0,42083000.0,0.0,0.0,0.0,0.1430370681992324,36200000.0,165583000.0,0.1430370681992324,40163000.0,125209000.0,0.10816042874061763,7.82,7.82,16014223.0,16014223.0,https://www.sec.gov/Archives/edgar/data/775368/000119312515172252/0001193125-15-172252-index.html,https://www.sec.gov/Archives/edgar/data/775368/000119312515172252/d897234d10q.htm,1620600067,18:41:07,20210509
24,2014-12-31,Y,USD,2015-02-24,2015-02-24 16:57:44,Q4,1302035000.0,0.0,0.0,0.0,0.0,15280000.0,0.0,0.0,1083000000.0,1106756000,23638000.0,46669000.0,0.0,0.0,0.0,0.14997983925163302,43721000.0,195279000.0,0.14997983925163302,55362000.0,139064000.0,0.10680511660592841,8.683780661728015,8.683780661728015,16014223.0,16014223.0,https://www.sec.gov/Archives/edgar/data/775368/000119312515060159/d840943d10k.htm,https://www.sec.gov/Archives/edgar/data/775368/000119312515060159/d840943d10k.htm,1620600067,18:41:07,20210509
25,2014-09-30,Y,USD,2014-11-03 00:00:00,2014-11-03 16:16:25,Q3,1351916000.0,0.0,0.0,0.0,0.0,9455000.0,0.0,0.0,1063000000.0,1086029000,22671000.0,48768000.0,0.0,0.0,0.0,0.1966742016515819,38769000.0,265887000.0,0.1966742016515819,79547000.0,186315000.0,0.1378155151651434,11.4,11.4,16496537.0,16496537.0,https://www.sec.gov/Archives/edgar/data/775368/000119312514394076/0001193125-14-394076-index.html,https://www.sec.gov/Archives/edgar/data/775368/000119312514394076/d786017d10q.htm,1620600067,18:41:07,20210509
26,2014-06-30,Y,USD,2014-08-04 00:00:00,2014-08-04 16:18:29,Q2,1291216000.0,0.0,0.0,0.0,0.0,12687000.0,0.0,0.0,1067000000.0,1088796000,21932000.0,49106000.0,0.0,0.0,0.0,0.1567669545606622,37586000.0,202420000.0,0.1567669545606622,53186000.0,148980000.0,0.11537961115723473,9.06,9.06,16442566.0,16442566.0,https://www.sec.gov/Archives/edgar/data/775368/000119312514293508/0001193125-14-293508-index.html,https://www.sec.gov/Archives/edgar/data/775368/000119312514293508/d738465d10q.htm,1620600067,18:41:07,20210509
27,2014-03-31,Y,USD,2014-05-05 00:00:00,2014-05-05 16:44:27,Q1,1286642000.0,0.0,0.0,0.0,0.0,9632000.0,0.0,0.0,997000000.0,1018319000,21811000.0,34406000.0,0.0,0.0,0.0,0.20854518972643518,30446000.0,268323000.0,0.20854518972643518,63682000.0,204880000.0,0.15923621333673235,12.28,12.28,16683864.0,16683864.0,https://www.sec.gov/Archives/edgar/data/775368/000119312514182594/0001193125-14-182594-index.html,https://www.sec.gov/Archives/edgar/data/775368/000119312514182594/d690859d10q.htm,1620600067,18:41:07,20210509
28,2013-12-31,Y,USD,2014-02-25,2014-02-25 16:31:54,Q4,1362409000.0,0.0,0.0,0.0,0.0,10136000.0,0.0,0.0,1034000000.0,1055536000,21703000.0,49629000.0,0.0,0.0,0.0,0.22524293365648643,40951000.0,306873000.0,0.22524293365648643,100895000.0,205251000.0,0.15065299774150054,12.30236592674215,12.30236592674215,16683864.0,16683864.0,https://www.sec.gov/Archives/edgar/data/775368/000119312514067345/d647217d10k.htm,https://www.sec.gov/Archives/edgar/data/775368/000119312514067345/d647217d10k.htm,1620600067,18:41:07,20210509
29,2013-09-30,Y,USD,2013-11-04 00:00:00,2013-11-04 16:30:30,Q3,1189471000.0,0.0,0.0,0.0,0.0,3703000.0,0.0,0.0,1020000000.0,1041488000,21516000.0,58221000.0,0.0,0.0,0.0,0.12441076747562572,17178000.0,147983000.0,0.12441076747562572,34610000.0,113167000.0,0.09514061292793183,6.75,6.75,16766192.0,16766192.0,https://www.sec.gov/Archives/edgar/data/775368/000119312513425282/0001193125-13-425282-index.html,https://www.sec.gov/Archives/edgar/data/775368/000119312513425282/d586602d10q.htm,1620600067,18:41:07,20210509
30,2013-06-30,Y,USD,2013-08-05 00:00:00,2013-08-05 16:20:37,Q2,1196219000.0,0.0,0.0,0.0,0.0,9868000.0,0.0,0.0,1027000000.0,1049228000,21785000.0,73549000.0,0.0,0.0,0.0,0.12287967337084597,9432000.0,146991000.0,0.12287967337084597,33282000.0,113709000.0,0.09505700879186837,6.78,6.78,16781461.0,16781461.0,https://www.sec.gov/Archives/edgar/data/775368/000119312513319134/0001193125-13-319134-index.html,https://www.sec.gov/Archives/edgar/data/775368/000119312513319134/d540200d10q.htm,1620600067,18:41:07,20210509
31,2013-03-31,Y,USD,2013-05-06 00:00:00,2013-05-06 16:21:53,Q1,1223555000.0,0.0,0.0,0.0,0.0,12422000.0,0.0,0.0,948000000.0,970166000,21736000.0,65199000.0,0.0,0.0,0.0,0.20709244782621133,11141000.0,253389000.0,0.20709244782621133,57095000.0,196294000.0,0.16042924102308437,11.67,11.67,16822056.0,16822056.0,https://www.sec.gov/Archives/edgar/data/775368/000119312513201651/0001193125-13-201651-index.html,https://www.sec.gov/Archives/edgar/data/775368/000119312513201651/d506569d10q.htm,1620600067,18:41:07,20210509
32,2012-12-31,Y,USD,2013-02-21 00:00:00,2013-02-21 16:21:39,Q4,745494000.0,0.0,0.0,0.0,0.0,8151000.0,0.0,0.0,1406000000.0,932794000,21840000.0,106251000.0,0.0,0.0,0.0,-0.2512428000761911,-481077000.0,-187300000.0,-0.2512428000761911,-94688000.0,-92612000.0,-0.12422903470718745,-5.505391255385192,-5.505391255385192,16822056.0,16822056.0,https://www.sec.gov/Archives/edgar/data/775368/000119312513069346/0001193125-13-069346-index.html,https://www.sec.gov/Archives/edgar/data/775368/000119312513069346/d449844d10k.htm,1620600067,18:41:07,20210509
33,2012-09-30,Y,USD,2012-11-06 00:00:00,2012-11-06 16:42:42,Q3,1229520000.0,0.0,0.0,0.0,0.0,9304000.0,253756000.0,0.0,1057000000.0,1078596000,21764000.0,140605000.0,0.0,0.0,0.0,0.12275034159672067,33843000.0,150924000.0,0.12275034159672067,25480000.0,125444000.0,0.10202680720931746,7.41,7.41,16931811.0,16931811.0,https://www.sec.gov/Archives/edgar/data/775368/000119312512454671/0001193125-12-454671-index.html,https://www.sec.gov/Archives/edgar/data/775368/000119312512454671/d407548d10q.htm,1620600067,18:41:07,20210509
34,2012-06-30,Y,USD,2012-08-06 00:00:00,2012-08-06 16:32:00,Q2,1234391000.0,0.0,0.0,0.0,0.0,11094000.0,239193000.0,0.0,1074000000.0,1089839000,15743000.0,172855000.0,0.0,0.0,0.0,0.11710389981780489,9276000.0,144552000.0,0.11710389981780489,35243000.0,109309000.0,0.08855297875632599,6.46,6.45,16930548.0,16950337.0,https://www.sec.gov/Archives/edgar/data/775368/000119312512337844/0001193125-12-337844-index.html,https://www.sec.gov/Archives/edgar/data/775368/000119312512337844/d355111d10q.htm,1620600067,18:41:07,20210509
35,2012-03-31,Y,USD,2012-05-07,2012-05-07 17:28:46,Q1,1048867000.0,0.0,0.0,0.0,0.0,47293000.0,99860000.0,0.0,429000000.0,437767000,9077000.0,45146000.0,0.0,0.0,0.0,0.5826286840943609,495255000.0,611100000.0,0.5826286840943609,50997000.0,560103000.0,0.534007648252829,51.17,51.06,16928664.0,16928664.0,https://www.sec.gov/Archives/edgar/data/775368/000119312512076843/d271778d10k.htm,https://www.sec.gov/Archives/edgar/data/775368/000119312512076843/d271778d10k.htm,1620600067,18:41:07,20210509
36,2011-12-31,Y,USD,2012-02-24 00:00:00,2012-02-24 08:26:47,Q4,282010000.0,0.0,0.0,0.0,0.0,26977000.0,69226000.0,0.0,224000000.0,228090000,4377000.0,7146000.0,0.0,0.0,0.0,0.19119889365625334,300000.0,53920000.0,0.19119889365625334,16249000.0,37671000.0,0.1335803694904436,2.2252789706263885,2.2252789706263885,16928664.0,16928664.0,https://www.sec.gov/Archives/edgar/data/775368/000119312512076843/0001193125-12-076843-index.html,https://www.sec.gov/Archives/edgar/data/775368/000119312512076843/d271778d10k.htm,1620600067,18:41:07,20210509
37,2011-09-30,Y,USD,2011-11-07 00:00:00,2011-11-07 16:47:35,Q3,232530000.0,0.0,0.0,0.0,0.0,2649000.0,68239000.0,0.0,195000000.0,199589000,4329000.0,6454000.0,0.0,0.0,0.0,0.14166344127639444,321000.0,32941000.0,0.14166344127639444,13783000.0,19158000.0,0.08238936911366275,2.17,2.03,8811807.0,8822556.0,https://www.sec.gov/Archives/edgar/data/775368/000119312511299942/0001193125-11-299942-index.html,https://www.sec.gov/Archives/edgar/data/775368/000119312511299942/d234230d10q.htm,1620600067,18:41:07,20210509
38,2011-06-30,Y,USD,2011-08-04 00:00:00,2011-08-04 16:13:39,Q2,219161000.0,0.0,0.0,0.0,0.0,5002000.0,64132000.0,0.0,200000000.0,204694000,4268000.0,6670000.0,0.0,0.0,0.0,0.06601083221923609,248000.0,14467000.0,0.06601083221923609,-615000.0,15082000.0,0.0688169884240353,1.69,1.68,8916620.0,8921972.0,https://www.sec.gov/Archives/edgar/data/775368/000119312511210341/0001193125-11-210341-index.html,https://www.sec.gov/Archives/edgar/data/775368/000119312511210341/d10q.htm,1620600067,18:41:07,20210509
39,2011-03-31,Y,USD,2011-05-05 00:00:00,2011-05-05 13:11:52,Q1,248136000.0,0.0,0.0,0.0,0.0,6379000.0,66528000.0,0.0,154000000.0,158627000,4452000.0,6775000.0,0.0,0.0,0.0,0.3607255698487926,885000.0,89509000.0,0.3607255698487926,18169000.0,71340000.0,0.28750362704323434,7.67085,7.67085,9300143.0,9300143.0,https://www.sec.gov/Archives/edgar/data/775368/000095012311045451/0000950123-11-045451-index.html,https://www.sec.gov/Archives/edgar/data/775368/000095012311045451/y90734e10vq.htm,1620600067,18:41:07,20210509
40,2010-12-31,Y,USD,2011-02-25,2011-02-25 08:58:28,Q4,232928000.0,0.0,0.0,0.0,0.0,8743000.0,64004000.0,0.0,175000000.0,178477000,3567000.0,8383000.0,0.0,0.0,0.0,0.23376751614232724,242000.0,54451000.0,0.23376751614232724,17021000.0,37430000.0,0.16069343316389614,4.024669298095739,4.024669298095739,9300143.0,9300143.0,https://www.sec.gov/Archives/edgar/data/775368/000095012311018269/y88984e10vk.htm,https://www.sec.gov/Archives/edgar/data/775368/000095012311018269/y88984e10vk.htm,1620600067,18:41:07,20210509
41,2010-09-30,Y,USD,2010-11-04 00:00:00,2010-11-04 16:19:09,Q3,250163000.0,0.0,0.0,0.0,0.0,8553000.0,64202000.0,0.0,189000000.0,189795000,696000.0,7388000.0,0.0,0.0,0.0,0.24131466283982844,5312000.0,60368000.0,0.24131466283982844,23736000.0,36632000.0,0.14643252599305254,4.068627,4.068627,9006002.0,9006002.0,https://www.sec.gov/Archives/edgar/data/775368/000095012310100926/0000950123-10-100926-index.html,https://www.sec.gov/Archives/edgar/data/775368/000095012310100926/y87187e10vq.htm,1620600067,18:41:07,20210509
42,2010-06-30,Y,USD,2010-08-05 00:00:00,2010-08-05 16:25:24,Q2,250609000.0,0.0,0.0,0.0,0.0,6324000.0,64773000.0,0.0,162000000.0,162422000,216000.0,7458000.0,0.0,0.0,0.0,0.35189079402575324,1501000.0,88187000.0,0.35189079402575324,21916000.0,66271000.0,0.2644398245873053,7.193008505574362,7.184877097305749,9213252.0,9223679.0,https://www.sec.gov/Archives/edgar/data/775368/000095012310073379/0000950123-10-073379-index.html,https://www.sec.gov/Archives/edgar/data/775368/000095012310073379/y85518e10vq.htm,1620600067,18:41:07,20210509
43,2010-03-31,Y,USD,2010-05-06 00:00:00,2010-05-06 16:19:07,Q1,251652000.0,0.0,0.0,0.0,0.0,5234000.0,66356000.0,0.0,177000000.0,177287000,219000.0,10587000.0,0.0,0.0,0.0,0.29550728784194047,133000.0,74365000.0,0.29550728784194047,16196000.0,58169000.0,0.23114857024780253,6.131795,6.131795,9486456.0,9486456.0,https://www.sec.gov/Archives/edgar/data/775368/000095012310045529/0000950123-10-045529-index.html,https://www.sec.gov/Archives/edgar/data/775368/000095012310045529/y82022e10vq.htm,1620600067,18:41:07,20210509
44,2009-12-31,Y,USD,2010-02-26 00:00:00,2010-02-26 09:13:55,Q4,356702000.0,0.0,0.0,0.0,0.0,11688000.0,67596000.0,0.0,158000000.0,157833000,133000.0,481000.0,0.0,0.0,0.0,0.557521404421618,1686000.0,198869000.0,0.557521404421618,67933000.0,130936000.0,0.3670739160419622,13.802414726848466,13.802414726848466,9486456.0,9486456.0,https://www.sec.gov/Archives/edgar/data/775368/000095012310017570/0000950123-10-017570-index.html,https://www.sec.gov/Archives/edgar/data/775368/000095012310017570/y82653e10vk.htm,1620600067,18:41:07,20210509
45,2009-09-30,Y,USD,2009-11-06 00:00:00,2009-11-05 17:45:12,Q3,288330000.0,0.0,0.0,0.0,0.0,8112000.0,68404000.0,0.0,208000000.0,207835000,168000.0,15530000.0,0.0,0.0,0.0,0.2791766378802067,249000.0,80495000.0,0.2791766378802067,31007000.0,49488000.0,0.17163666631984184,5.286428,5.286428,9359883.0,9359883.0,https://www.sec.gov/Archives/edgar/data/775368/000095012309058575/0000950123-09-058575-index.html,https://www.sec.gov/Archives/edgar/data/775368/000095012309058575/y80204e10vq.htm,1620600067,18:41:07,20210509
46,2009-06-30,Y,USD,2009-08-06 00:00:00,2009-08-06 16:13:06,Q2,299442000.0,0.0,0.0,0.0,0.0,7230000.0,70272000.0,0.0,234000000.0,233773000,169000.0,8605000.0,0.0,0.0,0.0,0.21930457317276802,571000.0,65669000.0,0.21930457317276802,19668000.0,46001000.0,0.15362240433873672,4.911572,4.805844,8902610.0,9103708.0,https://www.sec.gov/Archives/edgar/data/775368/000095012309031172/0000950123-09-031172-index.html,https://www.sec.gov/Archives/edgar/data/775368/000095012309031172/y78691e10vq.htm,1620600067,18:41:07,20210509
47,2009-03-31,Y,USD,2009-05-07 00:00:00,2009-05-07 16:49:02,Q1,240802000.0,0.0,0.0,0.0,0.0,792000.0,67450000.0,0.0,189000000.0,190455000,163000.0,7742000.0,0.0,0.0,0.0,0.20908048936470627,449000.0,50347000.0,0.20908048936470627,5773000.0,44574000.0,0.18510643599305654,4.632834,4.363706,8774766.0,9882248.0,https://www.sec.gov/Archives/edgar/data/775368/000095012309008273/0000950123-09-008273-index.html,https://www.sec.gov/Archives/edgar/data/775368/000095012309008273/y77011e10vq.htm,1620600067,18:41:07,20210509
48,2008-12-31,Y,USD,2009-02-27 00:00:00,2009-02-27 08:54:05,Q4,116938000.0,0.0,0.0,0.0,0.0,10605000.0,73473000.0,0.0,183000000.0,183244000,166000.0,8275000.0,0.0,0.0,0.0,-0.5670184200174452,-51589000.0,-66306000.0,-0.5670184200174452,-12138000.0,38486000.0,0.3291145735346936,4.385985905493093,4.385985905493093,8774766.0,8774766.0,https://www.sec.gov/Archives/edgar/data/775368/000095012309003629/0000950123-09-003629-index.html,https://www.sec.gov/Archives/edgar/data/775368/000095012309003629/y74706e10vk.htm,1620600067,18:41:07,20210509
49,2008-09-30,Y,USD,2008-11-07 00:00:00,2008-11-07 07:52:05,Q3,263289000.0,0.0,0.0,0.0,0.0,6876000.0,70149000.0,0.0,284000000.0,284384000,198000.0,6165000.0,0.0,0.0,0.0,-0.08012108367611256,907000.0,-21095000.0,-0.08012108367611256,-12262000.0,-4215000.0,-0.0160090243040917,-0.47776234480091423,-0.47550779494344,8822378.0,8864208.0,https://www.sec.gov/Archives/edgar/data/775368/000095012308014669/0000950123-08-014669-index.html,https://www.sec.gov/Archives/edgar/data/775368/000095012308014669/y72448e10vq.htm,1620600067,18:41:07,20210509
50,2008-06-30,Y,USD,2008-08-08 00:00:00,2008-08-07 20:04:02,Q2,253345000.0,0.0,0.0,0.0,0.0,8466000.0,72542000.0,0.0,233000000.0,232944000,179000.0,6149000.0,0.0,0.0,0.0,0.08052655469813891,122000.0,20401000.0,0.08052655469813891,7380000.0,20435000.0,0.08066075904399139,1.818682,1.818682,8851430.0,8851430.0,https://www.sec.gov/Archives/edgar/data/775368/000095012308009088/0000950123-08-009088-index.html,https://www.sec.gov/Archives/edgar/data/775368/000095012308009088/y64941e10vq.htm,1620600067,18:41:07,20210509
51,2008-03-31,Y,USD,2008-05-06 00:00:00,2008-05-06 14:10:43,Q1,413655000.0,0.0,0.0,0.0,0.0,9948000.0,0.0,0.0,227000000.0,264637000,226000.0,5085000.0,0.0,0.0,0.0,0.36024706579154125,136000.0,149018000.0,0.36024706579154125,43615000.0,98721000.0,0.2386554012401639,10.676512,9.960347,8839498.0,9479188.0,https://www.sec.gov/Archives/edgar/data/775368/000095012308005186/0000950123-08-005186-index.html,https://www.sec.gov/Archives/edgar/data/775368/000095012308005186/y57384e10vq.htm,1620600067,18:41:07,20210509
52,2007-12-31,Y,USD,2008-02-27,2008-02-27 08:50:41,Q4,362722000.0,0.0,0.0,0.0,0.0,8557000.0,0.0,0.0,179000000.0,256670000,313000.0,5446000.0,0.0,0.0,0.0,0.29237818494604684,3479000.0,106052000.0,0.29237818494604684,37276000.0,63943000.0,0.1762865224607275,7.233781827882081,7.233781827882081,8839498.0,8839498.0,https://www.sec.gov/Archives/edgar/data/775368/000095012308002163/y44451e10vk.htm,https://www.sec.gov/Archives/edgar/data/775368/000095012308002163/y44451e10vk.htm,1620600067,18:41:07,20210509
53,2007-09-30,Y,USD,2007-11-06 00:00:00,2007-11-06 16:09:38,Q3,359917000.0,0.0,0.0,0.0,0.0,7307000.0,0.0,0.0,198000000.0,238812000,192000.0,3329000.0,0.0,0.0,0.0,0.33648035519300284,873000.0,121105000.0,0.33648035519300284,45263000.0,71976000.0,0.19997943970415402,7.667917,7.270664,8824952.0,9307129.0,https://www.sec.gov/Archives/edgar/data/775368/000095012307014950/0000950123-07-014950-index.html,https://www.sec.gov/Archives/edgar/data/775368/000095012307014950/y42032e10vq.htm,1620600067,18:41:07,20210509
54,2007-06-30,Y,USD,2007-08-08 00:00:00,2007-08-07 21:19:56,Q2,333796000.0,0.0,0.0,0.0,0.0,9119000.0,0.0,0.0,202000000.0,243004000,251000.0,3473000.0,0.0,0.0,0.0,0.2719984661290129,2350000.0,90792000.0,0.2719984661290129,24306000.0,62940000.0,0.18855828110582512,6.651687,6.494633,8815057.0,9028223.0,https://www.sec.gov/Archives/edgar/data/775368/000095012307010992/0000950123-07-010992-index.html,https://www.sec.gov/Archives/edgar/data/775368/000095012307010992/y38080e10vq.htm,1620600067,18:41:07,20210509
55,2007-03-31,Y,USD,2007-05-07 00:00:00,2007-05-07 16:10:33,Q1,375606000.0,0.0,0.0,0.0,0.0,8004000.0,0.0,0.0,215000000.0,215775000,723000.0,2269000.0,0.0,0.0,0.0,0.4255283461925528,8725000.0,159831000.0,0.4255283461925528,51056000.0,106418000.0,0.2833234825854752,11.612737,10.993761,8796147.0,9288178.0,https://www.sec.gov/Archives/edgar/data/775368/000095012307006894/0000950123-07-006894-index.html,https://www.sec.gov/Archives/edgar/data/775368/000095012307006894/y34550e10vq.htm,1620600067,18:41:07,20210509
56,2006-12-31,Y,USD,2007-02-28,2007-02-28 09:02:00,Q4,324319000.0,0.0,0.0,0.0,0.0,12073000.0,0.0,0.0,44000000.0,223239000,1351000.0,2151000.0,0.0,0.0,0.0,0.3116684498903857,538000.0,101080000.0,0.3116684498903857,33031000.0,65441000.0,0.20177972921722132,7.43973469292862,7.43973469292862,8796147.0,8796147.0,https://www.sec.gov/Archives/edgar/data/775368/000095012307002859/y30951e10vk.htm,https://www.sec.gov/Archives/edgar/data/775368/000095012307002859/y30951e10vk.htm,1620600067,18:41:07,20210509
57,2006-09-30,Y,USD,2006-11-07,2006-11-07 09:26:35,Q3,302405000.0,0.0,0.0,0.0,0.0,11610000.0,0.0,0.0,215000000.0,216321000,1369000.0,1727000.0,0.0,0.0,0.0,0.28466460541327027,257000.0,86084000.0,0.28466460541327027,30885000.0,53397000.0,0.17657446140110117,5.588359,5.370984,8775385.0,9130543.0,https://www.sec.gov/Archives/edgar/data/775368/000095012306013597/y26792e10vq.htm,https://www.sec.gov/Archives/edgar/data/775368/000095012306013597/y26792e10vq.htm,1620600067,18:41:07,20210509
58,2006-06-30,Y,USD,2006-08-09,2006-08-09 16:17:15,Q2,313626000.0,0.0,0.0,0.0,0.0,9561000.0,0.0,0.0,205000000.0,206426000,1805000.0,2314000.0,0.0,0.0,0.0,0.34180839598757756,23703000.0,107200000.0,0.34180839598757756,32852000.0,73200000.0,0.2333990166631593,8.305552,8.24215,8773529.0,8841018.0,https://www.sec.gov/Archives/edgar/data/775368/000095012306010249/y24042e10vq.htm,https://www.sec.gov/Archives/edgar/data/775368/000095012306010249/y24042e10vq.htm,1620600067,18:41:07,20210509
59,2006-03-31,Y,USD,2006-03-31,2006-03-31,Q1,268815000.0,0.0,0.0,0.0,0.0,19252000.0,0.0,0.0,199000000.0,200268000,1101000.0,2329000.0,0.0,0.0,0.0,0.254996930974834,1937000.0,68547000.0,0.254996930974834,9341000.0,59206000.0,0.22024812603463348,6.675236,6.657121,8868951.0,8893634.0,,,1620600067,18:41:07,20210509
60,2005-12-31,Y,USD,2005-12-31,2005-12-31,Q4,306913000.0,0.0,0.0,0.0,0.0,11663000.0,0.0,0.0,45000000.0,223578000,932000.0,33146000.0,0.0,0.0,0.0,0.2715264586381157,0.0,83335000.0,0.2715264586381157,30548000.0,52550000.0,0.17122116039398788,5.9251652196522455,5.9251652196522455,8868951.0,8868951.0,,,1620600067,18:41:07,20210509
61,2005-09-30,Y,USD,2005-11-09,2005-11-09,Q3,269695000.0,0.0,0.0,0.0,0.0,21322000.0,0.0,0.0,435000000.0,437975000,877000.0,5050000.0,0.0,0.0,0.0,-0.623964107603033,0.0,-168280000.0,-0.623964107603033,-63320000.0,-92489000.0,-0.34293924618550586,-10.407025,-10.407025,8888420.0,8888420.0,https://www.sec.gov/Archives/edgar/data/775368/000095012305013347/0000950123-05-013347-index.htm,https://www.sec.gov/Archives/edgar/data/775368/000095012305013347/y14605e10vq.txt,1620600067,18:41:07,20210509
62,2005-06-30,Y,USD,2005-06-30,2005-06-30,Q2,240845000.0,0.0,0.0,0.0,0.0,17681000.0,0.0,0.0,189000000.0,188364000,1000000.0,1836000.0,0.0,0.0,0.0,0.21790363096597395,0.0,52481000.0,0.21790363096597395,15554000.0,31402000.0,0.13038261122298575,3.534126,3.525246,8882778.0,8907746.0,,,1620600067,18:41:07,20210509
63,2005-03-31,Y,USD,2005-03-31,2005-03-31,Q1,348079000.0,0.0,0.0,0.0,0.0,27644000.0,0.0,0.0,185000000.0,254271000,1352000.0,10796000.0,0.0,0.0,0.0,0.269502038330379,69738000.0,93808000.0,0.269502038330379,32937000.0,60871000.0,0.1748769675849448,6.872898,6.855139,8892526.0,8892526.0,,,1620600067,18:41:07,20210509
64,2004-12-31,Y,USD,2004-12-31,2004-12-31,Q4,224211000.0,0.0,0.0,0.0,0.0,11161000.0,0.0,0.0,0.0,144822000,895000.0,9223000.0,0.0,0.0,0.0,0.35408164630638106,-49242000.0,79389000.0,0.35408164630638106,25224000.0,53913000.0,0.24045653424675864,6.062731781723214,6.062731781723214,8892526.0,8892526.0,,,1620600067,18:41:07,20210509
65,2004-09-30,Y,USD,2004-09-30,2004-09-30,Q3,338572000.0,0.0,0.0,0.0,0.0,37000000.0,0.0,0.0,0.0,418066000,1346000.0,13750000.0,0.0,0.0,0.0,-0.2347920087898586,115122000.0,-79494000.0,-0.2347920087898586,-32490000.0,-47004000.0,-0.1388301454343537,-5.327828,-5.327828,8816522.0,8816522.0,,,1620600067,18:41:07,20210509
66,2004-06-30,Y,USD,2004-06-30,2004-06-30,Q2,334057000.0,0.0,0.0,0.0,0.0,36022000.0,0.0,0.0,0.0,259603000,1315000.0,12196000.0,0.0,0.0,0.0,0.22287813157634775,114823000.0,74454000.0,0.22287813157634775,25731000.0,48723000.0,0.14585235453829737,5.528057,5.510646,8810760.0,8841613.0,,,1620600067,18:41:07,20210509
67,2004-03-31,Y,USD,2004-03-31,2004-03-31,Q1,344087000.0,0.0,0.0,0.0,0.0,33045000.0,0.0,0.0,0.0,248309000,1244000.0,10632000.0,0.0,0.0,0.0,0.27835402093075295,104884000.0,95778000.0,0.27835402093075295,33714000.0,62064000.0,0.18037298706431804,7.060243,7.034126,8790128.0,8823271.0,,,1620600067,18:41:07,20210509
68,2003-12-31,Y,USD,2003-12-31,2003-12-31,Q4,380357000.0,0.0,0.0,0.0,0.0,39652000.0,0.0,0.0,0.0,268106000,1387000.0,13907000.0,0.0,0.0,0.0,0.29512011084323414,95199000.0,112251000.0,0.29512011084323414,38463000.0,73788000.0,0.1939966925809174,8.394417009627164,8.394417009627164,8790128.0,8790128.0,,,1620600067,18:41:07,20210509
69,2003-09-30,Y,USD,2003-09-30,2003-09-30,Q3,354850000.0,0.0,0.0,0.0,0.0,31132000.0,0.0,0.0,0.0,247007000,1381000.0,5966000.0,0.0,0.0,0.0,0.30391151190643934,98061000.0,107843000.0,0.30391151190643934,32973000.0,74870000.0,0.2109905593912921,8.551974,8.526369,8750595.0,8780995.0,,,1620600067,18:41:07,20210509
70,2003-06-30,Y,USD,2003-06-30,2003-06-30,Q2,144366000.0,0.0,0.0,0.0,0.0,32012000.0,0.0,0.0,0.0,135675000,1468000.0,5090000.0,0.0,0.0,0.0,0.060201155396700054,96152000.0,8691000.0,0.060201155396700054,2695000.0,5996000.0,0.04153332502112686,0.691327,0.682792,8709455.0,8781587.0,,,1620600067,18:41:07,20210509
71,2003-03-31,Y,USD,2003-03-31,2003-03-31,Q1,138660000.0,0.0,0.0,0.0,0.0,30213000.0,0.0,0.0,0.0,127078000,1278000.0,4923000.0,0.0,0.0,0.0,0.0835280542333766,90001000.0,11582000.0,0.0835280542333766,3858000.0,7724000.0,0.05570460118274917,0.88763,0.879095,8685680.0,8786308.0,,,1620600067,18:41:07,20210509
72,2002-12-31,Y,USD,2003-03-20,2003-03-20,Q4,160794000.0,0.0,0.0,0.0,0.0,32047000.0,0.0,0.0,0.0,161183000,1404000.0,4375000.0,0.0,0.0,0.0,-0.0024192444991728546,114564000.0,-389000.0,-0.0024192444991728546,1222000.0,-1611000.0,-0.010019030560841823,-0.18547770583304934,-0.18547770583304934,8685680.0,8685680.0,https://www.sec.gov/Archives/edgar/data/775368/000095012303003040/0000950123-03-003040-index.htm,https://www.sec.gov/Archives/edgar/data/775368/000095012303003040/y84497e10vk.txt,1620600067,18:41:07,20210509
73,2002-09-30,Y,USD,2002-11-12,2002-11-12,Q3,134100000.0,0.0,0.0,0.0,0.0,30877000.0,0.0,0.0,0.0,129001000,1845000.0,4105000.0,0.0,0.0,0.0,0.03802386278896346,83836000.0,5099000.0,0.03802386278896346,-16621000.0,21720000.0,0.16196868008948545,2.501898,2.493531,8681893.0,8710540.0,https://www.sec.gov/Archives/edgar/data/775368/000095012302010579/0000950123-02-010579-index.htm,https://www.sec.gov/Archives/edgar/data/775368/000095012302010579/y65515e10vq.txt,1620600067,18:41:07,20210509
74,2002-06-30,Y,USD,2002-08-08 00:00:00,2002-08-08 14:11:19,Q2,131445000.0,0.0,0.0,0.0,0.0,25640000.0,0.0,0.0,0.0,118002000,1623000.0,5436000.0,0.0,0.0,0.0,0.10227091178820039,85454000.0,13443000.0,0.10227091178820039,4547000.0,8896000.0,0.06767849670965043,1.012474,0.928798,8762899.0,9577967.0,https://www.sec.gov/Archives/edgar/data/775368/000095012302007555/0000950123-02-007555-index.html,https://www.sec.gov/Archives/edgar/data/775368/000095012302007555/y62572e10vq.txt,1620600067,18:41:07,20210509
75,2002-03-31,Y,USD,2002-05-14 00:00:00,2002-05-14 10:36:40,Q1,150518000.0,0.0,0.0,0.0,0.0,27889000.0,0.0,0.0,0.0,111267000,1673000.0,4629000.0,0.0,0.0,0.0,0.2607727979377882,77375000.0,39251000.0,0.2607727979377882,13443000.0,25808000.0,0.17146122058491342,2.937011,2.911908,8784211.0,8862916.0,https://www.sec.gov/Archives/edgar/data/775368/000095012302005087/0000950123-02-005087-index.html,https://www.sec.gov/Archives/edgar/data/775368/000095012302005087/y60356e10-q.txt,1620600067,18:41:07,20210509
76,2001-12-31,Y,USD,2001-12-31,2001-12-31,Q4,86091000.0,0.0,0.0,0.0,0.0,-48928000.0,0.0,0.0,0.0,84704000,2363000.0,7182000.0,0.0,0.0,0.0,0.01611085943943037,168585000.0,1387000.0,0.01611085943943037,2760000.0,-1043000.0,-0.012115087523666818,-0.11873576351934169,-0.11873576351934169,8784211.0,8784211.0,,,1620600067,18:41:07,20210509
77,2001-09-30,Y,USD,2001-11-14 00:00:00,2001-11-14 00:00:00,Q3,-140699000.0,0.0,0.0,0.0,0.0,48835000.0,0.0,0.0,0.0,91817000,3482000.0,4037000.0,0.0,0.0,0.0,1.6525774881129218,-152058000.0,-232516000.0,1.6525774881129218,-195708000.0,-220818000.0,1.5694354615171395,-25.045234,-25.045234,8817522.0,8817522.0,https://www.sec.gov/Archives/edgar/data/775368/000095012301508412/0000950123-01-508412-index.html,https://www.sec.gov/Archives/edgar/data/775368/000095012301508412/y54975e10-q.txt,1620600067,18:41:07,20210509
78,2001-06-30,Y,USD,2001-08-14 00:00:00,2001-08-14 00:00:00,Q2,208017000.0,0.0,0.0,0.0,0.0,70665000.0,0.0,0.0,0.0,223287000,3970000.0,4544000.0,0.0,0.0,0.0,-0.07340746189013397,58010000.0,-15270000.0,-0.07340746189013397,-5952000.0,-9318000.0,-0.04479441584101299,-1.058249,-1.058249,8830127.0,8830127.0,https://www.sec.gov/Archives/edgar/data/775368/000095012301505534/0000950123-01-505534-index.html,https://www.sec.gov/Archives/edgar/data/775368/000095012301505534/y52150e10-q.txt,1620600067,18:41:07,20210509
79,2001-03-31,Y,USD,2001-05-14 00:00:00,2001-05-14 00:00:00,Q1,958906000.0,0.0,0.0,0.0,0.0,76904000.0,0.0,0.0,0.0,204100000,4014000.0,3979000.0,0.0,0.0,0.0,0.7871532767549687,825981000.0,754806000.0,0.7871532767549687,294331000.0,455409000.0,0.4749255922895466,51.673739,50.910815,8813304.0,8945231.0,https://www.sec.gov/Archives/edgar/data/775368/000095012301502359/0000950123-01-502359-index.html,https://www.sec.gov/Archives/edgar/data/775368/000095012301502359/y49088e10-q.txt,1620600067,18:41:07,20210509
80,2000-12-31,Y,USD,2001-03-20 00:00:00,2001-03-20 00:00:00,Q4,173226000.0,0.0,0.0,0.0,0.0,64593000.0,0.0,0.0,0.0,240247000,4921000.0,4192000.0,0.0,0.0,0.0,-0.38689919527091776,187935000.0,-67021000.0,-0.38689919527091776,-23420000.0,-33723000.0,-0.19467631879740915,-3.8263743086588184,-3.8263743086588184,8813304.0,8813304.0,https://www.sec.gov/Archives/edgar/data/775368/000095012301002452/0000950123-01-002452-index.html,https://www.sec.gov/Archives/edgar/data/775368/000095012301002452/y46113e10-k.txt,1620600067,18:41:07,20210509
81,2000-09-30,Y,USD,2000-11-08 00:00:00,2000-11-08 00:00:00,Q3,178624000.0,0.0,0.0,0.0,0.0,57323000.0,0.0,0.0,0.0,165686000,5765000.0,3452000.0,0.0,0.0,0.0,0.07243147617341454,54199000.0,12938000.0,0.07243147617341454,4655000.0,16604000.0,0.09295503403797922,1.841762,1.825677,9024557.0,9094708.0,https://www.sec.gov/Archives/edgar/data/775368/000095012300010161/0000950123-00-010161-index.html,https://www.sec.gov/Archives/edgar/data/775368/000095012300010161/y41938e10-q.txt,1620600067,18:41:07,20210509
82,2000-06-30,Y,USD,2000-08-11 00:00:00,2000-08-11 00:00:00,Q2,373586000.0,0.0,0.0,0.0,0.0,137877000.0,0.0,0.0,0.0,303903000,5575000.0,5541000.0,0.0,0.0,0.0,0.18652465563484713,95423000.0,69683000.0,0.18652465563484713,-15811000.0,85494000.0,0.22884690539795388,9.305323,9.192727,9189062.0,9300179.0,https://www.sec.gov/Archives/edgar/data/775368/000095012300007450/0000950123-00-007450-index.html,https://www.sec.gov/Archives/edgar/data/775368/000095012300007450/e10-q.txt,1620600067,18:41:07,20210509
83,2000-03-31,Y,USD,2000-05-05 00:00:00,2000-05-05 00:00:00,Q1,309764000.0,0.0,0.0,0.0,0.0,92403000.0,0.0,0.0,0.0,309971000,7699000.0,5809000.0,0.0,0.0,0.0,-0.0006682506682506682,93145000.0,-207000.0,-0.0006682506682506682,-689000.0,482000.0,0.00155602329515373,0.056298,0.048256,9256302.0,9988440.0,https://www.sec.gov/Archives/edgar/data/775368/000095012300004515/0000950123-00-004515-index.html,https://www.sec.gov/Archives/edgar/data/775368/0000950123-00-004515.txt,1620600067,18:41:07,20210509
84,1999-12-31,Y,USD,1999-12-31,1999-12-31,Q4,353563000.0,0.0,0.0,0.0,0.0,85129000.0,0.0,0.0,0.0,952659000,7437000.0,17210000.0,0.0,0.0,0.0,0.45792121913209244,13753000.0,161904000.0,0.45792121913209244,1699000.0,6605000.0,0.01868125341169749,0.713567902170867,0.713567902170867,9256302.0,9256302.0,,,1620600067,18:41:07,20210509
85,1999-09-30,Y,USD,1999-09-30,1999-09-30,Q3,407200000.0,0.0,0.0,0.0,0.0,81000000.0,0.0,0.0,0.0,89100000,8100000.0,5200000.0,0.0,0.0,0.0,0.0,165600000.0,0.0,0.0,36300000.0,56700000.0,0.1392436149312377,6.197087,6.1089,9149460.0,9281539.0,,,1620600067,18:41:07,20210509
86,1999-06-30,Y,USD,1999-06-30,1999-06-30,Q2,339300000.0,0.0,0.0,0.0,0.0,81900000.0,0.0,0.0,0.0,90900000,9000000.0,5200000.0,0.0,0.0,0.0,0.0,106100000.0,0.0,0.0,15800000.0,20900000.0,0.06159740642499263,2.284825,2.24474,9147307.0,9310655.0,,,1620600067,18:41:07,20210509
87,1999-03-31,Y,USD,1999-03-31,1999-03-31,Q1,276100000.0,0.0,0.0,0.0,0.0,69200000.0,0.0,0.0,0.0,77000000,7800000.0,5200000.0,0.0,0.0,0.0,0.0,88700000.0,0.0,0.0,7900000.0,16000000.0,0.057950018109380656,1.739673,1.707606,9197130.0,9369844.0,,,1620600067,18:41:07,20210509
88,1998-12-31,Y,USD,1998-12-31,1998-12-31,Q4,235393000.0,0.0,0.0,0.0,0.0,61669000.0,0.0,0.0,0.0,602777000,8571000.0,4100000.0,0.0,0.0,0.0,0.38665550802275345,75265000.0,91016000.0,0.38665550802275345,6135000.0,13406000.0,0.056951566104344646,1.4576286298008183,1.4576286298008183,9197130.0,9197130.0,,,1620600067,18:41:07,20210509
89,1998-09-30,Y,USD,1998-11-12 00:00:00,1998-11-12 00:00:00,Q3,244600000.0,0.0,0.0,0.0,0.0,69500000.0,0.0,0.0,0.0,77800000,8300000.0,1900000.0,0.0,0.0,0.0,0.0,91500000.0,0.0,0.0,8100000.0,19800000.0,0.08094848732624693,1.775702,1.749396,11150519.0,11318193.0,https://www.sec.gov/Archives/edgar/data/775368/000095012398009771/0000950123-98-009771-index.html,https://www.sec.gov/Archives/edgar/data/775368/0000950123-98-009771.txt,1620600067,18:41:07,20210509
90,1998-06-30,Y,USD,1998-08-11 00:00:00,1998-08-11 00:00:00,Q2,232200000.0,0.0,0.0,0.0,0.0,73300000.0,0.0,0.0,0.0,81400000,8100000.0,6200000.0,0.0,0.0,0.0,0.0,84200000.0,0.0,0.0,8500000.0,28700000.0,0.12360034453057708,2.558326,2.51229,11218271.0,11423840.0,https://www.sec.gov/Archives/edgar/data/775368/000095012398007349/0000950123-98-007349-index.html,https://www.sec.gov/Archives/edgar/data/775368/0000950123-98-007349.txt,1620600067,18:41:07,20210509
91,1998-03-31,Y,USD,1998-03-31,1998-03-31,Q1,206900000.0,0.0,0.0,0.0,0.0,77000000.0,0.0,0.0,0.0,84300000,7300000.0,6200000.0,0.0,0.0,0.0,0.0,72800000.0,0.0,0.0,4900000.0,34200000.0,0.1652972450459159,2.98581,2.959503,11454177.0,11555993.0,,,1620600067,18:41:07,20210509
92,1997-12-31,Y,USD,1997-12-31,1997-12-31,Q4,-832546000.0,0.0,0.0,0.0,0.0,-454814000.0,0.0,0.0,0.0,36424000,4411000.0,-17200000.0,0.0,0.0,0.0,-0.078350025103718,-910071000.0,65230000.0,-0.078350025103718,-21170000.0,28767000.0,-0.03455304571759398,2.511485548023223,2.511485548023223,11454177.0,11454177.0,,,1620600067,18:41:07,20210509
93,1997-09-30,Y,USD,1997-11-12 00:00:00,1997-11-12 00:00:00,Q3,575900000.0,0.0,0.0,0.0,0.0,236200000.0,0.0,0.0,0.0,246000000,9800000.0,14100000.0,0.0,0.0,0.0,0.0,426300000.0,0.0,0.0,14100000.0,30000000.0,0.052092377148810556,3.222806,3.222806,9308660.0,9308660.0,https://www.sec.gov/Archives/edgar/data/775368/000090641697000090/0000906416-97-000090-index.html,https://www.sec.gov/Archives/edgar/data/775368/0000906416-97-000090.txt,1620600067,18:41:07,20210509
94,1997-06-30,Y,USD,1997-08-06 00:00:00,1997-08-06 00:00:00,Q2,548600000.0,0.0,0.0,0.0,0.0,223000000.0,0.0,0.0,0.0,231900000,8900000.0,14700000.0,0.0,0.0,0.0,0.0,407100000.0,0.0,0.0,15500000.0,33900000.0,0.061793656580386436,3.679772,3.679772,9212526.0,9212526.0,https://www.sec.gov/Archives/edgar/data/775368/000090641697000065/0000906416-97-000065-index.html,https://www.sec.gov/Archives/edgar/data/775368/0000906416-97-000065.txt,1620600067,18:41:07,20210509
95,1997-03-31,Y,USD,1997-05-09 00:00:00,1997-05-09 00:00:00,Q1,504700000.0,0.0,0.0,0.0,0.0,208100000.0,0.0,0.0,0.0,217100000,9000000.0,12600000.0,0.0,0.0,0.0,0.0,357200000.0,0.0,0.0,5500000.0,12900000.0,0.025559738458490192,1.386929,1.386929,9301126.0,9301126.0,https://www.sec.gov/Archives/edgar/data/775368/000090641697000041/0000906416-97-000041-index.html,https://www.sec.gov/Archives/edgar/data/775368/0000906416-97-000041.txt,1620600067,18:41:07,20210509
96,1996-12-31,Y,USD,1996-12-31,1996-12-31,Q4,530365000.0,0.0,0.0,0.0,0.0,244972000.0,0.0,0.0,0.0,1284183000,9839000.0,14700000.0,0.0,0.0,0.0,0.23961234244341162,-921174000.0,127082000.0,0.23961234244341162,10534000.0,27548000.0,0.05194158739735842,2.961791937879349,2.961791937879349,9301126.0,9301126.0,,,1620600067,18:41:07,20210509
97,1996-09-30,Y,USD,1996-11-07 00:00:00,1996-11-07 00:00:00,Q3,538700000.0,0.0,0.0,0.0,0.0,219500000.0,0.0,0.0,0.0,228900000,9400000.0,12700000.0,0.0,0.0,0.0,0.0,395600000.0,0.0,0.0,10200000.0,19900000.0,0.03694078336736588,2.108453,2.108453,9438200.0,9438200.0,https://www.sec.gov/Archives/edgar/data/775368/000090641696000051/0000906416-96-000051-index.html,https://www.sec.gov/Archives/edgar/data/775368/0000906416-96-000051.txt,1620600067,18:41:07,20210509
98,1996-06-30,Y,USD,1996-08-13 00:00:00,1996-08-13 00:00:00,Q2,525000000.0,0.0,0.0,0.0,0.0,141900000.0,0.0,0.0,0.0,148600000,6700000.0,11700000.0,0.0,0.0,0.0,0.0,384600000.0,0.0,0.0,11300000.0,22800000.0,0.04342857142857143,2.437148,2.437148,9355197.0,9355197.0,https://www.sec.gov/Archives/edgar/data/775368/000090641696000043/0000906416-96-000043-index.html,https://www.sec.gov/Archives/edgar/data/775368/0000906416-96-000043.txt,1620600067,18:41:07,20210509
99,1996-03-31,Y,USD,1996-05-09 00:00:00,1996-05-09 00:00:00,Q1,468100000.0,0.0,0.0,0.0,0.0,129100000.0,0.0,0.0,0.0,135300000,6200000.0,12500000.0,0.0,0.0,0.0,0.0,339100000.0,0.0,0.0,7900000.0,16800000.0,0.0358897671437727,1.827862,1.827862,9191065.0,9191065.0,https://www.sec.gov/Archives/edgar/data/775368/000090641696000009/0000906416-96-000009-index.html,https://www.sec.gov/Archives/edgar/data/775368/0000906416-96-000009.txt,1620600067,18:41:07,20210509
100,1995-12-31,Y,USD,1996-03-22 00:00:00,1996-03-22 00:00:00,Q4,524710000.0,0.0,0.0,0.0,0.0,-248320000.0,0.0,0.0,0.0,1018734000,3882000.0,11800000.0,0.0,0.0,0.0,0.23074841340931182,-744699000.0,121076000.0,0.23074841340931182,22476000.0,43900000.0,0.08366526271654819,4.7763779279115095,4.7763779279115095,9191065.0,9191065.0,https://www.sec.gov/Archives/edgar/data/775368/000095012396001240/0000950123-96-001240-index.html,https://www.sec.gov/Archives/edgar/data/775368/0000950123-96-001240.txt,1620600067,18:41:07,20210509
101,1995-09-30,Y,USD,1995-11-13 00:00:00,1995-11-13 00:00:00,Q3,447900000.0,0.0,0.0,0.0,0.0,216400000.0,0.0,0.0,0.0,227400000,11000000.0,11000000.0,0.0,0.0,0.0,0.0,335700000.0,0.0,0.0,6200000.0,23400000.0,0.052243804420629605,2.501282,2.501282,9355204.0,9355204.0,https://www.sec.gov/Archives/edgar/data/775368/000090641695000055/0000906416-95-000055-index.html,https://www.sec.gov/Archives/edgar/data/775368/0000906416-95-000055.txt,1620600067,18:41:07,20210509
102,1995-06-30,Y,USD,1995-08-10 00:00:00,1995-08-10 00:00:00,Q2,415200000.0,0.0,0.0,0.0,0.0,195200000.0,0.0,0.0,0.0,202500000,7300000.0,10800000.0,0.0,0.0,0.0,0.0,303300000.0,0.0,0.0,8100000.0,17200000.0,0.041425818882466284,1.835877,1.835877,9368821.0,9368821.0,https://www.sec.gov/Archives/edgar/data/775368/000090641695000031/0000906416-95-000031-index.html,https://www.sec.gov/Archives/edgar/data/775368/0000906416-95-000031.txt,1620600067,18:41:07,20210509
103,1995-03-31,Y,USD,1995-05-11 00:00:00,1995-05-11 00:00:00,Q1,397100000.0,0.0,0.0,0.0,0.0,208400000.0,0.0,0.0,0.0,215200000,6800000.0,10500000.0,0.0,0.0,0.0,0.0,282900000.0,0.0,0.0,-1100000.0,800000.0,0.002014605892722236,0.088185,0.088185,9071802.0,9071802.0,https://www.sec.gov/Archives/edgar/data/775368/000090641695000018/0000906416-95-000018-index.html,https://www.sec.gov/Archives/edgar/data/775368/0000906416-95-000018.txt,1620600067,18:41:07,20210509
104,1994-12-31,Y,USD,1995-03-17 00:00:00,1995-03-17 00:00:00,Q4,431305000.0,0.0,0.0,0.0,0.0,-395872000.0,0.0,0.0,0.0,954611000,7485000.0,12800000.0,0.0,0.0,0.0,0.21561076268533869,27177000.0,92994000.0,0.21561076268533869,5222000.0,59906000.0,0.13889474965511645,6.603539186591594,6.603539186591594,9071802.0,9071802.0,https://www.sec.gov/Archives/edgar/data/775368/000095012395000585/0000950123-95-000585-index.html,https://www.sec.gov/Archives/edgar/data/775368/0000950123-95-000585.txt,1620600067,18:41:07,20210509
105,1994-09-30,Y,USD,1994-11-10 00:00:00,1994-11-10 00:00:00,Q3,447600000.0,0.0,0.0,0.0,0.0,235600000.0,0.0,0.0,0.0,243500000,7900000.0,9700000.0,0.0,0.0,0.0,0.0,51200000.0,0.0,0.0,6500000.0,22200000.0,0.049597855227882036,2.421113,2.421113,9169338.0,9169338.0,https://www.sec.gov/Archives/edgar/data/775368/000090641694000078/0000906416-94-000078-index.html,https://www.sec.gov/Archives/edgar/data/775368/0000906416-94-000078.txt,1620600067,18:41:07,20210509
106,1994-06-30,Y,USD,1994-08-12 00:00:00,1994-08-12 00:00:00,Q2,468200000.0,0.0,0.0,0.0,0.0,254700000.0,0.0,0.0,0.0,261500000,6800000.0,9700000.0,0.0,0.0,0.0,0.0,48000000.0,0.0,0.0,5300000.0,35400000.0,0.0756087142246903,3.936313,3.936313,8993187.0,8993187.0,https://www.sec.gov/Archives/edgar/data/775368/000090641694000046/0000906416-94-000046-index.html,https://www.sec.gov/Archives/edgar/data/775368/0000906416-94-000046.txt,1620600067,18:41:07,20210509
107,1994-03-31,Y,USD,1994-05-13 00:00:00,1994-05-13 00:00:00,Q1,529000000.0,0.0,0.0,0.0,0.0,274500000.0,0.0,0.0,0.0,309700000,35200000.0,12600000.0,0.0,0.0,0.0,0.0,36200000.0,0.0,0.0,9800000.0,19900000.0,0.03761814744801512,2.22069,2.22069,8961179.0,8961179.0,https://www.sec.gov/Archives/edgar/data/775368/000090641694000008/0000906416-94-000008-index.html,https://www.sec.gov/Archives/edgar/data/775368/0000906416-94-000008.txt,1620600067,18:41:07,20210509
