,date,symbol,reportedCurrency,fillingDate,acceptedDate,period,revenue,costOfRevenue,grossProfit,grossProfitRatio,researchAndDevelopmentExpenses,generalAndAdministrativeExpenses,sellingAndMarketingExpenses,otherExpenses,operatingExpenses,costAndExpenses,interestExpense,depreciationAndAmortization,ebitda,ebitdaratio,operatingIncome,operatingIncomeRatio,totalOtherIncomeExpensesNet,incomeBeforeTax,incomeBeforeTaxRatio,incomeTaxExpense,netIncome,netIncomeRatio,eps,epsdiluted,weightedAverageShsOut,weightedAverageShsOutDil,link,finalLink,timestamp,est_time,est_date
0,2016-06-30,WIG1.DE,EUR,2016-06-30,2016-06-30,Q2,19964000.0,13126000.0,6838000.0,0.3425165297535564,0.0,0.0,0.0,0.0,6042000.0,19168000.0,107000.0,747000.0,1543000.0,0.07728912041675015,796000.0,0.039871769184532155,0.0,891000.0,0.04463033460228411,-4000.0,895000.0,0.04483069525145261,0.06973077454373285,0.06973077454373285,12835079.0,12835079.0,https://www.bundesanzeiger.de/pub/de/suche;wwwsid=627BFD7A56A5CB624C47FDDEAB2FC509.web07-pub?0,https://www.bundesanzeiger.de/pub/de/suche;wwwsid=627BFD7A56A5CB624C47FDDEAB2FC509.web07-pub?0,1620599828,18:37:08,20210509
1,2016-03-31,WIG1.DE,EUR,2016-03-31,2016-03-31,Q1,10272000.0,8657000.0,1615000.0,0.15722352024922118,0.0,0.0,0.0,0.0,5169000.0,13826000.0,146000.0,746000.0,-2808000.0,-0.2733644859813084,-3554000.0,-0.3459890965732087,0.0,-3690000.0,-0.3592289719626168,-14000.0,-3676000.0,-0.35786604361370716,-0.286403,-0.286403,12835079.0,12835079.0,https://www.bundesanzeiger.de/pub/de/suche;wwwsid=627BFD7A56A5CB624C47FDDEAB2FC509.web07-pub?0,https://www.bundesanzeiger.de/pub/de/suche;wwwsid=627BFD7A56A5CB624C47FDDEAB2FC509.web07-pub?0,1620599828,18:37:08,20210509
2,2015-12-31,WIG1.DE,EUR,2015-12-31,2015-12-31,Q4,13362000.0,9748000.0,3614000.0,0.2704684927406077,0.0,0.0,0.0,0.0,5608000.0,15356000.0,174000.0,652000.0,-1342000.0,-0.10043406675647358,-1994000.0,-0.1492291573117797,0.0,-1472000.0,-0.1101631492291573,-208000.0,-1248000.0,-0.0933991917377638,-0.09723352696154032,-0.09723352696154032,12835079.0,12835079.0,https://www.bundesanzeiger.de/pub/de/suche;wwwsid=627BFD7A56A5CB624C47FDDEAB2FC509.web07-pub?0,https://www.bundesanzeiger.de/pub/de/suche;wwwsid=627BFD7A56A5CB624C47FDDEAB2FC509.web07-pub?0,1620599828,18:37:08,20210509
3,2015-09-30,WIG1.DE,EUR,2015-09-30,2015-09-30,Q3,17120000.0,12072000.0,5048000.0,0.29485981308411213,0.0,0.0,0.0,0.0,4196000.0,16268000.0,144000.0,875000.0,1727000.0,0.10087616822429907,852000.0,0.049766355140186916,0.0,654000.0,0.03820093457943925,-12000.0,650000.0,0.037967289719626166,0.05064246195913558,0.05064246195913558,12835079.0,12835079.0,https://www.bundesanzeiger.de/pub/de/suche;wwwsid=627BFD7A56A5CB624C47FDDEAB2FC509.web07-pub?0,https://www.bundesanzeiger.de/pub/de/suche;wwwsid=627BFD7A56A5CB624C47FDDEAB2FC509.web07-pub?0,1620599828,18:37:08,20210509
4,2015-06-30,WIG1.DE,EUR,2015-06-30,2015-06-30,Q2,19982736.79,12864544.38,7118192.41,0.3562170930241233,0.0,0.0,0.0,0.0,5014915.82,17879460.2,138677.62,805218.2,2908494.79,0.14555037283258937,2103276.59,0.10525468118323746,0.0,2030185.38,0.10159696348580088,9716.58,2020468.8,0.10111071477512065,0.1574177143748005,0.1574177143748005,12835079.0,12835079.0,https://www.bundesanzeiger.de/pub/de/suche;wwwsid=627BFD7A56A5CB624C47FDDEAB2FC509.web07-pub?0,https://www.bundesanzeiger.de/pub/de/suche;wwwsid=627BFD7A56A5CB624C47FDDEAB2FC509.web07-pub?0,1620599828,18:37:08,20210509
5,2015-03-31,WIG1.DE,EUR,2015-03-31,2015-03-31,Q1,12860263.21,10541455.62,2318807.59,0.18030794176879056,0.0,0.0,0.0,0.0,5157084.18,15698539.8,126322.38,778781.8,-2059494.7899999998,-0.16014406209031234,-2838276.59,-0.22070128298719321,0.0,-2958185.38,-0.2300252593352636,-1716.58,-2956468.8,-0.22989177995214607,-0.258216,-0.258216,11449616.0,11449616.0,https://www.bundesanzeiger.de/pub/de/suche;wwwsid=627BFD7A56A5CB624C47FDDEAB2FC509.web07-pub?0,https://www.bundesanzeiger.de/pub/de/suche;wwwsid=627BFD7A56A5CB624C47FDDEAB2FC509.web07-pub?0,1620599828,18:37:08,20210509
6,2014-12-31,WIG1.DE,EUR,2014-12-31,2014-12-31,Q4,10363782.33,6882285.11,3481497.22,0.3359292108945712,0.0,0.0,0.0,0.0,4179300.68,11061585.79,250257.61,626317.91,-71485.54999999993,-0.00689763135926456,-697803.46,-0.06733096448582011,0.0,-477695.86,-0.04609281098245528,13343.25,-491039.11,-0.04738029942780552,-0.03825758376711199,-0.03825758376711199,12835079.0,12835079.0,https://www.bundesanzeiger.de/pub/de/suche;wwwsid=627BFD7A56A5CB624C47FDDEAB2FC509.web07-pub?0,https://www.bundesanzeiger.de/pub/de/suche;wwwsid=627BFD7A56A5CB624C47FDDEAB2FC509.web07-pub?0,1620599828,18:37:08,20210509
7,2014-09-30,WIG1.DE,EUR,2014-09-30,2014-09-30,Q3,21937217.67,15364714.89,6572502.78,0.29960512216588675,0.0,0.0,0.0,0.0,5180699.32,20545414.21,70742.39,788682.09,2180485.55,0.09939663191571912,1391803.46,0.06344484888360959,0.0,1281695.86,0.05842563443005669,26656.75,1255039.11,0.05721049628441782,0.0977819544390806,0.0977819544390806,12835079.0,12835079.0,https://www.bundesanzeiger.de/pub/de/suche;wwwsid=627BFD7A56A5CB624C47FDDEAB2FC509.web07-pub?0,https://www.bundesanzeiger.de/pub/de/suche;wwwsid=627BFD7A56A5CB624C47FDDEAB2FC509.web07-pub?0,1620599828,18:37:08,20210509
8,2014-06-30,WIG1.DE,EUR,2014-06-30,2014-06-30,Q2,19598000.0,12380000.0,7218000.0,0.368302888049801,0.0,0.0,0.0,0.0,5122000.0,17502000.0,83000.0,821000.0,2917000.0,0.14884171854270845,2096000.0,0.10694968874374937,0.0,2065000.0,0.10536789468313093,49000.0,2015000.0,0.10281661394019798,0.15699163207332031,0.15699163207332031,12835079.0,12835079.0,https://www.bundesanzeiger.de/pub/de/suche;wwwsid=627BFD7A56A5CB624C47FDDEAB2FC509.web07-pub?0,https://www.bundesanzeiger.de/pub/de/suche;wwwsid=627BFD7A56A5CB624C47FDDEAB2FC509.web07-pub?0,1620599828,18:37:08,20210509
9,2014-03-31,WIG1.DE,EUR,2014-03-31,2014-03-31,Q1,8350000.0,6453000.0,1897000.0,0.22718562874251497,0.0,0.0,0.0,0.0,4523000.0,10976000.0,30000.0,615000.0,-2011000.0,-0.24083832335329342,-2626000.0,-0.31449101796407186,0.0,-2649000.0,-0.3172455089820359,25000.0,-2673000.0,-0.3201197604790419,-0.234255,-0.234255,11410642.0,11410642.0,https://www.bundesanzeiger.de/pub/de/suche;wwwsid=627BFD7A56A5CB624C47FDDEAB2FC509.web07-pub?0,https://www.bundesanzeiger.de/pub/de/suche;wwwsid=627BFD7A56A5CB624C47FDDEAB2FC509.web07-pub?0,1620599828,18:37:08,20210509
10,2013-12-31,WIG1.DE,EUR,2013-12-31,2013-12-31,Q4,10333000.0,7175000.0,3158000.0,0.30562276202458144,0.0,0.0,0.0,0.0,5146000.0,12321000.0,315000.0,680000.0,-1308000.0,-0.12658472853963032,-1988000.0,-0.1923933030097745,0.0,-3200000.0,-0.3096874092712668,174000.0,-3374000.0,-0.32652666215039194,-0.26287333330788226,-0.26287333330788226,12835079.0,12835079.0,https://www.bundesanzeiger.de/pub/de/suche;wwwsid=627BFD7A56A5CB624C47FDDEAB2FC509.web07-pub?0,https://www.bundesanzeiger.de/pub/de/suche;wwwsid=627BFD7A56A5CB624C47FDDEAB2FC509.web07-pub?0,1620599828,18:37:08,20210509
11,2013-09-30,WIG1.DE,EUR,2013-09-30,2013-09-30,Q3,9980000.0,5119000.0,4861000.0,0.4870741482965932,0.0,0.0,0.0,0.0,4455000.0,9574000.0,31000.0,670000.0,1076000.0,0.10781563126252505,406000.0,0.0406813627254509,0.0,369000.0,0.03697394789579158,54000.0,315000.0,0.03156312625250501,0.024542116180196475,0.024542116180196475,12835079.0,12835079.0,https://www.bundesanzeiger.de/pub/de/suche;wwwsid=627BFD7A56A5CB624C47FDDEAB2FC509.web07-pub?0,https://www.bundesanzeiger.de/pub/de/suche;wwwsid=627BFD7A56A5CB624C47FDDEAB2FC509.web07-pub?0,1620599828,18:37:08,20210509
12,2013-06-30,WIG1.DE,EUR,2013-06-30,2013-06-30,Q2,11920000.0,6243000.0,5677000.0,0.47625838926174496,0.0,0.0,0.0,0.0,4769000.0,11012000.0,41000.0,731000.0,1639000.0,0.1375,908000.0,0.0761744966442953,0.0,871000.0,0.07307046979865772,56000.0,815000.0,0.06837248322147652,0.06349785614876231,0.06349785614876231,12835079.0,12835079.0,https://www.bundesanzeiger.de/pub/de/suche;wwwsid=627BFD7A56A5CB624C47FDDEAB2FC509.web07-pub?0,https://www.bundesanzeiger.de/pub/de/suche;wwwsid=627BFD7A56A5CB624C47FDDEAB2FC509.web07-pub?0,1620599828,18:37:08,20210509
13,2013-03-31,WIG1.DE,EUR,2013-03-31,2013-03-31,Q1,3203000.0,1799000.0,1404000.0,0.43833905713393695,0.0,0.0,0.0,0.0,4297000.0,6096000.0,45000.0,631000.0,-2262000.0,-0.706212925382454,-2893000.0,-0.9032157352482048,0.0,-2941000.0,-0.9182016859194505,55000.0,-2996000.0,-0.9353730877302529,-0.492105,-0.492105,6088131.0,6088131.0,https://www.bundesanzeiger.de/pub/de/suche;wwwsid=627BFD7A56A5CB624C47FDDEAB2FC509.web07-pub?0,https://www.bundesanzeiger.de/pub/de/suche;wwwsid=627BFD7A56A5CB624C47FDDEAB2FC509.web07-pub?0,1620599828,18:37:08,20210509
14,2012-12-31,WIG1.DE,EUR,2012-12-31,2012-12-31,Q4,6217000.0,2778000.0,3439000.0,0.5531606884349365,0.0,0.0,0.0,0.0,6262000.0,9040000.0,0.0,2626000.0,-197000.0,-0.03168730899147499,-2823000.0,-0.45407752935499435,0.0,-4802000.0,-0.7723982628277304,-108000.0,-4770000.0,-0.7672510857326685,-0.37163775930011805,-0.37163775930011805,12835079.0,12835079.0,https://www.bundesanzeiger.de/pub/de/suche;wwwsid=627BFD7A56A5CB624C47FDDEAB2FC509.web07-pub?0,https://www.bundesanzeiger.de/pub/de/suche;wwwsid=627BFD7A56A5CB624C47FDDEAB2FC509.web07-pub?0,1620599828,18:37:08,20210509
15,2012-09-30,WIG1.DE,EUR,2012-09-30,2012-09-30,Q3,11636000.0,6873000.0,4763000.0,0.40933310415950497,0.0,0.0,0.0,0.0,4753000.0,11626000.0,0.0,-1363000.0,-1353000.0,-0.1162770711584737,10000.0,0.0008594018563080096,0.0,295000.0,0.025352354761086285,152000.0,143000.0,0.012289446545204537,0.011141341631009829,0.011141341631009829,12835079.0,12835079.0,https://www.bundesanzeiger.de/pub/de/suche;wwwsid=627BFD7A56A5CB624C47FDDEAB2FC509.web07-pub?0,https://www.bundesanzeiger.de/pub/de/suche;wwwsid=627BFD7A56A5CB624C47FDDEAB2FC509.web07-pub?0,1620599828,18:37:08,20210509
16,2012-06-30,WIG1.DE,EUR,2012-06-30,2012-06-30,Q2,14119000.0,8524000.0,5595000.0,0.3962745236914796,0.0,0.0,0.0,0.0,5054000.0,13578000.0,0.0,871000.0,1412000.0,0.10000708265457893,541000.0,0.038317161272044764,0.0,1562000.0,0.11063106452298321,76000.0,1562000.0,0.11063106452298321,0.12169773166179966,0.12169773166179966,12835079.0,12835079.0,https://www.bundesanzeiger.de/pub/de/suche;wwwsid=627BFD7A56A5CB624C47FDDEAB2FC509.web07-pub?0,https://www.bundesanzeiger.de/pub/de/suche;wwwsid=627BFD7A56A5CB624C47FDDEAB2FC509.web07-pub?0,1620599828,18:37:08,20210509
17,2012-03-31,WIG1.DE,EUR,2012-03-31,2012-03-31,Q1,5243000.0,3307000.0,1936000.0,0.3692542437535762,0.0,0.0,0.0,0.0,4343000.0,7650000.0,0.0,492000.0,-1915000.0,-0.3652489032996376,-2407000.0,-0.45908830822048446,0.0,-2381000.0,-0.4541293152775129,68000.0,-2449000.0,-0.4670989891283616,-0.425573,-0.425573,5754589.0,5754589.0,https://www.bundesanzeiger.de/pub/de/suche;wwwsid=627BFD7A56A5CB624C47FDDEAB2FC509.web07-pub?0,https://www.bundesanzeiger.de/pub/de/suche;wwwsid=627BFD7A56A5CB624C47FDDEAB2FC509.web07-pub?0,1620599828,18:37:08,20210509
18,2011-12-31,WIG1.DE,EUR,2011-12-31,2011-12-31,Q4,8789000.0,4401000.0,4388000.0,0.4992604391853453,0.0,0.0,0.0,0.0,7012000.0,11413000.0,0.0,608000.0,-2016000.0,-0.22937763112982137,-2624000.0,-0.2985550119467516,0.0,-2683000.0,-0.30526794857207873,-185000.0,-2498000.0,-0.2842189100011378,-0.1946228768829549,-0.1946228768829549,12835079.0,12835079.0,https://www.bundesanzeiger.de/pub/de/suche;wwwsid=627BFD7A56A5CB624C47FDDEAB2FC509.web07-pub?0,https://www.bundesanzeiger.de/pub/de/suche;wwwsid=627BFD7A56A5CB624C47FDDEAB2FC509.web07-pub?0,1620599828,18:37:08,20210509
19,2011-09-30,WIG1.DE,EUR,2011-09-30,2011-09-30,Q3,10674000.0,6004000.0,4670000.0,0.4375117106988945,0.0,0.0,0.0,0.0,4274000.0,10278000.0,0.0,568000.0,964000.0,0.0903129098744613,396000.0,0.03709949409780776,0.0,350000.0,0.03278995690462807,208000.0,142000.0,0.013303353944163388,0.011063430151072697,0.011063430151072697,12835079.0,12835079.0,https://www.bundesanzeiger.de/pub/de/suche;wwwsid=627BFD7A56A5CB624C47FDDEAB2FC509.web07-pub?0,https://www.bundesanzeiger.de/pub/de/suche;wwwsid=627BFD7A56A5CB624C47FDDEAB2FC509.web07-pub?0,1620599828,18:37:08,20210509
20,2011-06-30,WIG1.DE,EUR,2011-06-30,2011-06-30,Q2,11351000.0,5430000.0,5921000.0,0.521628050392036,0.0,0.0,0.0,0.0,3168000.0,8598000.0,0.0,541000.0,3294000.0,0.2901946965025108,2753000.0,0.2425336974715884,0.0,2678000.0,0.23592635010131266,-44000.0,2722000.0,0.2398026605585411,0.2120750483888724,0.2120750483888724,12835079.0,12835079.0,https://www.bundesanzeiger.de/pub/de/suche;wwwsid=627BFD7A56A5CB624C47FDDEAB2FC509.web07-pub?0,https://www.bundesanzeiger.de/pub/de/suche;wwwsid=627BFD7A56A5CB624C47FDDEAB2FC509.web07-pub?0,1620599828,18:37:08,20210509
21,2011-03-31,WIG1.DE,EUR,2011-03-31,2011-03-31,Q1,3148000.0,2052000.0,1096000.0,0.34815756035578144,0.0,0.0,0.0,0.0,3159000.0,5211000.0,0.0,561000.0,-1502000.0,-0.4771283354510801,-2063000.0,-0.6553367217280813,0.0,-2097000.0,-0.6661372299872935,1293000.0,-3390000.0,-1.076874205844981,-0.717787,-0.717787,4722851.0,4722851.0,https://www.bundesanzeiger.de/pub/de/suche;wwwsid=627BFD7A56A5CB624C47FDDEAB2FC509.web07-pub?0,https://www.bundesanzeiger.de/pub/de/suche;wwwsid=627BFD7A56A5CB624C47FDDEAB2FC509.web07-pub?0,1620599828,18:37:08,20210509
22,2010-12-31,WIG1.DE,EUR,2010-12-31,2010-12-31,Q4,5926000.0,3116000.0,2810000.0,0.4741815727303409,0.0,0.0,0.0,0.0,3362000.0,6478000.0,-11000.0,609000.0,57000.0,0.009618629767127912,-552000.0,-0.0931488356395545,0.0,-488000.0,-0.08234897063786703,-938000.0,491000.0,0.08285521430982112,0.03825453664913165,0.03825453664913165,12835079.0,12835079.0,https://www.bundesanzeiger.de/pub/de/suche;wwwsid=627BFD7A56A5CB624C47FDDEAB2FC509.web07-pub?0,https://www.bundesanzeiger.de/pub/de/suche;wwwsid=627BFD7A56A5CB624C47FDDEAB2FC509.web07-pub?0,1620599828,18:37:08,20210509
23,2010-09-30,WIG1.DE,EUR,2010-09-30,2010-09-30,Q3,7218000.0,2875000.0,4343000.0,0.6016902188972014,0.0,0.0,0.0,0.0,3323000.0,6198000.0,113000.0,636000.0,1656000.0,0.22942643391521197,1020000.0,0.14131338320864506,0.0,901000.0,0.12482682183430313,89000.0,629000.0,0.08714325297866445,0.04900632088045582,0.04900632088045582,12835079.0,12835079.0,https://www.bundesanzeiger.de/pub/de/suche;wwwsid=627BFD7A56A5CB624C47FDDEAB2FC509.web07-pub?0,https://www.bundesanzeiger.de/pub/de/suche;wwwsid=627BFD7A56A5CB624C47FDDEAB2FC509.web07-pub?0,1620599828,18:37:08,20210509
