,date,symbol,reportedCurrency,fillingDate,acceptedDate,period,revenue,costOfRevenue,grossProfit,grossProfitRatio,researchAndDevelopmentExpenses,generalAndAdministrativeExpenses,sellingAndMarketingExpenses,otherExpenses,operatingExpenses,costAndExpenses,interestExpense,depreciationAndAmortization,ebitda,ebitdaratio,operatingIncome,operatingIncomeRatio,totalOtherIncomeExpensesNet,incomeBeforeTax,incomeBeforeTaxRatio,incomeTaxExpense,netIncome,netIncomeRatio,eps,epsdiluted,weightedAverageShsOut,weightedAverageShsOutDil,link,finalLink,timestamp,est_time,est_date
0,2020-12-31,REMSONSIND.NS,INR,2020-12-31,2020-12-31,Q4,132410000.0,33107000,99303000.0,0.7499660146514614,0.0,0.0,0.0,10406000.0,57258000.0,90365000,1461000.0,-2630000.0,39415000.0,0.2976738917000227,42045000.0,0.3175364398459331,0.0,50988000.0,0.3850766558417038,14442000.0,36546000.0,0.27600634393172724,6.40317954851154,6.40317954851154,5707477.0,5707477.0,https://www.nseindia.com/companies-listing/corporate-filings-annual-reports,https://www.nseindia.com/companies-listing/corporate-filings-annual-reports,1620597186,17:53:06,20210509
1,2020-09-30,REMSONSIND.NS,INR,2020-09-30,2020-09-30,Q3,549327000.0,396070000,153257000.0,0.27899047379793823,0.0,0.0,0.0,2183000.0,134058000.0,530128000,4451000.0,7951000.0,27150000.0,0.049424113506163,19199000.0,0.03495003886573935,0.0,16931000.0,0.030821350488870927,4716000.0,12214000.0,0.022234479645092994,2.14,2.14,5707477.0,5707477.0,https://www.nseindia.com/companies-listing/corporate-filings-annual-reports,https://www.nseindia.com/companies-listing/corporate-filings-annual-reports,1620597186,17:53:06,20210509
2,2020-06-30,REMSONSIND.NS,INR,2020-06-30,2020-06-30,Q2,131408000.0,95261000,36147000.0,0.27507457689029585,0.0,0.0,0.0,400000.0,61611000.0,156872000,5652000.0,7134000.0,-18330000.0,-0.13948922440034092,-25464000.0,-0.19377815658103006,0.0,-30717000.0,-0.23375289175697064,-8453000.0,-22264000.0,-0.16942651893339827,-3.9,-3.9,5708718.0,5708718.0,https://www.nseindia.com/companies-listing/corporate-filings-annual-reports,https://www.nseindia.com/companies-listing/corporate-filings-annual-reports,1620597186,17:53:06,20210509
3,2020-03-31,REMSONSIND.NS,INR,2020-03-31,2020-03-31,Q1,343716000.0,226722000,116994000.0,0.3403798484795587,0.0,0.0,0.0,-8435000.0,102280000.0,329002000,2513000.0,6130000.0,20844000.0,0.06064308906189994,14714000.0,0.04280859779585472,0.0,11075000.0,0.032221368804478116,3425000.0,7650000.0,0.022256746849142896,1.3403470570271243,1.3403470570271243,5707477.0,5707477.0,https://www.nseindia.com/companies-listing/corporate-filings-annual-reports,https://www.nseindia.com/companies-listing/corporate-filings-annual-reports,1620597186,17:53:06,20210509
4,2019-12-31,REMSONSIND.NS,INR,2019-12-31,2019-12-31,Q4,466567000.0,291349000,175218000.0,0.37554734904097375,0.0,0.0,0.0,5425000.0,146859000.0,438208000,6389000.0,8104000.0,36463000.0,0.07815169096828536,28359000.0,0.06078226706989564,0.0,27395000.0,0.05871611151238729,6906000.0,20489000.0,0.04391437885662724,3.59,3.59,5707242.0,5707242.0,https://www.nseindia.com/companies-listing/corporate-filings-annual-reports,https://www.nseindia.com/companies-listing/corporate-filings-annual-reports,1620597186,17:53:06,20210509
5,2019-09-30,REMSONSIND.NS,INR,2019-09-30,2019-09-30,Q3,409839000.0,248633000,161206000.0,0.3933398236868624,0.0,0.0,0.0,1349000.0,133210000.0,381843000,6089000.0,7698000.0,35694000.0,0.08709273641600726,27996000.0,0.06830975090218354,0.0,23256000.0,0.056744233711286625,6873000.0,16383000.0,0.039974233784486106,2.87,2.87,5708362.0,5708362.0,https://www.nseindia.com/companies-listing/corporate-filings-annual-reports,https://www.nseindia.com/companies-listing/corporate-filings-annual-reports,1620597186,17:53:06,20210509
6,2019-06-30,REMSONSIND.NS,INR,2019-06-30,2019-06-30,Q2,360209000.0,209193000,151016000.0,0.4192454935884445,0.0,0.0,0.0,3083000.0,134609000.0,343802000,7091000.0,7938000.0,24345000.0,0.06758576270998226,16407000.0,0.04554855653245755,0.0,12399000.0,0.03442168296738838,3554000.0,8845000.0,0.024555188793172852,1.55,1.55,5706452.0,5706452.0,https://www.nseindia.com/companies-listing/corporate-filings-annual-reports,https://www.nseindia.com/companies-listing/corporate-filings-annual-reports,1620597186,17:53:06,20210509
7,2019-03-31,REMSONSIND.NS,INR,2019-03-31,2019-03-31,Q1,359292000.0,246789000,112503000.0,0.313124144150162,0.0,0.0,0.0,-4514000.0,96654000.0,343443000,4586000.0,5811000.0,21660000.0,0.06028522761430814,15849000.0,0.04411175311445843,0.0,7548000.0,0.02100798236531846,2457000.0,5091000.0,0.014169533415717578,0.8919878257941294,0.8919878257941294,5707477.0,5707477.0,https://www.nseindia.com/companies-listing/corporate-filings-annual-reports,https://www.nseindia.com/companies-listing/corporate-filings-annual-reports,1620597186,17:53:06,20210509
8,2018-12-31,REMSONSIND.NS,INR,2018-12-31,2018-12-31,Q4,381450000.0,237810000,143640000.0,0.3765631144317735,0.0,0.0,0.0,-1202000.0,128195000.0,366005000,3624000.0,5866000.0,21311000.0,0.05586839690654083,15445000.0,0.04049023463101324,0.0,10619000.0,0.027838510945077992,3021000.0,7598000.0,0.019918731157425613,1.33,1.33,5712782.0,5712782.0,https://www.nseindia.com/companies-listing/corporate-filings-annual-reports,https://www.nseindia.com/companies-listing/corporate-filings-annual-reports,1620597186,17:53:06,20210509
9,2018-09-30,REMSONSIND.NS,INR,2018-09-30,2018-09-30,Q3,396172000.0,243829000,152343000.0,0.3845375241056915,0.0,0.0,0.0,3678000.0,130504000.0,374333000,6701000.0,6051000.0,27890000.0,0.07039871570933837,21839000.0,0.05512504669688923,0.0,18816000.0,0.04749452258110114,5680000.0,13136000.0,0.033157315509425196,2.3,2.3,5711304.0,5711304.0,https://www.nseindia.com/companies-listing/corporate-filings-annual-reports,https://www.nseindia.com/companies-listing/corporate-filings-annual-reports,1620597186,17:53:06,20210509
10,2018-06-30,REMSONSIND.NS,INR,2018-06-30,2018-06-30,Q2,346258000.0,216905000,129353000.0,0.37357404016658097,0.0,0.0,0.0,2122000.0,113348000.0,330253000,6063000.0,5555000.0,21560000.0,0.062265709384331916,16005000.0,0.046222758752144356,0.0,12064000.0,0.03484107226403433,3472000.0,8592000.0,0.024813867116427635,1.5,1.5,5728000.0,5728000.0,https://www.nseindia.com/companies-listing/corporate-filings-annual-reports,https://www.nseindia.com/companies-listing/corporate-filings-annual-reports,1620597186,17:53:06,20210509
11,2018-03-31,REMSONSIND.NS,INR,2018-03-31,2018-03-31,Q1,360416000.0,217428000,142988000.0,0.3967304448193199,0.0,0.0,0.0,9087000.0,117530000.0,334958000,5794000.0,6169000.0,31627000.0,0.08775137618751665,25458000.0,0.07063504394921424,0.0,28751000.0,0.07977170824824648,3494000.0,25257000.0,0.0700773550563793,4.42,4.42,5714253.0,5714253.0,https://www.nseindia.com/companies-listing/corporate-filings-annual-reports,https://www.nseindia.com/companies-listing/corporate-filings-annual-reports,1620597186,17:53:06,20210509
12,2017-12-31,REMSONSIND.NS,INR,2017-12-31,2017-12-31,Q4,335749000.0,204286000,131463000.0,0.39155142680990856,0.0,0.0,0.0,0.0,114252000.0,318538000,0.0,6411000.0,23622000.0,0.0703561291321791,17211000.0,0.051261507852592265,0.0,11309000.0,0.03368290002352948,4453000.0,6856000.0,0.020420016143011595,1.2,1.2,5713333.0,5713333.0,https://www.nseindia.com/companies-listing/corporate-filings-annual-reports,https://www.nseindia.com/companies-listing/corporate-filings-annual-reports,1620597186,17:53:06,20210509
13,2017-09-30,REMSONSIND.NS,INR,2017-09-30,2017-09-30,Q3,315688000.0,199309000,116379000.0,0.3686519601631991,0.0,0.0,0.0,0.0,104668000.0,303977000,0.0,6269000.0,17980000.0,0.056954968196447124,11711000.0,0.03709675375687387,0.0,4609000.0,0.014599858087732192,3345000.0,1264000.0,0.004003953270317529,0.22,0.22,5745455.0,5745455.0,https://www.nseindia.com/companies-listing/corporate-filings-annual-reports,https://www.nseindia.com/companies-listing/corporate-filings-annual-reports,1620597186,17:53:06,20210509
14,2017-06-30,REMSONSIND.NS,INR,2017-06-30,2017-06-30,Q2,324678000.0,161933000,162745000.0,0.5012504696961297,0.0,0.0,0.0,1058000.0,103362000.0,265295000,6671000.0,6313000.0,65696000.0,0.20234201270181534,59383000.0,0.18289813291938475,0.0,842000.0,0.0025933386308896814,-242000.0,1084000.0,0.003338692489173889,0.19,0.19,5705263.0,5705263.0,https://www.nseindia.com/companies-listing/corporate-filings-annual-reports,https://www.nseindia.com/companies-listing/corporate-filings-annual-reports,1620597186,17:53:06,20210509
15,2017-03-31,REMSONSIND.NS,INR,2017-03-31,2017-03-31,Q1,0.0,165023000,0.0,0.0,0.0,0.0,0.0,4030000.0,125446000.0,290469000,5562000.0,6536000.0,-283933000.0,0.0,-290469000.0,0.0,0.0,-11069000.0,0.0,-4988000.0,-6023000.0,0.0,-1.05,-1.05,5736190.0,5736190.0,https://www.nseindia.com/companies-listing/corporate-filings-annual-reports,https://www.nseindia.com/companies-listing/corporate-filings-annual-reports,1620597186,17:53:06,20210509
16,2016-12-31,REMSONSIND.NS,INR,2016-12-31,2016-12-31,Q4,324501000.0,189038000,135463000.0,0.41745017734922235,0.0,0.0,0.0,1101000.0,135991000.0,325029000,5771000.0,6051000.0,5523000.0,0.017019978366784694,-528000.0,-0.0016271136298501392,0.0,-5198000.0,-0.016018440621138302,-2116000.0,-3082000.0,-0.00949765948332979,-0.54,-0.54,5707407.0,5707407.0,https://www.nseindia.com/companies-listing/corporate-filings-annual-reports,https://www.nseindia.com/companies-listing/corporate-filings-annual-reports,1620597186,17:53:06,20210509
17,2016-09-30,REMSONSIND.NS,INR,2016-09-30,2016-09-30,Q3,362980000.0,211176000,151804000.0,0.41821587966279133,0.0,0.0,0.0,906000.0,139862000.0,351038000,6099000.0,6224000.0,18166000.0,0.05004683453633809,11942000.0,0.032899884291145515,0.0,6750000.0,0.0185960658989476,809000.0,5942000.0,0.01637004793652543,1.04,1.04,5713462.0,5713462.0,https://www.nseindia.com/companies-listing/corporate-filings-annual-reports,https://www.nseindia.com/companies-listing/corporate-filings-annual-reports,1620597186,17:53:06,20210509
18,2016-06-30,REMSONSIND.NS,INR,2016-06-30,2016-06-30,Q2,266658000.0,147323000,119335000.0,0.4475207944258188,0.0,0.0,0.0,0.0,119325000.0,266648000,6408000.0,5508000.0,5518000.0,0.020693172528107165,10000.0,3.750121878961066e-05,0.0,-6398000.0,-0.0239932797815929,-729000.0,-5669000.0,-0.021259440931830284,-0.99,-0.99,5726263.0,5726263.0,https://www.nseindia.com/companies-listing/corporate-filings-annual-reports,https://www.nseindia.com/companies-listing/corporate-filings-annual-reports,1620597186,17:53:06,20210509
19,2016-03-31,REMSONSIND.NS,INR,2016-03-31,2016-03-31,Q1,0.0,198601000,0.0,0.0,0.0,0.0,0.0,5768000.0,124360000.0,322961000,7091000.0,5923000.0,-317038000.0,0.0,-322961000.0,0.0,0.0,10101000.0,0.0,3833000.0,6268000.0,0.0,1.1,1.1,5698182.0,5698182.0,https://www.nseindia.com/companies-listing/corporate-filings-annual-reports,https://www.nseindia.com/companies-listing/corporate-filings-annual-reports,1620597186,17:53:06,20210509
20,2015-12-31,REMSONSIND.NS,INR,2015-12-31,2015-12-31,Q4,299138000.0,151407000,147731000.0,0.49385567864998764,0.0,0.0,0.0,0.0,130866000.0,282273000,0.0,5451000.0,22316000.0,0.07460102026489446,16865000.0,0.056378661353622746,0.0,10227000.0,0.03418823419291431,2366000.0,7861000.0,0.02627884120372537,1.38,1.38,5696377.0,5696377.0,https://www.nseindia.com/companies-listing/corporate-filings-annual-reports,https://www.nseindia.com/companies-listing/corporate-filings-annual-reports,1620597186,17:53:06,20210509
21,2015-09-30,REMSONSIND.NS,INR,2015-09-30,2015-09-30,Q3,289943000.0,159982000,129961000.0,0.4482294795873672,0.0,0.0,0.0,0.0,125756000.0,285738000,7307000.0,6173000.0,10378000.0,0.0357932421200029,4205000.0,0.014502850560282539,0.0,-3102000.0,-0.010698654563138272,-965000.0,-2137000.0,-0.007370414184857023,-0.37,-0.37,5775676.0,5775676.0,https://www.nseindia.com/companies-listing/corporate-filings-annual-reports,https://www.nseindia.com/companies-listing/corporate-filings-annual-reports,1620597186,17:53:06,20210509
22,2015-06-30,REMSONSIND.NS,INR,2015-06-30,2015-06-30,Q2,256741000.0,146326000,110415000.0,0.43006376075500213,0.0,0.0,0.0,0.0,114596000.0,260922000,7058000.0,5213000.0,1032000.0,0.004019615098484465,-4181000.0,-0.016284894115080956,0.0,-11239000.0,-0.04377563380994855,-3738000.0,-7501000.0,-0.029216214005554235,-1.31,-1.31,5725954.0,5725954.0,https://www.nseindia.com/companies-listing/corporate-filings-annual-reports,https://www.nseindia.com/companies-listing/corporate-filings-annual-reports,1620597186,17:53:06,20210509
23,2015-03-31,REMSONSIND.NS,INR,2015-03-31,2015-03-31,Q1,279762000.0,257007000,22755000.0,0.08133699358740644,0.0,0.0,0.0,0.0,12482000.0,269489000,0.0,5671000.0,15944000.0,0.05699129974764264,10273000.0,0.03672049813770276,0.0,8948000.0,0.03198432953724952,3262000.0,5686000.0,0.020324418612963878,0.9962370413406835,0.9962370413406835,5707477.0,5707477.0,https://www.nseindia.com/companies-listing/corporate-filings-annual-reports,https://www.nseindia.com/companies-listing/corporate-filings-annual-reports,1620597186,17:53:06,20210509
24,2014-12-31,REMSONSIND.NS,INR,2014-12-31,2014-12-31,Q4,315352000.0,183550000,131802000.0,0.41795200284126943,0.0,0.0,0.0,0.0,126152000.0,309702000,0.0,5808000.0,11458000.0,0.03633400136989776,5650000.0,0.017916486973286995,0.0,41000.0,0.00013001344529287907,-455000.0,496000.0,0.0015728455820797078,0.09,0.09,5511111.0,5511111.0,https://www.nseindia.com/companies-listing/corporate-filings-annual-reports,https://www.nseindia.com/companies-listing/corporate-filings-annual-reports,1620597186,17:53:06,20210509
25,2014-09-30,REMSONSIND.NS,INR,2014-09-30,2014-09-30,Q3,302466000.0,177988000,124478000.0,0.4115437768211964,0.0,0.0,0.0,0.0,118810000.0,296798000,0.0,5570000.0,11238000.0,0.03715458927615005,5668000.0,0.01873929631760264,0.0,150000.0,0.0004959235087580091,500000.0,-350000.0,-0.001157154853768688,-0.06,-0.06,5833333.0,5833333.0,https://www.nseindia.com/companies-listing/corporate-filings-annual-reports,https://www.nseindia.com/companies-listing/corporate-filings-annual-reports,1620597186,17:53:06,20210509
26,2014-06-30,REMSONSIND.NS,INR,2014-06-30,2014-06-30,Q2,256578000.0,151553000,105025000.0,0.40932971649946603,0.0,0.0,0.0,0.0,107945000.0,259498000,0.0,5425000.0,2505000.0,0.00976311297149405,-2920000.0,-0.011380554841023002,0.0,-7961000.0,-0.031027601742939767,-2555000.0,-5406000.0,-0.021069616257044642,-0.95,-0.95,5690526.0,5690526.0,https://www.nseindia.com/companies-listing/corporate-filings-annual-reports,https://www.nseindia.com/companies-listing/corporate-filings-annual-reports,1620597186,17:53:06,20210509
27,2014-03-31,REMSONSIND.NS,INR,2014-03-31,2014-03-31,Q1,279901000.0,257673000,22228000.0,0.07941379273385947,0.0,0.0,0.0,0.0,22898000.0,280571000,0.0,5748000.0,5078000.0,0.018142128824119957,-670000.0,-0.002393703488018978,0.0,1326000.0,0.004737389291213679,970000.0,356000.0,0.0012718782712459048,0.062374320562308,0.062374320562308,5707477.0,5707477.0,https://www.nseindia.com/companies-listing/corporate-filings-annual-reports,https://www.nseindia.com/companies-listing/corporate-filings-annual-reports,1620597186,17:53:06,20210509
28,2013-12-31,REMSONSIND.NS,INR,2013-12-31,2013-12-31,Q4,310090000.0,174760000,135330000.0,0.4364216840272179,0.0,0.0,0.0,0.0,118726000.0,293486000,0.0,5920000.0,22524000.0,0.07263697636170144,16604000.0,0.053545744783772456,0.0,10588000.0,0.03414492566674191,3597000.0,6991000.0,0.02254506756103067,1.22,1.22,5713357.0,5713357.0,https://www.nseindia.com/companies-listing/corporate-filings-annual-reports,https://www.nseindia.com/companies-listing/corporate-filings-annual-reports,1620597186,17:53:06,20210509
29,2013-09-30,REMSONSIND.NS,INR,2013-09-30,2013-09-30,Q3,290678000.0,166693000,123985000.0,0.4265372680423011,0.0,0.0,0.0,0.0,109015000.0,275708000,0.0,5651000.0,20621000.0,0.07094104128967449,14970000.0,0.0515002855393253,0.0,8994000.0,0.03094145411761468,3530000.0,5464000.0,0.018797432210211986,0.96,0.96,5713357.0,5713357.0,https://www.nseindia.com/companies-listing/corporate-filings-annual-reports,https://www.nseindia.com/companies-listing/corporate-filings-annual-reports,1620597186,17:53:06,20210509
30,2013-06-30,REMSONSIND.NS,INR,2013-06-30,2013-06-30,Q2,237595000.0,141801000,95794000.0,0.4031818851406806,0.0,0.0,0.0,0.0,88544000.0,230345000,0.0,5506000.0,12756000.0,0.0536879984848166,7250000.0,0.030514110145415517,0.0,1441000.0,0.006064942444075002,-610000.0,2051000.0,0.008632336539068582,0.36,0.36,5713357.0,5713357.0,https://www.nseindia.com/companies-listing/corporate-filings-annual-reports,https://www.nseindia.com/companies-listing/corporate-filings-annual-reports,1620597186,17:53:06,20210509
31,2013-03-31,REMSONSIND.NS,INR,2013-03-31,2013-03-31,Q1,295849000.0,257177000,38672000.0,0.1307153311317598,0.0,0.0,0.0,0.0,25135000.0,282312000,0.0,5807000.0,19344000.0,0.06538470638738005,13537000.0,0.045756450080953456,0.0,11875000.0,0.04013871941429581,4171000.0,7704000.0,0.02604031110465136,1.349808330370845,1.349808330370845,5707477.0,5707477.0,https://www.nseindia.com/companies-listing/corporate-filings-annual-reports,https://www.nseindia.com/companies-listing/corporate-filings-annual-reports,1620597186,17:53:06,20210509
32,2012-12-31,REMSONSIND.NS,INR,2012-12-31,2012-12-31,Q4,292725000.0,176346000,116379000.0,0.39757109915449657,0.0,0.0,0.0,0.0,104260000.0,280606000,0.0,5821000.0,17940000.0,0.06128619011017166,12119000.0,0.041400631992484414,0.0,4227000.0,0.014440174224955162,1537000.0,2690000.0,0.009189512340934325,0.47,0.47,5713357.0,5713357.0,https://www.nseindia.com/companies-listing/corporate-filings-annual-reports,https://www.nseindia.com/companies-listing/corporate-filings-annual-reports,1620597186,17:53:06,20210509
33,2012-09-30,REMSONSIND.NS,INR,2012-09-30,2012-09-30,Q3,252745000.0,158139000,94606000.0,0.37431403192941504,0.0,0.0,0.0,0.0,90718000.0,248857000,0.0,5620000.0,9508000.0,0.03761894399493561,3888000.0,0.015383093631921502,0.0,-2916000.0,-0.011537320223941126,-985000.0,-1931000.0,-0.0076401115749075155,-0.34,-0.34,5713357.0,5713357.0,https://www.nseindia.com/companies-listing/corporate-filings-annual-reports,https://www.nseindia.com/companies-listing/corporate-filings-annual-reports,1620597186,17:53:06,20210509
34,2012-06-30,REMSONSIND.NS,INR,2012-06-30,2012-06-30,Q2,242196000.0,150062000,92134000.0,0.380410906868817,0.0,0.0,0.0,0.0,89965000.0,240027000,0.0,5541000.0,7710000.0,0.031833721448743996,2169000.0,0.008955556656592182,0.0,-6477000.0,-0.026742803349353417,-1877000.0,-4600000.0,-0.018992881798213016,-0.81,-0.81,5713357.0,5713357.0,https://www.nseindia.com/companies-listing/corporate-filings-annual-reports,https://www.nseindia.com/companies-listing/corporate-filings-annual-reports,1620597186,17:53:06,20210509
35,2012-03-31,REMSONSIND.NS,INR,2012-03-31,2012-03-31,Q1,297624000.0,267849000,29775000.0,0.10004233529554069,0.0,0.0,0.0,0.0,-591000.0,267258000,0.0,5873000.0,36239000.0,0.12176101389672876,30366000.0,0.10202806225304412,0.0,19568000.0,0.06574738596349756,7233000.0,12334000.0,0.041441550412601134,2.161024915212098,2.161024915212098,5707477.0,5707477.0,https://www.nseindia.com/companies-listing/corporate-filings-annual-reports,https://www.nseindia.com/companies-listing/corporate-filings-annual-reports,1620597186,17:53:06,20210509
36,2011-12-31,REMSONSIND.NS,INR,2011-12-31,2011-12-31,Q4,316689000.0,190729000,125960000.0,0.3977403698897025,0.0,0.0,0.0,0.0,108481000.0,299210000,0.0,5676000.0,23155000.0,0.07311589603680582,17479000.0,0.05519294954987385,0.0,12328000.0,0.03892778088282195,2088000.0,10241000.0,0.03233771933979393,1.79,1.79,5713357.0,5713357.0,https://www.nseindia.com/companies-listing/corporate-filings-annual-reports,https://www.nseindia.com/companies-listing/corporate-filings-annual-reports,1620597186,17:53:06,20210509
