,date,symbol,reportedCurrency,fillingDate,acceptedDate,period,revenue,costOfRevenue,grossProfit,grossProfitRatio,researchAndDevelopmentExpenses,generalAndAdministrativeExpenses,sellingAndMarketingExpenses,otherExpenses,operatingExpenses,costAndExpenses,interestExpense,depreciationAndAmortization,ebitda,ebitdaratio,operatingIncome,operatingIncomeRatio,totalOtherIncomeExpensesNet,incomeBeforeTax,incomeBeforeTaxRatio,incomeTaxExpense,netIncome,netIncomeRatio,eps,epsdiluted,weightedAverageShsOut,weightedAverageShsOutDil,link,finalLink,timestamp,est_time,est_date
0,2020-12-31,SOMANYCERA.NS,INR,2020-12-31,2020-12-31,Q4,4902800000,2100200000,2802600000,0.5716325365097495,0.0,0.0,0.0,32900000.0,2323300000,4423500000,94100000.0,153800000,633100000,0.12913029289385658,479300000,0.09776046340866444,0.0,418100000,0.08527780044056457,107200000,282200000,0.057558945908460474,6.66,6.66,42372372,42372372,,,1620598154,18:09:14,20210509
1,2020-09-30,SOMANYCERA.NS,INR,2020-09-30,2020-09-30,Q3,4225200000,1941400000,2283800000,0.5405187920098456,0.0,0.0,0.0,40400000.0,1939700000,3881100000,98200000.0,150400000,494500000,0.11703587995834516,344100000,0.08143993183754615,0.0,286300000,0.06776010603048377,73400000,205000000,0.04851841332954653,4.83,4.83,42443064,42443064,https://www.nseindia.com/companies-listing/corporate-filings-annual-reports,https://www.nseindia.com/companies-listing/corporate-filings-annual-reports,1620598154,18:09:14,20210509
2,2020-06-30,SOMANYCERA.NS,INR,2020-06-30,2020-06-30,Q2,1691700000,1168700000,523000000,0.30915646982325473,0.0,0.0,0.0,18900000.0,784200000,1952900000,115300000.0,145000000,-116200000,-0.06868830170834073,-261200000,-0.15440089850446298,0.0,-357600000,-0.2113849973399539,-93900000,-219900000,-0.1299875864514985,-5.19,-5.19,42369942,42369942,https://www.nseindia.com/companies-listing/corporate-filings-annual-reports,https://www.nseindia.com/companies-listing/corporate-filings-annual-reports,1620598154,18:09:14,20210509
3,2020-03-31,SOMANYCERA.NS,INR,2020-03-31,2020-03-31,Q1,3590805000,1838977000,1751828000,0.4878649773518751,0.0,0.0,0.0,-80796000.0,1716814000,3555791000,97095000.0,161152000,196166000,0.05463008991020119,35014000,0.009751016833272763,0.0,-107497000,-0.02993674120427035,-17525000,-93175000,-0.0259482205243671,-2.1952939118627253,-2.1952939118627253,42443064,42443064,https://www.nseindia.com/companies-listing/corporate-filings-annual-reports,https://www.nseindia.com/companies-listing/corporate-filings-annual-reports,1620598154,18:09:14,20210509
4,2019-12-31,SOMANYCERA.NS,INR,2019-12-31,2019-12-31,Q4,4346400000,2038700000,2307700000,0.5309451500092031,0.0,0.0,0.0,30900000.0,2047800000,4086500000,124200000.0,142700000,402600000,0.09262838210933186,259900000,0.05979661328915884,0.0,166600000,0.0383305724277563,41400000,104200000,0.023973863427204124,2.46,2.46,42357724,42357724,https://www.nseindia.com/companies-listing/corporate-filings-annual-reports,https://www.nseindia.com/companies-listing/corporate-filings-annual-reports,1620598154,18:09:14,20210509
5,2019-09-30,SOMANYCERA.NS,INR,2019-09-30,2019-09-30,Q3,4191400000,1722800000,2468600000,0.588967886624994,0.0,0.0,0.0,18300000.0,2169900000,3892700000,132100000.0,149100000,447800000,0.1068378107553562,298700000,0.07126497113136422,0.0,-76900000,-0.01834709166388319,-165300000,64600000,0.015412511332728921,1.52,1.52,42500000,42500000,https://www.nseindia.com/companies-listing/corporate-filings-annual-reports,https://www.nseindia.com/companies-listing/corporate-filings-annual-reports,1620598154,18:09:14,20210509
6,2019-06-30,SOMANYCERA.NS,INR,2019-06-30,2019-06-30,Q2,3927300000,1644500000,2282800000,0.581264481959616,0.0,0.0,0.0,48200000.0,2100500000,3745000000,116900000.0,120900000,303200000,0.07720316757059557,182300000,0.04641865912968197,0.0,113600000,0.02892572505283528,42200000,74400000,0.018944312886716063,1.75,1.75,42514286,42514286,https://www.nseindia.com/companies-listing/corporate-filings-annual-reports,https://www.nseindia.com/companies-listing/corporate-filings-annual-reports,1620598154,18:09:14,20210509
7,2019-03-31,SOMANYCERA.NS,INR,2019-03-31,2019-03-31,Q1,5172864000,3068643000,2104221000,0.4067806538118922,0.0,0.0,0.0,-122793000.0,1481538000,4550181000,140912000.0,114509000,737192000,0.14251138247593595,622683000,0.12037490256848044,0.0,402360000,0.07778282978249573,113204000,241017000,0.04659256458317868,5.678595682912996,5.678595682912996,42443064,42443064,https://www.nseindia.com/companies-listing/corporate-filings-annual-reports,https://www.nseindia.com/companies-listing/corporate-filings-annual-reports,1620598154,18:09:14,20210509
8,2018-12-31,SOMANYCERA.NS,INR,2018-12-31,2018-12-31,Q4,4245900000,1793200000,2452700000,0.5776631573989025,0.0,0.0,0.0,44600000.0,2212500000,4005700000,115100000.0,110200000,350400000,0.08252667279022115,240200000,0.056572222614757764,0.0,174600000,0.04112202359923691,73100000,91600000,0.02157375350337973,2.16,2.16,42407407,42407407,https://www.nseindia.com/companies-listing/corporate-filings-annual-reports,https://www.nseindia.com/companies-listing/corporate-filings-annual-reports,1620598154,18:09:14,20210509
9,2018-09-30,SOMANYCERA.NS,INR,2018-09-30,2018-09-30,Q3,3924200000,1733400000,2190800000,0.5582793945262728,0.0,0.0,0.0,42900000.0,2033400000,3766800000,111600000.0,107500000,264900000,0.06750420467866061,157400000,0.04011008613220529,0.0,88700000,0.02260333316344733,33600000,55100000,0.014041078436369196,1.300159,1.300159,42379426,42379426,https://www.nseindia.com/companies-listing/corporate-filings-annual-reports,https://www.nseindia.com/companies-listing/corporate-filings-annual-reports,1620598154,18:09:14,20210509
10,2018-06-30,SOMANYCERA.NS,INR,2018-06-30,2018-06-30,Q2,3799800000,1311700000,2488100000,0.6547976209274172,0.0,0.0,0.0,48000000.0,2284800000,3596500000,115800000.0,110300000,313600000,0.08253065950839518,203300000,0.05350281593768093,0.0,135500000,0.03565977156692458,48500000,85100000,0.022395915574503922,2.01,2.01,42338308,42338308,https://www.nseindia.com/companies-listing/corporate-filings-annual-reports,https://www.nseindia.com/companies-listing/corporate-filings-annual-reports,1620598154,18:09:14,20210509
11,2018-03-31,SOMANYCERA.NS,INR,2018-03-31,2018-03-31,Q1,5397431000,3210872000,2186559000,0.40511106116965645,0.0,0.0,0.0,-126233000.0,1634281000,4845153000,90887000.0,116402000,668680000,0.12388856846896236,552278000,0.10232238262981037,0.0,434759000,0.08054924648411439,144546000,259242000,0.0480306279042752,6.107994465244074,6.107994465244074,42443064,42443064,https://www.nseindia.com/companies-listing/corporate-filings-annual-reports,https://www.nseindia.com/companies-listing/corporate-filings-annual-reports,1620598154,18:09:14,20210509
12,2017-12-31,SOMANYCERA.NS,INR,2017-12-31,2017-12-31,Q4,3967200000,1532500000,2434700000,0.6137074006856221,0.0,0.0,0.0,49900000.0,2088700000,3621200000,106800000.0,106500000,452500000,0.1140602944141964,346000000,0.08721516434765074,0.0,295600000,0.0745109901189756,95100000,166000000,0.041843113530953824,3.92,3.92,42346939,42346939,https://www.nseindia.com/companies-listing/corporate-filings-annual-reports,https://www.nseindia.com/companies-listing/corporate-filings-annual-reports,1620598154,18:09:14,20210509
13,2017-09-30,SOMANYCERA.NS,INR,2017-09-30,2017-09-30,Q3,4416500000,1880000000,2536500000,0.5743235593795992,0.0,0.0,0.0,41700000.0,2125100000,4005100000,101200000.0,102700000,514100000,0.11640439261858938,411400000,0.09315068493150686,0.0,337800000,0.07648590512849542,119800000,218000000,0.04936035322087626,5.144005,5.144005,42379426,42379426,https://www.nseindia.com/companies-listing/corporate-filings-annual-reports,https://www.nseindia.com/companies-listing/corporate-filings-annual-reports,1620598154,18:09:14,20210509
14,2017-06-30,SOMANYCERA.NS,INR,2017-06-30,2017-06-30,Q2,3306200000,1126100000,2180100000,0.6593974956143004,0.0,0.0,0.0,40400000.0,1996800000,3122900000,91300000.0,87200000,270500000,0.08181598209424717,183300000,0.055441292117839214,0.0,115400000,0.03490411953299861,33100000,69100000,0.020900127034057227,1.63,1.63,42392638,42392638,https://www.nseindia.com/companies-listing/corporate-filings-annual-reports,https://www.nseindia.com/companies-listing/corporate-filings-annual-reports,1620598154,18:09:14,20210509
15,2013-06-30,SOMANYCERA.NS,INR,2013-06-30,2013-06-30,Q2,2579700000,1939200000,640500000,0.2482846842656123,0.0,0.0,0.0,4800000.0,512100000,2451300000,0.0,52600000,181000000,0.07016319727100051,128400000,0.04977322944528433,0.0,88400000,0.034267550490367095,30200000,58200000,0.022560762879404582,1.69,1.69,34497000,34497000,https://www.nseindia.com/companies-listing/corporate-filings-annual-reports,https://www.nseindia.com/companies-listing/corporate-filings-annual-reports,1620598154,18:09:14,20210509
16,2013-03-31,SOMANYCERA.NS,INR,2013-03-31,2013-03-31,Q1,3413396000,218562000,3194834000,0.9359693396254053,0.0,0.0,0.0,0.0,3000692000,3219254000,0.0,53746000,247888000,0.07262210420355564,194142000,0.05687649484560244,0.0,162319000,0.04755352147831661,51052000,105566000,0.030926971262636976,2.487237961896436,2.487237961896436,42443064,42443064,https://www.nseindia.com/companies-listing/corporate-filings-annual-reports,https://www.nseindia.com/companies-listing/corporate-filings-annual-reports,1620598154,18:09:14,20210509
17,2012-12-31,SOMANYCERA.NS,INR,2012-12-31,2012-12-31,Q4,2662300000,2259800000,402500000,0.15118506554482966,0.0,0.0,0.0,0.0,231400000,2491200000,50300000.0,52500000,223600000,0.08398752957968673,171100000,0.06426773842166547,0.0,120800000,0.04537430041693273,39200000,81600000,0.030650189685610188,2.37,2.37,34497000,34497000,https://www.nseindia.com/companies-listing/corporate-filings-annual-reports,https://www.nseindia.com/companies-listing/corporate-filings-annual-reports,1620598154,18:09:14,20210509
18,2012-09-30,SOMANYCERA.NS,INR,2012-09-30,2012-09-30,Q3,2566200000,2183200000,383000000,0.14924791520536201,0.0,0.0,0.0,0.0,217700000,2400900000,49000000.0,50000000,215300000,0.08389837113241369,165300000,0.06441430909516016,0.0,116300000,0.0453199282986517,36100000,80200000,0.03125243550775466,2.32484,2.32484,34497000,34497000,https://www.nseindia.com/companies-listing/corporate-filings-annual-reports,https://www.nseindia.com/companies-listing/corporate-filings-annual-reports,1620598154,18:09:14,20210509
19,2012-06-30,SOMANYCERA.NS,INR,2012-06-30,2012-06-30,Q2,1896800000,1548300000,348500000,0.18373049346267398,0.0,0.0,0.0,0.0,218400000,1766700000,51300000.0,48800000,178900000,0.09431674398987769,130100000,0.0685892028679882,0.0,78800000,0.04154365246731337,26100000,52700000,0.0277836355967946,1.53,1.53,34497000,34497000,https://www.nseindia.com/companies-listing/corporate-filings-annual-reports,https://www.nseindia.com/companies-listing/corporate-filings-annual-reports,1620598154,18:09:14,20210509
20,2012-03-31,SOMANYCERA.NS,INR,2012-03-31,2012-03-31,Q1,2830875000,3137737000,-306862000,-0.10839828674879674,0.0,0.0,0.0,206282000.0,-453852000,2683885000,34382000.0,49472000,196462000,0.0693997438954387,146990000,0.051923875126948384,0.0,130478000,0.04609104958714178,62294000,68216000,0.02409714310946262,1.6072355190944745,1.6072355190944745,42443064,42443064,https://www.nseindia.com/companies-listing/corporate-filings-annual-reports,https://www.nseindia.com/companies-listing/corporate-filings-annual-reports,1620598154,18:09:14,20210509
21,2011-12-31,SOMANYCERA.NS,INR,2011-12-31,2011-12-31,Q4,2169300000,1577400000,591900000,0.27285299405338126,0.0,0.0,0.0,200000.0,464200000,2041600000,56800000.0,46800000,174500000,0.08044069515511916,127700000,0.05886691559489236,0.0,71100000,0.03277554971649841,23800000,47300000,0.02180426865809247,1.37,1.37,34525547,34525547,https://www.nseindia.com/companies-listing/corporate-filings-annual-reports,https://www.nseindia.com/companies-listing/corporate-filings-annual-reports,1620598154,18:09:14,20210509
22,2011-09-30,SOMANYCERA.NS,INR,2011-09-30,2011-09-30,Q3,2074400000,1483600000,590800000,0.2848052448900887,0.0,0.0,0.0,100000.0,457800000,1941400000,50100000.0,44000000,177000000,0.08532587736212881,133000000,0.06411492479753182,0.0,83000000,0.04001156961048978,25500000,57500000,0.02771885846509834,1.67,1.67,34431138,34431138,https://www.nseindia.com/companies-listing/corporate-filings-annual-reports,https://www.nseindia.com/companies-listing/corporate-filings-annual-reports,1620598154,18:09:14,20210509
23,2011-06-30,SOMANYCERA.NS,INR,2011-06-30,2011-06-30,Q2,1715800000,1204500000,511300000,0.29799510432451337,0.0,0.0,0.0,100000.0,382500000,1587000000,51400000.0,48100000,176900000,0.10310059447488053,128800000,0.07506702412868632,0.0,77500000,0.045168434549481294,19400000,58100000,0.03386175544935307,1.68,1.68,34583333,34583333,https://www.nseindia.com/companies-listing/corporate-filings-annual-reports,https://www.nseindia.com/companies-listing/corporate-filings-annual-reports,1620598154,18:09:14,20210509
24,2011-03-31,SOMANYCERA.NS,INR,2011-03-31,2011-03-31,Q1,2432695537,3283555443,-850859906,-0.3497601294773124,0.0,0.0,0.0,0.0,-1028720735,2254834708,61236691.0,46256771,224117600,0.09212727058988311,177860829,0.07311265478759334,0.0,116224138,0.047775866824390036,32381963,83842175,0.0344647218383087,1.9754034487236831,1.9754034487236831,42443064,42443064,https://www.nseindia.com/companies-listing/corporate-filings-annual-reports,https://www.nseindia.com/companies-listing/corporate-filings-annual-reports,1620598154,18:09:14,20210509
25,2010-12-31,SOMANYCERA.NS,INR,2010-12-31,2010-12-31,Q4,1780100000,1202400000,577700000,0.324532329644402,0.0,0.0,0.0,100000.0,431500000,1633900000,43500000.0,46400000,192600000,0.10819616875456435,146200000,0.08213021740351666,0.0,72800000,0.04089657884388517,20800000,52000000,0.029211842031346552,1.51,1.51,34437086,34437086,https://www.nseindia.com/companies-listing/corporate-filings-annual-reports,https://www.nseindia.com/companies-listing/corporate-filings-annual-reports,1620598154,18:09:14,20210509
26,2010-09-30,SOMANYCERA.NS,INR,2010-09-30,2010-09-30,Q3,1625400000,1114500000,510900000,0.3143226282761166,0.0,0.0,0.0,200000.0,384000000,1498500000,44900000.0,44300000,171200000,0.10532791928140765,126900000,0.07807308970099668,0.0,82200000,0.05057216685123662,27400000,54800000,0.03371477790082441,1.59,1.59,34465409,34465409,https://www.nseindia.com/companies-listing/corporate-filings-annual-reports,https://www.nseindia.com/companies-listing/corporate-filings-annual-reports,1620598154,18:09:14,20210509
27,2010-06-30,SOMANYCERA.NS,INR,2010-06-30,2010-06-30,Q2,1323400000,877000000,446400000,0.33731298171376756,0.0,0.0,0.0,100000.0,338500000,1215500000,35400000.0,37700000,145600000,0.1100196463654224,107900000,0.08153241650294696,0.0,72600000,0.05485869729484661,24600000,48000000,0.03627021308750189,1.39,1.39,34532374,34532374,https://www.nseindia.com/companies-listing/corporate-filings-annual-reports,https://www.nseindia.com/companies-listing/corporate-filings-annual-reports,1620598154,18:09:14,20210509
