,date,symbol,reportedCurrency,fillingDate,acceptedDate,period,revenue,costOfRevenue,grossProfit,grossProfitRatio,researchAndDevelopmentExpenses,generalAndAdministrativeExpenses,sellingAndMarketingExpenses,otherExpenses,operatingExpenses,costAndExpenses,interestExpense,depreciationAndAmortization,ebitda,ebitdaratio,operatingIncome,operatingIncomeRatio,totalOtherIncomeExpensesNet,incomeBeforeTax,incomeBeforeTaxRatio,incomeTaxExpense,netIncome,netIncomeRatio,eps,epsdiluted,weightedAverageShsOut,weightedAverageShsOutDil,link,finalLink,timestamp,est_time,est_date
0,2020-12-31,FLXT,USD,2021-03-31,2021-03-31 16:05:06,Q4,32300.0,1566.0,30734.0,0.9515170278637771,132581.0,0.0,443517.0,1563.0,521698.0,487794.0,175659.0,0.56,-454.934,-0.014084643962848298,-455.494,-0.014101981424148608,229.093,-187.281,-0.005798173374613003,0.0,-187.281,-0.005798173374613003,-0.001878191770699763,-0.001878191770699763,99713460.0,99713460.0,https://www.sec.gov/Archives/edgar/data/925660/000101041221000004/0001010412-21-000004-index.htm,https://www.sec.gov/Archives/edgar/data/925660/000101041221000004/f2020flexpoint10-kv9.htm,1620592134,16:28:54,20210509
1,2020-09-30,FLXT,USD,2020-11-16,2020-11-16 16:02:41,Q3,24938.0,12572.0,12366.0,0.4958697569973534,80070.0,0.0,132783.0,12572.0,212853.0,225425.0,40373.0,-1439.0,-201926.0,-8.097120859732136,-200487.0,-8.039417756034966,-40358.0,-240845.0,-9.657751223033122,0.0,-240845.0,-9.657751223033122,-0.0024153710040750766,-0.0024153710040750766,99713460.0,99713460.0,https://www.sec.gov/Archives/edgar/data/925660/000154812320000147/0001548123-20-000147-index.htm,https://www.sec.gov/Archives/edgar/data/925660/000154812320000147/f2020flxt10-q-q3v4.htm,1620592134,16:28:54,20210509
2,2020-06-30,FLXT,USD,2020-08-14 00:00:00,2020-08-14 16:07:34,Q2,42200.0,21330.0,20870.0,0.4945497630331754,70820.0,0.0,0.0,21333.0,160688.0,182020.0,39153.0,560.0,-139260.0,-3.3,-139820.0,-3.313270142180095,0.0,-178940.0,-4.240284360189573,0.0,-178940.0,-4.240284360189573,-0.00179,-0.00179,99713460.0,99713460.0,https://www.sec.gov/Archives/edgar/data/925660/000154812320000114/0001548123-20-000114-index.htm,https://www.sec.gov/Archives/edgar/data/925660/000154812320000114/f2020flxt10-q-q2v3clean.htm,1620592134,16:28:54,20210509
3,2020-03-31,FLXT,USD,2020-05-15 00:00:00,2020-05-15 16:04:12,Q1,39100.0,8170.0,30930.0,0.7910485933503836,76800.0,0.0,0.0,8169.0,247189.99999999997,255359.99999999997,38639.0,560.0,-215700.0,-5.516624040920716,-216260.0,-5.530946291560102,0.0,-254660.0,-6.51304347826087,0.0,-254660.0,-6.51304347826087,-0.00255,-0.00255,99713460.0,99713460.0,https://www.sec.gov/Archives/edgar/data/925660/000154812320000062/0001548123-20-000062-index.html,https://www.sec.gov/Archives/edgar/data/925660/000154812320000062/f2020flxt10-q-q1v7clean.htm,1620592134,16:28:54,20210509
4,2019-12-31,FLXT,USD,2020-03-30,2020-03-30 16:06:19,Q4,141790.0,34280.0,107510.0,0.7582340080400592,57420.0,0.0,970000000000.0,70737000000.0,192423.0,226700.0,10810.0,890.0000000000002,-84020.0,-0.5925664715424219,-84910.0,-0.5988433598984414,-527018000000.0,-74110.0,-0.522674377600677,0.0,-74110.0,-0.522674377600677,-0.00073,-0.00073,101389380.0,101389380.0,https://www.sec.gov/Archives/edgar/data/925660/000154812320000038/0001548123-20-000038-index.htm,https://www.sec.gov/Archives/edgar/data/925660/000154812320000038/f2019flexpoint10-kv11-clean.htm,1620592134,16:28:54,20210509
5,2019-09-30,FLXT,USD,2019-11-14 00:00:00,2019-11-14 16:09:02,Q3,54210.0,8550.0,45660.0,0.8422800221361373,60500.0,0.0,0.0,10858.0,213612.0,164839.99999999997,79324.0,2869.999999999998,-107760.0,-1.987825124515772,-110630.0,-2.0407673860911273,0.0,-341610.0,-6.301604869950194,0.0,-341610.0,-6.301604869950194,-0.00343,-0.00343,99713460.0,99713460.0,https://www.sec.gov/Archives/edgar/data/925660/000154812319000219/0001548123-19-000219-index.html,https://www.sec.gov/Archives/edgar/data/925660/000154812319000219/f2019flxt10-q-q3v8.htm,1620592134,16:28:54,20210509
6,2019-06-30,FLXT,USD,2019-08-14,2019-08-14,Q2,572450.0,9870.0,562580.0,0.9827583195038868,74310.0,0.0,0.0,16691.0,210689.0,130230.00000000001,80583.0,7390.000000000001,449610.0,0.7854135732378373,442220.0,0.7725041488339593,0.0,107490.0,0.18777185780417505,0.0,107490.0,0.18777185780417505,0.00112,0.00112,95704120.0,95704120.0,https://www.sec.gov/Archives/edgar/data/925660/000154812319000175/0001548123-19-000175-index.htm,https://www.sec.gov/Archives/edgar/data/925660/000154812319000175/f2019flxt10-q-q2v72.htm,1620592134,16:28:54,20210509
7,2019-03-31,FLXT,USD,2019-04-01 00:00:00,2019-04-01 17:15:33,Q1,64600.0,10790.0,53810.0,0.8329721362229102,79150.0,0.0,0.0,17615.0,209900.0,220690.0,76199.0,7379.999999999999,-148710.0,-2.3020123839009288,-156090.0,-2.41625386996904,0.0,-266820.0,-4.130340557275542,0.0,-266820.0,-4.130340557275542,-0.00287,-0.00287,92863460.0,92863460.0,https://www.sec.gov/Archives/edgar/data/925660/000154812319000057/0001548123-19-000057-index.html,https://www.sec.gov/Archives/edgar/data/925660/000154812319000057/f2018flexpoint10-kv8.htm,1620592134,16:28:54,20210509
8,2018-12-31,FLXT,USD,2019-04-01 00:00:00,2019-04-01 17:15:33,Q4,65140.0,2240.0,62900.0,0.9656125268652134,74510.0,0.0,0.0,0.0,383234.0,385479.99999999994,-201300.0,8359.999999999998,-311980.0,-4.789376727049432,-320340.0,-4.917715689284618,0.0,-521640.0,-8.007982806263433,0.0,-521640.0,-8.007982806263433,-0.00562,-0.00562,92863460.0,92863460.0,https://www.sec.gov/Archives/edgar/data/925660/000154812319000057/0001548123-19-000057-index.html,https://www.sec.gov/Archives/edgar/data/925660/000154812319000057/f2018flexpoint10-kv8.htm,1620592134,16:28:54,20210509
9,2018-09-30,FLXT,USD,2018-11-14 00:00:00,2018-11-14 16:10:35,Q3,72210.0,11100.0,61110.0,0.8462816784378895,73870.0,0.0,0.0,19032.0,193944.0,205050.0,78383.0,5889.999999999998,-126950.0,-1.7580667497576512,-132840.0,-1.839634399667636,0.0,-122600.0,-1.6978257859022297,0.0,-122600.0,-1.6978257859022297,-0.00132,-0.00132,92863460.0,92863460.0,https://www.sec.gov/Archives/edgar/data/925660/000154812318000297/0001548123-18-000297-index.html,https://www.sec.gov/Archives/edgar/data/925660/000154812318000297/f2018flxt10-q-q3v7.htm,1620592134,16:28:54,20210509
10,2018-06-30,FLXT,USD,2018-08-14 00:00:00,2018-08-14 16:32:08,Q2,50000.0,10000.0,50000.0,1.0,80000.0,0.0,0.0,13811.0,207345.0,209999.99999999997,78876.0,10000.0,-150000.0,-3.0,-160000.0,-3.2,0.0,-160000.0,-3.2,0.0,-160000.0,-3.2,-0.00172,-0.00172,92860000.0,92860000.0,https://www.sec.gov/Archives/edgar/data/925660/000154812318000220/0001548123-18-000220-index.html,https://www.sec.gov/Archives/edgar/data/925660/000154812318000220/f2018flxt10qq2v7.htm,1620592134,16:28:54,20210509
11,2018-03-31,FLXT,USD,2018-04-17 00:00:00,2018-04-17 14:42:53,Q1,80000.0,20000.0,60000.0,0.75,80000.0,0.0,0.0,26380.0,206374.0,220000.0,78632.0,10000.0,-140000.0,-1.75,-150000.0,-1.875,0.0,-100000.0,-1.25,0.0,-100000.0,-1.25,-0.00108,-0.00108,92860000.0,92860000.0,https://www.sec.gov/Archives/edgar/data/925660/000154812318000090/0001548123-18-000090-index.html,https://www.sec.gov/Archives/edgar/data/925660/000154812318000090/f2017flexpoint10kv7cshy.htm,1620592134,16:28:54,20210509
12,2017-12-31,FLXT,USD,2018-04-17,2018-04-17,Q4,80000.0,0.0,90000.0,1.125,80000.0,0.0,0.0,0.0,304954.0,190000.0,-270000.0,10000.000000000002,-90000.0,-1.125,-100000.0,-1.25,0.0,-370000.0,-4.625,0.0,-370000.0,-4.625,-0.00266,-0.00266,138920000.0,138920000.0,https://www.sec.gov/Archives/edgar/data/925660/000154812318000090/0001548123-18-000090-index.htm,https://www.sec.gov/Archives/edgar/data/925660/000154812318000090/f2017flexpoint10kv7cshy.htm,1620592134,16:28:54,20210509
13,2017-09-30,FLXT,USD,2017-11-14 00:00:00,2017-11-14 16:03:26,Q3,40000.0,10000.0,30000.0,0.75,80000.0,0.0,0.0,17657.0,249898.0,260000.0,73197.0,10000.000000000002,-210000.0,-5.25,-220000.0,-5.5,0.0,-230000.0,-5.75,0.0,-230000.0,-5.75,-0.00294,-0.00294,78360000.0,78360000.0,https://www.sec.gov/Archives/edgar/data/925660/000154812317000267/0001548123-17-000267-index.html,https://www.sec.gov/Archives/edgar/data/925660/000154812317000267/flxt10qq32017v85.htm,1620592134,16:28:54,20210509
14,2017-06-30,FLXT,USD,2017-08-14 00:00:00,2017-08-14 15:17:25,Q2,150000.0,30000.0,120000.0,0.8,90000.0,0.0,0.0,42615.0,286991.0,320000.00000000006,63730.0,9999.999999999998,-150000.0,-1.0,-160000.0,-1.0666666666666667,0.0,-190000.0,-1.2666666666666666,0.0,-190000.0,-1.2666666666666666,-0.00242,-0.00242,78360000.0,78360000.0,https://www.sec.gov/Archives/edgar/data/925660/000154812317000202/0001548123-17-000202-index.html,https://www.sec.gov/Archives/edgar/data/925660/000154812317000202/flxt10qq220172v4.htm,1620592134,16:28:54,20210509
15,2017-03-31,FLXT,USD,2017-04-18 00:00:00,2017-04-17 20:54:53,Q1,60000.0,0.0,60000.0,1.0,80000.0,0.0,0.0,22559.0,262515.0,270000.0,101610.0,20000.0,-190000.0,-3.1666666666666665,-210000.0,-3.5,0.0,-290000.0,-4.833333333333333,0.0,-290000.0,-4.833333333333333,-0.0037,-0.0037,78360000.0,78360000.0,https://www.sec.gov/Archives/edgar/data/925660/000154812317000080/0001548123-17-000080-index.html,https://www.sec.gov/Archives/edgar/data/925660/000154812317000080/f2016flexpoint10kv12clean.htm,1620592134,16:28:54,20210509
16,2016-12-31,FLXT,USD,2016-12-31,2016-12-31,Q4,80000.0,10000.0,80000.0,1.0,80000.0,0.0,0.0,0.0,449153.0,460000.0,-390000.0,20000.000000000004,-350000.0,-4.375,-370000.0,-4.625,0.0,-760000.0,-9.5,0.0,-760000.0,-9.5,-0.01018,-0.01018,74650000.0,74650000.0,,,1620592134,16:28:54,20210509
17,2016-09-30,FLXT,USD,2016-11-14 00:00:00,2016-11-14 17:03:07,Q3,100000.0,10000.0,90000.0,0.9,80000.0,0.0,0.0,32282.0,272026.0,289999.99999999994,266179.0,18423.0,-161577.0,-1.61577,-180000.0,-1.8,0.0,-450000.0,-4.5,0.0,-450000.0,-4.5,-0.00628,-0.00628,71710000.0,71710000.0,https://www.sec.gov/Archives/edgar/data/925660/000154812316000735/0001548123-16-000735-index.html,https://www.sec.gov/Archives/edgar/data/925660/000154812316000735/f2016flexpointq310qv9.htm,1620592134,16:28:54,20210509
18,2016-06-30,FLXT,USD,2016-08-15 00:00:00,2016-08-15 16:02:05,Q2,90000.0,0.0,90000.0,1.0,80000.0,0.0,0.0,48597.0,277562.0,280000.0,454598.0,22346.0,-167654.0,-1.8628222222222222,-190000.0,-2.111111111111111,0.0,-410000.0,-4.555555555555555,0.0,-410000.0,-4.555555555555555,-0.00572,-0.00572,71630000.0,71630000.0,https://www.sec.gov/Archives/edgar/data/925660/000154812316000677/0001548123-16-000677-index.html,https://www.sec.gov/Archives/edgar/data/925660/000154812316000677/f2016flexpointq210qv6.htm,1620592134,16:28:54,20210509
19,2016-03-31,FLXT,USD,2016-04-14 00:00:00,2016-04-14 14:50:28,Q1,40000.0,0.0,30000.0,0.75,80000.0,0.0,0.0,0.0,281220.0,280000.0,-220000.0,23741.0,-226259.0,-5.656475,-250000.0,-6.25,0.0,-470000.0,-11.75,0.0,-470000.0,-11.75,-0.00656,-0.00656,71630000.0,71630000.0,https://www.sec.gov/Archives/edgar/data/925660/000154812316000534/0001548123-16-000534-index.html,https://www.sec.gov/Archives/edgar/data/925660/000154812316000534/f2015flexpoint10kv10.htm,1620592134,16:28:54,20210509
20,2015-12-31,FLXT,USD,2016-04-14,2016-04-14,Q4,20000.0,0.0,20000.0,1.0,70000.0,0.0,0.0,0.0,360523.0,360000.0,-840000.0,20000.000000000004,-320000.0,-16.0,-340000.0,-17.0,100000.0,-1080000.0,-54.0,0.0,-1080000.0,-54.0,-0.01642,-0.01642,65770000.0,65770000.0,https://www.sec.gov/Archives/edgar/data/925660/000154812316000534/0001548123-16-000534-index.htm,https://www.sec.gov/Archives/edgar/data/925660/000154812316000534/f2015flexpoint10kv10.htm,1620592134,16:28:54,20210509
21,2015-09-30,FLXT,USD,2015-11-16 00:00:00,2015-11-16 16:06:05,Q3,40000.0,0.0,40000.0,1.0,70000.0,0.0,0.0,0.0,419467.0,420000.0,-350000.0,30000.0,-350000.0,-8.75,-380000.0,-9.5,0.0,-740000.0,-18.5,0.0,-740000.0,-18.5,-0.01258,-0.01258,58830000.0,58830000.0,https://www.sec.gov/Archives/edgar/data/925660/000154812315000403/0001548123-15-000403-index.html,https://www.sec.gov/Archives/edgar/data/925660/000154812315000403/f2015flexpointq310qv5draft3p.htm,1620592134,16:28:54,20210509
22,2015-06-30,FLXT,USD,2015-08-14 00:00:00,2015-08-14 16:16:24,Q2,50000.0,0.0,50000.0,1.0,70000.0,0.0,0.0,0.0,242825.0,240000.0,-250000.0,20000.000000000004,-180000.0,-3.6,-200000.0,-4.0,0.0,-450000.0,-9.0,0.0,-450000.0,-9.0,-0.00765,-0.00765,58830000.0,58830000.0,https://www.sec.gov/Archives/edgar/data/925660/000154812315000335/0001548123-15-000335-index.html,https://www.sec.gov/Archives/edgar/data/925660/000154812315000335/f2015flexpointq210qv6.htm,1620592134,16:28:54,20210509
23,2015-03-31,FLXT,USD,2015-05-14 00:00:00,2015-05-14 16:28:57,Q1,30000.0,0.0,30000.0,1.0,70000.0,0.0,0.0,0.0,253712.0,420000.0,-140000.0,30000.0,-360000.0,-12.0,-390000.0,-13.0,60000.0,-480000.0,-16.0,0.0,-480000.0,-16.0,-0.0083,-0.0083,57860000.0,57860000.0,https://www.sec.gov/Archives/edgar/data/925660/000154812315000173/0001548123-15-000173-index.html,https://www.sec.gov/Archives/edgar/data/925660/000154812315000173/f2015flexpointq110qv6a.htm,1620592134,16:28:54,20210509
24,2014-12-31,FLXT,USD,2014-12-31,2014-12-31,Q4,50000.0,0.0,50000.0,1.0,60000.0,0.0,0.0,0.0,264746.0,260000.0,-40000.0,20000.000000000004,-190000.0,-3.8,-210000.0,-4.2,0.0,-250000.0,-5.0,0.0,-250000.0,-5.0,-0.00468,-0.00468,53380000.0,53380000.0,,,1620592134,16:28:54,20210509
25,2014-09-30,FLXT,USD,2014-11-12 00:00:00,2014-11-12 16:15:22,Q3,120000.0,0.0,120000.0,1.0,80000.0,0.0,0.0,0.0,269174.0,270000.0,-80000.0,49999.99999999999,-100000.0,-0.8333333333333334,-150000.0,-1.25,0.0,-230000.0,-1.9166666666666667,0.0,-230000.0,-1.9166666666666667,-0.00431,-0.00431,53380000.0,53380000.0,https://www.sec.gov/Archives/edgar/data/925660/000154812314000438/0001548123-14-000438-index.html,https://www.sec.gov/Archives/edgar/data/925660/000154812314000438/flxt10qq314v8.htm,1620592134,16:28:54,20210509
26,2014-06-30,FLXT,USD,2014-08-14 00:00:00,2014-08-14 13:29:32,Q2,40000.0,0.0,40000.0,1.0,70000.0,0.0,0.0,0.0,269994.0,270000.0,-20000.0,40000.00000000001,-190000.0,-4.75,-230000.0,-5.75,0.0,-250000.0,-6.25,0.0,-250000.0,-6.25,-0.00468,-0.00468,53380000.0,53380000.0,https://www.sec.gov/Archives/edgar/data/925660/000154812314000338/0001548123-14-000338-index.html,https://www.sec.gov/Archives/edgar/data/925660/000154812314000338/f2014flexpointq210qv6.htm,1620592134,16:28:54,20210509
27,2014-03-31,FLXT,USD,2014-04-02 00:00:00,2014-04-01 18:17:29,Q1,50000.0,0.0,50000.0,1.0,60000.0,0.0,0.0,0.0,270993.0,270000.0,-30000.0,50000.0,-170000.0,-3.4,-220000.0,-4.4,0.0,-240000.0,-4.8,0.0,-240000.0,-4.8,-0.0045,-0.0045,53380000.0,53380000.0,https://www.sec.gov/Archives/edgar/data/925660/000154812314000103/0001548123-14-000103-index.html,https://www.sec.gov/Archives/edgar/data/925660/000154812314000103/f2013flexpoint10k33114.htm,1620592134,16:28:54,20210509
28,2013-12-31,FLXT,USD,2014-04-02 00:00:00,2014-04-01 18:17:29,Q4,30000.0,10000.0,20000.0,0.6666666666666666,60000.0,0.0,0.0,0.0,259066.0,239999.99999999997,-100000.0,50000.0,-160000.0,-5.333333333333333,-210000.0,-7.0,40000.0,-270000.0,-9.0,0.0,-270000.0,-9.0,-0.00519,-0.00519,52050000.0,52050000.0,https://www.sec.gov/Archives/edgar/data/925660/000154812314000103/0001548123-14-000103-index.html,https://www.sec.gov/Archives/edgar/data/925660/000154812314000103/f2013flexpoint10k33114.htm,1620592134,16:28:54,20210509
29,2013-09-30,FLXT,USD,2013-11-14 00:00:00,2013-11-14 15:08:24,Q3,30000.0,10000.0,30000.0,1.0,70000.0,0.0,0.0,0.0,265672.0,270000.0,-20000.0,49999.99999999999,-190000.0,-6.333333333333333,-240000.0,-8.0,70000.0,-190000.0,-6.333333333333333,0.0,-190000.0,-6.333333333333333,-0.00386,-0.00386,49260000.0,49260000.0,https://www.sec.gov/Archives/edgar/data/925660/000154812313000457/0001548123-13-000457-index.html,https://www.sec.gov/Archives/edgar/data/925660/000154812313000457/f2013flexpointq310q111213.htm,1620592134,16:28:54,20210509
30,2013-06-30,FLXT,USD,2013-08-14 00:00:00,2013-08-14 13:38:35,Q2,30000.0,10000.0,20000.0,0.6666666666666666,60000.0,0.0,0.0,0.0,252625.0,260000.0,-20000.0,40000.00000000001,-190000.0,-6.333333333333333,-230000.0,-7.666666666666667,0.0,-250000.0,-8.333333333333334,0.0,-250000.0,-8.333333333333334,-0.00545,-0.00545,45850000.0,45850000.0,https://www.sec.gov/Archives/edgar/data/925660/000154812313000335/0001548123-13-000335-index.html,https://www.sec.gov/Archives/edgar/data/925660/000154812313000335/f2013flexpointq210q81313fina.htm,1620592134,16:28:54,20210509
31,2013-03-31,FLXT,USD,2013-04-16 00:00:00,2013-04-16 11:13:25,Q1,10000.0,0.0,10000.0,1.0,50000.0,0.0,0.0,0.0,249099.0,250000.0,-10000.0,50000.0,-190000.0,-19.0,-240000.0,-24.0,0.0,-250000.0,-25.0,0.0,-250000.0,-25.0,-0.00547,-0.00547,45730000.0,45730000.0,https://www.sec.gov/Archives/edgar/data/925660/000154812313000138/0001548123-13-000138-index.html,https://www.sec.gov/Archives/edgar/data/925660/000154812313000138/f2012flexpoint10k41413master.htm,1620592134,16:28:54,20210509
32,2012-12-31,FLXT,USD,2012-12-31,2012-12-31,Q4,10000.0,10000.0,0.0,0.0,60000.0,0.0,0.0,0.0,380311.0,590000.0,-10000.0,40000.00000000001,-550000.0,-55.0,-590000.0,-59.0,50000.0,-550000.0,-55.0,0.0,-550000.0,-55.0,-0.0124,-0.0124,44340000.0,44340000.0,,,1620592134,16:28:54,20210509
33,2012-09-30,FLXT,USD,2012-11-14 00:00:00,2012-11-14 14:17:16,Q3,10000.0,0.0,10000.0,1.0,60000.0,0.0,0.0,0.0,245510.0,330000.0,-10000.0,49999.99999999999,-260000.0,-26.0,-310000.0,-31.0,0.0,-320000.0,-32.0,0.0,-320000.0,-32.0,-0.00801,-0.00801,39960000.0,39960000.0,https://www.sec.gov/Archives/edgar/data/925660/000154812312000364/0001548123-12-000364-index.html,https://www.sec.gov/Archives/edgar/data/925660/000154812312000364/f2012flexpointq310q111212.htm,1620592134,16:28:54,20210509
34,2012-06-30,FLXT,USD,2012-08-14 00:00:00,2012-08-14 15:38:01,Q2,10000.0,0.0,10000.0,1.0,70000.0,0.0,0.0,0.0,306243.0,310000.0,-10000.0,40000.00000000001,-260000.0,-26.0,-300000.0,-30.0,320000.0,20000.0,2.0,0.0,20000.0,2.0,0.00052,0.00052,38530000.0,38530000.0,https://www.sec.gov/Archives/edgar/data/925660/000154812312000253/0001548123-12-000253-index.html,https://www.sec.gov/Archives/edgar/data/925660/000154812312000253/f2012flexpointq210q81212mast.htm,1620592134,16:28:54,20210509
35,2012-03-31,FLXT,USD,2012-03-31,2012-03-31,Q1,10000.0,0.0,10000.0,1.0,60000.0,0.0,0.0,0.0,271936.0,270000.0,-20000.0,50000.0,-210000.0,-21.0,-260000.0,-26.0,0.0,-280000.0,-28.0,0.0,-280000.0,-28.0,-0.00772,-0.00772,36250000.0,36250000.0,,,1620592134,16:28:54,20210509
36,2011-12-31,FLXT,USD,2011-12-31,2011-12-31,Q4,20000.0,0.0,20000.0,1.0,70000.0,0.0,0.0,0.0,321721.0,320000.0,-20000.0,50000.0,-250000.0,-12.5,-300000.0,-15.0,0.0,-320000.0,-16.0,0.0,-320000.0,-16.0,-0.00879,-0.00879,36390000.0,36390000.0,,,1620592134,16:28:54,20210509
37,2011-09-30,FLXT,USD,2011-11-14 00:00:00,2011-11-14 16:37:11,Q3,20000.0,0.0,20000.0,1.0,80000.0,0.0,0.0,0.0,351052.0,350000.0,-10000.0,60000.0,-270000.0,-13.5,-330000.0,-16.5,0.0,-350000.0,-17.5,0.0,-350000.0,-17.5,-0.00969,-0.00969,36110000.0,36110000.0,https://www.sec.gov/Archives/edgar/data/925660/000101041211000660/0001010412-11-000660-index.html,https://www.sec.gov/Archives/edgar/data/925660/000101041211000660/f2011flexpointq310qdraft1111.htm,1620592134,16:28:54,20210509
38,2011-06-30,FLXT,USD,2011-08-15 00:00:00,2011-08-15 16:04:12,Q2,20000.0,10000.0,10000.0,0.5,70000.0,0.0,0.0,0.0,364492.0,620000.0,0.0,50000.0,-550000.0,-27.5,-600000.0,-30.0,0.0,-610000.0,-30.5,0.0,-610000.0,-30.5,-0.01678,-0.01678,36360000.0,36360000.0,https://www.sec.gov/Archives/edgar/data/925660/000102317511000484/0001023175-11-000484-index.html,https://www.sec.gov/Archives/edgar/data/925660/000102317511000484/f2011flexpointq210q_81211mas.htm,1620592134,16:28:54,20210509
39,2011-03-31,FLXT,USD,2011-04-15 00:00:00,2011-04-15 14:37:32,Q1,10000.0,0.0,10000.0,1.0,50000.0,0.0,0.0,0.0,354514.0,360000.0,0.0,60000.0,-290000.0,-29.0,-350000.0,-35.0,0.0,-350000.0,-35.0,0.0,-350000.0,-35.0,-0.00974,-0.00974,35930000.0,35930000.0,https://www.sec.gov/Archives/edgar/data/925660/000102317511000204/0001023175-11-000204-index.html,https://www.sec.gov/Archives/edgar/data/925660/000102317511000204/flxt_201010kfinal.htm,1620592134,16:28:54,20210509
40,2010-12-31,FLXT,USD,2010-12-31,2010-12-31,Q4,20000.0,0.0,20000.0,1.0,70000.0,0.0,0.0,0.0,357388.0,360000.0,-180000.0,60000.0,-270000.0,-13.5,-330000.0,-16.5,-20000.0,-540000.0,-27.0,0.0,-540000.0,-27.0,-0.01641,-0.01641,32900000.0,32900000.0,,,1620592134,16:28:54,20210509
41,2010-09-30,FLXT,USD,2010-11-15 00:00:00,2010-11-15 15:52:01,Q3,20000.0,10000.0,20000.0,1.0,80000.0,0.0,0.0,0.0,327272.0,330000.0,-150000.0,50000.0,-260000.0,-13.0,-310000.0,-15.5,0.0,-470000.0,-23.5,0.0,-470000.0,-23.5,-0.01762,-0.01762,26680000.0,26680000.0,https://www.sec.gov/Archives/edgar/data/925660/000102317510000330/0001023175-10-000330-index.html,https://www.sec.gov/Archives/edgar/data/925660/000102317510000330/f2010_flexpointq310qfinal.htm,1620592134,16:28:54,20210509
42,2010-06-30,FLXT,USD,2010-08-16 00:00:00,2010-08-16 16:07:50,Q2,20000.0,10000.0,10000.0,0.5,110000.0,0.0,0.0,0.0,379251.0,380000.0,-90000.0,60000.0,-310000.0,-15.5,-370000.0,-18.5,0.0,-460000.0,-23.0,0.0,-460000.0,-23.0,-0.01699,-0.01699,27080000.0,27080000.0,https://www.sec.gov/Archives/edgar/data/925660/000102317510000249/0001023175-10-000249-index.html,https://www.sec.gov/Archives/edgar/data/925660/000102317510000249/f2010flexpointq210qfinal.htm,1620592134,16:28:54,20210509
43,2010-03-31,FLXT,USD,2010-04-09 00:00:00,2010-04-09 17:22:15,Q1,30000.0,0.0,30000.0,1.0,80000.0,0.0,0.0,0.0,313327.0,310000.0,-90000.0,60000.0,-230000.0,-7.666666666666667,-290000.0,-9.666666666666666,0.0,-380000.0,-12.666666666666666,0.0,-380000.0,-12.666666666666666,-0.0143,-0.0143,26580000.0,26580000.0,https://www.sec.gov/Archives/edgar/data/925660/000102317510000096/0001023175-10-000096-index.html,https://www.sec.gov/Archives/edgar/data/925660/000102317510000096/flxt_0910kfinal.htm,1620592134,16:28:54,20210509
44,2009-12-31,FLXT,USD,2009-12-31,2009-12-31,Q4,10000.0,0.0,10000.0,1.0,100000.0,0.0,0.0,0.0,373648.0,370000.0,-40000.0,60000.0,-310000.0,-31.0,-370000.0,-37.0,-10000.0,-420000.0,-42.0,0.0,-420000.0,-42.0,-0.01659,-0.01659,25310000.0,25310000.0,,,1620592134,16:28:54,20210509
45,2009-09-30,FLXT,USD,2009-11-20 00:00:00,2009-11-20 16:04:30,Q3,20000.0,0.0,20000.0,1.0,100000.0,0.0,0.0,0.0,362349.0,360000.0,-40000.0,70000.0,-270000.0,-13.5,-340000.0,-17.0,0.0,-390000.0,-19.5,0.0,-390000.0,-19.5,-0.01573,-0.01573,24790000.0,24790000.0,https://www.sec.gov/Archives/edgar/data/925660/000102317509000338/0001023175-09-000338-index.html,https://www.sec.gov/Archives/edgar/data/925660/000102317509000338/f2009flexpointq310qfinal3.htm,1620592134,16:28:54,20210509
46,2009-06-30,FLXT,USD,2009-08-14 00:00:00,2009-08-14 12:12:38,Q2,10000.0,0.0,10000.0,1.0,130000.0,0.0,0.0,0.0,390162.0,390000.0,-60000.0,60000.0,-330000.0,-33.0,-390000.0,-39.0,0.0,-450000.0,-45.0,0.0,-450000.0,-45.0,-0.01815,-0.01815,24790000.0,24790000.0,https://www.sec.gov/Archives/edgar/data/925660/000102317509000234/0001023175-09-000234-index.html,https://www.sec.gov/Archives/edgar/data/925660/000102317509000234/flxt_09q2final.htm,1620592134,16:28:54,20210509
47,2009-03-31,FLXT,USD,2009-05-14 00:00:00,2009-05-14 16:41:54,Q1,30000.0,10000.0,20000.0,0.6666666666666666,110000.0,0.0,0.0,0.0,417613.0,430000.0,-40000.0,60000.0,-340000.0,-11.333333333333334,-400000.0,-13.333333333333334,0.0,-440000.0,-14.666666666666666,0.0,-440000.0,-14.666666666666666,-0.01775,-0.01775,24790000.0,24790000.0,https://www.sec.gov/Archives/edgar/data/925660/000102317509000144/0001023175-09-000144-index.html,https://www.sec.gov/Archives/edgar/data/925660/000102317509000144/f2009flexpointq110qfinal.htm,1620592134,16:28:54,20210509
48,2008-12-31,FLXT,USD,2009-03-30 00:00:00,2009-03-27 21:00:45,Q4,60000.0,0.0,60000.0,1.0,140000.0,0.0,0.0,0.0,527949.0,530000.0,-10000.0,60000.00000000003,-410000.0,-6.833333333333333,-470000.0,-7.833333333333333,0.0,-480000.0,-8.0,0.0,-480000.0,-8.0,-0.01936,-0.01936,24790000.0,24790000.0,https://www.sec.gov/Archives/edgar/data/925660/000102317509000064/0001023175-09-000064-index.html,https://www.sec.gov/Archives/edgar/data/925660/000102317509000064/flxt200810kfinal.htm,1620592134,16:28:54,20210509
49,2008-09-30,FLXT,USD,2008-11-12 00:00:00,2008-11-12 16:20:35,Q3,100000.0,10000.0,100000.0,1.0,100000.0,0.0,0.0,0.0,391509.0,650000.0,0.0,79999.99999999999,-460000.0,-4.6,-540000.0,-5.4,0.0,-540000.0,-5.4,0.0,-540000.0,-5.4,-0.02178,-0.02178,24790000.0,24790000.0,https://www.sec.gov/Archives/edgar/data/925660/000102317508000215/0001023175-08-000215-index.html,https://www.sec.gov/Archives/edgar/data/925660/000102317508000215/flxp08q3edgar.htm,1620592134,16:28:54,20210509
50,2008-06-30,FLXT,USD,2008-08-08 00:00:00,2008-08-08 16:57:38,Q2,0.0,0.0,0.0,0.0,150000.0,0.0,0.0,0.0,462671.0,460000.0,0.0,60000.00000000001,-400000.0,0.0,-460000.0,0.0,0.0,-460000.0,0.0,0.0,-460000.0,0.0,-0.01856,-0.01856,24790000.0,24790000.0,https://www.sec.gov/Archives/edgar/data/925660/000102317508000125/0001023175-08-000125-index.html,https://www.sec.gov/Archives/edgar/data/925660/000102317508000125/flexpoint08q2final.htm,1620592134,16:28:54,20210509
51,2008-03-31,FLXT,USD,2008-04-15 00:00:00,2008-04-15 17:26:14,Q1,10000.0,0.0,10000.0,1.0,110000.0,0.0,0.0,0.0,533439.0,540000.0,10000.0,80000.0,-440000.0,-44.0,-520000.0,-52.0,0.0,-520000.0,-52.0,0.0,-520000.0,-52.0,-0.02098,-0.02098,24790000.0,24790000.0,https://www.sec.gov/Archives/edgar/data/925660/000102317508000062/0001023175-08-000062-index.html,https://www.sec.gov/Archives/edgar/data/925660/000102317508000062/flexpointrevised3.htm,1620592134,16:28:54,20210509
52,2007-12-31,FLXT,USD,2007-12-31,2007-12-31,Q4,0.0,0.0,0.0,0.0,130000.0,0.0,0.0,0.0,561136.0,860000.0,10000.0,80000.00000000001,-780000.0,0.0,-860000.0,0.0,0.0,-850000.0,0.0,0.0,-850000.0,0.0,-0.03426,-0.03426,24810000.0,24810000.0,,,1620592134,16:28:54,20210509
53,2007-09-30,FLXT,USD,2007-11-14,2007-11-14,Q3,10000.0,0.0,10000.0,1.0,130000.0,0.0,0.0,0.0,601806.0,610000.0,10000.0,79999.99999999999,-520000.0,-52.0,-600000.0,-60.0,0.0,-590000.0,-59.0,0.0,-590000.0,-59.0,-0.02422,-0.02422,24360000.0,24360000.0,https://www.sec.gov/Archives/edgar/data/925660/000102317507000256/0001023175-07-000256-index.htm,https://www.sec.gov/Archives/edgar/data/925660/000102317507000256/flxt07q3e.htm,1620592134,16:28:54,20210509
54,2007-06-30,FLXT,USD,2007-08-14,2007-08-14,Q2,10000.0,0.0,10000.0,1.0,110000.0,0.0,0.0,0.0,419594.0,420000.0,0.0,80000.0,-330000.0,-33.0,-410000.0,-41.0,0.0,-410000.0,-41.0,0.0,-410000.0,-41.0,-0.01741,-0.01741,23550000.0,23550000.0,https://www.sec.gov/Archives/edgar/data/925660/000102317507000177/0001023175-07-000177-index.htm,https://www.sec.gov/Archives/edgar/data/925660/000102317507000177/flexpoint8807fnl.htm,1620592134,16:28:54,20210509
55,2007-03-31,FLXT,USD,2007-05-10,2007-05-10,Q1,10000.0,0.0,10000.0,1.0,110000.0,0.0,0.0,0.0,622410.0,630000.0,0.0,80000.0,-540000.0,-54.0,-620000.0,-62.0,0.0,-610000.0,-61.0,0.0,-610000.0,-61.0,-0.02619,-0.02619,23290000.0,23290000.0,https://www.sec.gov/Archives/edgar/data/925660/000102317507000098/0001023175-07-000098-index.htm,https://www.sec.gov/Archives/edgar/data/925660/000102317507000098/flx07q1f1.htm,1620592134,16:28:54,20210509
56,2006-12-31,FLXT,USD,2006-12-31,2006-12-31,Q4,0.0,0.0,0.0,0.0,150000.0,0.0,0.0,0.0,583747.0,590000.0,10000.0,70000.0,-510000.0,0.0,-580000.0,0.0,0.0,-570000.0,0.0,0.0,-570000.0,0.0,-0.02446,-0.02446,23300000.0,23300000.0,,,1620592134,16:28:54,20210509
57,2006-09-30,FLXT,USD,2006-09-30,2006-09-30,Q3,50000.0,0.0,40000.0,0.8,110000.0,0.0,0.0,0.0,541827.0,540000.0,10000.0,79999.99999999999,-420000.0,-8.4,-500000.0,-10.0,0.0,-490000.0,-9.8,0.0,-490000.0,-9.8,-0.02104,-0.02104,23290000.0,23290000.0,,,1620592134,16:28:54,20210509
58,2006-06-30,FLXT,USD,2006-06-30,2006-06-30,Q2,50000.0,0.0,50000.0,1.0,130000.0,0.0,0.0,0.0,958553.0,960000.0,10000.0,80000.0,-830000.0,-16.6,-910000.0,-18.2,0.0,-900000.0,-18.0,0.0,-900000.0,-18.0,-0.03913,-0.03913,23000000.0,23000000.0,,,1620592134,16:28:54,20210509
59,2006-03-31,FLXT,USD,2006-05-09,2006-05-09,Q1,0.0,0.0,0.0,0.0,110000.0,0.0,0.0,0.0,568633.0,570000.0,10000.0,80000.0,-490000.0,0.0,-570000.0,0.0,0.0,-560000.0,0.0,0.0,-560000.0,0.0,-0.02436,-0.02436,22990000.0,22990000.0,https://www.sec.gov/Archives/edgar/data/925660/000102317506000128/0001023175-06-000128-index.htm,https://www.sec.gov/Archives/edgar/data/925660/000102317506000128/flexpoint10qsb.txt,1620592134,16:28:54,20210509
60,2005-12-31,FLXT,USD,2005-12-31,2005-12-31,Q4,-10000.0,-90000.0,80000.0,-8.0,480000.0,0.0,0.0,0.0,583319.0,490000.0,10000.0,80000.0,-420000.0,42.0,-500000.0,50.0,0.0,-490000.0,49.0,0.0,-490000.0,49.0,-0.02084,-0.02084,23510000.0,23510000.0,,,1620592134,16:28:54,20210509
61,2005-09-30,FLXT,USD,2005-09-30,2005-09-30,Q3,0.0,10000.0,-10000.0,0.0,0.0,0.0,0.0,0.0,532706.0,540000.0,20000.0,69999.99999999999,-470000.0,0.0,-540000.0,0.0,0.0,-520000.0,0.0,0.0,-520000.0,0.0,-0.02262,-0.02262,22990000.0,22990000.0,,,1620592134,16:28:54,20210509
62,2005-06-30,FLXT,USD,2005-06-30,2005-06-30,Q2,0.0,10000.0,-10000.0,0.0,0.0,0.0,0.0,0.0,411167.0,420000.0,20000.0,80000.0,-340000.0,0.0,-420000.0,0.0,0.0,-400000.0,0.0,0.0,-400000.0,0.0,-0.01741,-0.01741,22970000.0,22970000.0,,,1620592134,16:28:54,20210509
63,2005-03-31,FLXT,USD,2005-03-31,2005-03-31,Q1,20000.0,80000.0,-70000.0,-3.5,0.0,0.0,0.0,0.0,299932.0,380000.0,0.0,80000.0,-280000.0,-14.0,-360000.0,-18.0,0.0,-370000.0,-18.5,0.0,-370000.0,-18.5,-0.01728,-0.01728,21410000.0,21410000.0,,,1620592134,16:28:54,20210509
64,2004-12-31,FLXT,USD,2004-12-31,2004-12-31,Q4,240000.0,0.0,0.0,0.0,0.0,0.0,0.0,0.0,1698141.0,1800000.0,-10000.0,50000.0,-1510000.0,-6.291666666666667,-1560000.0,-6.5,0.0,-1570000.0,-6.541666666666667,0.0,-1570000.0,-6.541666666666667,-0.07508,-0.07508,20910000.0,20910000.0,,,1620592134,16:28:54,20210509
65,2004-09-30,FLXT,USD,2004-09-30,2004-09-30,Q3,50000.0,60000.0,-10000.0,-0.2,0.0,0.0,0.0,0.0,525333.0,370000.0,0.0,60000.0,-260000.0,-5.2,-320000.0,-6.4,0.0,-320000.0,-6.4,0.0,-320000.0,-6.4,-0.01702,-0.01702,18800000.0,18800000.0,,,1620592134,16:28:54,20210509
66,2004-06-30,FLXT,USD,2004-06-30,2004-06-30,Q2,40000.0,50000.0,-10000.0,-0.25,0.0,0.0,0.0,0.0,538483.0,599999.9999999999,0.0,50000.0,-510000.0,-12.75,-560000.0,-14.0,0.0,-570000.0,-14.25,0.0,-570000.0,-14.25,-0.0305,-0.0305,18690000.0,18690000.0,,,1620592134,16:28:54,20210509
67,2000-12-31,FLXT,USD,2000-12-31,2000-12-31,Q1,70000.0,-10000.0,80000.0,1.1428571428571428,70000.0,840000.0,0.0,0.0,1060000.0,1050000.0,-390000.0,240000.0,-730000.0,-10.428571428571429,-970000.0,-13.857142857142858,-40000.0,-1400000.0,-20.0,0.0,-1400000.0,-20.0,-0.1433,-0.1433,9770000.0,9770000.0,,,1620592134,16:28:54,20210509
68,2000-09-30,FLXT,USD,2000-09-30,2000-09-30,Q4,70000.0,30000.0,40000.0,0.5714285714285714,500000.0,840000.0,0.0,0.0,3564175.0,3590000.0,-1910000.0,109999.99999999999,-3410000.0,-48.714285714285715,-3520000.0,-50.285714285714285,-50000.0,-5480000.0,-78.28571428571429,0.0,-5390000.0,-77.0,-1.84589,-1.84589,2920000.0,2920000.0,,,1620592134,16:28:54,20210509
69,2000-06-30,FLXT,USD,2000-06-30,2000-06-30,Q3,60000.0,80000.0,-20000.0,-0.3333333333333333,830000.0,1760000.0,0.0,0.0,2695347.0,2670000.0,-2330000.0,130000.0,-2480000.0,-41.333333333333336,-2610000.0,-43.5,0.0,-4940000.0,-82.33333333333333,0.0,-4990000.0,-83.16666666666667,-1.75088,-1.75088,2850000.0,2850000.0,,,1620592134,16:28:54,20210509
70,2000-03-31,FLXT,USD,2000-03-31,2000-03-31,Q2,150000.0,20000.0,130000.0,0.8666666666666667,710000.0,800000.0,0.0,0.0,1517252.0,1530000.0,-2150000.0,130000.0,-1250000.0,-8.333333333333334,-1380000.0,-9.2,0.0,-3530000.0,-23.533333333333335,0.0,-3530000.0,-23.533333333333335,-1.29779,-1.29779,2720000.0,2720000.0,,,1620592134,16:28:54,20210509
71,1999-12-31,FLXT,USD,1999-12-31,1999-12-31,Q1,140000.0,120000.0,20000.0,0.14285714285714285,1000000.0,1640000.0,0.0,0.0,2639999.9999999995,2759999.9999999995,-1780000.0,130000.0,-2490000.0,-17.785714285714285,-2620000.0,-18.714285714285715,-170000.0,-4570000.0,-32.642857142857146,0.0,-4570000.0,-32.642857142857146,-1.71805,-1.71805,2660000.0,2660000.0,,,1620592134,16:28:54,20210509
72,1999-09-30,FLXT,USD,1999-09-30,1999-09-30,Q4,300000.0,140000.0,160000.0,0.5333333333333333,910000.0,1140000.0,0.0,0.0,2050000.0,2190000.0,-530000.0,130000.0,-1760000.0,-5.866666666666666,-1890000.0,-6.3,40000.0,-2390000.0,-7.966666666666667,0.0,-2390000.0,-7.966666666666667,-0.97951,-0.97951,2440000.0,2440000.0,,,1620592134,16:28:54,20210509
73,1999-06-30,FLXT,USD,1999-06-30,1999-06-30,Q3,80000.0,60000.0,20000.0,0.25,790000.0,860000.0,0.0,0.0,1650000.0,1710000.0,-20000.0,150000.0,-1480000.0,-18.5,-1630000.0,-20.375,0.0,-1650000.0,-20.625,0.0,-1690000.0,-21.125,-0.69262,-0.69262,2440000.0,2440000.0,,,1620592134,16:28:54,20210509
74,1999-03-31,FLXT,USD,1999-03-31,1999-03-31,Q2,120000.0,0.0,120000.0,1.0,670000.0,670000.0,0.0,0.0,1350000.0,1350000.0,10000.0,90000.0,-1130000.0,-9.416666666666666,-1220000.0,-10.166666666666666,0.0,-1210000.0,-10.083333333333334,0.0,-1210000.0,-10.083333333333334,-0.49388,-0.49388,2450000.0,2450000.0,,,1620592134,16:28:54,20210509
75,1998-12-31,FLXT,USD,1999-03-16,1999-03-16,Q1,600000.0,210000.0,390000.0,0.65,620000.0,820000.0,0.0,0.0,1440000.0,1650000.0,-20000.0,130000.0,-920000.0,-1.5333333333333334,-1050000.0,-1.75,20000.0,-1050000.0,-1.75,0.0,-1050000.0,-1.75,-0.43033,-0.43033,2440000.0,2440000.0,https://www.sec.gov/Archives/edgar/data/925660/0001023175-99-000006-index.html,https://www.sec.gov/Archives/edgar/data/925660/,1620592134,16:28:54,20210509
76,1998-09-30,FLXT,USD,1998-09-30,1998-09-30,Q4,960000.0,450000.0,500000.0,0.5208333333333334,330000.0,350000.0,0.0,0.0,679999.9999999999,1130000.0,10000.0,30000.0,-140000.0,-0.14583333333333334,-170000.0,-0.17708333333333334,0.0,-170000.0,-0.17708333333333334,0.0,-170000.0,-0.17708333333333334,-0.07556,-0.07556,2250000.0,2250000.0,,,1620592134,16:28:54,20210509
77,1998-06-30,FLXT,USD,1998-06-30,1998-06-30,Q3,300000.0,110000.0,190000.0,0.6333333333333333,270000.0,500000.0,0.0,0.0,780000.0,890000.0,20000.0,30000.000000000007,-560000.0,-1.8666666666666667,-590000.0,-1.9666666666666666,0.0,-570000.0,-1.9,0.0,-570000.0,-1.9,-0.40426,-0.40426,1410000.0,1410000.0,,,1620592134,16:28:54,20210509
78,1998-03-31,FLXT,USD,1998-03-31,1998-03-31,Q2,60000.0,50000.0,20000.0,0.3333333333333333,170000.0,280000.0,0.0,0.0,450000.0,500000.0,0.0,40000.0,-400000.0,-6.666666666666667,-440000.0,-7.333333333333333,0.0,-430000.0,-7.166666666666667,0.0,-440000.0,-7.333333333333333,-0.20561,-0.20561,2140000.0,2140000.0,,,1620592134,16:28:54,20210509
79,1997-12-31,FLXT,USD,1997-12-31,1997-12-31,Q1,0.0,0.0,0.0,0.0,200000.0,330000.0,0.0,0.0,530000.0,530000.0,-30000.0,10000.00000000001,-510000.0,0.0,-520000.0,0.0,-10000.0,-560000.0,0.0,0.0,-560000.0,0.0,-0.33136,-0.33136,1690000.0,1690000.0,,,1620592134,16:28:54,20210509
80,1997-09-30,FLXT,USD,1997-09-30,1997-09-30,Q4,20000.0,10000.0,20000.0,1.0,240000.0,150000.0,0.0,0.0,390000.0,400000.0,-10000.0,30000.0,-350000.0,-17.5,-380000.0,-19.0,-10000.0,-400000.0,-20.0,0.0,-400000.0,-20.0,-0.2439,-0.2439,1640000.0,1640000.0,,,1620592134,16:28:54,20210509
81,1997-06-30,FLXT,USD,1997-06-30,1997-06-30,Q3,180000.0,50000.0,130000.0,0.7222222222222222,120000.0,320000.0,0.0,0.0,450000.0,500000.0,0.0,130000.0,-190000.0,-1.0555555555555556,-320000.0,-1.7777777777777777,0.0,-320000.0,-1.7777777777777777,0.0,-320000.0,-1.7777777777777777,-0.17112,-0.17112,1870000.0,1870000.0,,,1620592134,16:28:54,20210509
82,1997-03-31,FLXT,USD,1997-03-31,1997-03-31,Q2,60000.0,30000.0,20000.0,0.3333333333333333,30000.0,260000.0,0.0,0.0,300000.00000000006,330000.00000000006,0.0,0.0,-270000.0,-4.5,-270000.0,-4.5,0.0,-270000.0,-4.5,0.0,-270000.0,-4.5,-0.14439,-0.14439,1870000.0,1870000.0,,,1620592134,16:28:54,20210509
