,date,symbol,reportedCurrency,fillingDate,acceptedDate,period,revenue,costOfRevenue,grossProfit,grossProfitRatio,researchAndDevelopmentExpenses,generalAndAdministrativeExpenses,sellingAndMarketingExpenses,otherExpenses,operatingExpenses,costAndExpenses,interestExpense,depreciationAndAmortization,ebitda,ebitdaratio,operatingIncome,operatingIncomeRatio,totalOtherIncomeExpensesNet,incomeBeforeTax,incomeBeforeTaxRatio,incomeTaxExpense,netIncome,netIncomeRatio,eps,epsdiluted,weightedAverageShsOut,weightedAverageShsOutDil,link,finalLink,timestamp,est_time,est_date
0,2021-01-01,FDP,USD,2021-02-24,2021-02-24 15:46:28,Q4,4202000000,3951000000.0,251000000.0,0.05973346025702047,0.0,196000000.0,0.0,4000.0,196000000.0,4147000000.0,-21000.0,95000000.0,171000000.0,0.040694907187053785,76000000.0,0.018086625416468348,4000.0,51000000.0,0.01213707758210376,5000000.0,46000000.0,0.010947168015230843,0.9660912473183092,0.9660912473183092,47614550.0,47614550.0,https://www.sec.gov/Archives/edgar/data/1047340/000104734021000022/0001047340-21-000022-index.htm,https://www.sec.gov/Archives/edgar/data/1047340/000104734021000022/fdp-20210101.htm,1620592003,16:26:43,20210509
1,2020-09-25,FDP,USD,2020-10-28,2020-10-28 16:37:00,Q3,990000000,922000000.0,68000000.0,0.06868686868686869,0.0,44000000.0,0.0,-1000000.0,44000000.0,966000000.0,-5000000.0,24000000.0,51000000.0,0.051515151515151514,27000000.0,0.02727272727272727,-1000000.0,21000000.0,0.021212121212121213,5000000.0,16000000.0,0.01616161616161616,1.01,1.01,47614550.0,47614550.0,https://www.sec.gov/Archives/edgar/data/1047340/000104734020000331/0001047340-20-000331-index.htm,https://www.sec.gov/Archives/edgar/data/1047340/000104734020000331/fdp-20200925.htm,1620592003,16:26:43,20210509
2,2020-06-26,FDP,USD,2020-07-29,2020-07-29 16:30:41,Q2,1092300000,1011000000.0,81300000.0,0.07443010162043395,0.0,45600000.0,0.0,-4000000.0,48200000.000000045,1059200000.0,5600000.0,23199999.999999996,56300000.0,0.05154261649729928,33100000.0,0.030303030303030304,-5200000.0,22300000.0,0.020415636729836126,4200000.0,17900000.0,0.016387439348164425,0.37594,0.37594,47614550.0,47614550.0,https://www.sec.gov/Archives/edgar/data/1047340/000104734020000222/0001047340-20-000222-index.htm,https://www.sec.gov/Archives/edgar/data/1047340/000104734020000222/fdp-20200626.htm,1620592003,16:26:43,20210509
3,2020-03-27,FDP,USD,2020-04-29 00:00:00,2020-04-28 20:45:24,Q1,1118000000,1041500000.0,76500000.0,0.0684257602862254,0.0,52700000.0,0.0,0.0,58700000.000000045,1100200000.0,5400000.0,23600000.0,41400000.0,0.0370304114490161,17800000.0,0.01592128801431127,800000.0,13300000.0,0.011896243291592128,300000.0,13000000.0,0.011627906976744186,0.26997,0.26997,48152970.0,48152970.0,https://www.sec.gov/Archives/edgar/data/1047340/000104734020000157/0001047340-20-000157-index.html,https://www.sec.gov/Archives/edgar/data/1047340/000104734020000157/fdp-3x27x2020x10q.htm,1620592003,16:26:43,20210509
4,2019-12-27,FDP,USD,2020-02-20 00:00:00,2020-02-20 17:19:27,Q4,1025200000,988900000.0,36300000.0,0.03540772532188841,0.0,49400000.0,0.0,-7000000.0,47800000.00000007,1036700000.0000001,5600000.0,25200000.000000004,13700000.000000004,0.013363246195864225,-11500000.0,-0.011217323449083105,-7000000.0,-23700000.0,-0.02311744049941475,1400000.0,-25800000.0,-0.02516582130316036,-0.53734,-0.53734,48014510.0,48014510.0,https://www.sec.gov/Archives/edgar/data/1047340/000104734020000020/0001047340-20-000020-index.html,https://www.sec.gov/Archives/edgar/data/1047340/000104734020000020/fdp-122719x10k.htm,1620592003,16:26:43,20210509
5,2019-09-27,FDP,USD,2019-10-30 00:00:00,2019-10-29 20:10:00,Q3,1070200000,995500000.0,74700000.0,0.06980003737619137,0.0,49800000.0,0.0,-1000000.0,47599999.99999991,1043099999.9999999,6000000.0,24200000.000000004,51300000.0,0.04793496542702299,27100000.0,0.02532236965053261,-500000.0,21100000.0,0.01971594094561764,2900000.0,18100000.0,0.016912726593160156,0.37617,0.37617,48116990.0,48116990.0,https://www.sec.gov/Archives/edgar/data/1047340/000104734019000228/0001047340-19-000228-index.html,https://www.sec.gov/Archives/edgar/data/1047340/000104734019000228/fdp-9x27x2019x10q.htm,1620592003,16:26:43,20210509
6,2019-06-28,FDP,USD,2019-07-30 00:00:00,2019-07-30 16:49:41,Q2,1239400000,1143100000.0,96300000.0,0.07769888655801194,0.0,44000000.0,0.0,-3000000.0,39100000.000000134,1182200000.0000002,6900000.0,24100000.0,81300000.0,0.06559625625302566,57200000.0,0.046151363563014365,-2900000.0,47500000.0,0.0383249959657899,8500000.0,38100000.0,0.03074068097466516,0.78424,0.78424,48582140.0,48582140.0,https://www.sec.gov/Archives/edgar/data/1047340/000104734019000147/0001047340-19-000147-index.html,https://www.sec.gov/Archives/edgar/data/1047340/000104734019000147/fdp-6x28x2019x10q.htm,1620592003,16:26:43,20210509
7,2019-03-29,FDP,USD,2019-04-30 00:00:00,2019-04-30 16:52:21,Q1,1154200000,1059100000.0,95100000.0,0.08239473228210016,0.0,54300000.0,0.0,11000000.0,53800000.00000018,1112900000.0000002,6900000.0,24400000.0,65700000.0,0.056922543753249004,41300000.0,0.03578236007624329,11300000.0,45800000.0,0.03968116444290418,8600000.0,36100000.0,0.031277075030324036,0.74048,0.74048,48752160.0,48752160.0,https://www.sec.gov/Archives/edgar/data/1047340/000104734019000132/0001047340-19-000132-index.html,https://www.sec.gov/Archives/edgar/data/1047340/000104734019000132/fdp-3x29x2019x10q.htm,1620592003,16:26:43,20210509
8,2018-12-28,FDP,USD,2019-02-19 00:00:00,2019-02-19 17:22:56,Q4,1045900000,1003500000.0,42400000.0,0.0405392484941199,0.0,46800000.0,0.0,2000000.0,62799999.999999955,1066300000.0,6800000.0,28000000.0,7600000.0,0.007266469069700736,-20400000.0,-0.01950473276603882,-2600000.0,-29600000.0,-0.028300984797781814,2700000.0,-34000000.0,-0.03250788794339803,-0.70255,-0.70255,48395180.0,48395180.0,https://www.sec.gov/Archives/edgar/data/1047340/000104734019000023/0001047340-19-000023-index.html,https://www.sec.gov/Archives/edgar/data/1047340/000104734019000023/fdp-122818x10k.htm,1620592003,16:26:43,20210509
9,2018-09-28,FDP,USD,2018-10-30 00:00:00,2018-10-30 16:45:23,Q3,1069500000,1016900000.0,52600000.0,0.049181860682561945,0.0,49400000.0,0.0,3000000.0,63899999.99999998,1080800000.0,7000000.0,28200000.000000004,16900000.000000004,0.015801776531089298,-11300000.0,-0.010565684899485742,-2400000.0,-20500000.0,-0.01916783543712015,700000.0,-21500000.0,-0.020102851799906497,-0.44265,-0.44265,48570700.0,48570700.0,https://www.sec.gov/Archives/edgar/data/1047340/000104734018000301/0001047340-18-000301-index.html,https://www.sec.gov/Archives/edgar/data/1047340/000104734018000301/fdp-9x28x2018x10q.htm,1620592003,16:26:43,20210509
10,2018-06-29,FDP,USD,2018-07-31 00:00:00,2018-07-31 16:40:59,Q2,1272400000,1194100000.0,78300000.0,0.06153725243634078,0.0,49900000.0,0.0,7000000.0,64500000.0,1258600000.0,6100000.0,23299999.999999996,37100000.0,0.029157497642250865,13800000.0,0.010845646023263125,-7300000.0,800000.0,0.0006287331027978623,6400000.0,-7900000.0,-0.006208739390128891,-0.16189,-0.16189,48800000.0,48800000.0,https://www.sec.gov/Archives/edgar/data/1047340/000104734018000193/0001047340-18-000193-index.html,https://www.sec.gov/Archives/edgar/data/1047340/000104734018000193/fdp-6x29x2018x10q.htm,1620592003,16:26:43,20210509
11,2018-03-30,FDP,USD,2018-05-01 00:00:00,2018-05-01 16:01:56,Q1,1106100000,999600000.0,106500000.0,0.09628424193110931,0.0,48600000.0,0.0,3000000.0,49999999.99999989,1049599999.9999999,3700000.0,21000000.0,77500000.0,0.07006599764939879,56500000.0,0.05108037247988428,-3400000.0,49500000.0,0.044751830756712775,6300000.0,41500000.0,0.03751921164451677,0.84694,0.84694,49000000.0,49000000.0,https://www.sec.gov/Archives/edgar/data/1047340/000104734018000125/0001047340-18-000125-index.html,https://www.sec.gov/Archives/edgar/data/1047340/000104734018000125/fdp-3x30x2018x10q.htm,1620592003,16:26:43,20210509
12,2017-12-29,FDP,USD,2018-02-20 00:00:00,2018-02-20 16:47:07,Q4,953700000,902700000.0,51000000.0,0.053475935828877004,0.0,42200000.0,0.0,2000000.0,48399999.99999998,951100000.0,2000000.0,19700000.000000004,22300000.000000004,0.02338261507811681,2600000.0,0.002726224179511377,-1400000.0,-700000.0,-0.0007339834329453706,3900000.0,-6300000.0,-0.006605850896508336,-0.12805,-0.12805,49200000.0,49200000.0,https://www.sec.gov/Archives/edgar/data/1047340/000104734018000030/0001047340-18-000030-index.html,https://www.sec.gov/Archives/edgar/data/1047340/000104734018000030/fdp-122917x10k.htm,1620592003,16:26:43,20210509
13,2017-09-29,FDP,USD,2017-10-31 00:00:00,2017-10-31 15:47:12,Q3,952700000,894400000.0,58300000.0,0.06119449984255274,0.0,41200000.0,0.0,1000000.0,41600000.00000002,936000000.0,1400000.0,20200000.000000004,36900000.0,0.03873202477170148,16700000.0,0.01752912774220636,-1000000.0,14700000.0,0.015429831006612785,4200000.0,11500000.0,0.012070956229663064,0.22863,0.22863,50300000.0,50300000.0,https://www.sec.gov/Archives/edgar/data/1047340/000104734017000265/0001047340-17-000265-index.html,https://www.sec.gov/Archives/edgar/data/1047340/000104734017000265/fdp-9x29x2017x10q.htm,1620592003,16:26:43,20210509
14,2017-06-30,FDP,USD,2017-08-01 00:00:00,2017-08-01 14:39:08,Q2,1147100000,1023900000.0,123200000.0,0.10740127277482346,0.0,41900000.0,0.0,0.0,41900000.0,1067599999.9999999,1600000.0,20100000.0,99600000.0,0.08682765234068521,79500000.0,0.06930520442855898,-500000.0,77600000.0,0.0676488536308953,7800000.0,69200000.0,0.060326039578066426,1.35953,1.35953,50900000.0,50900000.0,https://www.sec.gov/Archives/edgar/data/1047340/000104734017000154/0001047340-17-000154-index.html,https://www.sec.gov/Archives/edgar/data/1047340/000104734017000154/fdp-6x30x2017x10q.htm,1620592003,16:26:43,20210509
15,2017-03-31,FDP,USD,2017-05-02 00:00:00,2017-05-02 15:49:12,Q1,1032400000,933300000.0,99100000.0,0.09598992638512205,0.0,47900000.0,0.0,0.0,47900000.0,978500000.0,1400000.0,19900000.0,73800000.0,0.07148392096086788,53900000.0,0.052208446338628436,-100000.0,52500000.0,0.05085238279736536,6900000.0,46400000.0,0.0449438202247191,0.89749,0.89749,51700000.0,51700000.0,https://www.sec.gov/Archives/edgar/data/1047340/000104734017000118/0001047340-17-000118-index.html,https://www.sec.gov/Archives/edgar/data/1047340/000104734017000118/fdp-3x31x2017x10q.htm,1620592003,16:26:43,20210509
16,2016-12-30,FDP,USD,2017-02-21 00:00:00,2017-02-21 16:33:28,Q4,954600000,898100000.0,56500000.0,0.059187094070815,0.0,46800000.0,0.0,4000000.0,53600000.00000002,951700000.0,1400000.0,20900000.0,23800000.0,0.024931908652838886,2900000.0,0.0030379216425728056,-4700000.0,-3100000.0,-0.0032474334799916195,-13600000.0,12000000.0,0.01257071024512885,0.23033,0.23033,52100000.0,52100000.0,https://www.sec.gov/Archives/edgar/data/1047340/000104734017000020/0001047340-17-000020-index.html,https://www.sec.gov/Archives/edgar/data/1047340/000104734017000020/fdp-123016x10k.htm,1620592003,16:26:43,20210509
17,2016-09-30,FDP,USD,2016-11-01 00:00:00,2016-11-01 15:16:57,Q3,950200000,831400000.0,118800000.0,0.1250263102504736,0.0,49000000.0,0.0,-4000000.0,49000000.0,906100000.0,500000.0,19600000.0,63700000.0,0.06703851820669333,44100000.0,0.04641128183540307,-2000000.0,41800000.0,0.043990738791833295,5600000.0,35200000.0,0.03704483266680699,0.67692,0.67692,52000000.0,52000000.0,https://www.sec.gov/Archives/edgar/data/1047340/000104734016000646/0001047340-16-000646-index.html,https://www.sec.gov/Archives/edgar/data/1047340/000104734016000646/fdp-9x30x2016x10q.htm,1620592003,16:26:43,20210509
18,2016-07-01,FDP,USD,2016-08-02 00:00:00,2016-08-02 15:18:42,Q2,1088600000,943200000.0,145400000.0,0.13356604813521955,0.0,44500000.0,0.0,5000000.0,38699999.99999993,981899999.9999999,1300000.0,19000000.0,125700000.0,0.11546941025169943,106700000.0,0.09801580011023332,700000.0,106400000.0,0.09774021679221018,8700000.0,96200000.0,0.08837038397942311,1.86074,1.86074,51700000.0,51700000.0,https://www.sec.gov/Archives/edgar/data/1047340/000104734016000504/0001047340-16-000504-index.html,https://www.sec.gov/Archives/edgar/data/1047340/000104734016000504/fdp-7x1x2016x10q.htm,1620592003,16:26:43,20210509
19,2016-04-01,FDP,USD,2016-05-03 00:00:00,2016-05-03 15:29:59,Q1,1018100000,877400000.0,140700000.0,0.13819860524506433,0.0,47100000.0,0.0,-2000000.0,50200000.000000045,927600000.0,900000.0,19000000.0,109500000.0,0.1075532855318731,90500000.0,0.08889107160396817,2600000.0,92300000.0,0.09065907081819075,11100000.0,81700000.0,0.08024751988999115,1.57115,1.57115,52000000.0,52000000.0,https://www.sec.gov/Archives/edgar/data/1047340/000104734016000455/0001047340-16-000455-index.html,https://www.sec.gov/Archives/edgar/data/1047340/000104734016000455/fdp-4x1x2016x10q.htm,1620592003,16:26:43,20210509
20,2016-01-01,FDP,USD,2016-02-23 00:00:00,2016-02-23 16:31:15,Q4,977900000,933300000.0,44600000.0,0.0456079353717149,0.0,50400000.0,0.0,3000000.0,117900000.00000009,1051200000.0000001,1000000.0,18700000.000000004,-54600000.0,-0.05583392984967788,-73300000.0,-0.07495653952346866,16900000.0,-76700000.0,-0.07843337764597608,-3100000.0,-73100000.0,-0.0747520196339094,-1.39238,-1.39238,52500000.0,52500000.0,https://www.sec.gov/Archives/edgar/data/1047340/000104734016000385/0001047340-16-000385-index.html,https://www.sec.gov/Archives/edgar/data/1047340/000104734016000385/fdp-1116x10k.htm,1620592003,16:26:43,20210509
21,2015-09-25,FDP,USD,2015-10-27 00:00:00,2015-10-27 15:24:57,Q3,936100000,852800000.0,83300000.0,0.08898621942100203,0.0,47700000.0,0.0,-2000000.0,48900000.00000009,901700000.0000001,700000.0,17800000.000000004,52200000.0,0.055763273154577506,34400000.0,0.03674821066125414,1300000.0,35300000.0,0.03770964640529858,5400000.0,28500000.0,0.030445465228073922,0.53571,0.53571,53200000.0,53200000.0,https://www.sec.gov/Archives/edgar/data/1047340/000104734015000315/0001047340-15-000315-index.html,https://www.sec.gov/Archives/edgar/data/1047340/000104734015000315/fdp-9x25x2015x10q.htm,1620592003,16:26:43,20210509
22,2015-06-26,FDP,USD,2015-07-28 00:00:00,2015-07-28 15:24:55,Q2,1134100000,1020100000.0,114000000.0,0.10052023631073098,0.0,41900000.0,0.0,1000000.0,40399999.99999998,1060500000.0,1300000.0,17799999.999999996,91400000.0,0.080592540340358,73600000.0,0.0648972753725421,-100000.0,72300000.0,0.06375099197601622,6400000.0,64500000.0,0.05687329159686095,1.21469,1.21469,53100000.0,53100000.0,https://www.sec.gov/Archives/edgar/data/1047340/000104734015000200/0001047340-15-000200-index.html,https://www.sec.gov/Archives/edgar/data/1047340/000104734015000200/fdp-6x26x2015x10q.htm,1620592003,16:26:43,20210509
23,2015-03-27,FDP,USD,2015-04-28 00:00:00,2015-04-28 15:20:17,Q1,1008400000,908000000.0,100400000.0,0.09956366521221738,0.0,43900000.0,0.0,5000000.0,44100000.00000002,952100000.0,1300000.0,18100000.0,74400000.0,0.07378024593415311,56300000.0,0.05583101943673146,-5900000.0,49200000.0,0.04879016263387544,5000000.0,42500000.0,0.04214597381991273,0.79588,0.79588,53400000.0,53400000.0,https://www.sec.gov/Archives/edgar/data/1047340/000104734015000158/0001047340-15-000158-index.html,https://www.sec.gov/Archives/edgar/data/1047340/000104734015000158/fdp-3x27x2015x10q.htm,1620592003,16:26:43,20210509
24,2014-12-26,FDP,USD,2015-02-18,2015-02-18 15:38:19,Q4,929300000,866600000.0,62700000.0,0.0674701388141612,0.0,43200000.0,0.0,5000000.0,59000000.0,925600000.0,400000.0,18900000.0,22600000.0,0.024319380178629075,3700000.0,0.003981491445173787,5900000.0,-1500000.0,-0.0016141181534488325,-1100000.0,-400000.0,-0.0004304315075863553,-0.00723,-0.00723,55300000.0,55300000.0,https://www.sec.gov/Archives/edgar/data/1047340/000104734015000048/fdp-122614x10k.htm,https://www.sec.gov/Archives/edgar/data/1047340/000104734015000048/fdp-122614x10k.htm,1620592003,16:26:43,20210509
25,2014-09-26,FDP,USD,2014-10-28 00:00:00,2014-10-28 15:02:59,Q3,884600000,810700000.0,73900000.0,0.08354058331449242,0.0,44600000.0,0.0,5000000.0,44599999.99999991,855299999.9999999,600000.0,18299999.999999996,47600000.0,0.053809631471851686,29300000.0,0.03312231517069862,-4200000.0,24700000.0,0.027922224734343207,4000000.0,19900000.0,0.0224960434094506,0.35346,0.35346,56300000.0,56300000.0,https://www.sec.gov/Archives/edgar/data/1047340/000104734014000164/0001047340-14-000164-index.html,https://www.sec.gov/Archives/edgar/data/1047340/000104734014000164/fdp-9x26x2014x10q.htm,1620592003,16:26:43,20210509
26,2014-06-27,FDP,USD,2014-07-29 00:00:00,2014-07-29 15:13:58,Q2,1131300000,1009800000.0,121500000.0,0.10739856801909307,0.0,44300000.0,0.0,2000000.0,46200000.000000045,1056000000.0,1200000.0,18100000.0,93400000.0,0.08255988685582957,75300000.0,0.06656059400689472,-3600000.0,70800000.0,0.06258286926544683,5400000.0,64300000.0,0.05683726686113321,1.14617,1.14617,56100000.0,56100000.0,https://www.sec.gov/Archives/edgar/data/1047340/000104734014000036/0001047340-14-000036-index.html,https://www.sec.gov/Archives/edgar/data/1047340/000104734014000036/fdp-6x27x2014x10q.htm,1620592003,16:26:43,20210509
27,2014-03-28,FDP,USD,2014-04-29 00:00:00,2014-04-29 15:10:00,Q1,982300000,875600000.0,106700000.0,0.10862262038073908,0.0,43700000.0,0.0,0.0,41500000.0,917100000.0,1000000.0,18000000.0,83200000.0,0.08469917540466253,65200000.0,0.06637483457192304,700000.0,64900000.0,0.06606942889137737,6000000.0,58600000.0,0.05965590959991856,1.03717,1.03717,56500000.0,56500000.0,https://www.sec.gov/Archives/edgar/data/1047340/000104734014000025/0001047340-14-000025-index.html,https://www.sec.gov/Archives/edgar/data/1047340/000104734014000025/fdp-3282014x10q.htm,1620592003,16:26:43,20210509
28,2013-12-27,FDP,USD,2014-02-21,2014-02-21 17:29:52,Q4,879900000,847000000.0,32900000.0,0.03739061256961018,0.0,42300000.0,0.0,2000000.0,173100000.00000003,1020100000.0,800000.0,17900000.000000007,-122300000.0,-0.13899306739402204,-140200000.0,-0.15933628821456983,500000.0,-143000000.0,-0.16251846800772815,100000.0,-143900000.0,-0.1635413115126719,-2.56506,-2.56506,56100000.0,56100000.0,https://www.sec.gov/Archives/edgar/data/1047340/000104734014000013/fdp-122713x10k.htm,https://www.sec.gov/Archives/edgar/data/1047340/000104734014000013/fdp-122713x10k.htm,1620592003,16:26:43,20210509
29,2013-09-27,FDP,USD,2013-10-29 00:00:00,2013-10-29 15:29:08,Q3,861100000,808100000.0,53000000.0,0.06154918127975845,0.0,45300000.0,0.0,0.0,45600000.00000002,853700000.0,600000.0,17299999.999999996,24699999.999999996,0.028684241086981765,7400000.0,0.008593659273022877,-200000.0,7000000.0,0.008129137150156776,1600000.0,6400000.0,0.007432353965857624,0.11408,0.11408,56100000.0,56100000.0,https://www.sec.gov/Archives/edgar/data/1047340/000104734013000019/0001047340-13-000019-index.html,https://www.sec.gov/Archives/edgar/data/1047340/000104734013000019/fdp-9272013x10q.htm,1620592003,16:26:43,20210509
30,2013-06-28,FDP,USD,2013-07-30 00:00:00,2013-07-30 15:20:22,Q2,1023900000,918000000.0,105900000.0,0.10342806914737768,0.0,43000000.0,0.0,-16000000.0,54700000.000000045,972700000.0,700000.0,17200000.000000004,68400000.0,0.06680339876941108,51200000.0,0.05000488328938373,17500000.0,68000000.0,0.06641273561871276,6000000.0,62000000.0,0.06055278835823811,1.09541,1.09541,56600000.0,56600000.0,https://www.sec.gov/Archives/edgar/data/1047340/000104734013000011/0001047340-13-000011-index.html,https://www.sec.gov/Archives/edgar/data/1047340/000104734013000011/fdp-6282013x10q.htm,1620592003,16:26:43,20210509
31,2013-03-29,FDP,USD,2013-04-30 00:00:00,2013-04-30 15:10:33,Q1,918800000,820200000.0,98600000.0,0.10731388767958207,0.0,45300000.0,0.0,1000000.0,45099999.99999991,865299999.9999999,800000.0,17500000.0,71000000.0,0.07727470613844145,53500000.0,0.058228123639529825,-1600000.0,51300000.0,0.05583369612538093,9500000.0,41100000.0,0.044732259468872444,0.70862,0.70862,58000000.0,58000000.0,https://www.sec.gov/Archives/edgar/data/1047340/000144530513000984/0001445305-13-000984-index.html,https://www.sec.gov/Archives/edgar/data/1047340/000144530513000984/fdp-3292013x10q.htm,1620592003,16:26:43,20210509
32,2012-12-28,FDP,USD,2013-02-19,2013-02-19 17:26:01,Q4,776900000,738400000.0,38500000.0,0.04955592740378427,0.0,40000000.0,0.0,-4000000.0,40600000.00000002,779000000.0,800000.0,17900000.0,15800000.0,0.020337237739734844,-2100000.0,-0.00270305058566096,1400000.0,1300000.0,0.0016733170292186897,2500000.0,0.0,0.0,0.01,0.01,58400000.0,58400000.0,https://www.sec.gov/Archives/edgar/data/1047340/000144530513000252/fdp-122812x10k.htm,https://www.sec.gov/Archives/edgar/data/1047340/000144530513000252/fdp-122812x10k.htm,1620592003,16:26:43,20210509
33,2012-09-28,FDP,USD,2012-10-30 00:00:00,2012-10-30 15:13:36,Q3,788800000,714400000.0,74400000.0,0.09432048681541583,0.0,46200000.0,0.0,3000000.0,46200000.000000045,760600000.0,-2400000.0,17000000.0,45200000.0,0.05730223123732252,28200000.0,0.03575050709939148,-700000.0,25100000.0,0.03182048681541582,200000.0,23500000.0,0.0297920892494929,0.40378,0.40378,58200000.0,58200000.0,https://www.sec.gov/Archives/edgar/data/1047340/000144530512003302/0001445305-12-003302-index.html,https://www.sec.gov/Archives/edgar/data/1047340/000144530512003302/fdp-9282012x10q.htm,1620592003,16:26:43,20210509
34,2012-06-29,FDP,USD,2012-07-31 00:00:00,2012-07-31 15:47:58,Q2,957600000,841200000.0,116400000.0,0.12155388471177944,0.0,45600000.0,0.0,2000000.0,46599999.99999991,887799999.9999999,900000.0,17300000.0,87100000.0,0.09095655806182122,69800000.0,0.07289055973266499,-3100000.0,65900000.0,0.06881787802840435,7400000.0,57200000.0,0.05973266499582289,0.98621,0.98621,58000000.0,58000000.0,https://www.sec.gov/Archives/edgar/data/1047340/000144530512002359/0001445305-12-002359-index.html,https://www.sec.gov/Archives/edgar/data/1047340/000144530512002359/fdp-6292012x10q.htm,1620592003,16:26:43,20210509
35,2012-03-30,FDP,USD,2012-05-01,2012-05-01 13:48:12,Q1,897900000,785500000.0,112400000.0,0.12518097783717563,0.0,45400000.0,0.0,0.0,46899999.99999998,832400000.0,1300000.0,17800000.0,83300000.0,0.09277202361064707,65500000.0,0.07294798975387014,500000.0,64900000.0,0.07227976389352934,2100000.0,62500000.0,0.06960686045216617,1.07945,1.07945,57900000.0,57900000.0,https://www.sec.gov/Archives/edgar/data/1047340/000144530512000501/fdp-123011x10k.htm,https://www.sec.gov/Archives/edgar/data/1047340/000144530512000501/fdp-123011x10k.htm,1620592003,16:26:43,20210509
36,2011-12-30,FDP,USD,2012-02-28 00:00:00,2012-02-28 16:27:02,Q4,780800000,749900000.0,30900000.0,0.039574795081967214,0.0,48800000.0,0.0,6000000.0,51800000.00000007,801700000.0000001,1000000.0,18400000.0,-2500000.0,-0.003201844262295082,-20900000.0,-0.026767418032786885,-5900000.0,-27500000.0,-0.0352202868852459,-16600000.0,-10100000.0,-0.012935450819672132,-0.17474,-0.17474,57800000.0,57800000.0,https://www.sec.gov/Archives/edgar/data/1047340/000144530512000501/0001445305-12-000501-index.html,https://www.sec.gov/Archives/edgar/data/1047340/000144530512000501/fdp-123011x10k.htm,1620592003,16:26:43,20210509
37,2011-09-30,FDP,USD,2011-11-01 00:00:00,2011-11-01 14:57:55,Q3,795200000,732300000.0,62900000.0,0.07909959758551308,0.0,47100000.0,0.0,0.0,47100000.0,778200000.0000001,2100000.0,18300000.000000004,35300000.0,0.044391348088531186,17000000.0,0.02137826961770624,-400000.0,14900000.0,0.018737424547283704,2000000.0,12200000.0,0.0153420523138833,0.20504,0.20504,59500000.0,59500000.0,https://www.sec.gov/Archives/edgar/data/1047340/000115752311006217/0001157523-11-006217-index.html,https://www.sec.gov/Archives/edgar/data/1047340/000115752311006217/a50034249.htm,1620592003,16:26:43,20210509
38,2011-07-01,FDP,USD,2011-08-03 00:00:00,2011-08-03 11:20:10,Q2,1039700000,936800000.0,102900000.0,0.09897085697797442,0.0,48400000.0,0.0,0.0,58000000.0,994800000.0,1500000.0,17900000.0,62800000.0,0.06040203904972588,44900000.0,0.043185534288737136,-400000.0,43200000.0,0.04155044724439742,6400000.0,35200000.0,0.03385591997691642,0.58765,0.58765,59900000.0,59900000.0,https://www.sec.gov/Archives/edgar/data/1047340/000115752311004629/0001157523-11-004629-index.html,https://www.sec.gov/Archives/edgar/data/1047340/000115752311004629/a6804439.htm,1620592003,16:26:43,20210509
39,2011-04-01,FDP,USD,2011-05-03 00:00:00,2011-05-03 15:27:55,Q1,974000000,851200000.0,122800000.0,0.12607802874743326,0.0,46100000.0,0.0,3000000.0,47899999.99999998,899100000.0,2200000.0,18900000.0,93800000.0,0.09630390143737166,74900000.0,0.07689938398357289,-3000000.0,69900000.0,0.07176591375770021,13900000.0,55200000.0,0.056673511293634495,0.93086,0.93086,59300000.0,59300000.0,https://www.sec.gov/Archives/edgar/data/1047340/000115752311002642/0001157523-11-002642-index.html,https://www.sec.gov/Archives/edgar/data/1047340/000115752311002642/a6703764.htm,1620592003,16:26:43,20210509
40,2010-12-31,FDP,USD,2011-03-01,2011-03-01 15:09:36,Q4,816700000,777100000.0,39600000.0,0.04848781682380311,0.0,40900000.0,0.0,-1000000.0,39600000.0,829900000.0,-2000000.0,19500000.0,6300000.0,0.007713970858332313,-13200000.0,-0.01616260560793437,-900000.0,-16100000.0,-0.0197134810824048,-5400000.0,-9600000.0,-0.011754622260315905,-0.16244,-0.16244,59100000.0,59100000.0,https://www.sec.gov/Archives/edgar/data/1047340/000115752311001275/a6627262.htm,https://www.sec.gov/Archives/edgar/data/1047340/000115752311001275/a6627262.htm,1620592003,16:26:43,20210509
41,2010-10-01,FDP,USD,2010-11-02 00:00:00,2010-11-02 15:03:25,Q3,793100000,741100000.0,52000000.0,0.06556550245870635,0.0,40900000.0,0.0,3000000.0,36500000.0,777600000.0,-1900000.0,19500000.0,35000000.0,0.0441306266548985,15500000.0,0.019543563232883622,3000000.0,16600000.0,0.020930525784894717,3200000.0,14500000.0,0.018282688185600807,0.2381,0.2381,60900000.0,60900000.0,https://www.sec.gov/Archives/edgar/data/1047340/000115752310006440/0001157523-10-006440-index.html,https://www.sec.gov/Archives/edgar/data/1047340/000115752310006440/a6490644.htm,1620592003,16:26:43,20210509
42,2010-07-02,FDP,USD,2010-08-03 00:00:00,2010-08-03 14:08:53,Q2,1000000000,917000000.0,83000000.0,0.083,0.0,43000000.0,0.0,-18000000.0,62899999.99999998,979900000.0,-2800000.0,19800000.000000004,39900000.0,0.0399,20100000.0,0.0201,-600000.0,16700000.0,0.0167,-4500000.0,21100000.0,0.0211,0.34032,0.34032,62000000.0,62000000.0,https://www.sec.gov/Archives/edgar/data/1047340/000115752310004628/0001157523-10-004628-index.html,https://www.sec.gov/Archives/edgar/data/1047340/000115752310004628/a6380873.htm,1620592003,16:26:43,20210509
43,2010-04-02,FDP,USD,2010-05-04 00:00:00,2010-05-04 12:44:52,Q1,943100000,845300000.0,97800000.0,0.1037005619764606,0.0,42000000.0,0.0,9000000.0,42700000.000000045,888000000.0,-3000000.0,19900000.0,75000000.0,0.07952497084084402,55100000.0,0.05842434524440674,-9000000.0,42900000.0,0.04548828332096278,6000000.0,36200000.0,0.03838405259251405,0.56829,0.56829,63700000.0,63700000.0,https://www.sec.gov/Archives/edgar/data/1047340/000115752310002715/0001157523-10-002715-index.html,https://www.sec.gov/Archives/edgar/data/1047340/000115752310002715/a6273168.htm,1620592003,16:26:43,20210509
44,2010-01-01,FDP,USD,2010-03-02 00:00:00,2010-03-02 17:13:15,Q4,872100000,805100000.0,67000000.0,0.0768260520582502,0.0,43200000.0,0.0,-7000000.0,32699999.99999993,837799999.9999999,-3000000.0,20500000.0,54800000.0,0.06283683063868822,34300000.0,0.039330352023850476,-3500000.0,28000000.0,0.03210640981538814,1000000.0,28200000.0,0.03233574131406949,0.44201,0.44201,63800000.0,63800000.0,https://www.sec.gov/Archives/edgar/data/1047340/000115752310001356/0001157523-10-001356-index.html,https://www.sec.gov/Archives/edgar/data/1047340/000115752310001356/a6196315.htm,1620592003,16:26:43,20210509
45,2009-09-25,FDP,USD,2009-10-27 00:00:00,2009-10-27 15:05:50,Q3,766200000,697200000.0,69000000.0,0.09005481597494126,0.0,43300000.0,0.0,2000000.0,51000000.0,748200000.0,-2000000.0,21100000.0,39100000.0,0.051031062385800054,18000000.0,0.023492560689115115,1100000.0,16400000.0,0.021404333072304882,-12800000.0,28600000.0,0.0373270686504829,0.44898,0.44898,63700000.0,63700000.0,https://www.sec.gov/Archives/edgar/data/1047340/000119312509214758/0001193125-09-214758-index.html,https://www.sec.gov/Archives/edgar/data/1047340/000119312509214758/d10q.htm,1620592003,16:26:43,20210509
46,2009-06-26,FDP,USD,2009-07-28 00:00:00,2009-07-28 15:28:13,Q2,978400000,887400000.0,91000000.0,0.09300899427636958,0.0,42400000.0,0.0,5000000.0,41700000.000000045,929100000.0,-4000000.0,21400000.000000004,70700000.0,0.0722608340147179,49300000.0,0.050388389206868354,3200000.0,49300000.0,0.050388389206868354,-3600000.0,52200000.0,0.05335241210139002,0.82075,0.82075,63600000.0,63600000.0,https://www.sec.gov/Archives/edgar/data/1047340/000119312509156861/0001193125-09-156861-index.html,https://www.sec.gov/Archives/edgar/data/1047340/000119312509156861/d10q.htm,1620592003,16:26:43,20210509
47,2009-03-27,FDP,USD,2009-04-28 00:00:00,2009-04-28 14:40:26,Q1,879700000,795900000.0,83800000.0,0.09525974764124133,0.0,36900000.0,0.0,-5000000.0,37200000.000000045,833100000.0,-2000000.0,20700000.0,67300000.0,0.07650335341593725,46600000.0,0.052972604296919405,-6000000.0,38100000.0,0.04331021939297488,2600000.0,34900000.0,0.03967261566443105,0.54874,0.54874,63600000.0,63600000.0,https://www.sec.gov/Archives/edgar/data/1047340/000119312509089894/0001193125-09-089894-index.html,https://www.sec.gov/Archives/edgar/data/1047340/000119312509089894/d10q.htm,1620592003,16:26:43,20210509
48,2008-12-26,FDP,USD,2009-02-24 00:00:00,2009-02-24 16:53:10,Q4,831000000,762500000.0,68500000.0,0.08243080625752106,0.0,39000000.0,0.0,-12000000.0,41600000.00000002,804100000.0,-4000000.0,21200000.000000004,48100000.0,0.0578820697954272,26900000.0,0.03237063778580024,200000.0,22700000.0,0.027316486161251503,-200000.0,22900000.0,0.027557160048134778,0.36006,0.36006,63600000.0,63600000.0,https://www.sec.gov/Archives/edgar/data/1047340/000119312509036277/0001193125-09-036277-index.html,https://www.sec.gov/Archives/edgar/data/1047340/000119312509036277/d10k.htm,1620592003,16:26:43,20210509
49,2008-09-26,FDP,USD,2008-10-28 00:00:00,2008-10-28 17:01:42,Q3,832900000,753900000.0,79000000.0,0.09484932164725657,0.0,41300000.0,0.0,12000000.0,33399999.99999998,787300000.0,-5000000.0,21400000.0,67000000.0,0.08044182975147077,45600000.0,0.05474846920398607,-10000000.0,32000000.0,0.038419978388762155,2600000.0,29300000.0,0.035178292712210346,0.45497,0.45497,64400000.0,64400000.0,https://www.sec.gov/Archives/edgar/data/1047340/000119312508218022/0001193125-08-218022-index.html,https://www.sec.gov/Archives/edgar/data/1047340/000119312508218022/d10q.htm,1620592003,16:26:43,20210509
50,2008-06-27,FDP,USD,2008-07-30 00:00:00,2008-07-30 13:21:05,Q2,972200000,872600000.0,99600000.0,0.10244805595556469,0.0,42800000.0,0.0,0.0,54399999.99999998,927000000.0,-2000000.0,20299999.999999996,65500000.0,0.06737296852499486,45200000.0,0.04649249125694301,2700000.0,45900000.0,0.047212507714462046,3700000.0,41900000.0,0.04309812795721045,0.65674,0.65674,63800000.0,63800000.0,https://www.sec.gov/Archives/edgar/data/1047340/000119312508161128/0001193125-08-161128-index.html,https://www.sec.gov/Archives/edgar/data/1047340/000119312508161128/d10q.htm,1620592003,16:26:43,20210509
51,2008-03-31,FDP,USD,2008-03-31,2008-03-31,Q1,894900000,798000000.0,96900000.0,0.10828025477707007,0.0,0.0,0.0,0.0,44000000.0,842000000.0,0.0,20600000.0,73500000.0,0.0821320817968488,52900000.0,0.05911275002793608,7900000.0,62300000.0,0.0696167169516147,-1300000.0,63600000.0,0.07106939322829367,1.01,1.0,62859064.0,63358190.0,,,1620592003,16:26:43,20210509
52,2007-12-31,FDP,USD,2007-12-31,2007-12-31,Q4,848200000,769800000.0,78400000.0,0.0924310304173544,0.0,0.0,0.0,0.0,55800000.0,825600000.0,0.0,21800000.0,44400000.0,0.052346144777175196,22600000.0,0.02664465927847206,9800000.0,38800000.0,0.04574392831879274,4400000.0,34400000.0,0.04055647253006366,0.0,0.0,0.0,0.0,,,1620592003,16:26:43,20210509
53,2007-09-30,FDP,USD,2007-09-30,2007-09-30,Q3,757100000,689300000.0,67800000.0,0.08955223880597014,0.0,0.0,0.0,0.0,41900000.0,731200000.0,0.0,20400000.0,46300000.0,0.06115440496631885,25900000.0,0.034209483555672965,7100000.0,27600000.0,0.03645489367322679,-2300000.0,29900000.0,0.03949280147932902,0.52,0.51,57995596.0,58384312.0,,,1620592003,16:26:43,20210509
54,2007-06-30,FDP,USD,2007-06-30,2007-06-30,Q2,924200000,804600000.0,119600000.0,0.12940921878381303,0.0,0.0,0.0,0.0,52300000.0,856900000.0,0.0,19400000.0,86700000.0,0.09381086344946982,67300000.0,0.07281973598788141,-4700000.0,60100000.0,0.06502921445574551,-3800000.0,63900000.0,0.06914087859770612,1.11,1.1,57769054.0,57769054.0,,,1620592003,16:26:43,20210509
55,2007-03-31,FDP,USD,2007-03-31,2007-03-31,Q1,836000000,736900000.0,99100000.0,0.11854066985645934,0.0,0.0,0.0,0.0,39300000.0,776200000.0,0.0,19300000.0,79100000.0,0.09461722488038278,59800000.0,0.0715311004784689,6800000.0,54700000.0,0.06543062200956938,3100000.0,51600000.0,0.06172248803827751,0.89,0.89,57699889.0,57746578.0,,,1620592003,16:26:43,20210509
56,2006-12-31,FDP,USD,2006-12-31,2006-12-31,Q4,737600000,680200000.0,57400000.0,0.07781995661605207,0.0,0.0,0.0,0.0,103800000.0,784000000.0,0.0,20100000.0,-26300000.0,-0.03565618221258134,-46400000.0,-0.06290672451193059,-62100000.0,-61400000.0,-0.08324295010845988,-1500000.0,-59900000.0,-0.08120932754880694,0.0,0.0,0.0,0.0,,,1620592003,16:26:43,20210509
57,2006-09-30,FDP,USD,2006-09-30,2006-09-30,Q3,729600000,738400000.0,-8800000.0,-0.01206140350877193,0.0,0.0,0.0,0.0,75100000.0,813500000.0,0.0,20400000.0,-63500000.0,-0.08703399122807018,-83900000.0,-0.11499451754385964,-14800000.0,-86600000.0,-0.11869517543859649,-3000000.0,-83600000.0,-0.11458333333333333,-1.45,-1.45,57697834.0,57697834.0,,,1620592003,16:26:43,20210509
58,2006-06-30,FDP,USD,2006-06-30,2006-06-30,Q2,907100000,835800000.0,71300000.0,0.07860213868371733,0.0,0.0,0.0,0.0,84500000.0,920300000.0,0.0,22100000.0,8900000.0,0.009811487156873553,-13200000.0,-0.014551868592216955,-28900000.0,-15100000.0,-0.016646455738066366,2700000.0,-17800000.0,-0.019622974313747106,-0.31,-0.31,57862389.0,57862389.0,,,1620592003,16:26:43,20210509
59,2006-03-31,FDP,USD,2006-03-31,2006-03-31,Q1,840000000,772300000.0,67700000.0,0.0805952380952381,0.0,0.0,0.0,0.0,44600000.0,816900000.0,0.0,21200000.0,44300000.0,0.05273809523809524,23100000.0,0.0275,-200000.0,17500000.0,0.020833333333333332,1300000.0,16200000.0,0.019285714285714285,0.28,0.28,58019609.0,58069764.0,,,1620592003,16:26:43,20210509
60,2005-12-31,FDP,USD,2005-12-31,2005-12-31,Q4,757900000,717400000.0,40500000.0,0.05343712890882702,0.0,0.0,0.0,0.0,48200000.0,765600000.0,0.0,22400000.0,14700000.0,0.01939569864098166,-7700000.0,-0.010159651669085631,-1700000.0,-13300000.0,-0.017548489246602454,-9800000.0,-3500000.0,-0.004618023485948014,0.0,0.0,0.0,0.0,,,1620592003,16:26:43,20210509
61,2005-09-30,FDP,USD,2005-09-30,2005-09-30,Q3,740500000,690000000.0,50500000.0,0.06819716407832546,0.0,0.0,0.0,0.0,46500000.0,736500000.0,0.0,22100000.0,26100000.0,0.03524645509790682,4000000.0,0.0054017555705604325,0.0,1400000.0,0.0018906144496961513,-4300000.0,5700000.0,0.007697501688048616,0.1,0.1,58003667.0,58106339.0,,,1620592003,16:26:43,20210509
62,2005-06-30,FDP,USD,2005-06-30,2005-06-30,Q2,922800000,819300000.0,103500000.0,0.11215864759427828,0.0,0.0,0.0,0.0,52400000.0,871700000.0,0.0,22000000.0,73100000.0,0.07921543129605549,51100000.0,0.055374945817078455,2100000.0,48800000.0,0.052882531426094496,2300000.0,46500000.0,0.05039011703511053,0.8,0.8,57940337.0,58090765.0,,,1620592003,16:26:43,20210509
63,2005-03-31,FDP,USD,2005-03-31,2005-03-31,Q1,838500000,721500000.0,117000000.0,0.13953488372093023,0.0,0.0,0.0,0.0,46900000.0,768400000.0,0.0,22500000.0,92600000.0,0.11043530113297555,70100000.0,0.08360166964818128,-6600000.0,61400000.0,0.07322599880739415,3500000.0,57900000.0,0.06905187835420394,1.0,1.0,57751716.0,58012640.0,,,1620592003,16:26:43,20210509
64,2004-12-31,FDP,USD,2004-12-31,2004-12-31,Q4,818200000,750600000.0,67600000.0,0.0826203862136397,0.0,0.0,0.0,0.0,47400000.0,798000000.0,0.0,19800000.0,40000000.0,0.048887802493277926,20200000.0,0.024688340259105355,12300000.0,21500000.0,0.026277193840136884,2400000.0,19100000.0,0.02334392569054021,0.0,0.0,0.0,0.0,,,1620592003,16:26:43,20210509
65,2004-09-30,FDP,USD,2004-09-30,2004-09-30,Q3,610400000,579600000.0,30800000.0,0.05045871559633028,0.0,0.0,0.0,0.0,34700000.0,614300000.0,0.0,17800000.0,13900000.0,0.022771952817824376,-3900000.0,-0.0063892529488859765,-7100000.0,-6100000.0,-0.009993446920052424,-19800000.0,13700000.0,0.02244429882044561,0.24,0.24,57555461.0,57833302.0,,,1620592003,16:26:43,20210509
66,2004-06-30,FDP,USD,2004-06-30,2004-06-30,Q2,763600000,674500000.0,89100000.0,0.11668412781561027,0.0,0.0,0.0,0.0,26400000.0,700900000.0,0.0,16800000.0,79500000.0,0.10411210057621792,62700000.0,0.0821110529072813,0.0,61700000.0,0.08080146673651126,2300000.0,59400000.0,0.07778941854374018,1.03,1.03,57426128.0,57775389.0,,,1620592003,16:26:43,20210509
67,2004-03-31,FDP,USD,2004-03-31,2004-03-31,Q1,713800000,636600000.0,77200000.0,0.10815354441019893,0.0,0.0,0.0,0.0,27900000.0,664500000.0,0.0,16500000.0,65800000.0,0.09218268422527319,49300000.0,0.06906696553656487,1700000.0,49900000.0,0.06990753712524517,2900000.0,47000000.0,0.0658447744466237,0.82,0.81,57303842.0,57829988.0,,,1620592003,16:26:43,20210509
68,2003-12-31,FDP,USD,2003-12-31,2003-12-31,Q4,578700000,531800000.0,46900000.0,0.08104371867979955,0.0,0.0,0.0,0.0,25200000.0,557000000.0,0.0,14300000.0,36000000.0,0.06220839813374806,21700000.0,0.03749783998617591,5000000.0,25600000.0,0.04423708311733195,2800000.0,22800000.0,0.03939865215137377,0.0,0.0,0.0,0.0,,,1620592003,16:26:43,20210509
69,2003-09-30,FDP,USD,2003-09-30,2003-09-30,Q3,563700000,498700000.0,65000000.0,0.11530956182366507,0.0,0.0,0.0,0.0,28300000.0,527000000.0,0.0,16000000.0,52700000.0,0.09348944474010999,36700000.0,0.06510555259890012,1100000.0,36700000.0,0.06510555259890012,2400000.0,34300000.0,0.06084796877771864,0.61,0.6,56632819.0,57562386.0,,,1620592003,16:26:43,20210509
70,2003-06-30,FDP,USD,2003-06-30,2003-06-30,Q2,700600000,591300000.0,109300000.0,0.1560091350271196,0.0,0.0,0.0,0.0,29100000.0,620400000.0,0.0,16900000.0,97100000.0,0.1385954895803597,80200000.0,0.11447330859263488,7700000.0,86200000.0,0.12303739651727091,5000000.0,81200000.0,0.11590065658007422,1.44,1.42,56273067.0,57128542.0,,,1620592003,16:26:43,20210509
71,2003-03-31,FDP,USD,2003-03-31,2003-03-31,Q1,643800000,536800000.0,107000000.0,0.16620068344206276,0.0,0.0,0.0,0.0,25200000.0,562000000.0,0.0,15800000.0,97600000.0,0.15159987573780678,81800000.0,0.12705809257533396,14600000.0,93800000.0,0.14569742155949053,5700000.0,88100000.0,0.13684374029201615,1.57,1.55,56215957.0,56995384.0,,,1620592003,16:26:43,20210509
72,2002-12-31,FDP,USD,2002-12-31,2002-12-31,Q4,487400000,422200000.0,65200000.0,0.13377102995486254,0.0,0.0,0.0,0.0,31400000.0,453600000.0,0.0,16100000.0,49900000.0,0.10237997537956504,33800000.0,0.06934755847353304,9100000.0,41500000.0,0.08514567090685268,6300000.0,35200000.0,0.07221994255231842,0.0,0.0,0.0,0.0,,,1620592003,16:26:43,20210509
73,2002-09-30,FDP,USD,2002-09-30,2002-09-30,Q3,498500000,430600000.0,67900000.0,0.1362086258776329,0.0,0.0,0.0,0.0,31800000.0,462400000.0,0.0,16200000.0,52300000.0,0.1049147442326981,36100000.0,0.0724172517552658,-3600000.0,36500000.0,0.0732196589769308,4000000.0,32500000.0,0.06519558676028084,0.57,0.57,56060613.0,57150918.0,,,1620592003,16:26:43,20210509
74,2002-06-30,FDP,USD,2002-06-30,2002-06-30,Q2,567200000,470200000.0,97000000.0,0.17101551480959098,0.0,0.0,0.0,0.0,30500000.0,500700000.0,0.0,15100000.0,81600000.0,0.14386459802538787,66500000.0,0.1172425952045134,400000.0,68600000.0,0.12094499294781383,2100000.0,66500000.0,0.1172425952045134,1.2,1.18,55331300.0,56422436.0,,,1620592003,16:26:43,20210509
75,2002-03-31,FDP,USD,2002-03-31,2002-03-31,Q1,537400000,430800000.0,106600000.0,0.19836248604391515,0.0,0.0,0.0,0.0,28600000.0,459400000.0,0.0,14300000.0,92300000.0,0.1717528842575363,78000000.0,0.14514328247115743,-5000000.0,73300000.0,0.1363974692966133,6200000.0,67100000.0,0.12486043915147003,1.24,1.21,54223085.0,55392568.0,,,1620592003,16:26:43,20210509
76,2001-12-31,FDP,USD,2001-12-31,2001-12-31,Q4,422000000,370400000.0,51600000.0,0.12227488151658768,0.0,0.0,0.0,0.0,29000000.0,399400000.0,0.0,14700000.0,37300000.0,0.08838862559241706,22600000.0,0.053554502369668244,-8200000.0,12700000.0,0.03009478672985782,7400000.0,5300000.0,0.012559241706161137,0.0,0.0,0.0,0.0,,,1620592003,16:26:43,20210509
77,2001-09-30,FDP,USD,2001-09-30,2001-09-30,Q3,430700000,366100000.0,64600000.0,0.14998839099140934,0.0,0.0,0.0,0.0,42100000.0,408200000.0,0.0,16600000.0,39100000.0,0.0907824471790109,22500000.0,0.05224053865799861,-23000000.0,15800000.0,0.03668446714650569,7500000.0,8300000.0,0.01927095426050615,0.15,0.15,53872204.0,54840901.0,,,1620592003,16:26:43,20210509
78,2001-06-30,FDP,USD,2001-06-30,2001-06-30,Q2,541000000,458300000.0,82700000.0,0.15286506469500924,0.0,0.0,0.0,0.0,23100000.0,481400000.0,0.0,15200000.0,74800000.0,0.13826247689463955,59600000.0,0.11016635859519408,-3300000.0,47700000.0,0.08817005545286506,6200000.0,41500000.0,0.0767097966728281,0.77,0.77,53765781.0,54049521.0,,,1620592003,16:26:43,20210509
79,2001-03-31,FDP,USD,2001-03-31,2001-03-31,Q1,534300000,450300000.0,84000000.0,0.15721504772599662,0.0,0.0,0.0,0.0,23800000.0,474100000.0,0.0,14700000.0,74900000.0,0.14018341755568034,60200000.0,0.11267078420363091,-2900000.0,46500000.0,0.08702975856260528,5400000.0,41100000.0,0.07692307692307693,0.76,0.76,53763600.0,53763600.0,,,1620592003,16:26:43,20210509
80,2000-12-31,FDP,USD,2000-12-31,2000-12-31,Q4,411200000,371900000.0,39300000.0,0.09557392996108949,0.0,0.0,0.0,0.0,38300000.0,410200000.0,0.0,14700000.0,15700000.0,0.03818093385214008,1000000.0,0.0024319066147859923,1800000.0,-7700000.0,-0.01872568093385214,800000.0,-8500000.0,-0.020671206225680933,0.0,0.0,0.0,0.0,,,1620592003,16:26:43,20210509
81,2000-09-30,FDP,USD,2000-09-30,2000-09-30,Q3,395800000,359400000.0,36400000.0,0.0919656392117231,0.0,0.0,0.0,0.0,33700000.0,393100000.0,0.0,15400000.0,18100000.0,0.04573016675088429,2700000.0,0.006821627084386054,-7100000.0,-14000000.0,-0.035371399696816574,100000.0,-14100000.0,-0.035624052551793836,-0.26,-0.26,53763600.0,53763600.0,,,1620592003,16:26:43,20210509
82,2000-06-30,FDP,USD,2000-06-30,2000-06-30,Q2,516200000,454700000.0,61500000.0,0.11913986826811314,0.0,0.0,0.0,0.0,32200000.0,486900000.0,0.0,14000000.0,43300000.0,0.08388221619527315,29300000.0,0.056760945370011626,-200000.0,18100000.0,0.035063928709802406,900000.0,17200000.0,0.03332041844246416,0.32,0.32,53763600.0,53763600.0,,,1620592003,16:26:43,20210509
83,2000-03-31,FDP,USD,2000-03-31,2000-03-31,Q1,536100000,452000000.0,84100000.0,0.15687371759000188,0.0,0.0,0.0,0.0,34500000.0,486500000.0,0.0,13700000.0,63300000.0,0.11807498601007274,49600000.0,0.09252005222906175,-600000.0,39600000.0,0.07386681589255736,1100000.0,38500000.0,0.07181495989554187,0.72,0.72,53763600.0,53766731.0,,,1620592003,16:26:43,20210509
84,1999-12-31,FDP,USD,1999-12-31,1999-12-31,Q4,404500000,390100000.0,14400000.0,0.035599505562422744,0.0,0.0,0.0,0.0,29100000.0,419200000.0,0.0,10600000.0,-4100000.0,-0.010135970333745364,-14700000.0,-0.03634116192830655,6200000.0,-15800000.0,-0.039060568603213844,2800000.0,-18600000.0,-0.045982694684796044,0.0,0.0,0.0,0.0,,,1620592003,16:26:43,20210509
85,1999-09-30,FDP,USD,1999-09-30,1999-09-30,Q3,369100000,331200000.0,37900000.0,0.10268219994581414,0.0,0.0,0.0,0.0,23600000.0,354800000.0,0.0,12100000.0,26400000.0,0.07152533188837713,14300000.0,0.03874288810620428,2100000.0,9800000.0,0.02655107017068545,3200000.0,6600000.0,0.017881332972094283,0.12,0.12,55000000.0,55000000.0,,,1620592003,16:26:43,20210509
86,1999-06-30,FDP,USD,1999-06-30,1999-06-30,Q2,476200000,410800000.0,65400000.0,0.1373372532549349,0.0,0.0,0.0,0.0,27600000.0,438400000.0,0.0,11500000.0,49300000.0,0.10352792944141118,37800000.0,0.07937841243175137,6200000.0,37300000.0,0.07832843343133138,3800000.0,33500000.0,0.07034859302813944,0.62,0.62,54032258.0,54032258.0,,,1620592003,16:26:43,20210509
87,1999-03-31,FDP,USD,1999-03-31,1999-03-31,Q1,493400000,417900000.0,75500000.0,0.1530198621807864,0.0,0.0,0.0,0.0,28400000.0,446300000.0,0.0,11000000.0,58100000.0,0.11775435751925416,47100000.0,0.0954600729631131,200000.0,40300000.0,0.08167815160113498,4900000.0,35400000.0,0.07174706120794487,0.66,0.66,53636364.0,53636364.0,,,1620592003,16:26:43,20210509
88,1998-12-31,FDP,USD,1998-12-31,1998-12-31,Q4,481300000,0.0,0.0,0.0,0.0,0.0,0.0,0.0,0.0,0.0,0.0,0.0,-984100000.0,-2.044670683565344,-984100000.0,-2.044670683565344,0.0,0.0,0.0,0.0,-31100000.0,-0.06461666320382298,0.0,0.0,0.0,0.0,,,1620592003,16:26:43,20210509
89,1998-09-30,FDP,USD,1998-09-30,1998-09-30,Q3,382500000,0.0,0.0,0.0,0.0,0.0,0.0,0.0,0.0,0.0,0.0,0.0,382500000.0,1.0,382500000.0,1.0,0.0,0.0,0.0,0.0,19800000.0,0.05176470588235294,0.37,0.37,12766000.0,12766000.0,,,1620592003,16:26:43,20210509
90,1998-06-30,FDP,USD,1998-06-30,1998-06-30,Q2,401300000,0.0,0.0,0.0,0.0,0.0,0.0,0.0,0.0,0.0,0.0,0.0,401300000.0,1.0,401300000.0,1.0,0.0,0.0,0.0,0.0,47200000.0,0.11761774233740344,0.99,0.99,12766000.0,12766000.0,,,1620592003,16:26:43,20210509
91,1998-03-31,FDP,USD,1998-03-31,1998-03-31,Q1,335000000,0.0,0.0,0.0,0.0,0.0,0.0,0.0,0.0,0.0,0.0,0.0,335000000.0,1.0,335000000.0,1.0,0.0,0.0,0.0,0.0,19100000.0,0.05701492537313433,0.4,0.4,12766000.0,12766000.0,,,1620592003,16:26:43,20210509
92,1997-12-31,FDP,USD,1997-12-31,1997-12-31,Q4,263900000,0.0,0.0,0.0,0.0,0.0,0.0,0.0,0.0,0.0,0.0,0.0,-849700000.0,-3.21978021978022,-849700000.0,-3.21978021978022,0.0,0.0,0.0,0.0,-15600000.0,-0.059113300492610835,0.0,0.0,0.0,0.0,,,1620592003,16:26:43,20210509
93,1997-09-30,FDP,USD,1997-09-30,1997-09-30,Q3,314900000,0.0,0.0,0.0,0.0,0.0,0.0,0.0,0.0,0.0,0.0,0.0,314900000.0,1.0,314900000.0,1.0,0.0,0.0,0.0,0.0,19800000.0,0.06287710384248968,0.49,0.49,12766000.0,12766000.0,,,1620592003,16:26:43,20210509
94,1997-06-30,FDP,USD,1997-06-30,1997-06-30,Q2,314800000,0.0,0.0,0.0,0.0,0.0,0.0,0.0,0.0,0.0,0.0,0.0,314800000.0,1.0,314800000.0,1.0,0.0,0.0,0.0,0.0,19800000.0,0.06289707750952986,0.48,0.48,12766000.0,12766000.0,,,1620592003,16:26:43,20210509
95,1997-03-31,FDP,USD,1997-03-31,1997-03-31,Q1,314800000,0.0,0.0,0.0,0.0,0.0,0.0,0.0,0.0,0.0,0.0,0.0,314800000.0,1.0,314800000.0,1.0,0.0,0.0,0.0,0.0,19800000.0,0.06289707750952986,0.48,0.48,12766000.0,12766000.0,,,1620592003,16:26:43,20210509
