,date,symbol,reportedCurrency,fillingDate,acceptedDate,period,revenue,costOfRevenue,grossProfit,grossProfitRatio,researchAndDevelopmentExpenses,generalAndAdministrativeExpenses,sellingAndMarketingExpenses,otherExpenses,operatingExpenses,costAndExpenses,interestExpense,depreciationAndAmortization,ebitda,ebitdaratio,operatingIncome,operatingIncomeRatio,totalOtherIncomeExpensesNet,incomeBeforeTax,incomeBeforeTaxRatio,incomeTaxExpense,netIncome,netIncomeRatio,eps,epsdiluted,weightedAverageShsOut,weightedAverageShsOutDil,link,finalLink,timestamp,est_time,est_date
0,2020-12-31,FSL.NS,INR,2020-12-31,2020-12-31,Q4,13510130000,9502580000.0,4007550000.0,0.2966329709632698,0.0,0.0,0.0,12510000.0,2417110000,11919690000,127170000.0,513040000,2103480000,0.15569650329049387,1590440000,0.11772203524318418,0.0,1475780000,0.10923507027689593,265310000.0,1210480000,0.08959795353560625,1.78,1.72,680044944,703767442,https://www.nseindia.com/companies-listing/corporate-filings-annual-reports,https://www.nseindia.com/companies-listing/corporate-filings-annual-reports,1620592278,16:31:18,20210509
1,2020-09-30,FSL.NS,INR,2020-09-30,2020-09-30,Q3,11783300000,7984850000.0,3798450000.0,0.32235876197669583,0.0,0.0,0.0,20860000.0,2440630000,10425480000,124360000.0,518500000,1876320000,0.15923552824760467,1357820000,0.11523257491534629,0.0,1254320000,0.10644895742279327,201520000.0,1052870000,0.08935272801337486,1.55,1.5,679270968,701913333,https://www.nseindia.com/companies-listing/corporate-filings-annual-reports,https://www.nseindia.com/companies-listing/corporate-filings-annual-reports,1620592278,16:31:18,20210509
2,2020-06-30,FSL.NS,INR,2020-06-30,2020-06-30,Q2,10537160000,7128230000.0,3408930000.0,0.3235150647802634,0.0,0.0,0.0,-1250000.0,2239330000,9367560000,133560000.0,498450000,1668050000,0.1583016676220158,1169600000,0.1109976502207426,0.0,1034790000,0.0982038803624506,148040000.0,886750000,0.08415455397849136,1.29,1.27,687403101,698228346,https://www.nseindia.com/companies-listing/corporate-filings-annual-reports,https://www.nseindia.com/companies-listing/corporate-filings-annual-reports,1620592278,16:31:18,20210509
3,2020-03-31,FSL.NS,INR,2020-03-31,2020-03-31,Q1,10672630000,6648730000.0,4023900000.0,0.3770298417540944,0.0,0.0,0.0,-79800000.0,2550050000,9198780000,142470000.0,157230000,1631080000,0.15282830942326306,1473850000,0.13809623307469668,0.0,1031000000,0.09660224330835042,115220000.0,915770000,0.08580546688117174,1.3481659648966478,1.3481659648966478,679270968,679270968,https://www.nseindia.com/companies-listing/corporate-filings-annual-reports,https://www.nseindia.com/companies-listing/corporate-filings-annual-reports,1620592278,16:31:18,20210509
4,2019-12-31,FSL.NS,INR,2019-12-31,2019-12-31,Q4,10445840000,7052700000.0,3393140000.0,0.3248317033383625,0.0,0.0,0.0,12360000.0,2211100000,9263800000,158610000.0,484310000,1666350000,0.1595228339702695,1182040000,0.11315892259502347,0.0,1035790000,0.09915813376425447,140370000.0,895400000,0.08571833380561066,1.29,1.29,694108527,694108527,https://www.nseindia.com/companies-listing/corporate-filings-annual-reports,https://www.nseindia.com/companies-listing/corporate-filings-annual-reports,1620592278,16:31:18,20210509
5,2019-09-30,FSL.NS,INR,2019-09-30,2019-09-30,Q3,9714650000,6721510000.0,2993140000.0,0.308105798973715,0.0,0.0,0.0,84530000.0,2123260000,8844770000,148100000.0,454640000,1324520000,0.1363425342137905,869880000,0.08954311272150824,0.0,806310000,0.08299938752296789,132420000.0,673900000,0.06936945746887432,0.97,0.97,694742268,694742268,https://www.nseindia.com/companies-listing/corporate-filings-annual-reports,https://www.nseindia.com/companies-listing/corporate-filings-annual-reports,1620592278,16:31:18,20210509
6,2019-06-30,FSL.NS,INR,2019-06-30,2019-06-30,Q2,9668800000,6611320000.0,3057480000.0,0.31622124772464005,0.0,0.0,0.0,-14400000.0,1840050000,8451370000,134030000.0,439330000,1656760000,0.1713511500910144,1217430000,0.12591324673175575,0.0,1069010000,0.11056284130398808,157250000.0,911790000,0.09430229190799272,1.32,1.32,690750000,690750000,https://www.nseindia.com/companies-listing/corporate-filings-annual-reports,https://www.nseindia.com/companies-listing/corporate-filings-annual-reports,1620592278,16:31:18,20210509
7,2019-03-31,FSL.NS,INR,2019-03-31,2019-03-31,Q1,9642150000,6615500000.0,3026650000.0,0.3138978339893074,0.0,0.0,0.0,-23130000.0,1644720000,8260220000,92200000.0,189660000,1571590000,0.16299165642517488,1381930000,0.14332176952235756,0.0,1112410000,0.11536949746685127,129960000.0,982430000,0.10188910149707275,1.446300587367367,1.446300587367367,679270968,679270968,https://www.nseindia.com/companies-listing/corporate-filings-annual-reports,https://www.nseindia.com/companies-listing/corporate-filings-annual-reports,1620592278,16:31:18,20210509
8,2018-12-31,FSL.NS,INR,2018-12-31,2018-12-31,Q4,9723130000,6564720000.0,3158410000.0,0.3248346982915995,0.0,0.0,0.0,7070000.0,1988150000,8552870000,70400000.0,190790000,1361050000,0.13998064409300298,1170260000,0.12035836196780254,0.0,1106930000,0.11384502727002518,125660000.0,981280000,0.10092223388970424,1.42,1.41,691042254,695943262,https://www.nseindia.com/companies-listing/corporate-filings-annual-reports,https://www.nseindia.com/companies-listing/corporate-filings-annual-reports,1620592278,16:31:18,20210509
9,2018-09-30,FSL.NS,INR,2018-09-30,2018-09-30,Q3,9442000000,6453480000.0,2988520000.0,0.3165134505401398,0.0,0.0,0.0,5060000.0,1844230000,8297710000,64960000.0,184030000,1328320000,0.14068205888582927,1144290000,0.12119148485490362,0.0,1084390000,0.11484748993857234,156450000.0,928030000,0.0982874391018852,1.35,1.33,687429630,697766917,https://www.nseindia.com/companies-listing/corporate-filings-annual-reports,https://www.nseindia.com/companies-listing/corporate-filings-annual-reports,1620592278,16:31:18,20210509
10,2018-06-30,FSL.NS,INR,2018-06-30,2018-06-30,Q2,9059790000,6210120000.0,2849670000.0,0.31454040325438004,0.0,0.0,0.0,16640000.0,1748410000,7958530000,62440000.0,179870000,1281130000,0.14140835493979442,1101260000,0.12155469387259528,0.0,1055450000,0.11649828528034314,169340000.0,886120000,0.09780800658734916,1.29,1.28,686914729,692281250,https://www.nseindia.com/companies-listing/corporate-filings-annual-reports,https://www.nseindia.com/companies-listing/corporate-filings-annual-reports,1620592278,16:31:18,20210509
11,2018-03-31,FSL.NS,INR,2018-03-31,2018-03-31,Q1,8713160000,6027090000.0,2686070000.0,0.30827736435460845,0.0,0.0,0.0,-25500000.0,1533530000,7560620000,88960000.0,172340000,1324880000,0.15205505235758324,1152540000,0.13227577595269685,0.0,1038080000,0.11913932488328001,109400000.0,928250000,0.10653425393313104,1.36,1.35,682536765,687592593,https://www.nseindia.com/companies-listing/corporate-filings-annual-reports,https://www.nseindia.com/companies-listing/corporate-filings-annual-reports,1620592278,16:31:18,20210509
12,2017-12-31,FSL.NS,INR,2017-12-31,2017-12-31,Q4,8631410000,0.0,0.0,0.0,0.0,0.0,0.0,0.0,7615730000,7615730000,103840000.0,171740000,1187420000,0.13756964389363963,1015680000,0.11767254712729439,0.0,911840000,0.10564206775022852,-83710000.0,995470000,0.11533109885870327,1.46,1.45,681828767,686531034,https://www.nseindia.com/companies-listing/corporate-filings-annual-reports,https://www.nseindia.com/companies-listing/corporate-filings-annual-reports,1620592278,16:31:18,20210509
13,2017-09-30,FSL.NS,INR,2017-09-30,2017-09-30,Q3,8463750000,0.0,0.0,0.0,0.0,0.0,0.0,0.0,7525120000,7525120000,101970000.0,162310000,1100940000,0.13007709348692956,938630000,0.11090001476886722,0.0,836640000,0.09884980062029243,149100000.0,687500000,0.08122876975335992,1.01,1.0,680693069,687500000,https://www.nseindia.com/companies-listing/corporate-filings-annual-reports,https://www.nseindia.com/companies-listing/corporate-filings-annual-reports,1620592278,16:31:18,20210509
14,2017-06-30,FSL.NS,INR,2017-06-30,2017-06-30,Q2,8777460000,0.0,0.0,0.0,0.0,0.0,0.0,0.0,7874680000,7874680000,109260000.0,152850000,1055630000,0.12026599950327316,902780000,0.10285207793598604,0.0,793530000,0.09040542480398657,139520000.0,653970000,0.07450560868406123,0.96,0.95,681218750,688389474,https://www.nseindia.com/companies-listing/corporate-filings-annual-reports,https://www.nseindia.com/companies-listing/corporate-filings-annual-reports,1620592278,16:31:18,20210509
15,2017-03-31,FSL.NS,INR,2017-03-31,2017-03-31,Q1,8923020000,0.0,0.0,0.0,0.0,0.0,0.0,0.0,8047920000,8047920000,114160000.0,110440000,985540000,0.11044915286528552,875100000,0.09807217735699349,0.0,760930000,0.08527718194064342,111950000.0,653680000,0.07325770871296938,0.96,0.95,680916667,688084211,https://www.nseindia.com/companies-listing/corporate-filings-annual-reports,https://www.nseindia.com/companies-listing/corporate-filings-annual-reports,1620592278,16:31:18,20210509
16,2016-12-31,FSL.NS,INR,2016-12-31,2016-12-31,Q4,8854090000,0.0,0.0,0.0,0.0,0.0,0.0,0.0,7924040000,7924040000,98820000.0,155710000,1085760000,0.12262807357955476,930050000,0.10504185071531913,0.0,831220000,0.09387977759430952,133550000.0,700060000,0.07906628462100566,1.03,1.02,679669903,686333333,https://www.nseindia.com/companies-listing/corporate-filings-annual-reports,https://www.nseindia.com/companies-listing/corporate-filings-annual-reports,1620592278,16:31:18,20210509
17,2016-09-30,FSL.NS,INR,2016-09-30,2016-09-30,Q3,8843550000,0.0,0.0,0.0,0.0,0.0,0.0,0.0,7874340000,7874340000,108620000.0,160470000,1129680000,0.12774055667690012,969210000,0.10959512865308614,0.0,860590000,0.09731273074726779,148590000.0,712610000,0.08057963148283212,1.05,1.04,678676190,685201923,https://www.nseindia.com/companies-listing/corporate-filings-annual-reports,https://www.nseindia.com/companies-listing/corporate-filings-annual-reports,1620592278,16:31:18,20210509
18,2016-06-30,FSL.NS,INR,2016-06-30,2016-06-30,Q2,8935440000,0.0,0.0,0.0,0.0,0.0,0.0,0.0,7887460000,7887460000,131560000.0,162990000,1210970000,0.13552438380202877,1047980000,0.11728353612133258,0.0,916420000,0.10256014253355179,182690000.0,733610000,0.08210116121869768,1.09,1.05,673036697,698676190,https://www.nseindia.com/companies-listing/corporate-filings-annual-reports,https://www.nseindia.com/companies-listing/corporate-filings-annual-reports,1620592278,16:31:18,20210509
19,2016-03-31,FSL.NS,INR,2016-03-31,2016-03-31,Q1,8694330000,0.0,0.0,0.0,0.0,0.0,0.0,0.0,7697500000,7697500000,126590000.0,133680000,1130510000,0.13002842082138588,996830000,0.11465288297085571,0.0,870240000,0.10009281911314616,95390000.0,775220000,0.08916385736451228,1.15,1.11,674104348,698396396,https://www.nseindia.com/companies-listing/corporate-filings-annual-reports,https://www.nseindia.com/companies-listing/corporate-filings-annual-reports,1620592278,16:31:18,20210509
20,2015-12-31,FSL.NS,INR,2015-12-31,2015-12-31,Q4,8178310000,0.0,0.0,0.0,0.0,0.0,0.0,0.0,7312400000,7312400000,123680000.0,159940000,1025850000,0.12543545060042968,865910000,0.1058788429394337,0.0,742230000,0.09075591411917622,69990000.0,670420000,0.0819753714398207,1.0,0.96,670420000,698354167,https://www.nseindia.com/companies-listing/corporate-filings-annual-reports,https://www.nseindia.com/companies-listing/corporate-filings-annual-reports,1620592278,16:31:18,20210509
21,2015-09-30,FSL.NS,INR,2015-09-30,2015-09-30,Q3,7924780000,0.0,0.0,0.0,0.0,0.0,0.0,0.0,7114480000,7114480000,129840000.0,183000000,993300000,0.12534101893049396,810300000,0.10224889523747031,0.0,680460000,0.08586484419756762,60610000.0,618500000,0.07804633062368924,0.92,0.89,672282609,694943820,https://www.nseindia.com/companies-listing/corporate-filings-annual-reports,https://www.nseindia.com/companies-listing/corporate-filings-annual-reports,1620592278,16:31:18,20210509
22,2015-06-30,FSL.NS,INR,2015-06-30,2015-06-30,Q2,7469430000,0.0,0.0,0.0,0.0,0.0,0.0,0.0,6699280000,6699280000,141940000.0,172070000,942220000,0.12614349421575677,770150000,0.10310693051544763,0.0,628210000,0.08410414181537279,62550000.0,564080000,0.07551847999111043,0.85,0.81,663623529,696395062,https://www.nseindia.com/companies-listing/corporate-filings-annual-reports,https://www.nseindia.com/companies-listing/corporate-filings-annual-reports,1620592278,16:31:18,20210509
23,2015-03-31,FSL.NS,INR,2015-03-31,2015-03-31,Q1,7540410000,0.0,0.0,0.0,0.0,0.0,0.0,0.0,6787120000,6787120000,0.0,179820000,933110000,0.12374791291189736,753290000,0.0999004032937201,0.0,643170000,0.08529642287355728,21680000.0,623150000,0.08264139483131554,0.9173805879482251,0.9173805879482251,679270968,679270968,https://www.nseindia.com/companies-listing/corporate-filings-annual-reports,https://www.nseindia.com/companies-listing/corporate-filings-annual-reports,1620592278,16:31:18,20210509
24,2014-12-31,FSL.NS,INR,2014-12-31,2014-12-31,Q4,7510220000,0.0,0.0,0.0,0.0,0.0,0.0,0.0,6739210000,6739210000,0.0,189280000,960290000,0.127864430069958,771010000,0.10266144001107824,0.0,598270000,0.0796607822407333,21160000.0,575130000,0.07657964746705156,0.87,0.81,661068966,710037037,https://www.nseindia.com/companies-listing/corporate-filings-annual-reports,https://www.nseindia.com/companies-listing/corporate-filings-annual-reports,1620592278,16:31:18,20210509
25,2014-09-30,FSL.NS,INR,2014-09-30,2014-09-30,Q3,7739850000,0.0,0.0,0.0,0.0,0.0,0.0,0.0,6921420000,6921420000,180700000.0,177260000,995690000,0.12864461197568428,818430000,0.10574235934804938,0.0,637730000,0.08239565366253868,24710000.0,612410000,0.07912427243422031,0.93,0.87,658505376,703919540,https://www.nseindia.com/companies-listing/corporate-filings-annual-reports,https://www.nseindia.com/companies-listing/corporate-filings-annual-reports,1620592278,16:31:18,20210509
26,2014-06-30,FSL.NS,INR,2014-06-30,2014-06-30,Q2,7556040000,0.0,0.0,0.0,0.0,0.0,0.0,0.0,6811320000,6811320000,0.0,175460000,920180000,0.12178072111846946,744720000,0.09855956294566995,0.0,560990000,0.07424391612537784,27850000.0,532480000,0.07047077569732293,0.81,0.77,657382716,691532468,https://www.nseindia.com/companies-listing/corporate-filings-annual-reports,https://www.nseindia.com/companies-listing/corporate-filings-annual-reports,1620592278,16:31:18,20210509
27,2014-03-31,FSL.NS,INR,2014-03-31,2014-03-31,Q1,7962040000,0.0,0.0,0.0,0.0,0.0,0.0,0.0,7182630000,7182630000,0.0,181010000,960420000,0.12062486498435074,779410000,0.0978907415687437,0.0,600090000,0.07536887531336191,10370000.0,588470000,0.07390945034187218,0.8663258518653487,0.8663258518653487,679270968,679270968,https://www.nseindia.com/companies-listing/corporate-filings-annual-reports,https://www.nseindia.com/companies-listing/corporate-filings-annual-reports,1620592278,16:31:18,20210509
28,2013-12-31,FSL.NS,INR,2013-12-31,2013-12-31,Q4,7997630000,0.0,0.0,0.0,0.0,0.0,0.0,0.0,7253640000,7253640000,0.0,189710000,933700000,0.11674708632432358,743990000,0.0930263090440543,0.0,532380000,0.0665672205390847,47680000.0,483100000,0.06040539509829787,0.73,0.71,661780822,680422535,https://www.nseindia.com/companies-listing/corporate-filings-annual-reports,https://www.nseindia.com/companies-listing/corporate-filings-annual-reports,1620592278,16:31:18,20210509
29,2013-06-30,FSL.NS,INR,2013-06-30,2013-06-30,Q2,7191220000,0.0,0.0,0.0,0.0,0.0,0.0,0.0,6548050000,6548050000,0.0,181660000,824830000,0.11469959200246968,643170000,0.08943823162133824,0.0,429750000,0.05976037445662906,20130000.0,410470000,0.05707932729077959,0.62,0.61,662048387,672901639,https://www.nseindia.com/companies-listing/corporate-filings-annual-reports,https://www.nseindia.com/companies-listing/corporate-filings-annual-reports,1620592278,16:31:18,20210509
30,2013-03-31,FSL.NS,INR,2013-03-31,2013-03-31,Q1,6881960000,0.0,0.0,0.0,0.0,0.0,0.0,0.0,6588070000,6588070000,0.0,217540000,511430000,0.0743145847985167,293890000,0.04270440397793652,0.0,403280000,0.05859958500194712,1940000.0,402100000,0.05842812222099518,0.591958171249268,0.591958171249268,679270968,679270968,https://www.nseindia.com/companies-listing/corporate-filings-annual-reports,https://www.nseindia.com/companies-listing/corporate-filings-annual-reports,1620592278,16:31:18,20210509
31,2012-12-31,FSL.NS,INR,2012-12-31,2012-12-31,Q4,7195840000,0.0,0.0,0.0,0.0,0.0,0.0,0.0,6560970000,6560970000,0.0,215180000,850050000,0.11813075332414284,634870000,0.08822736469960421,0.0,438600000,0.06095188331035709,29830000.0,414690000,0.05762913016409481,0.630541,0.630541,657673751,657673751,https://www.nseindia.com/companies-listing/corporate-filings-annual-reports,https://www.nseindia.com/companies-listing/corporate-filings-annual-reports,1620592278,16:31:18,20210509
32,2012-09-30,FSL.NS,INR,2012-09-30,2012-09-30,Q3,7255120000,0.0,0.0,0.0,0.0,0.0,0.0,0.0,6653280000,6653280000,0.0,229050000,830890000,0.1145246391513855,601840000,0.08295383122539668,0.0,412150000,0.05680815754942716,54550000.0,359330000,0.04952778175964009,0.83,0.76,657673751,657673751,https://www.nseindia.com/companies-listing/corporate-filings-annual-reports,https://www.nseindia.com/companies-listing/corporate-filings-annual-reports,1620592278,16:31:18,20210509
33,2012-06-30,FSL.NS,INR,2012-06-30,2012-06-30,Q2,6852430000,0.0,0.0,0.0,0.0,0.0,0.0,0.0,6325330000,6325330000,0.0,222210000,749310000,0.10934953002073716,527100000,0.0769216175867539,0.0,337910000,0.049312433691405824,42910000.0,289800000,0.04229156664132286,0.67,0.65,432537313,445846154,https://www.nseindia.com/companies-listing/corporate-filings-annual-reports,https://www.nseindia.com/companies-listing/corporate-filings-annual-reports,1620592278,16:31:18,20210509
34,2012-03-31,FSL.NS,INR,2012-03-31,2012-03-31,Q1,6260290000,0.0,0.0,0.0,0.0,0.0,0.0,0.0,6281330000,6281330000,0.0,218310000,197270000,0.03151131976314196,-21040000,-0.0033608666691159676,0.0,251530000,0.04017864987085263,21840000.0,232560000,0.03714843881034265,0.34236705373223014,0.34236705373223014,679270968,679270968,https://www.nseindia.com/companies-listing/corporate-filings-annual-reports,https://www.nseindia.com/companies-listing/corporate-filings-annual-reports,1620592278,16:31:18,20210509
35,2011-12-31,FSL.NS,INR,2011-12-31,2011-12-31,Q4,5813640000,0.0,0.0,0.0,0.0,0.0,0.0,0.0,5479380000,5479380000,0.0,229640000,563900000,0.096996030025939,334260000,0.05749582017462382,0.0,93820000,0.01613791015611562,23390000.0,68550000,0.011791235783433442,0.159182,0.159182,430776307,430776307,https://www.nseindia.com/companies-listing/corporate-filings-annual-reports,https://www.nseindia.com/companies-listing/corporate-filings-annual-reports,1620592278,16:31:18,20210509
36,2011-09-30,FSL.NS,INR,2011-09-30,2011-09-30,Q3,5287060000,0.0,0.0,0.0,0.0,0.0,0.0,0.0,4888320000,4888320000,0.0,225100000,623840000,0.11799374321456538,398740000,0.07541809625765548,0.0,260860000,0.04933933036508002,46720000.0,214540000,0.04057831762832274,0.5,0.48,429080000,446958333,https://www.nseindia.com/companies-listing/corporate-filings-annual-reports,https://www.nseindia.com/companies-listing/corporate-filings-annual-reports,1620592278,16:31:18,20210509
37,2011-06-30,FSL.NS,INR,2011-06-30,2011-06-30,Q2,5188920000,0.0,0.0,0.0,0.0,0.0,0.0,0.0,4935690000,4935690000,0.0,219590000,472820000,0.09112108107274731,253230000,0.048802062857010706,0.0,153620000,0.02960538994627013,45870000.0,106450000,0.020514866292022232,0.25,0.25,425800000,425800000,https://www.nseindia.com/companies-listing/corporate-filings-annual-reports,https://www.nseindia.com/companies-listing/corporate-filings-annual-reports,1620592278,16:31:18,20210509
