,date,symbol,reportedCurrency,fillingDate,acceptedDate,period,revenue,costOfRevenue,grossProfit,grossProfitRatio,researchAndDevelopmentExpenses,generalAndAdministrativeExpenses,sellingAndMarketingExpenses,otherExpenses,operatingExpenses,costAndExpenses,interestExpense,depreciationAndAmortization,ebitda,ebitdaratio,operatingIncome,operatingIncomeRatio,totalOtherIncomeExpensesNet,incomeBeforeTax,incomeBeforeTaxRatio,incomeTaxExpense,netIncome,netIncomeRatio,eps,epsdiluted,weightedAverageShsOut,weightedAverageShsOutDil,link,finalLink,timestamp,est_time,est_date
0,2019-09-30,0913.HK,HKD,2019-09-30,2019-09-30,Q3,-15565500.0,0.0,0.0,0.0,0.0,2093750.0,0.0,0.0,0.0,0.0,42500.0,0.0,0.0,0.0,0.0,0.0,0.0,-17659250.0,1.1345122225434454,0.0,-17659250.0,1.1345122225434454,-0.095,-0.095,186231680.0,186231680.0,https://www1.hkexnews.hk/search/titlesearch.xhtml,https://www1.hkexnews.hk/search/titlesearch.xhtml,1620584979,14:29:39,20210509
1,2019-06-30,0913.HK,HKD,2019-06-30,2019-06-30,Q2,-15565500.0,0.0,0.0,0.0,0.0,2093750.0,0.0,0.0,0.0,0.0,42500.0,0.0,0.0,0.0,0.0,0.0,0.0,-17659250.0,1.1345122225434454,0.0,-17659250.0,1.1345122225434454,-0.095,-0.095,186231680.0,186231680.0,https://www1.hkexnews.hk/search/titlesearch.xhtml,https://www1.hkexnews.hk/search/titlesearch.xhtml,1620584979,14:29:39,20210509
2,2019-03-31,0913.HK,HKD,2019-03-31,2019-03-31,Q1,-15565500.0,0.0,0.0,0.0,0.0,2093750.0,0.0,0.0,0.0,0.0,42500.0,0.0,0.0,0.0,0.0,0.0,0.0,-17659250.0,1.1345122225434454,0.0,-17659250.0,1.1345122225434454,-0.095,-0.095,186231680.0,186231680.0,https://www1.hkexnews.hk/search/titlesearch.xhtml,https://www1.hkexnews.hk/search/titlesearch.xhtml,1620584979,14:29:39,20210509
3,2019-01-31,0913.HK,HKD,2019-01-31,2019-01-31,Q1,-15565500.0,0.0,0.0,0.0,0.0,2093750.0,0.0,0.0,0.0,0.0,42500.0,0.0,0.0,0.0,0.0,0.0,0.0,-17659250.0,1.1345122225434454,0.0,-17659250.0,1.1345122225434454,-0.095,-0.095,186231680.0,186231680.0,https://www1.hkexnews.hk/search/titlesearch.xhtml,https://www1.hkexnews.hk/search/titlesearch.xhtml,1620584979,14:29:39,20210509
4,2018-09-30,0913.HK,HKD,2018-09-30,2018-09-30,Q3,-29230750.0,0.0,0.0,0.0,0.0,1586750.0,0.0,0.0,0.0,0.0,535750.0,0.0,0.0,0.0,0.0,0.0,0.0,-30817500.0,1.0542835883444661,0.0,-30817500.0,1.0542835883444661,-0.175,-0.175,186231680.0,186231680.0,https://www1.hkexnews.hk/search/titlesearch.xhtml,https://www1.hkexnews.hk/search/titlesearch.xhtml,1620584979,14:29:39,20210509
5,2018-06-30,0913.HK,HKD,2018-06-30,2018-06-30,Q2,-29230750.0,0.0,0.0,0.0,0.0,1586750.0,0.0,0.0,0.0,0.0,535750.0,0.0,0.0,0.0,0.0,0.0,0.0,-30817500.0,1.0542835883444661,0.0,-30817500.0,1.0542835883444661,-0.175,-0.175,186231680.0,186231680.0,https://www1.hkexnews.hk/search/titlesearch.xhtml,https://www1.hkexnews.hk/search/titlesearch.xhtml,1620584979,14:29:39,20210509
6,2018-03-31,0913.HK,HKD,2018-03-31,2018-03-31,Q1,-29230750.0,0.0,0.0,0.0,0.0,1586750.0,0.0,0.0,0.0,0.0,535750.0,0.0,0.0,0.0,0.0,0.0,0.0,-30817500.0,1.0542835883444661,0.0,-30817500.0,1.0542835883444661,-0.175,-0.175,186231680.0,186231680.0,https://www1.hkexnews.hk/search/titlesearch.xhtml,https://www1.hkexnews.hk/search/titlesearch.xhtml,1620584979,14:29:39,20210509
7,2018-01-31,0913.HK,HKD,2018-01-31,2018-01-31,Q1,-29230750.0,0.0,0.0,0.0,0.0,1586750.0,0.0,0.0,0.0,0.0,535750.0,0.0,0.0,0.0,0.0,0.0,0.0,-30817500.0,1.0542835883444661,0.0,-30817500.0,1.0542835883444661,-0.175,-0.175,186231680.0,186231680.0,https://www1.hkexnews.hk/search/titlesearch.xhtml,https://www1.hkexnews.hk/search/titlesearch.xhtml,1620584979,14:29:39,20210509
8,2017-09-30,0913.HK,HKD,2017-09-30,2017-09-30,Q3,-151893000.0,0.0,0.0,0.0,0.0,1440500.0,0.0,0.0,0.0,0.0,802250.0,0.0,0.0,0.0,0.0,0.0,0.0,-153333500.0,1.009483649674442,0.0,-153333500.0,1.009483649674442,-0.85,-0.85,180828940.0,180828940.0,https://www1.hkexnews.hk/search/titlesearch.xhtml,https://www1.hkexnews.hk/search/titlesearch.xhtml,1620584979,14:29:39,20210509
9,2017-06-30,0913.HK,HKD,2017-06-30,2017-06-30,Q2,-151893000.0,0.0,0.0,0.0,0.0,1440500.0,0.0,0.0,0.0,0.0,802250.0,0.0,0.0,0.0,0.0,0.0,0.0,-153333500.0,1.009483649674442,0.0,-153333500.0,1.009483649674442,-0.85,-0.85,180828940.0,180828940.0,https://www1.hkexnews.hk/search/titlesearch.xhtml,https://www1.hkexnews.hk/search/titlesearch.xhtml,1620584979,14:29:39,20210509
10,2017-03-31,0913.HK,HKD,2017-03-31,2017-03-31,Q1,-151893000.0,0.0,0.0,0.0,0.0,1440500.0,0.0,0.0,0.0,0.0,802250.0,0.0,0.0,0.0,0.0,0.0,0.0,-153333500.0,1.009483649674442,0.0,-153333500.0,1.009483649674442,-0.85,-0.85,180828940.0,180828940.0,https://www1.hkexnews.hk/search/titlesearch.xhtml,https://www1.hkexnews.hk/search/titlesearch.xhtml,1620584979,14:29:39,20210509
11,2017-01-31,0913.HK,HKD,2017-01-31,2017-01-31,Q1,-151893000.0,0.0,0.0,0.0,0.0,1440500.0,0.0,0.0,0.0,0.0,802250.0,0.0,0.0,0.0,0.0,0.0,0.0,-153333500.0,1.009483649674442,0.0,-153333500.0,1.009483649674442,-0.85,-0.85,180828940.0,180828940.0,https://www1.hkexnews.hk/search/titlesearch.xhtml,https://www1.hkexnews.hk/search/titlesearch.xhtml,1620584979,14:29:39,20210509
12,2016-09-30,0913.HK,HKD,2016-09-30,2016-09-30,Q3,-98895500.0,0.0,0.0,0.0,0.0,1575250.0,0.0,0.0,0.0,0.0,205000.0,0.0,0.0,0.0,0.0,0.0,0.0,-100470750.0,1.0159284295038702,-8261750.0,-92209000.0,0.9323882279780172,-0.85,-0.85,106964013.0,106964013.0,https://www1.hkexnews.hk/search/titlesearch.xhtml,https://www1.hkexnews.hk/search/titlesearch.xhtml,1620584979,14:29:39,20210509
13,2016-06-30,0913.HK,HKD,2016-06-30,2016-06-30,Q2,-98895500.0,0.0,0.0,0.0,0.0,1575250.0,0.0,0.0,0.0,0.0,205000.0,0.0,0.0,0.0,0.0,0.0,0.0,-100470750.0,1.0159284295038702,-8261750.0,-92209000.0,0.9323882279780172,-0.85,-0.85,106964013.0,106964013.0,https://www1.hkexnews.hk/search/titlesearch.xhtml,https://www1.hkexnews.hk/search/titlesearch.xhtml,1620584979,14:29:39,20210509
14,2016-03-31,0913.HK,HKD,2016-03-31,2016-03-31,Q1,-98895500.0,0.0,0.0,0.0,0.0,1575250.0,0.0,0.0,0.0,0.0,205000.0,0.0,0.0,0.0,0.0,0.0,0.0,-100470750.0,1.0159284295038702,-8261750.0,-92209000.0,0.9323882279780172,-0.85,-0.85,106964013.0,106964013.0,https://www1.hkexnews.hk/search/titlesearch.xhtml,https://www1.hkexnews.hk/search/titlesearch.xhtml,1620584979,14:29:39,20210509
15,2016-01-31,0913.HK,HKD,2016-01-31,2016-01-31,Q1,-98895500.0,0.0,0.0,0.0,0.0,1575250.0,0.0,0.0,0.0,0.0,205000.0,0.0,0.0,0.0,0.0,0.0,0.0,-100470750.0,1.0159284295038702,-8261750.0,-92209000.0,0.9323882279780172,-0.85,-0.85,106964013.0,106964013.0,https://www1.hkexnews.hk/search/titlesearch.xhtml,https://www1.hkexnews.hk/search/titlesearch.xhtml,1620584979,14:29:39,20210509
16,2015-09-30,0913.HK,HKD,2015-09-30,2015-09-30,Q3,38051750.0,0.0,0.0,0.0,0.0,1652250.0,0.0,0.0,0.0,-362000.0,250.0,0.0,0.0,0.0,395750.0,0.0104003101040031,0.0,36433250.0,0.9574658195746582,8261750.0,28171500.0,0.7403470274034702,0.625,0.625,45074400.0,45074400.0,https://www1.hkexnews.hk/search/titlesearch.xhtml,https://www1.hkexnews.hk/search/titlesearch.xhtml,1620584979,14:29:39,20210509
17,2015-06-30,0913.HK,HKD,2015-06-30,2015-06-30,Q2,38051750.0,0.0,0.0,0.0,0.0,1652250.0,0.0,0.0,0.0,-362000.0,250.0,0.0,0.0,0.0,395750.0,0.0104003101040031,0.0,36433250.0,0.9574658195746582,8261750.0,28171500.0,0.7403470274034702,0.625,0.625,45074400.0,45074400.0,https://www1.hkexnews.hk/search/titlesearch.xhtml,https://www1.hkexnews.hk/search/titlesearch.xhtml,1620584979,14:29:39,20210509
18,2015-03-31,0913.HK,HKD,2015-03-31,2015-03-31,Q1,38051750.0,0.0,0.0,0.0,0.0,1652250.0,0.0,0.0,0.0,-362000.0,250.0,0.0,0.0,0.0,395750.0,0.0104003101040031,0.0,36433250.0,0.9574658195746582,8261750.0,28171500.0,0.7403470274034702,0.625,0.625,45074400.0,45074400.0,https://www1.hkexnews.hk/search/titlesearch.xhtml,https://www1.hkexnews.hk/search/titlesearch.xhtml,1620584979,14:29:39,20210509
19,2015-01-31,0913.HK,HKD,2015-01-31,2015-01-31,Q1,38051750.0,0.0,0.0,0.0,0.0,1652250.0,0.0,0.0,0.0,-362000.0,250.0,0.0,0.0,0.0,395750.0,0.0104003101040031,0.0,36433250.0,0.9574658195746582,8261750.0,28171500.0,0.7403470274034702,0.625,0.625,45074400.0,45074400.0,https://www1.hkexnews.hk/search/titlesearch.xhtml,https://www1.hkexnews.hk/search/titlesearch.xhtml,1620584979,14:29:39,20210509
20,2014-09-30,0913.HK,HKD,2014-09-30,2014-09-30,Q3,74749946.5,0.0,36600449.5,0.4896384708449256,0.0,7773156.0,0.0,0.0,0.0,7593156.0,174044.75,177017.25,29184310.75,0.39042584130812724,29007293.5,0.3880577158673953,0.0,66976790.5,0.896011216543145,0.0,66976790.5,0.896011216543145,5.75,5.75,11642112.0,11642112.0,https://www1.hkexnews.hk/search/titlesearch.xhtml,https://www1.hkexnews.hk/search/titlesearch.xhtml,1620584979,14:29:39,20210509
21,2014-06-30,0913.HK,HKD,2014-06-30,2014-06-30,Q2,74749946.5,0.0,36600449.5,0.4896384708449256,0.0,7773156.0,0.0,0.0,0.0,7593156.0,174044.75,177017.25,29184310.75,0.39042584130812724,29007293.5,0.3880577158673953,0.0,66976790.5,0.896011216543145,0.0,66976790.5,0.896011216543145,5.75,5.75,11642112.0,11642112.0,https://www1.hkexnews.hk/search/titlesearch.xhtml,https://www1.hkexnews.hk/search/titlesearch.xhtml,1620584979,14:29:39,20210509
22,2014-03-31,0913.HK,HKD,2014-03-31,2014-03-31,Q1,74749946.5,0.0,36600449.5,0.4896384708449256,0.0,7773156.0,0.0,0.0,0.0,7593156.0,174044.75,177017.25,29184310.75,0.39042584130812724,29007293.5,0.3880577158673953,0.0,66976790.5,0.896011216543145,0.0,66976790.5,0.896011216543145,5.75,5.75,11642112.0,11642112.0,https://www1.hkexnews.hk/search/titlesearch.xhtml,https://www1.hkexnews.hk/search/titlesearch.xhtml,1620584979,14:29:39,20210509
23,2014-01-31,0913.HK,HKD,2014-01-31,2014-01-31,Q1,74749946.5,0.0,36600449.5,0.4896384708449256,0.0,7773156.0,0.0,0.0,0.0,7593156.0,174044.75,177017.25,29184310.75,0.39042584130812724,29007293.5,0.3880577158673953,0.0,66976790.5,0.896011216543145,0.0,66976790.5,0.896011216543145,5.75,5.75,11642112.0,11642112.0,https://www1.hkexnews.hk/search/titlesearch.xhtml,https://www1.hkexnews.hk/search/titlesearch.xhtml,1620584979,14:29:39,20210509
24,2013-09-30,0913.HK,HKD,2013-09-30,2013-09-30,Q3,29795929.25,0.0,1542533.0,0.051769924242251984,0.0,3490822.0,0.0,0.0,0.0,3490822.0,148474.75,197193.5,-1751095.5,-0.05876962202815004,-1948289.0,-0.06538775762464263,0.0,26305107.25,0.8828423181331054,0.0,26305107.25,0.8828423181331054,2.4,2.4,10850023.0,10850023.0,https://www1.hkexnews.hk/search/titlesearch.xhtml,https://www1.hkexnews.hk/search/titlesearch.xhtml,1620584979,14:29:39,20210509
25,2013-06-30,0913.HK,HKD,2013-06-30,2013-06-30,Q2,29795929.25,0.0,1542533.0,0.051769924242251984,0.0,3490822.0,0.0,0.0,0.0,3490822.0,148474.75,197193.5,-1751095.5,-0.05876962202815004,-1948289.0,-0.06538775762464263,0.0,26305107.25,0.8828423181331054,0.0,26305107.25,0.8828423181331054,2.4,2.4,10850023.0,10850023.0,https://www1.hkexnews.hk/search/titlesearch.xhtml,https://www1.hkexnews.hk/search/titlesearch.xhtml,1620584979,14:29:39,20210509
26,2013-03-31,0913.HK,HKD,2013-03-31,2013-03-31,Q1,29795929.25,0.0,1542533.0,0.051769924242251984,0.0,3490822.0,0.0,0.0,0.0,3490822.0,148474.75,197193.5,-1751095.5,-0.05876962202815004,-1948289.0,-0.06538775762464263,0.0,26305107.25,0.8828423181331054,0.0,26305107.25,0.8828423181331054,2.4,2.4,10850023.0,10850023.0,https://www1.hkexnews.hk/search/titlesearch.xhtml,https://www1.hkexnews.hk/search/titlesearch.xhtml,1620584979,14:29:39,20210509
27,2013-01-31,0913.HK,HKD,2013-01-31,2013-01-31,Q1,29795929.25,0.0,1542533.0,0.051769924242251984,0.0,3490822.0,0.0,0.0,0.0,3490822.0,148474.75,197193.5,-1751095.5,-0.05876962202815004,-1948289.0,-0.06538775762464263,0.0,26305107.25,0.8828423181331054,0.0,26305107.25,0.8828423181331054,2.4,2.4,10850023.0,10850023.0,https://www1.hkexnews.hk/search/titlesearch.xhtml,https://www1.hkexnews.hk/search/titlesearch.xhtml,1620584979,14:29:39,20210509
28,2012-09-30,0913.HK,HKD,2012-09-30,2012-09-30,Q3,-17910840.5,0.0,-501369.25,0.027992502641068128,0.0,3647162.25,0.0,0.0,0.0,2817168.5,296947.0,133968.5,-3184569.25,0.17780121764804951,-3318537.75,0.18528096154951523,0.0,-21558002.75,1.2036287604705094,0.0,-21558002.75,1.2036287604705094,-2.9,-2.9,7404439.0,7404439.0,https://www1.hkexnews.hk/search/titlesearch.xhtml,https://www1.hkexnews.hk/search/titlesearch.xhtml,1620584979,14:29:39,20210509
29,2012-06-30,0913.HK,HKD,2012-06-30,2012-06-30,Q2,-17910840.5,0.0,-501369.25,0.027992502641068128,0.0,3647162.25,0.0,0.0,0.0,2817168.5,296947.0,133968.5,-3184569.25,0.17780121764804951,-3318537.75,0.18528096154951523,0.0,-21558002.75,1.2036287604705094,0.0,-21558002.75,1.2036287604705094,-2.9,-2.9,7404439.0,7404439.0,https://www1.hkexnews.hk/search/titlesearch.xhtml,https://www1.hkexnews.hk/search/titlesearch.xhtml,1620584979,14:29:39,20210509
30,2012-03-31,0913.HK,HKD,2012-03-31,2012-03-31,Q1,-17910840.5,0.0,-501369.25,0.027992502641068128,0.0,3647162.25,0.0,0.0,0.0,2817168.5,296947.0,133968.5,-3184569.25,0.17780121764804951,-3318537.75,0.18528096154951523,0.0,-21558002.75,1.2036287604705094,0.0,-21558002.75,1.2036287604705094,-2.9,-2.9,7404439.0,7404439.0,https://www1.hkexnews.hk/search/titlesearch.xhtml,https://www1.hkexnews.hk/search/titlesearch.xhtml,1620584979,14:29:39,20210509
31,2012-01-31,0913.HK,HKD,2012-01-31,2012-01-31,Q1,-17910840.5,0.0,-501369.25,0.027992502641068128,0.0,3647162.25,0.0,0.0,0.0,2817168.5,296947.0,133968.5,-3184569.25,0.17780121764804951,-3318537.75,0.18528096154951523,0.0,-21558002.75,1.2036287604705094,0.0,-21558002.75,1.2036287604705094,-2.9,-2.9,7404439.0,7404439.0,https://www1.hkexnews.hk/search/titlesearch.xhtml,https://www1.hkexnews.hk/search/titlesearch.xhtml,1620584979,14:29:39,20210509
32,2011-09-30,0913.HK,HKD,2011-09-30,2011-09-30,Q3,-15851594.0,0.0,-15851594.0,1.0,0.0,0.0,0.0,0.0,0.0,2481738.25,405324.0,312331.75,-18021000.5,1.1368573091135188,-18333332.25,1.1565608007623713,0.0,-61601877.75,3.8861629783099416,0.0,-61601877.75,3.8861629783099416,-19.38297525,-19.38297525,3152902.0,3152902.0,https://www1.hkexnews.hk/search/titlesearch.xhtml,https://www1.hkexnews.hk/search/titlesearch.xhtml,1620584979,14:29:39,20210509
33,2011-06-30,0913.HK,HKD,2011-06-30,2011-06-30,Q2,-15851594.0,0.0,-15851594.0,1.0,0.0,0.0,0.0,0.0,0.0,2481738.25,405324.0,312331.75,-18021000.5,1.1368573091135188,-18333332.25,1.1565608007623713,0.0,-61601877.75,3.8861629783099416,0.0,-61601877.75,3.8861629783099416,-19.38297525,-19.38297525,3152902.0,3152902.0,https://www1.hkexnews.hk/search/titlesearch.xhtml,https://www1.hkexnews.hk/search/titlesearch.xhtml,1620584979,14:29:39,20210509
34,2011-03-31,0913.HK,HKD,2011-03-31,2011-03-31,Q1,-15851594.0,0.0,-15851594.0,1.0,0.0,0.0,0.0,0.0,0.0,2481738.25,405324.0,312331.75,-18021000.5,1.1368573091135188,-18333332.25,1.1565608007623713,0.0,-61601877.75,3.8861629783099416,0.0,-61601877.75,3.8861629783099416,-19.38297525,-19.38297525,3152902.0,3152902.0,https://www1.hkexnews.hk/search/titlesearch.xhtml,https://www1.hkexnews.hk/search/titlesearch.xhtml,1620584979,14:29:39,20210509
35,2011-01-31,0913.HK,HKD,2011-01-31,2011-01-31,Q1,-15851594.0,0.0,-15851594.0,1.0,0.0,0.0,0.0,0.0,0.0,2481738.25,405324.0,312331.75,-18021000.5,1.1368573091135188,-18333332.25,1.1565608007623713,0.0,-61601877.75,3.8861629783099416,0.0,-61601877.75,3.8861629783099416,-19.38297525,-19.38297525,3152902.0,3152902.0,https://www1.hkexnews.hk/search/titlesearch.xhtml,https://www1.hkexnews.hk/search/titlesearch.xhtml,1620584979,14:29:39,20210509
36,2010-09-30,0913.HK,HKD,2010-09-30,2010-09-30,Q3,-7494538.0,0.0,-7494538.0,1.0,0.0,0.0,0.0,0.0,0.0,2196093.0,293752.5,547051.5,-9143579.5,1.2200324422933075,-9690631.0,1.2930258009232858,0.0,-16240428.5,2.166968597664059,0.0,-16240428.5,2.166968597664059,-41.058126,-41.058126,394357.0,394357.0,https://www1.hkexnews.hk/search/titlesearch.xhtml,https://www1.hkexnews.hk/search/titlesearch.xhtml,1620584979,14:29:39,20210509
37,2010-06-30,0913.HK,HKD,2010-06-30,2010-06-30,Q2,-7494538.0,0.0,-7494538.0,1.0,0.0,0.0,0.0,0.0,0.0,2196093.0,293752.5,547051.5,-9143579.5,1.2200324422933075,-9690631.0,1.2930258009232858,0.0,-16240428.5,2.166968597664059,0.0,-16240428.5,2.166968597664059,-41.058126,-41.058126,394357.0,394357.0,https://www1.hkexnews.hk/search/titlesearch.xhtml,https://www1.hkexnews.hk/search/titlesearch.xhtml,1620584979,14:29:39,20210509
38,2010-03-31,0913.HK,HKD,2010-03-31,2010-03-31,Q1,-7494538.0,0.0,-7494538.0,1.0,0.0,0.0,0.0,0.0,0.0,2196093.0,293752.5,547051.5,-9143579.5,1.2200324422933075,-9690631.0,1.2930258009232858,0.0,-16240428.5,2.166968597664059,0.0,-16240428.5,2.166968597664059,-41.058126,-41.058126,394357.0,394357.0,https://www1.hkexnews.hk/search/titlesearch.xhtml,https://www1.hkexnews.hk/search/titlesearch.xhtml,1620584979,14:29:39,20210509
39,2010-01-31,0913.HK,HKD,2010-01-31,2010-01-31,Q1,-7494538.0,0.0,-7494538.0,1.0,0.0,0.0,0.0,0.0,0.0,2196093.0,293752.5,547051.5,-9143579.5,1.2200324422933075,-9690631.0,1.2930258009232858,0.0,-16240428.5,2.166968597664059,0.0,-16240428.5,2.166968597664059,-41.058126,-41.058126,394357.0,394357.0,https://www1.hkexnews.hk/search/titlesearch.xhtml,https://www1.hkexnews.hk/search/titlesearch.xhtml,1620584979,14:29:39,20210509
40,2009-09-30,0913.HK,HKD,2009-09-30,2009-09-30,Q3,-4009818.25,0.0,0.0,0.0,0.0,0.0,0.0,0.0,0.0,22201330.5,322030.25,371890.75,-25839258.0,6.443997305862927,-26211148.75,6.5367423448681246,0.0,-25154506.75,6.273228655687824,0.0,-25154506.75,6.273228655687824,-522.02474525,-522.02474525,48452.0,48452.0,https://www1.hkexnews.hk/search/titlesearch.xhtml,https://www1.hkexnews.hk/search/titlesearch.xhtml,1620584979,14:29:39,20210509
41,2009-06-30,0913.HK,HKD,2009-06-30,2009-06-30,Q2,-4009818.25,0.0,0.0,0.0,0.0,0.0,0.0,0.0,0.0,22201330.5,322030.25,371890.75,-25839258.0,6.443997305862927,-26211148.75,6.5367423448681246,0.0,-25154506.75,6.273228655687824,0.0,-25154506.75,6.273228655687824,-522.02474525,-522.02474525,48452.0,48452.0,https://www1.hkexnews.hk/search/titlesearch.xhtml,https://www1.hkexnews.hk/search/titlesearch.xhtml,1620584979,14:29:39,20210509
42,2009-03-31,0913.HK,HKD,2009-03-31,2009-03-31,Q1,-4009818.25,0.0,0.0,0.0,0.0,0.0,0.0,0.0,0.0,22201330.5,322030.25,371890.75,-25839258.0,6.443997305862927,-26211148.75,6.5367423448681246,0.0,-25154506.75,6.273228655687824,0.0,-25154506.75,6.273228655687824,-522.02474525,-522.02474525,48452.0,48452.0,https://www1.hkexnews.hk/search/titlesearch.xhtml,https://www1.hkexnews.hk/search/titlesearch.xhtml,1620584979,14:29:39,20210509
43,2009-01-31,0913.HK,HKD,2009-01-31,2009-01-31,Q1,-4009818.25,0.0,0.0,0.0,0.0,0.0,0.0,0.0,0.0,22201330.5,322030.25,371890.75,-25839258.0,6.443997305862927,-26211148.75,6.5367423448681246,0.0,-25154506.75,6.273228655687824,0.0,-25154506.75,6.273228655687824,-522.02474525,-522.02474525,48452.0,48452.0,https://www1.hkexnews.hk/search/titlesearch.xhtml,https://www1.hkexnews.hk/search/titlesearch.xhtml,1620584979,14:29:39,20210509
44,2008-09-30,0913.HK,HKD,2008-09-30,2008-09-30,Q3,-1583667.25,0.0,0.0,0.0,0.0,0.0,0.0,0.0,0.0,2014953.75,624609.5,0.0,0.0,0.0,-3598621.0,2.2723340398685394,0.0,-114607272.0,72.36827812155616,0.0,-114607272.0,72.36827812155616,-10323.18597525,-10323.18597525,11116.0,11116.0,https://www1.hkexnews.hk/search/titlesearch.xhtml,https://www1.hkexnews.hk/search/titlesearch.xhtml,1620584979,14:29:39,20210509
45,2008-06-30,0913.HK,HKD,2008-06-30,2008-06-30,Q2,-1583667.25,0.0,0.0,0.0,0.0,0.0,0.0,0.0,0.0,2014953.75,624609.5,0.0,0.0,0.0,-3598621.0,2.2723340398685394,0.0,-114607272.0,72.36827812155616,0.0,-114607272.0,72.36827812155616,-10323.18597525,-10323.18597525,11116.0,11116.0,https://www1.hkexnews.hk/search/titlesearch.xhtml,https://www1.hkexnews.hk/search/titlesearch.xhtml,1620584979,14:29:39,20210509
46,2008-03-31,0913.HK,HKD,2008-03-31,2008-03-31,Q1,-1583667.25,0.0,0.0,0.0,0.0,0.0,0.0,0.0,0.0,2014953.75,624609.5,0.0,0.0,0.0,-3598621.0,2.2723340398685394,0.0,-114607272.0,72.36827812155616,0.0,-114607272.0,72.36827812155616,-10323.18597525,-10323.18597525,11116.0,11116.0,https://www1.hkexnews.hk/search/titlesearch.xhtml,https://www1.hkexnews.hk/search/titlesearch.xhtml,1620584979,14:29:39,20210509
47,2008-01-31,0913.HK,HKD,2008-01-31,2008-01-31,Q1,-1583667.25,0.0,0.0,0.0,0.0,0.0,0.0,0.0,0.0,2014953.75,624609.5,0.0,0.0,0.0,-3598621.0,2.2723340398685394,0.0,-114607272.0,72.36827812155616,0.0,-114607272.0,72.36827812155616,-10323.18597525,-10323.18597525,11116.0,11116.0,https://www1.hkexnews.hk/search/titlesearch.xhtml,https://www1.hkexnews.hk/search/titlesearch.xhtml,1620584979,14:29:39,20210509
48,2007-09-30,0913.HK,HKD,2007-09-30,2007-09-30,Q3,209309736.0,232192059.75,-22882323.75,-0.10932278730694113,0.0,0.0,0.0,0.0,0.0,234099585.5,0.0,223989.25,-24565860.25,-0.11736606580976243,-24789849.5,-0.11843619878245892,0.0,-24748910.25,-0.11824060706855986,0.0,-24748910.25,-0.11824060706855986,-19092.0286075,-19092.0286075,2669.0,2669.0,https://www1.hkexnews.hk/search/titlesearch.xhtml,https://www1.hkexnews.hk/search/titlesearch.xhtml,1620584979,14:29:39,20210509
49,2007-06-30,0913.HK,HKD,2007-06-30,2007-06-30,Q2,209309736.0,232192059.75,-22882323.75,-0.10932278730694113,0.0,0.0,0.0,0.0,0.0,234099585.5,0.0,223989.25,-24565860.25,-0.11736606580976243,-24789849.5,-0.11843619878245892,0.0,-24748910.25,-0.11824060706855986,0.0,-24748910.25,-0.11824060706855986,-19092.0286075,-19092.0286075,2669.0,2669.0,https://www1.hkexnews.hk/search/titlesearch.xhtml,https://www1.hkexnews.hk/search/titlesearch.xhtml,1620584979,14:29:39,20210509
50,2007-03-31,0913.HK,HKD,2007-03-31,2007-03-31,Q1,209309736.0,232192059.75,-22882323.75,-0.10932278730694113,0.0,0.0,0.0,0.0,0.0,234099585.5,0.0,223989.25,-24565860.25,-0.11736606580976243,-24789849.5,-0.11843619878245892,0.0,-24748910.25,-0.11824060706855986,0.0,-24748910.25,-0.11824060706855986,-19092.0286075,-19092.0286075,2669.0,2669.0,https://www1.hkexnews.hk/search/titlesearch.xhtml,https://www1.hkexnews.hk/search/titlesearch.xhtml,1620584979,14:29:39,20210509
51,2007-01-31,0913.HK,HKD,2007-01-31,2007-01-31,Q1,209309736.0,232192059.75,-22882323.75,-0.10932278730694113,0.0,0.0,0.0,0.0,0.0,234099585.5,0.0,223989.25,-24565860.25,-0.11736606580976243,-24789849.5,-0.11843619878245892,0.0,-24748910.25,-0.11824060706855986,0.0,-24748910.25,-0.11824060706855986,-19092.0286075,-19092.0286075,2669.0,2669.0,https://www1.hkexnews.hk/search/titlesearch.xhtml,https://www1.hkexnews.hk/search/titlesearch.xhtml,1620584979,14:29:39,20210509
52,2006-09-30,0913.HK,HKD,2006-09-30,2006-09-30,Q3,73763952.5,66558186.25,7205766.25,0.0976868240622003,0.0,0.0,0.0,0.0,0.0,71040554.25,0.0,142060.0,2865458.25,0.03884632198905014,2723398.25,0.03692044904996109,0.0,3051064.75,0.04136254425899968,0.0,3051064.75,0.04136254425899968,34606.134803,34606.134803,956.0,956.0,https://www1.hkexnews.hk/search/titlesearch.xhtml,https://www1.hkexnews.hk/search/titlesearch.xhtml,1620584979,14:29:39,20210509
53,2006-06-30,0913.HK,HKD,2006-06-30,2006-06-30,Q2,73763952.5,66558186.25,7205766.25,0.0976868240622003,0.0,0.0,0.0,0.0,0.0,71040554.25,0.0,142060.0,2865458.25,0.03884632198905014,2723398.25,0.03692044904996109,0.0,3051064.75,0.04136254425899968,0.0,3051064.75,0.04136254425899968,34606.134803,34606.134803,956.0,956.0,https://www1.hkexnews.hk/search/titlesearch.xhtml,https://www1.hkexnews.hk/search/titlesearch.xhtml,1620584979,14:29:39,20210509
54,2006-03-31,0913.HK,HKD,2006-03-31,2006-03-31,Q1,73763952.5,66558186.25,7205766.25,0.0976868240622003,0.0,0.0,0.0,0.0,0.0,71040554.25,0.0,142060.0,2865458.25,0.03884632198905014,2723398.25,0.03692044904996109,0.0,3051064.75,0.04136254425899968,0.0,3051064.75,0.04136254425899968,34606.134803,34606.134803,956.0,956.0,https://www1.hkexnews.hk/search/titlesearch.xhtml,https://www1.hkexnews.hk/search/titlesearch.xhtml,1620584979,14:29:39,20210509
55,2006-01-31,0913.HK,HKD,2006-01-31,2006-01-31,Q1,73763952.5,66558186.25,7205766.25,0.0976868240622003,0.0,0.0,0.0,0.0,0.0,71040554.25,0.0,142060.0,2865458.25,0.03884632198905014,2723398.25,0.03692044904996109,0.0,3051064.75,0.04136254425899968,0.0,3051064.75,0.04136254425899968,34606.134803,34606.134803,956.0,956.0,https://www1.hkexnews.hk/search/titlesearch.xhtml,https://www1.hkexnews.hk/search/titlesearch.xhtml,1620584979,14:29:39,20210509
56,2005-09-30,0913.HK,HKD,2005-09-30,2005-09-30,Q3,40655130.0,43964214.25,-3309084.25,-0.0813940147282766,0.0,0.0,0.0,0.0,0.0,51526976.5,0.0,33915.25,-10837931.25,-0.2665821324393748,-10871846.5,-0.2674163506548866,0.0,-11128279.5,-0.2737238695338079,0.0,-11128279.5,-0.2737238695338079,-22406.00592325,-22406.00592325,619.0,619.0,https://www1.hkexnews.hk/search/titlesearch.xhtml,https://www1.hkexnews.hk/search/titlesearch.xhtml,1620584979,14:29:39,20210509
57,2005-06-30,0913.HK,HKD,2005-06-30,2005-06-30,Q2,40655130.0,43964214.25,-3309084.25,-0.0813940147282766,0.0,0.0,0.0,0.0,0.0,51526976.5,0.0,33915.25,-10837931.25,-0.2665821324393748,-10871846.5,-0.2674163506548866,0.0,-11128279.5,-0.2737238695338079,0.0,-11128279.5,-0.2737238695338079,-22406.00592325,-22406.00592325,619.0,619.0,https://www1.hkexnews.hk/search/titlesearch.xhtml,https://www1.hkexnews.hk/search/titlesearch.xhtml,1620584979,14:29:39,20210509
58,2005-03-31,0913.HK,HKD,2005-03-31,2005-03-31,Q1,40655130.0,43964214.25,-3309084.25,-0.0813940147282766,0.0,0.0,0.0,0.0,0.0,51526976.5,0.0,33915.25,-10837931.25,-0.2665821324393748,-10871846.5,-0.2674163506548866,0.0,-11128279.5,-0.2737238695338079,0.0,-11128279.5,-0.2737238695338079,-22406.00592325,-22406.00592325,619.0,619.0,https://www1.hkexnews.hk/search/titlesearch.xhtml,https://www1.hkexnews.hk/search/titlesearch.xhtml,1620584979,14:29:39,20210509
59,2005-01-31,0913.HK,HKD,2005-01-31,2005-01-31,Q1,40655130.0,43964214.25,-3309084.25,-0.0813940147282766,0.0,0.0,0.0,0.0,0.0,51526976.5,0.0,33915.25,-10837931.25,-0.2665821324393748,-10871846.5,-0.2674163506548866,0.0,-11128279.5,-0.2737238695338079,0.0,-11128279.5,-0.2737238695338079,-22406.00592325,-22406.00592325,619.0,619.0,https://www1.hkexnews.hk/search/titlesearch.xhtml,https://www1.hkexnews.hk/search/titlesearch.xhtml,1620584979,14:29:39,20210509
60,2004-09-30,0913.HK,HKD,2004-09-30,2004-09-30,Q3,31250762.25,33266483.75,-2015721.5,-0.06450151467905395,0.0,843205.0,0.0,0.0,0.0,39109688.75,0.0,42573.5,-7816353.0,-0.2501171951413761,-7858926.5,-0.25147951391169665,0.0,-4202506.0,-0.1344769118391664,0.0,-4202506.0,-0.1344769118391664,-210862.8044355,-210862.8044355,32.0,32.0,https://www1.hkexnews.hk/search/titlesearch.xhtml,https://www1.hkexnews.hk/search/titlesearch.xhtml,1620584979,14:29:39,20210509
61,2004-06-30,0913.HK,HKD,2004-06-30,2004-06-30,Q2,31250762.25,33266483.75,-2015721.5,-0.06450151467905395,0.0,843205.0,0.0,0.0,0.0,39109688.75,0.0,42573.5,-7816353.0,-0.2501171951413761,-7858926.5,-0.25147951391169665,0.0,-4202506.0,-0.1344769118391664,0.0,-4202506.0,-0.1344769118391664,-210862.8044355,-210862.8044355,32.0,32.0,https://www1.hkexnews.hk/search/titlesearch.xhtml,https://www1.hkexnews.hk/search/titlesearch.xhtml,1620584979,14:29:39,20210509
62,2004-03-31,0913.HK,HKD,2004-03-31,2004-03-31,Q1,31250762.25,33266483.75,-2015721.5,-0.06450151467905395,0.0,843205.0,0.0,0.0,0.0,39109688.75,0.0,42573.5,-7816353.0,-0.2501171951413761,-7858926.5,-0.25147951391169665,0.0,-4202506.0,-0.1344769118391664,0.0,-4202506.0,-0.1344769118391664,-210862.8044355,-210862.8044355,32.0,32.0,https://www1.hkexnews.hk/search/titlesearch.xhtml,https://www1.hkexnews.hk/search/titlesearch.xhtml,1620584979,14:29:39,20210509
63,2004-01-31,0913.HK,HKD,2004-01-31,2004-01-31,Q1,31250762.25,33266483.75,-2015721.5,-0.06450151467905395,0.0,843205.0,0.0,0.0,0.0,39109688.75,0.0,42573.5,-7816353.0,-0.2501171951413761,-7858926.5,-0.25147951391169665,0.0,-4202506.0,-0.1344769118391664,0.0,-4202506.0,-0.1344769118391664,-210862.8044355,-210862.8044355,32.0,32.0,https://www1.hkexnews.hk/search/titlesearch.xhtml,https://www1.hkexnews.hk/search/titlesearch.xhtml,1620584979,14:29:39,20210509
64,2003-09-30,0913.HK,HKD,2003-09-30,2003-09-30,Q3,3881485.0,2160455.25,1721029.75,0.4433946672472005,0.0,1163701.75,0.0,0.0,0.0,10038134.25,201633.75,38352.0,-6118297.25,-1.5762774427828525,-6156649.25,-1.5861581971848404,0.0,-6358283.0,-1.638105776526252,0.0,-6358283.0,-1.638105776526252,-374016.64705875,-374016.64705875,17.0,17.0,https://www1.hkexnews.hk/search/titlesearch.xhtml,https://www1.hkexnews.hk/search/titlesearch.xhtml,1620584979,14:29:39,20210509
65,2003-06-30,0913.HK,HKD,2003-06-30,2003-06-30,Q2,3881485.0,2160455.25,1721029.75,0.4433946672472005,0.0,1163701.75,0.0,0.0,0.0,10038134.25,201633.75,38352.0,-6118297.25,-1.5762774427828525,-6156649.25,-1.5861581971848404,0.0,-6358283.0,-1.638105776526252,0.0,-6358283.0,-1.638105776526252,-374016.64705875,-374016.64705875,17.0,17.0,https://www1.hkexnews.hk/search/titlesearch.xhtml,https://www1.hkexnews.hk/search/titlesearch.xhtml,1620584979,14:29:39,20210509
66,2003-03-31,0913.HK,HKD,2003-03-31,2003-03-31,Q1,3881485.0,2160455.25,1721029.75,0.4433946672472005,0.0,1163701.75,0.0,0.0,0.0,10038134.25,201633.75,38352.0,-6118297.25,-1.5762774427828525,-6156649.25,-1.5861581971848404,0.0,-6358283.0,-1.638105776526252,0.0,-6358283.0,-1.638105776526252,-374016.64705875,-374016.64705875,17.0,17.0,https://www1.hkexnews.hk/search/titlesearch.xhtml,https://www1.hkexnews.hk/search/titlesearch.xhtml,1620584979,14:29:39,20210509
67,2003-01-31,0913.HK,HKD,2003-01-31,2003-01-31,Q1,3881485.0,2160455.25,1721029.75,0.4433946672472005,0.0,1163701.75,0.0,0.0,0.0,10038134.25,201633.75,38352.0,-6118297.25,-1.5762774427828525,-6156649.25,-1.5861581971848404,0.0,-6358283.0,-1.638105776526252,0.0,-6358283.0,-1.638105776526252,-374016.64705875,-374016.64705875,17.0,17.0,https://www1.hkexnews.hk/search/titlesearch.xhtml,https://www1.hkexnews.hk/search/titlesearch.xhtml,1620584979,14:29:39,20210509
68,2002-09-30,0913.HK,HKD,2002-09-30,2002-09-30,Q3,9666797.5,10519387.25,-852589.75,-0.08819774594430058,0.0,2225682.25,0.0,0.0,0.0,9530787.75,5873.0,77955.0,213964.75,0.022133984910721466,136009.75,0.014069783710685985,0.0,130136.75,0.013462240209335098,0.0,130136.75,0.013462240209335098,7655.10294125,7655.10294125,17.0,17.0,https://www1.hkexnews.hk/search/titlesearch.xhtml,https://www1.hkexnews.hk/search/titlesearch.xhtml,1620584979,14:29:39,20210509
69,2002-06-30,0913.HK,HKD,2002-06-30,2002-06-30,Q2,9666797.5,10519387.25,-852589.75,-0.08819774594430058,0.0,2225682.25,0.0,0.0,0.0,9530787.75,5873.0,77955.0,213964.75,0.022133984910721466,136009.75,0.014069783710685985,0.0,130136.75,0.013462240209335098,0.0,130136.75,0.013462240209335098,7655.10294125,7655.10294125,17.0,17.0,https://www1.hkexnews.hk/search/titlesearch.xhtml,https://www1.hkexnews.hk/search/titlesearch.xhtml,1620584979,14:29:39,20210509
70,2002-03-31,0913.HK,HKD,2002-03-31,2002-03-31,Q1,9666797.5,10519387.25,-852589.75,-0.08819774594430058,0.0,2225682.25,0.0,0.0,0.0,9530787.75,5873.0,77955.0,213964.75,0.022133984910721466,136009.75,0.014069783710685985,0.0,130136.75,0.013462240209335098,0.0,130136.75,0.013462240209335098,7655.10294125,7655.10294125,17.0,17.0,https://www1.hkexnews.hk/search/titlesearch.xhtml,https://www1.hkexnews.hk/search/titlesearch.xhtml,1620584979,14:29:39,20210509
71,2002-01-31,0913.HK,HKD,2002-01-31,2002-01-31,Q1,9666797.5,10519387.25,-852589.75,-0.08819774594430058,0.0,2225682.25,0.0,0.0,0.0,9530787.75,5873.0,77955.0,213964.75,0.022133984910721466,136009.75,0.014069783710685985,0.0,130136.75,0.013462240209335098,0.0,130136.75,0.013462240209335098,7655.10294125,7655.10294125,17.0,17.0,https://www1.hkexnews.hk/search/titlesearch.xhtml,https://www1.hkexnews.hk/search/titlesearch.xhtml,1620584979,14:29:39,20210509
72,2001-09-30,0913.HK,HKD,2001-09-30,2001-09-30,Q3,11611743.5,10553763.0,1057980.5,0.09111297541148752,0.0,1937198.75,0.0,0.0,0.0,11335479.0,0.0,85753.5,362018.0,0.031176885710573955,276264.5,0.02379181903217204,0.0,276264.5,0.02379181903217204,-2251.75,278516.25,0.02398573909249718,34814.53125,34814.53125,8.0,8.0,https://www1.hkexnews.hk/search/titlesearch.xhtml,https://www1.hkexnews.hk/search/titlesearch.xhtml,1620584979,14:29:39,20210509
73,2001-06-30,0913.HK,HKD,2001-06-30,2001-06-30,Q2,11611743.5,10553763.0,1057980.5,0.09111297541148752,0.0,1937198.75,0.0,0.0,0.0,11335479.0,0.0,85753.5,362018.0,0.031176885710573955,276264.5,0.02379181903217204,0.0,276264.5,0.02379181903217204,-2251.75,278516.25,0.02398573909249718,34814.53125,34814.53125,8.0,8.0,https://www1.hkexnews.hk/search/titlesearch.xhtml,https://www1.hkexnews.hk/search/titlesearch.xhtml,1620584979,14:29:39,20210509
74,2001-03-31,0913.HK,HKD,2001-03-31,2001-03-31,Q1,11611743.5,10553763.0,1057980.5,0.09111297541148752,0.0,1937198.75,0.0,0.0,0.0,11335479.0,0.0,85753.5,362018.0,0.031176885710573955,276264.5,0.02379181903217204,0.0,276264.5,0.02379181903217204,-2251.75,278516.25,0.02398573909249718,34814.53125,34814.53125,8.0,8.0,https://www1.hkexnews.hk/search/titlesearch.xhtml,https://www1.hkexnews.hk/search/titlesearch.xhtml,1620584979,14:29:39,20210509
75,2001-01-31,0913.HK,HKD,2001-01-31,2001-01-31,Q1,11611743.5,10553763.0,1057980.5,0.09111297541148752,0.0,1937198.75,0.0,0.0,0.0,11335479.0,0.0,85753.5,362018.0,0.031176885710573955,276264.5,0.02379181903217204,0.0,276264.5,0.02379181903217204,-2251.75,278516.25,0.02398573909249718,34814.53125,34814.53125,8.0,8.0,https://www1.hkexnews.hk/search/titlesearch.xhtml,https://www1.hkexnews.hk/search/titlesearch.xhtml,1620584979,14:29:39,20210509
76,2000-09-30,0913.HK,HKD,2000-09-30,2000-09-30,Q3,8514725.0,7403456.75,1111268.25,0.1305113494563829,0.0,1516180.25,0.0,0.0,0.0,6935296.0,0.0,47673.25,1627102.25,0.1910927540231775,1579429.0,0.18549383567878,0.0,1579429.0,0.18549383567878,33717.25,1545711.75,0.18153396028644495,90924.22058825,90924.22058825,17.0,17.0,https://www1.hkexnews.hk/search/titlesearch.xhtml,https://www1.hkexnews.hk/search/titlesearch.xhtml,1620584979,14:29:39,20210509
77,2000-06-30,0913.HK,HKD,2000-06-30,2000-06-30,Q2,8514725.0,7403456.75,1111268.25,0.1305113494563829,0.0,1516180.25,0.0,0.0,0.0,6935296.0,0.0,47673.25,1627102.25,0.1910927540231775,1579429.0,0.18549383567878,0.0,1579429.0,0.18549383567878,33717.25,1545711.75,0.18153396028644495,90924.22058825,90924.22058825,17.0,17.0,https://www1.hkexnews.hk/search/titlesearch.xhtml,https://www1.hkexnews.hk/search/titlesearch.xhtml,1620584979,14:29:39,20210509
78,2000-03-31,0913.HK,HKD,2000-03-31,2000-03-31,Q1,8514725.0,7403456.75,1111268.25,0.1305113494563829,0.0,1516180.25,0.0,0.0,0.0,6935296.0,0.0,47673.25,1627102.25,0.1910927540231775,1579429.0,0.18549383567878,0.0,1579429.0,0.18549383567878,33717.25,1545711.75,0.18153396028644495,90924.22058825,90924.22058825,17.0,17.0,https://www1.hkexnews.hk/search/titlesearch.xhtml,https://www1.hkexnews.hk/search/titlesearch.xhtml,1620584979,14:29:39,20210509
79,2000-01-31,0913.HK,HKD,2000-01-31,2000-01-31,Q1,8514725.0,7403456.75,1111268.25,0.1305113494563829,0.0,1516180.25,0.0,0.0,0.0,6935296.0,0.0,47673.25,1627102.25,0.1910927540231775,1579429.0,0.18549383567878,0.0,1579429.0,0.18549383567878,33717.25,1545711.75,0.18153396028644495,90924.22058825,90924.22058825,17.0,17.0,https://www1.hkexnews.hk/search/titlesearch.xhtml,https://www1.hkexnews.hk/search/titlesearch.xhtml,1620584979,14:29:39,20210509
