,date,symbol,reportedCurrency,fillingDate,acceptedDate,period,revenue,costOfRevenue,grossProfit,grossProfitRatio,researchAndDevelopmentExpenses,generalAndAdministrativeExpenses,sellingAndMarketingExpenses,otherExpenses,operatingExpenses,costAndExpenses,interestExpense,depreciationAndAmortization,ebitda,ebitdaratio,operatingIncome,operatingIncomeRatio,totalOtherIncomeExpensesNet,incomeBeforeTax,incomeBeforeTaxRatio,incomeTaxExpense,netIncome,netIncomeRatio,eps,epsdiluted,weightedAverageShsOut,weightedAverageShsOutDil,link,finalLink,timestamp,est_time,est_date
0,2020-09-30,ALU.L,GBP,2020-09-30,2020-09-30,Q3,18998000,13353250,5644750,0.2971233814085693,0,0,0,0,4846500,18017250,124000,59500,1040250,0.0547557637646068,980750,0.05162385514264659,0,589750,0.03104274134119381,110500,564000,0.029687335509000948,0.01577004809305447,0.015745833217007732,35764000,35819000,https://find-and-update.company-information.service.gov.uk/search/companies?q=Alumasc+Group+PLC,https://find-and-update.company-information.service.gov.uk/search/companies?q=Alumasc+Group+PLC,1620586996,15:03:16,20210509
1,2020-06-30,ALU.L,GBP,2020-06-30,2020-06-30,Q2,18998000,13353250,5644750,0.2971233814085693,0,0,0,0,4846500,18017250,124000,59500,1040250,0.0547557637646068,980750,0.05162385514264659,0,589750,0.03104274134119381,110500,564000,0.029687335509000948,0.01577004809305447,0.015745833217007732,35764000,35819000,https://find-and-update.company-information.service.gov.uk/search/companies?q=Alumasc+Group+PLC,https://find-and-update.company-information.service.gov.uk/search/companies?q=Alumasc+Group+PLC,1620586996,15:03:16,20210509
2,2020-03-31,ALU.L,GBP,2020-03-31,2020-03-31,Q1,18998000,13353250,5644750,0.2971233814085693,0,0,0,0,4846500,18017250,124000,59500,1040250,0.0547557637646068,980750,0.05162385514264659,0,589750,0.03104274134119381,110500,564000,0.029687335509000948,0.01577004809305447,0.015745833217007732,35764000,35819000,https://find-and-update.company-information.service.gov.uk/search/companies?q=Alumasc+Group+PLC,https://find-and-update.company-information.service.gov.uk/search/companies?q=Alumasc+Group+PLC,1620586996,15:03:16,20210509
3,2020-01-31,ALU.L,GBP,2020-01-31,2020-01-31,Q1,18998000,13353250,5644750,0.2971233814085693,0,0,0,0,4846500,18017250,124000,59500,1040250,0.0547557637646068,980750,0.05162385514264659,0,589750,0.03104274134119381,110500,564000,0.029687335509000948,0.01577004809305447,0.015745833217007732,35764000,35819000,https://find-and-update.company-information.service.gov.uk/search/companies?q=Alumasc+Group+PLC,https://find-and-update.company-information.service.gov.uk/search/companies?q=Alumasc+Group+PLC,1620586996,15:03:16,20210509
4,2019-06-30,ALU.L,GBP,2019-06-30,2019-06-30,Q2,22526000,15813750,6712250,0.29797789221344223,0,0,0,0,5246000,21119250,70250,59500,1466250,0.06509144988013851,1406750,0.062450057711089406,0,246250,0.010931812128207406,64000,910250,0.040408860871881384,0.025315663588830792,0.02520839679858207,35956000,36109000,https://find-and-update.company-information.service.gov.uk/search/companies?q=Alumasc+Group+PLC,https://find-and-update.company-information.service.gov.uk/search/companies?q=Alumasc+Group+PLC,1620586996,15:03:16,20210509
5,2019-03-31,ALU.L,GBP,2019-03-31,2019-03-31,Q1,22526000,15813750,6712250,0.29797789221344223,0,0,0,0,5246000,21119250,70250,59500,1466250,0.06509144988013851,1406750,0.062450057711089406,0,246250,0.010931812128207406,64000,910250,0.040408860871881384,0.025315663588830792,0.02520839679858207,35956000,36109000,https://find-and-update.company-information.service.gov.uk/search/companies?q=Alumasc+Group+PLC,https://find-and-update.company-information.service.gov.uk/search/companies?q=Alumasc+Group+PLC,1620586996,15:03:16,20210509
6,2019-01-31,ALU.L,GBP,2019-01-31,2019-01-31,Q1,22526000,15813750,6712250,0.29797789221344223,0,0,0,0,5246000,21119250,70250,59500,1466250,0.06509144988013851,1406750,0.062450057711089406,0,246250,0.010931812128207406,64000,910250,0.040408860871881384,0.025315663588830792,0.02520839679858207,35956000,36109000,https://find-and-update.company-information.service.gov.uk/search/companies?q=Alumasc+Group+PLC,https://find-and-update.company-information.service.gov.uk/search/companies?q=Alumasc+Group+PLC,1620586996,15:03:16,20210509
7,2018-06-30,ALU.L,GBP,2018-06-30,2018-06-30,Q2,24601750,17076000,7525750,0.3059030353531761,0,6005750,0,0,0,23081750,53000,409500,1929500,0.07842938002377879,1520000,0.06178422266708669,0,1343500,0.05460993628502037,264250,1079250,0.04386883046937718,0.03,0.02975,35830000,36191000,https://find-and-update.company-information.service.gov.uk/search/companies?q=Alumasc+Group+PLC,https://find-and-update.company-information.service.gov.uk/search/companies?q=Alumasc+Group+PLC,1620586996,15:03:16,20210509
8,2018-03-31,ALU.L,GBP,2018-03-31,2018-03-31,Q1,24601750,17076000,7525750,0.3059030353531761,0,6005750,0,0,0,23081750,53000,409500,1929500,0.07842938002377879,1520000,0.06178422266708669,0,1343500,0.05460993628502037,264250,1079250,0.04386883046937718,0.03,0.02975,35830000,36191000,https://find-and-update.company-information.service.gov.uk/search/companies?q=Alumasc+Group+PLC,https://find-and-update.company-information.service.gov.uk/search/companies?q=Alumasc+Group+PLC,1620586996,15:03:16,20210509
9,2018-01-31,ALU.L,GBP,2018-01-31,2018-01-31,Q1,24601750,17076000,7525750,0.3059030353531761,0,6005750,0,0,0,23081750,53000,409500,1929500,0.07842938002377879,1520000,0.06178422266708669,0,1343500,0.05460993628502037,264250,1079250,0.04386883046937718,0.03,0.02975,35830000,36191000,https://find-and-update.company-information.service.gov.uk/search/companies?q=Alumasc+Group+PLC,https://find-and-update.company-information.service.gov.uk/search/companies?q=Alumasc+Group+PLC,1620586996,15:03:16,20210509
10,2017-06-30,ALU.L,GBP,2017-06-30,2017-06-30,Q2,26190250,18005500,8184750,0.3125113353251687,0,0,0,0,5966000,23971500,33000,345750,2564500,0.09791811838374968,2218750,0.08471664073462452,0,2030750,0.07753839692251888,395750,1635000,0.06242781187655712,0.04575,0.045,35663000,36219000,https://find-and-update.company-information.service.gov.uk/search/companies?q=Alumasc+Group+PLC,https://find-and-update.company-information.service.gov.uk/search/companies?q=Alumasc+Group+PLC,1620586996,15:03:16,20210509
11,2017-03-31,ALU.L,GBP,2017-03-31,2017-03-31,Q1,26190250,18005500,8184750,0.3125113353251687,0,0,0,0,5966000,23971500,33000,345750,2564500,0.09791811838374968,2218750,0.08471664073462452,0,2030750,0.07753839692251888,395750,1635000,0.06242781187655712,0.04575,0.045,35663000,36219000,https://find-and-update.company-information.service.gov.uk/search/companies?q=Alumasc+Group+PLC,https://find-and-update.company-information.service.gov.uk/search/companies?q=Alumasc+Group+PLC,1620586996,15:03:16,20210509
12,2017-01-31,ALU.L,GBP,2017-01-31,2017-01-31,Q1,26190250,18005500,8184750,0.3125113353251687,0,0,0,0,5966000,23971500,33000,345750,2564500,0.09791811838374968,2218750,0.08471664073462452,0,2030750,0.07753839692251888,395750,1635000,0.06242781187655712,0.04575,0.045,35663000,36219000,https://find-and-update.company-information.service.gov.uk/search/companies?q=Alumasc+Group+PLC,https://find-and-update.company-information.service.gov.uk/search/companies?q=Alumasc+Group+PLC,1620586996,15:03:16,20210509
13,2016-06-30,ALU.L,GBP,2016-06-30,2016-06-30,Q2,23058250,15358500,7699750,0.333926035150109,0,0,0,0,0,21133750,234750,323750,2248250,0.09750306289505925,1924500,0.08346253510131948,0,1689750,0.0732817971875576,395250,1621000,0.07030021792633873,0.0455,0.04475,35618000,36138000,https://find-and-update.company-information.service.gov.uk/search/companies?q=Alumasc+Group+PLC,https://find-and-update.company-information.service.gov.uk/search/companies?q=Alumasc+Group+PLC,1620586996,15:03:16,20210509
14,2016-03-31,ALU.L,GBP,2016-03-31,2016-03-31,Q1,23058250,15358500,7699750,0.333926035150109,0,0,0,0,0,21133750,234750,323750,2248250,0.09750306289505925,1924500,0.08346253510131948,0,1689750,0.0732817971875576,395250,1621000,0.07030021792633873,0.0455,0.04475,35618000,36138000,https://find-and-update.company-information.service.gov.uk/search/companies?q=Alumasc+Group+PLC,https://find-and-update.company-information.service.gov.uk/search/companies?q=Alumasc+Group+PLC,1620586996,15:03:16,20210509
15,2016-01-31,ALU.L,GBP,2016-01-31,2016-01-31,Q1,23058250,15358500,7699750,0.333926035150109,0,0,0,0,0,21133750,234750,323750,2248250,0.09750306289505925,1924500,0.08346253510131948,0,1689750,0.0732817971875576,395250,1621000,0.07030021792633873,0.0455,0.04475,35618000,36138000,https://find-and-update.company-information.service.gov.uk/search/companies?q=Alumasc+Group+PLC,https://find-and-update.company-information.service.gov.uk/search/companies?q=Alumasc+Group+PLC,1620586996,15:03:16,20210509
16,2015-09-30,ALU.L,GBP,2015-09-30,2015-09-30,Q3,24520500,16817250,7703250,0.3141555025386921,0,0,0,0,5561500,22445750,327000,67000,2141750,0.08734528251870884,2074750,0.08461287494137558,0,1749000,0.0713280724291919,409750,1094000,0.04461572969556086,0.03075,0.03025,35648000,36165289,https://find-and-update.company-information.service.gov.uk/search/companies?q=Alumasc+Group+PLC,https://find-and-update.company-information.service.gov.uk/search/companies?q=Alumasc+Group+PLC,1620586996,15:03:16,20210509
17,2015-06-30,ALU.L,GBP,2015-06-30,2015-06-30,Q2,24520500,16817250,7703250,0.3141555025386921,0,0,0,0,5561500,22445750,327000,67000,2141750,0.08734528251870884,2074750,0.08461287494137558,0,1749000,0.0713280724291919,409750,1094000,0.04461572969556086,0.03075,0.03025,35648000,36165289,https://find-and-update.company-information.service.gov.uk/search/companies?q=Alumasc+Group+PLC,https://find-and-update.company-information.service.gov.uk/search/companies?q=Alumasc+Group+PLC,1620586996,15:03:16,20210509
18,2015-03-31,ALU.L,GBP,2015-03-31,2015-03-31,Q1,24520500,16817250,7703250,0.3141555025386921,0,0,0,0,5561500,22445750,327000,67000,2141750,0.08734528251870884,2074750,0.08461287494137558,0,1749000,0.0713280724291919,409750,1094000,0.04461572969556086,0.03075,0.03025,35648000,36165289,https://find-and-update.company-information.service.gov.uk/search/companies?q=Alumasc+Group+PLC,https://find-and-update.company-information.service.gov.uk/search/companies?q=Alumasc+Group+PLC,1620586996,15:03:16,20210509
19,2015-01-31,ALU.L,GBP,2015-01-31,2015-01-31,Q1,24520500,16817250,7703250,0.3141555025386921,0,0,0,0,5561500,22445750,327000,67000,2141750,0.08734528251870884,2074750,0.08461287494137558,0,1749000,0.0713280724291919,409750,1094000,0.04461572969556086,0.03075,0.03025,35648000,36165289,https://find-and-update.company-information.service.gov.uk/search/companies?q=Alumasc+Group+PLC,https://find-and-update.company-information.service.gov.uk/search/companies?q=Alumasc+Group+PLC,1620586996,15:03:16,20210509
20,2014-09-30,ALU.L,GBP,2014-09-30,2014-09-30,Q3,28350500,20694500,7656000,0.27004814729898946,0,113000,0,0,5961500,26836000,132750,67000,1581500,0.05578384860937197,1514500,0.053420574593040684,0,1272250,0.044875751750410045,262000,1010250,0.035634292164159365,0.02825,0.028,35648000,36095000,https://find-and-update.company-information.service.gov.uk/search/companies?q=Alumasc+Group+PLC,https://find-and-update.company-information.service.gov.uk/search/companies?q=Alumasc+Group+PLC,1620586996,15:03:16,20210509
21,2014-06-30,ALU.L,GBP,2014-06-30,2014-06-30,Q2,28350500,20694500,7656000,0.27004814729898946,0,113000,0,0,5961500,26836000,132750,67000,1581500,0.05578384860937197,1514500,0.053420574593040684,0,1272250,0.044875751750410045,262000,1010250,0.035634292164159365,0.02825,0.028,35648000,36095000,https://find-and-update.company-information.service.gov.uk/search/companies?q=Alumasc+Group+PLC,https://find-and-update.company-information.service.gov.uk/search/companies?q=Alumasc+Group+PLC,1620586996,15:03:16,20210509
22,2014-03-31,ALU.L,GBP,2014-03-31,2014-03-31,Q1,28350500,20694500,7656000,0.27004814729898946,0,113000,0,0,5961500,26836000,132750,67000,1581500,0.05578384860937197,1514500,0.053420574593040684,0,1272250,0.044875751750410045,262000,1010250,0.035634292164159365,0.02825,0.028,35648000,36095000,https://find-and-update.company-information.service.gov.uk/search/companies?q=Alumasc+Group+PLC,https://find-and-update.company-information.service.gov.uk/search/companies?q=Alumasc+Group+PLC,1620586996,15:03:16,20210509
23,2014-01-31,ALU.L,GBP,2014-01-31,2014-01-31,Q1,28350500,20694500,7656000,0.27004814729898946,0,113000,0,0,5961500,26836000,132750,67000,1581500,0.05578384860937197,1514500,0.053420574593040684,0,1272250,0.044875751750410045,262000,1010250,0.035634292164159365,0.02825,0.028,35648000,36095000,https://find-and-update.company-information.service.gov.uk/search/companies?q=Alumasc+Group+PLC,https://find-and-update.company-information.service.gov.uk/search/companies?q=Alumasc+Group+PLC,1620586996,15:03:16,20210509
24,2013-09-30,ALU.L,GBP,2013-09-30,2013-09-30,Q3,29192250,21521750,7670500,0.2627580950423486,0,0,0,0,6008250,27598250,218500,68250,1662250,0.05694148275655354,1594000,0.05460353347206878,0,850500,0.029134444929733064,258000,592500,0.02029648279937312,0.0165,0.0165,35648000,35648000,https://find-and-update.company-information.service.gov.uk/search/companies?q=Alumasc+Group+PLC,https://find-and-update.company-information.service.gov.uk/search/companies?q=Alumasc+Group+PLC,1620586996,15:03:16,20210509
25,2013-06-30,ALU.L,GBP,2013-06-30,2013-06-30,Q2,29192250,21521750,7670500,0.2627580950423486,0,0,0,0,6008250,27598250,218500,68250,1662250,0.05694148275655354,1594000,0.05460353347206878,0,850500,0.029134444929733064,258000,592500,0.02029648279937312,0.0165,0.0165,35648000,35648000,https://find-and-update.company-information.service.gov.uk/search/companies?q=Alumasc+Group+PLC,https://find-and-update.company-information.service.gov.uk/search/companies?q=Alumasc+Group+PLC,1620586996,15:03:16,20210509
26,2013-03-31,ALU.L,GBP,2013-03-31,2013-03-31,Q1,29192250,21521750,7670500,0.2627580950423486,0,0,0,0,6008250,27598250,218500,68250,1662250,0.05694148275655354,1594000,0.05460353347206878,0,850500,0.029134444929733064,258000,592500,0.02029648279937312,0.0165,0.0165,35648000,35648000,https://find-and-update.company-information.service.gov.uk/search/companies?q=Alumasc+Group+PLC,https://find-and-update.company-information.service.gov.uk/search/companies?q=Alumasc+Group+PLC,1620586996,15:03:16,20210509
27,2013-01-31,ALU.L,GBP,2013-01-31,2013-01-31,Q1,29192250,21521750,7670500,0.2627580950423486,0,0,0,0,6008250,27598250,218500,68250,1662250,0.05694148275655354,1594000,0.05460353347206878,0,850500,0.029134444929733064,258000,592500,0.02029648279937312,0.0165,0.0165,35648000,35648000,https://find-and-update.company-information.service.gov.uk/search/companies?q=Alumasc+Group+PLC,https://find-and-update.company-information.service.gov.uk/search/companies?q=Alumasc+Group+PLC,1620586996,15:03:16,20210509
28,2012-09-30,ALU.L,GBP,2012-09-30,2012-09-30,Q3,27654750,21125250,6529500,0.23610772109673744,0,0,0,0,5885000,27085000,104500,74750,644500,0.02330521881412777,569750,0.02060224735352878,0,97500,0.003525614948607382,-5750,103250,0.00373353583019192,0.003,0.003,35648000,35648000,https://find-and-update.company-information.service.gov.uk/search/companies?q=Alumasc+Group+PLC,https://find-and-update.company-information.service.gov.uk/search/companies?q=Alumasc+Group+PLC,1620586996,15:03:16,20210509
29,2012-06-30,ALU.L,GBP,2012-06-30,2012-06-30,Q2,27654750,21125250,6529500,0.23610772109673744,0,0,0,0,5885000,27085000,104500,74750,644500,0.02330521881412777,569750,0.02060224735352878,0,97500,0.003525614948607382,-5750,103250,0.00373353583019192,0.003,0.003,35648000,35648000,https://find-and-update.company-information.service.gov.uk/search/companies?q=Alumasc+Group+PLC,https://find-and-update.company-information.service.gov.uk/search/companies?q=Alumasc+Group+PLC,1620586996,15:03:16,20210509
30,2012-03-31,ALU.L,GBP,2012-03-31,2012-03-31,Q1,27654750,21125250,6529500,0.23610772109673744,0,0,0,0,5885000,27085000,104500,74750,644500,0.02330521881412777,569750,0.02060224735352878,0,97500,0.003525614948607382,-5750,103250,0.00373353583019192,0.003,0.003,35648000,35648000,https://find-and-update.company-information.service.gov.uk/search/companies?q=Alumasc+Group+PLC,https://find-and-update.company-information.service.gov.uk/search/companies?q=Alumasc+Group+PLC,1620586996,15:03:16,20210509
31,2012-01-31,ALU.L,GBP,2012-01-31,2012-01-31,Q1,27654750,21125250,6529500,0.23610772109673744,0,0,0,0,5885000,27085000,104500,74750,644500,0.02330521881412777,569750,0.02060224735352878,0,97500,0.003525614948607382,-5750,103250,0.00373353583019192,0.003,0.003,35648000,35648000,https://find-and-update.company-information.service.gov.uk/search/companies?q=Alumasc+Group+PLC,https://find-and-update.company-information.service.gov.uk/search/companies?q=Alumasc+Group+PLC,1620586996,15:03:16,20210509
32,2011-09-30,ALU.L,GBP,2011-09-30,2011-09-30,Q3,26701250,18988000,7713250,0.28887224380881044,55250,0,0,22250,5385000,25324750,232000,687750,2064250,0.0773091147418192,1376500,0.0515518936379383,0,1345750,0.050400262160011235,387750,911250,0.03412761574832639,0.0255,0.02525,35780000,36245000,https://find-and-update.company-information.service.gov.uk/search/companies?q=Alumasc+Group+PLC,https://find-and-update.company-information.service.gov.uk/search/companies?q=Alumasc+Group+PLC,1620586996,15:03:16,20210509
33,2011-06-30,ALU.L,GBP,2011-06-30,2011-06-30,Q2,26701250,18988000,7713250,0.28887224380881044,55250,0,0,22250,5385000,25324750,232000,687750,2064250,0.0773091147418192,1376500,0.0515518936379383,0,1345750,0.050400262160011235,387750,911250,0.03412761574832639,0.0255,0.02525,35780000,36245000,https://find-and-update.company-information.service.gov.uk/search/companies?q=Alumasc+Group+PLC,https://find-and-update.company-information.service.gov.uk/search/companies?q=Alumasc+Group+PLC,1620586996,15:03:16,20210509
34,2011-03-31,ALU.L,GBP,2011-03-31,2011-03-31,Q1,26701250,18988000,7713250,0.28887224380881044,55250,0,0,22250,5385000,25324750,232000,687750,2064250,0.0773091147418192,1376500,0.0515518936379383,0,1345750,0.050400262160011235,387750,911250,0.03412761574832639,0.0255,0.02525,35780000,36245000,https://find-and-update.company-information.service.gov.uk/search/companies?q=Alumasc+Group+PLC,https://find-and-update.company-information.service.gov.uk/search/companies?q=Alumasc+Group+PLC,1620586996,15:03:16,20210509
35,2011-01-31,ALU.L,GBP,2011-01-31,2011-01-31,Q1,26701250,18988000,7713250,0.28887224380881044,55250,0,0,22250,5385000,25324750,232000,687750,2064250,0.0773091147418192,1376500,0.0515518936379383,0,1345750,0.050400262160011235,387750,911250,0.03412761574832639,0.0255,0.02525,35780000,36245000,https://find-and-update.company-information.service.gov.uk/search/companies?q=Alumasc+Group+PLC,https://find-and-update.company-information.service.gov.uk/search/companies?q=Alumasc+Group+PLC,1620586996,15:03:16,20210509
36,2010-09-30,ALU.L,GBP,2010-09-30,2010-09-30,Q3,21872000,14484750,7387250,0.3377491770299927,56500,0,0,15000,5083000,20565250,272000,745250,2052000,0.09381858083394294,1306750,0.05974533650329188,0,869000,0.03973116313094367,291500,558500,0.025534930504754937,0.015549306754273623,0.015508288673534557,35918000,36013000,https://find-and-update.company-information.service.gov.uk/search/companies?q=Alumasc+Group+PLC,https://find-and-update.company-information.service.gov.uk/search/companies?q=Alumasc+Group+PLC,1620586996,15:03:16,20210509
37,2010-06-30,ALU.L,GBP,2010-06-30,2010-06-30,Q2,21872000,14484750,7387250,0.3377491770299927,56500,0,0,15000,5083000,20565250,272000,745250,2052000,0.09381858083394294,1306750,0.05974533650329188,0,869000,0.03973116313094367,291500,558500,0.025534930504754937,0.015549306754273623,0.015508288673534557,35918000,36013000,https://find-and-update.company-information.service.gov.uk/search/companies?q=Alumasc+Group+PLC,https://find-and-update.company-information.service.gov.uk/search/companies?q=Alumasc+Group+PLC,1620586996,15:03:16,20210509
38,2010-03-31,ALU.L,GBP,2010-03-31,2010-03-31,Q1,21872000,14484750,7387250,0.3377491770299927,56500,0,0,15000,5083000,20565250,272000,745250,2052000,0.09381858083394294,1306750,0.05974533650329188,0,869000,0.03973116313094367,291500,558500,0.025534930504754937,0.015549306754273623,0.015508288673534557,35918000,36013000,https://find-and-update.company-information.service.gov.uk/search/companies?q=Alumasc+Group+PLC,https://find-and-update.company-information.service.gov.uk/search/companies?q=Alumasc+Group+PLC,1620586996,15:03:16,20210509
39,2010-01-31,ALU.L,GBP,2010-01-31,2010-01-31,Q1,21872000,14484750,7387250,0.3377491770299927,56500,0,0,15000,5083000,20565250,272000,745250,2052000,0.09381858083394294,1306750,0.05974533650329188,0,869000,0.03973116313094367,291500,558500,0.025534930504754937,0.015549306754273623,0.015508288673534557,35918000,36013000,https://find-and-update.company-information.service.gov.uk/search/companies?q=Alumasc+Group+PLC,https://find-and-update.company-information.service.gov.uk/search/companies?q=Alumasc+Group+PLC,1620586996,15:03:16,20210509
40,2009-09-30,ALU.L,GBP,2009-09-30,2009-09-30,Q3,27272000,18878250,8393750,0.30777904077442064,97750,0,0,29250,5602250,25760500,264000,886250,2397750,0.08791984452918744,1511500,0.05542314461718979,0,451000,0.016537107656204166,186000,263000,0.009643590495746554,0.00725,0.00725,36023000,36023000,https://find-and-update.company-information.service.gov.uk/search/companies?q=Alumasc+Group+PLC,https://find-and-update.company-information.service.gov.uk/search/companies?q=Alumasc+Group+PLC,1620586996,15:03:16,20210509
41,2009-06-30,ALU.L,GBP,2009-06-30,2009-06-30,Q2,27272000,18878250,8393750,0.30777904077442064,97750,0,0,29250,5602250,25760500,264000,886250,2397750,0.08791984452918744,1511500,0.05542314461718979,0,451000,0.016537107656204166,186000,263000,0.009643590495746554,0.00725,0.00725,36023000,36023000,https://find-and-update.company-information.service.gov.uk/search/companies?q=Alumasc+Group+PLC,https://find-and-update.company-information.service.gov.uk/search/companies?q=Alumasc+Group+PLC,1620586996,15:03:16,20210509
42,2009-03-31,ALU.L,GBP,2009-03-31,2009-03-31,Q1,27272000,18878250,8393750,0.30777904077442064,97750,0,0,29250,5602250,25760500,264000,886250,2397750,0.08791984452918744,1511500,0.05542314461718979,0,451000,0.016537107656204166,186000,263000,0.009643590495746554,0.00725,0.00725,36023000,36023000,https://find-and-update.company-information.service.gov.uk/search/companies?q=Alumasc+Group+PLC,https://find-and-update.company-information.service.gov.uk/search/companies?q=Alumasc+Group+PLC,1620586996,15:03:16,20210509
43,2009-01-31,ALU.L,GBP,2009-01-31,2009-01-31,Q1,27272000,18878250,8393750,0.30777904077442064,97750,0,0,29250,5602250,25760500,264000,886250,2397750,0.08791984452918744,1511500,0.05542314461718979,0,451000,0.016537107656204166,186000,263000,0.009643590495746554,0.00725,0.00725,36023000,36023000,https://find-and-update.company-information.service.gov.uk/search/companies?q=Alumasc+Group+PLC,https://find-and-update.company-information.service.gov.uk/search/companies?q=Alumasc+Group+PLC,1620586996,15:03:16,20210509
44,2008-09-30,ALU.L,GBP,2008-09-30,2008-09-30,Q3,31452000,21036250,10415750,0.3311633600406969,114500,0,0,40500,6431500,28836500,173250,956500,3572000,0.11356988426809106,2615500,0.08315846369070329,0,2497250,0.07939876637415745,664000,1828750,0.05814415617448811,0.05075,0.0505,36063000,36126000,https://find-and-update.company-information.service.gov.uk/search/companies?q=Alumasc+Group+PLC,https://find-and-update.company-information.service.gov.uk/search/companies?q=Alumasc+Group+PLC,1620586996,15:03:16,20210509
45,2008-06-30,ALU.L,GBP,2008-06-30,2008-06-30,Q2,31452000,21036250,10415750,0.3311633600406969,114500,0,0,40500,6431500,28836500,173250,956500,3572000,0.11356988426809106,2615500,0.08315846369070329,0,2497250,0.07939876637415745,664000,1828750,0.05814415617448811,0.05075,0.0505,36063000,36126000,https://find-and-update.company-information.service.gov.uk/search/companies?q=Alumasc+Group+PLC,https://find-and-update.company-information.service.gov.uk/search/companies?q=Alumasc+Group+PLC,1620586996,15:03:16,20210509
46,2008-03-31,ALU.L,GBP,2008-03-31,2008-03-31,Q1,31452000,21036250,10415750,0.3311633600406969,114500,0,0,40500,6431500,28836500,173250,956500,3572000,0.11356988426809106,2615500,0.08315846369070329,0,2497250,0.07939876637415745,664000,1828750,0.05814415617448811,0.05075,0.0505,36063000,36126000,https://find-and-update.company-information.service.gov.uk/search/companies?q=Alumasc+Group+PLC,https://find-and-update.company-information.service.gov.uk/search/companies?q=Alumasc+Group+PLC,1620586996,15:03:16,20210509
47,2008-01-31,ALU.L,GBP,2008-01-31,2008-01-31,Q1,31452000,21036250,10415750,0.3311633600406969,114500,0,0,40500,6431500,28836500,173250,956500,3572000,0.11356988426809106,2615500,0.08315846369070329,0,2497250,0.07939876637415745,664000,1828750,0.05814415617448811,0.05075,0.0505,36063000,36126000,https://find-and-update.company-information.service.gov.uk/search/companies?q=Alumasc+Group+PLC,https://find-and-update.company-information.service.gov.uk/search/companies?q=Alumasc+Group+PLC,1620586996,15:03:16,20210509
48,2007-09-30,ALU.L,GBP,2007-09-30,2007-09-30,Q3,25900250,18185000,7715250,0.2978832250653951,169250,-42000,2981750,36500,4641750,24162750,292750,910000,2647500,0.10221909054931902,1737500,0.06708429455314138,0,1650250,0.06371560120076061,472000,1557750,0.06014420710224805,0.04404031551270815,0.043893882611513425,35371000,35489000,https://find-and-update.company-information.service.gov.uk/search/companies?q=Alumasc+Group+PLC,https://find-and-update.company-information.service.gov.uk/search/companies?q=Alumasc+Group+PLC,1620586996,15:03:16,20210509
49,2007-06-30,ALU.L,GBP,2007-06-30,2007-06-30,Q2,25900250,18185000,7715250,0.2978832250653951,169250,-42000,2981750,36500,4641750,24162750,292750,910000,2647500,0.10221909054931902,1737500,0.06708429455314138,0,1650250,0.06371560120076061,472000,1557750,0.06014420710224805,0.04404031551270815,0.043893882611513425,35371000,35489000,https://find-and-update.company-information.service.gov.uk/search/companies?q=Alumasc+Group+PLC,https://find-and-update.company-information.service.gov.uk/search/companies?q=Alumasc+Group+PLC,1620586996,15:03:16,20210509
50,2007-03-31,ALU.L,GBP,2007-03-31,2007-03-31,Q1,25900250,18185000,7715250,0.2978832250653951,169250,-42000,2981750,36500,4641750,24162750,292750,910000,2647500,0.10221909054931902,1737500,0.06708429455314138,0,1650250,0.06371560120076061,472000,1557750,0.06014420710224805,0.04404031551270815,0.043893882611513425,35371000,35489000,https://find-and-update.company-information.service.gov.uk/search/companies?q=Alumasc+Group+PLC,https://find-and-update.company-information.service.gov.uk/search/companies?q=Alumasc+Group+PLC,1620586996,15:03:16,20210509
51,2007-01-31,ALU.L,GBP,2007-01-31,2007-01-31,Q1,25900250,18185000,7715250,0.2978832250653951,169250,-42000,2981750,36500,4641750,24162750,292750,910000,2647500,0.10221909054931902,1737500,0.06708429455314138,0,1650250,0.06371560120076061,472000,1557750,0.06014420710224805,0.04404031551270815,0.043893882611513425,35371000,35489000,https://find-and-update.company-information.service.gov.uk/search/companies?q=Alumasc+Group+PLC,https://find-and-update.company-information.service.gov.uk/search/companies?q=Alumasc+Group+PLC,1620586996,15:03:16,20210509
52,2006-09-30,ALU.L,GBP,2006-09-30,2006-09-30,Q3,23606500,15943750,7662750,0.3246033931332472,176500,0,2800750,44750,1669750,21588250,338500,756500,2774750,0.1175417787473789,2018250,0.08549552030161184,0,1874250,0.07939550547518692,577500,982000,0.0415987122190922,0.027825791278229577,0.027779349363507778,35291000,35350000,https://find-and-update.company-information.service.gov.uk/search/companies?q=Alumasc+Group+PLC,https://find-and-update.company-information.service.gov.uk/search/companies?q=Alumasc+Group+PLC,1620586996,15:03:16,20210509
53,2006-06-30,ALU.L,GBP,2006-06-30,2006-06-30,Q2,23606500,15943750,7662750,0.3246033931332472,176500,0,2800750,44750,1669750,21588250,338500,756500,2774750,0.1175417787473789,2018250,0.08549552030161184,0,1874250,0.07939550547518692,577500,982000,0.0415987122190922,0.027825791278229577,0.027779349363507778,35291000,35350000,https://find-and-update.company-information.service.gov.uk/search/companies?q=Alumasc+Group+PLC,https://find-and-update.company-information.service.gov.uk/search/companies?q=Alumasc+Group+PLC,1620586996,15:03:16,20210509
54,2006-03-31,ALU.L,GBP,2006-03-31,2006-03-31,Q1,23606500,15943750,7662750,0.3246033931332472,176500,0,2800750,44750,1669750,21588250,338500,756500,2774750,0.1175417787473789,2018250,0.08549552030161184,0,1874250,0.07939550547518692,577500,982000,0.0415987122190922,0.027825791278229577,0.027779349363507778,35291000,35350000,https://find-and-update.company-information.service.gov.uk/search/companies?q=Alumasc+Group+PLC,https://find-and-update.company-information.service.gov.uk/search/companies?q=Alumasc+Group+PLC,1620586996,15:03:16,20210509
55,2006-01-31,ALU.L,GBP,2006-01-31,2006-01-31,Q1,23606500,15943750,7662750,0.3246033931332472,176500,0,2800750,44750,1669750,21588250,338500,756500,2774750,0.1175417787473789,2018250,0.08549552030161184,0,1874250,0.07939550547518692,577500,982000,0.0415987122190922,0.027825791278229577,0.027779349363507778,35291000,35350000,https://find-and-update.company-information.service.gov.uk/search/companies?q=Alumasc+Group+PLC,https://find-and-update.company-information.service.gov.uk/search/companies?q=Alumasc+Group+PLC,1620586996,15:03:16,20210509
56,2005-09-30,ALU.L,GBP,2005-09-30,2005-09-30,Q3,28717250,20910500,7806750,0.27184880167843367,169500,0,2653750,41500,1446750,26226500,405000,805000,3295750,0.11476551550026552,2490750,0.0867335834733479,0,1924250,0.06700676422707606,646500,541250,0.01884755678207349,0.015446632420091325,0.015382538509634515,35040000,35186000,https://find-and-update.company-information.service.gov.uk/search/companies?q=Alumasc+Group+PLC,https://find-and-update.company-information.service.gov.uk/search/companies?q=Alumasc+Group+PLC,1620586996,15:03:16,20210509
57,2005-06-30,ALU.L,GBP,2005-06-30,2005-06-30,Q2,28717250,20910500,7806750,0.27184880167843367,169500,0,2653750,41500,1446750,26226500,405000,805000,3295750,0.11476551550026552,2490750,0.0867335834733479,0,1924250,0.06700676422707606,646500,541250,0.01884755678207349,0.015446632420091325,0.015382538509634515,35040000,35186000,https://find-and-update.company-information.service.gov.uk/search/companies?q=Alumasc+Group+PLC,https://find-and-update.company-information.service.gov.uk/search/companies?q=Alumasc+Group+PLC,1620586996,15:03:16,20210509
58,2005-03-31,ALU.L,GBP,2005-03-31,2005-03-31,Q1,28717250,20910500,7806750,0.27184880167843367,169500,0,2653750,41500,1446750,26226500,405000,805000,3295750,0.11476551550026552,2490750,0.0867335834733479,0,1924250,0.06700676422707606,646500,541250,0.01884755678207349,0.015446632420091325,0.015382538509634515,35040000,35186000,https://find-and-update.company-information.service.gov.uk/search/companies?q=Alumasc+Group+PLC,https://find-and-update.company-information.service.gov.uk/search/companies?q=Alumasc+Group+PLC,1620586996,15:03:16,20210509
59,2005-01-31,ALU.L,GBP,2005-01-31,2005-01-31,Q1,28717250,20910500,7806750,0.27184880167843367,169500,0,2653750,41500,1446750,26226500,405000,805000,3295750,0.11476551550026552,2490750,0.0867335834733479,0,1924250,0.06700676422707606,646500,541250,0.01884755678207349,0.015446632420091325,0.015382538509634515,35040000,35186000,https://find-and-update.company-information.service.gov.uk/search/companies?q=Alumasc+Group+PLC,https://find-and-update.company-information.service.gov.uk/search/companies?q=Alumasc+Group+PLC,1620586996,15:03:16,20210509
60,2004-09-30,ALU.L,GBP,2004-09-30,2004-09-30,Q3,28828000,21302250,7525750,0.2610569585125572,175000,0,0,32250,4336250,26984500,60500,910750,2754250,0.09554079367281809,1843500,0.06394824476203691,0,2236750,0.07758949632301929,614750,1620250,0.05620403774108505,0.0465,0.04625,34817592,35032432,https://find-and-update.company-information.service.gov.uk/search/companies?q=Alumasc+Group+PLC,https://find-and-update.company-information.service.gov.uk/search/companies?q=Alumasc+Group+PLC,1620586996,15:03:16,20210509
61,2004-06-30,ALU.L,GBP,2004-06-30,2004-06-30,Q2,28828000,21302250,7525750,0.2610569585125572,175000,0,0,32250,4336250,26984500,60500,910750,2754250,0.09554079367281809,1843500,0.06394824476203691,0,2236750,0.07758949632301929,614750,1620250,0.05620403774108505,0.0465,0.04625,34817592,35032432,https://find-and-update.company-information.service.gov.uk/search/companies?q=Alumasc+Group+PLC,https://find-and-update.company-information.service.gov.uk/search/companies?q=Alumasc+Group+PLC,1620586996,15:03:16,20210509
62,2004-03-31,ALU.L,GBP,2004-03-31,2004-03-31,Q1,28828000,21302250,7525750,0.2610569585125572,175000,0,0,32250,4336250,26984500,60500,910750,2754250,0.09554079367281809,1843500,0.06394824476203691,0,2236750,0.07758949632301929,614750,1620250,0.05620403774108505,0.0465,0.04625,34817592,35032432,https://find-and-update.company-information.service.gov.uk/search/companies?q=Alumasc+Group+PLC,https://find-and-update.company-information.service.gov.uk/search/companies?q=Alumasc+Group+PLC,1620586996,15:03:16,20210509
63,2004-01-31,ALU.L,GBP,2004-01-31,2004-01-31,Q1,28828000,21302250,7525750,0.2610569585125572,175000,0,0,32250,4336250,26984500,60500,910750,2754250,0.09554079367281809,1843500,0.06394824476203691,0,2236750,0.07758949632301929,614750,1620250,0.05620403774108505,0.0465,0.04625,34817592,35032432,https://find-and-update.company-information.service.gov.uk/search/companies?q=Alumasc+Group+PLC,https://find-and-update.company-information.service.gov.uk/search/companies?q=Alumasc+Group+PLC,1620586996,15:03:16,20210509
64,2003-09-30,ALU.L,GBP,2003-09-30,2003-09-30,Q3,29981000,22660250,7320750,0.24417964710983622,203500,0,0,0,3184750,27299750,90250,991000,3672250,0.12248590774156966,2681250,0.08943164003869117,0,1115500,0.03720689770187786,514000,596000,0.019879256862679696,0.01725,0.017,34817000,34865000,https://find-and-update.company-information.service.gov.uk/search/companies?q=Alumasc+Group+PLC,https://find-and-update.company-information.service.gov.uk/search/companies?q=Alumasc+Group+PLC,1620586996,15:03:16,20210509
65,2003-06-30,ALU.L,GBP,2003-06-30,2003-06-30,Q2,29981000,22660250,7320750,0.24417964710983622,203500,0,0,0,3184750,27299750,90250,991000,3672250,0.12248590774156966,2681250,0.08943164003869117,0,1115500,0.03720689770187786,514000,596000,0.019879256862679696,0.01725,0.017,34817000,34865000,https://find-and-update.company-information.service.gov.uk/search/companies?q=Alumasc+Group+PLC,https://find-and-update.company-information.service.gov.uk/search/companies?q=Alumasc+Group+PLC,1620586996,15:03:16,20210509
66,2003-03-31,ALU.L,GBP,2003-03-31,2003-03-31,Q1,29981000,22660250,7320750,0.24417964710983622,203500,0,0,0,3184750,27299750,90250,991000,3672250,0.12248590774156966,2681250,0.08943164003869117,0,1115500,0.03720689770187786,514000,596000,0.019879256862679696,0.01725,0.017,34817000,34865000,https://find-and-update.company-information.service.gov.uk/search/companies?q=Alumasc+Group+PLC,https://find-and-update.company-information.service.gov.uk/search/companies?q=Alumasc+Group+PLC,1620586996,15:03:16,20210509
67,2003-01-31,ALU.L,GBP,2003-01-31,2003-01-31,Q1,29981000,22660250,7320750,0.24417964710983622,203500,0,0,0,3184750,27299750,90250,991000,3672250,0.12248590774156966,2681250,0.08943164003869117,0,1115500,0.03720689770187786,514000,596000,0.019879256862679696,0.01725,0.017,34817000,34865000,https://find-and-update.company-information.service.gov.uk/search/companies?q=Alumasc+Group+PLC,https://find-and-update.company-information.service.gov.uk/search/companies?q=Alumasc+Group+PLC,1620586996,15:03:16,20210509
68,2002-09-30,ALU.L,GBP,2002-09-30,2002-09-30,Q3,29411750,22202500,7209250,0.24511462255731128,266000,0,0,85000,3757500,27448750,127000,952750,2915750,0.09913554956777479,1963000,0.06674203337101668,0,1869250,0.06355453177726589,563500,1299750,0.04419152209576105,0.03725,0.03725,34816788,34816788,https://find-and-update.company-information.service.gov.uk/search/companies?q=Alumasc+Group+PLC,https://find-and-update.company-information.service.gov.uk/search/companies?q=Alumasc+Group+PLC,1620586996,15:03:16,20210509
69,2002-06-30,ALU.L,GBP,2002-06-30,2002-06-30,Q2,29411750,22202500,7209250,0.24511462255731128,266000,0,0,85000,3757500,27448750,127000,952750,2915750,0.09913554956777479,1963000,0.06674203337101668,0,1869250,0.06355453177726589,563500,1299750,0.04419152209576105,0.03725,0.03725,34816788,34816788,https://find-and-update.company-information.service.gov.uk/search/companies?q=Alumasc+Group+PLC,https://find-and-update.company-information.service.gov.uk/search/companies?q=Alumasc+Group+PLC,1620586996,15:03:16,20210509
70,2002-03-31,ALU.L,GBP,2002-03-31,2002-03-31,Q1,29411750,22202500,7209250,0.24511462255731128,266000,0,0,85000,3757500,27448750,127000,952750,2915750,0.09913554956777479,1963000,0.06674203337101668,0,1869250,0.06355453177726589,563500,1299750,0.04419152209576105,0.03725,0.03725,34816788,34816788,https://find-and-update.company-information.service.gov.uk/search/companies?q=Alumasc+Group+PLC,https://find-and-update.company-information.service.gov.uk/search/companies?q=Alumasc+Group+PLC,1620586996,15:03:16,20210509
71,2002-01-31,ALU.L,GBP,2002-01-31,2002-01-31,Q1,29411750,22202500,7209250,0.24511462255731128,266000,0,0,85000,3757500,27448750,127000,952750,2915750,0.09913554956777479,1963000,0.06674203337101668,0,1869250,0.06355453177726589,563500,1299750,0.04419152209576105,0.03725,0.03725,34816788,34816788,https://find-and-update.company-information.service.gov.uk/search/companies?q=Alumasc+Group+PLC,https://find-and-update.company-information.service.gov.uk/search/companies?q=Alumasc+Group+PLC,1620586996,15:03:16,20210509
72,2001-09-30,ALU.L,GBP,2001-09-30,2001-09-30,Q3,29148500,22376250,6772250,0.23233614079626738,216750,0,0,0,4033000,27861250,100000,973500,2260750,0.07755973720774655,1287250,0.0441617922020001,0,752000,0.025798926188311578,232000,536250,0.01839717309638575,0.0145,0.0145,36718000,36718000,https://find-and-update.company-information.service.gov.uk/search/companies?q=Alumasc+Group+PLC,https://find-and-update.company-information.service.gov.uk/search/companies?q=Alumasc+Group+PLC,1620586996,15:03:16,20210509
73,2001-06-30,ALU.L,GBP,2001-06-30,2001-06-30,Q2,29148500,22376250,6772250,0.23233614079626738,216750,0,0,0,4033000,27861250,100000,973500,2260750,0.07755973720774655,1287250,0.0441617922020001,0,752000,0.025798926188311578,232000,536250,0.01839717309638575,0.0145,0.0145,36718000,36718000,https://find-and-update.company-information.service.gov.uk/search/companies?q=Alumasc+Group+PLC,https://find-and-update.company-information.service.gov.uk/search/companies?q=Alumasc+Group+PLC,1620586996,15:03:16,20210509
74,2001-03-31,ALU.L,GBP,2001-03-31,2001-03-31,Q1,29148500,22376250,6772250,0.23233614079626738,216750,0,0,0,4033000,27861250,100000,973500,2260750,0.07755973720774655,1287250,0.0441617922020001,0,752000,0.025798926188311578,232000,536250,0.01839717309638575,0.0145,0.0145,36718000,36718000,https://find-and-update.company-information.service.gov.uk/search/companies?q=Alumasc+Group+PLC,https://find-and-update.company-information.service.gov.uk/search/companies?q=Alumasc+Group+PLC,1620586996,15:03:16,20210509
75,2001-01-31,ALU.L,GBP,2001-01-31,2001-01-31,Q1,29148500,22376250,6772250,0.23233614079626738,216750,0,0,0,4033000,27861250,100000,973500,2260750,0.07755973720774655,1287250,0.0441617922020001,0,752000,0.025798926188311578,232000,536250,0.01839717309638575,0.0145,0.0145,36718000,36718000,https://find-and-update.company-information.service.gov.uk/search/companies?q=Alumasc+Group+PLC,https://find-and-update.company-information.service.gov.uk/search/companies?q=Alumasc+Group+PLC,1620586996,15:03:16,20210509
76,2000-09-30,ALU.L,GBP,2000-09-30,2000-09-30,Q3,34010000,25325000,8685000,0.25536606880329316,176750,0,0,0,4971250,31619000,82250,988750,3379750,0.09937518376947957,2391000,0.07030285210232284,0,2635000,0.07747721258453397,739250,1932000,0.05680682152308145,0.04825,0.04825,40008000,40008000,https://find-and-update.company-information.service.gov.uk/search/companies?q=Alumasc+Group+PLC,https://find-and-update.company-information.service.gov.uk/search/companies?q=Alumasc+Group+PLC,1620586996,15:03:16,20210509
77,2000-06-30,ALU.L,GBP,2000-06-30,2000-06-30,Q2,34010000,25325000,8685000,0.25536606880329316,176750,0,0,0,4971250,31619000,82250,988750,3379750,0.09937518376947957,2391000,0.07030285210232284,0,2635000,0.07747721258453397,739250,1932000,0.05680682152308145,0.04825,0.04825,40008000,40008000,https://find-and-update.company-information.service.gov.uk/search/companies?q=Alumasc+Group+PLC,https://find-and-update.company-information.service.gov.uk/search/companies?q=Alumasc+Group+PLC,1620586996,15:03:16,20210509
78,2000-03-31,ALU.L,GBP,2000-03-31,2000-03-31,Q1,34010000,25325000,8685000,0.25536606880329316,176750,0,0,0,4971250,31619000,82250,988750,3379750,0.09937518376947957,2391000,0.07030285210232284,0,2635000,0.07747721258453397,739250,1932000,0.05680682152308145,0.04825,0.04825,40008000,40008000,https://find-and-update.company-information.service.gov.uk/search/companies?q=Alumasc+Group+PLC,https://find-and-update.company-information.service.gov.uk/search/companies?q=Alumasc+Group+PLC,1620586996,15:03:16,20210509
79,2000-01-31,ALU.L,GBP,2000-01-31,2000-01-31,Q1,34010000,25325000,8685000,0.25536606880329316,176750,0,0,0,4971250,31619000,82250,988750,3379750,0.09937518376947957,2391000,0.07030285210232284,0,2635000,0.07747721258453397,739250,1932000,0.05680682152308145,0.04825,0.04825,40008000,40008000,https://find-and-update.company-information.service.gov.uk/search/companies?q=Alumasc+Group+PLC,https://find-and-update.company-information.service.gov.uk/search/companies?q=Alumasc+Group+PLC,1620586996,15:03:16,20210509
80,1999-09-30,ALU.L,GBP,1999-09-30,1999-09-30,Q3,36824250,30041250,6783000,0.18419927086091367,195250,0,0,0,-1371250,30277500,287500,1157750,7704500,0.2092235415521022,6546750,0.17778366158170228,0,-2329250,-0.06325315518985451,160500,-2495000,-0.06775426519209489,-0.06175,-0.06175,40345000,40345000,https://find-and-update.company-information.service.gov.uk/search/companies?q=Alumasc+Group+PLC,https://find-and-update.company-information.service.gov.uk/search/companies?q=Alumasc+Group+PLC,1620586996,15:03:16,20210509
81,1999-06-30,ALU.L,GBP,1999-06-30,1999-06-30,Q2,36824250,30041250,6783000,0.18419927086091367,195250,0,0,0,-1371250,30277500,287500,1157750,7704500,0.2092235415521022,6546750,0.17778366158170228,0,-2329250,-0.06325315518985451,160500,-2495000,-0.06775426519209489,-0.06175,-0.06175,40345000,40345000,https://find-and-update.company-information.service.gov.uk/search/companies?q=Alumasc+Group+PLC,https://find-and-update.company-information.service.gov.uk/search/companies?q=Alumasc+Group+PLC,1620586996,15:03:16,20210509
82,1999-03-31,ALU.L,GBP,1999-03-31,1999-03-31,Q1,36824250,30041250,6783000,0.18419927086091367,195250,0,0,0,-1371250,30277500,287500,1157750,7704500,0.2092235415521022,6546750,0.17778366158170228,0,-2329250,-0.06325315518985451,160500,-2495000,-0.06775426519209489,-0.06175,-0.06175,40345000,40345000,https://find-and-update.company-information.service.gov.uk/search/companies?q=Alumasc+Group+PLC,https://find-and-update.company-information.service.gov.uk/search/companies?q=Alumasc+Group+PLC,1620586996,15:03:16,20210509
83,1999-01-31,ALU.L,GBP,1999-01-31,1999-01-31,Q1,36824250,30041250,6783000,0.18419927086091367,195250,0,0,0,-1371250,30277500,287500,1157750,7704500,0.2092235415521022,6546750,0.17778366158170228,0,-2329250,-0.06325315518985451,160500,-2495000,-0.06775426519209489,-0.06175,-0.06175,40345000,40345000,https://find-and-update.company-information.service.gov.uk/search/companies?q=Alumasc+Group+PLC,https://find-and-update.company-information.service.gov.uk/search/companies?q=Alumasc+Group+PLC,1620586996,15:03:16,20210509
84,1998-09-30,ALU.L,GBP,1998-09-30,1998-09-30,Q3,41507500,0,0,0.0,179250,0,0,0,37194750,38734250,375000,1086750,3860000,0.09299524182376678,2773250,0.06681322652532674,0,2396250,0.057730530626995125,600750,1800250,0.04337167981690056,0.04475,0.04475,40321000,40321000,https://find-and-update.company-information.service.gov.uk/search/companies?q=Alumasc+Group+PLC,https://find-and-update.company-information.service.gov.uk/search/companies?q=Alumasc+Group+PLC,1620586996,15:03:16,20210509
85,1998-06-30,ALU.L,GBP,1998-06-30,1998-06-30,Q2,41507500,0,0,0.0,179250,0,0,0,37194750,38734250,375000,1086750,3860000,0.09299524182376678,2773250,0.06681322652532674,0,2396250,0.057730530626995125,600750,1800250,0.04337167981690056,0.04475,0.04475,40321000,40321000,https://find-and-update.company-information.service.gov.uk/search/companies?q=Alumasc+Group+PLC,https://find-and-update.company-information.service.gov.uk/search/companies?q=Alumasc+Group+PLC,1620586996,15:03:16,20210509
86,1998-03-31,ALU.L,GBP,1998-03-31,1998-03-31,Q1,41507500,0,0,0.0,179250,0,0,0,37194750,38734250,375000,1086750,3860000,0.09299524182376678,2773250,0.06681322652532674,0,2396250,0.057730530626995125,600750,1800250,0.04337167981690056,0.04475,0.04475,40321000,40321000,https://find-and-update.company-information.service.gov.uk/search/companies?q=Alumasc+Group+PLC,https://find-and-update.company-information.service.gov.uk/search/companies?q=Alumasc+Group+PLC,1620586996,15:03:16,20210509
87,1998-01-31,ALU.L,GBP,1998-01-31,1998-01-31,Q1,41507500,0,0,0.0,179250,0,0,0,37194750,38734250,375000,1086750,3860000,0.09299524182376678,2773250,0.06681322652532674,0,2396250,0.057730530626995125,600750,1800250,0.04337167981690056,0.04475,0.04475,40321000,40321000,https://find-and-update.company-information.service.gov.uk/search/companies?q=Alumasc+Group+PLC,https://find-and-update.company-information.service.gov.uk/search/companies?q=Alumasc+Group+PLC,1620586996,15:03:16,20210509
88,1997-09-30,ALU.L,GBP,1997-09-30,1997-09-30,Q3,42926750,0,0,0.0,206500,0,0,0,37436750,39114500,356000,1131500,4943750,0.11516711607564048,3812250,0.08880826058343573,0,3694000,0.08605356799664544,1162000,2542250,0.059222978678795855,0.06325,0.06325,40258000,40258000,https://find-and-update.company-information.service.gov.uk/search/companies?q=Alumasc+Group+PLC,https://find-and-update.company-information.service.gov.uk/search/companies?q=Alumasc+Group+PLC,1620586996,15:03:16,20210509
89,1997-06-30,ALU.L,GBP,1997-06-30,1997-06-30,Q2,42926750,0,0,0.0,206500,0,0,0,37436750,39114500,356000,1131500,4943750,0.11516711607564048,3812250,0.08880826058343573,0,3694000,0.08605356799664544,1162000,2542250,0.059222978678795855,0.06325,0.06325,40258000,40258000,https://find-and-update.company-information.service.gov.uk/search/companies?q=Alumasc+Group+PLC,https://find-and-update.company-information.service.gov.uk/search/companies?q=Alumasc+Group+PLC,1620586996,15:03:16,20210509
90,1997-03-31,ALU.L,GBP,1997-03-31,1997-03-31,Q1,42926750,0,0,0.0,206500,0,0,0,37436750,39114500,356000,1131500,4943750,0.11516711607564048,3812250,0.08880826058343573,0,3694000,0.08605356799664544,1162000,2542250,0.059222978678795855,0.06325,0.06325,40258000,40258000,https://find-and-update.company-information.service.gov.uk/search/companies?q=Alumasc+Group+PLC,https://find-and-update.company-information.service.gov.uk/search/companies?q=Alumasc+Group+PLC,1620586996,15:03:16,20210509
91,1997-01-31,ALU.L,GBP,1997-01-31,1997-01-31,Q1,42926750,0,0,0.0,206500,0,0,0,37436750,39114500,356000,1131500,4943750,0.11516711607564048,3812250,0.08880826058343573,0,3694000,0.08605356799664544,1162000,2542250,0.059222978678795855,0.06325,0.06325,40258000,40258000,https://find-and-update.company-information.service.gov.uk/search/companies?q=Alumasc+Group+PLC,https://find-and-update.company-information.service.gov.uk/search/companies?q=Alumasc+Group+PLC,1620586996,15:03:16,20210509
92,1996-09-30,ALU.L,GBP,1996-09-30,1996-09-30,Q3,38019250,0,0,0.0,122750,0,0,0,33062000,34420000,286500,998250,4597500,0.120925583750337,3599250,0.09466914786588373,0,3519250,0.09256495064999967,1179250,2331000,0.06131104637782176,0.06075,0.06075,38331000,38331000,https://find-and-update.company-information.service.gov.uk/search/companies?q=Alumasc+Group+PLC,https://find-and-update.company-information.service.gov.uk/search/companies?q=Alumasc+Group+PLC,1620586996,15:03:16,20210509
93,1996-06-30,ALU.L,GBP,1996-06-30,1996-06-30,Q2,38019250,0,0,0.0,122750,0,0,0,33062000,34420000,286500,998250,4597500,0.120925583750337,3599250,0.09466914786588373,0,3519250,0.09256495064999967,1179250,2331000,0.06131104637782176,0.06075,0.06075,38331000,38331000,https://find-and-update.company-information.service.gov.uk/search/companies?q=Alumasc+Group+PLC,https://find-and-update.company-information.service.gov.uk/search/companies?q=Alumasc+Group+PLC,1620586996,15:03:16,20210509
94,1996-03-31,ALU.L,GBP,1996-03-31,1996-03-31,Q1,38019250,0,0,0.0,122750,0,0,0,33062000,34420000,286500,998250,4597500,0.120925583750337,3599250,0.09466914786588373,0,3519250,0.09256495064999967,1179250,2331000,0.06131104637782176,0.06075,0.06075,38331000,38331000,https://find-and-update.company-information.service.gov.uk/search/companies?q=Alumasc+Group+PLC,https://find-and-update.company-information.service.gov.uk/search/companies?q=Alumasc+Group+PLC,1620586996,15:03:16,20210509
95,1996-01-31,ALU.L,GBP,1996-01-31,1996-01-31,Q1,38019250,0,0,0.0,122750,0,0,0,33062000,34420000,286500,998250,4597500,0.120925583750337,3599250,0.09466914786588373,0,3519250,0.09256495064999967,1179250,2331000,0.06131104637782176,0.06075,0.06075,38331000,38331000,https://find-and-update.company-information.service.gov.uk/search/companies?q=Alumasc+Group+PLC,https://find-and-update.company-information.service.gov.uk/search/companies?q=Alumasc+Group+PLC,1620586996,15:03:16,20210509
96,1995-09-30,ALU.L,GBP,1995-09-30,1995-09-30,Q3,16286500,0,0,0.0,94250,0,0,0,12979750,13629750,12500,482000,3138750,0.19272096521659043,2656750,0.1631259018205262,0,2800500,0.17195223037485033,987500,1813000,0.11131919074079759,0.055081,0.055081,32951783,32951783,https://find-and-update.company-information.service.gov.uk/search/companies?q=Alumasc+Group+PLC,https://find-and-update.company-information.service.gov.uk/search/companies?q=Alumasc+Group+PLC,1620586996,15:03:16,20210509
97,1995-06-30,ALU.L,GBP,1995-06-30,1995-06-30,Q2,16286500,0,0,0.0,94250,0,0,0,12979750,13629750,12500,482000,3138750,0.19272096521659043,2656750,0.1631259018205262,0,2800500,0.17195223037485033,987500,1813000,0.11131919074079759,0.055081,0.055081,32951783,32951783,https://find-and-update.company-information.service.gov.uk/search/companies?q=Alumasc+Group+PLC,https://find-and-update.company-information.service.gov.uk/search/companies?q=Alumasc+Group+PLC,1620586996,15:03:16,20210509
98,1995-03-31,ALU.L,GBP,1995-03-31,1995-03-31,Q1,16286500,0,0,0.0,94250,0,0,0,12979750,13629750,12500,482000,3138750,0.19272096521659043,2656750,0.1631259018205262,0,2800500,0.17195223037485033,987500,1813000,0.11131919074079759,0.055081,0.055081,32951783,32951783,https://find-and-update.company-information.service.gov.uk/search/companies?q=Alumasc+Group+PLC,https://find-and-update.company-information.service.gov.uk/search/companies?q=Alumasc+Group+PLC,1620586996,15:03:16,20210509
99,1995-01-31,ALU.L,GBP,1995-01-31,1995-01-31,Q1,16286500,0,0,0.0,94250,0,0,0,12979750,13629750,12500,482000,3138750,0.19272096521659043,2656750,0.1631259018205262,0,2800500,0.17195223037485033,987500,1813000,0.11131919074079759,0.055081,0.055081,32951783,32951783,https://find-and-update.company-information.service.gov.uk/search/companies?q=Alumasc+Group+PLC,https://find-and-update.company-information.service.gov.uk/search/companies?q=Alumasc+Group+PLC,1620586996,15:03:16,20210509
100,1994-09-30,ALU.L,GBP,1994-09-30,1994-09-30,Q3,13633500,0,0,0.0,89500,0,0,0,10922250,11478500,20500,407000,2562000,0.18791946308724833,2155000,0.1580665273040672,0,2222750,0.16303590420655004,767250,1455500,0.10675908607474237,0.044724,0.044724,32566252,32566252,https://find-and-update.company-information.service.gov.uk/search/companies?q=Alumasc+Group+PLC,https://find-and-update.company-information.service.gov.uk/search/companies?q=Alumasc+Group+PLC,1620586996,15:03:16,20210509
101,1994-06-30,ALU.L,GBP,1994-06-30,1994-06-30,Q2,13633500,0,0,0.0,89500,0,0,0,10922250,11478500,20500,407000,2562000,0.18791946308724833,2155000,0.1580665273040672,0,2222750,0.16303590420655004,767250,1455500,0.10675908607474237,0.044724,0.044724,32566252,32566252,https://find-and-update.company-information.service.gov.uk/search/companies?q=Alumasc+Group+PLC,https://find-and-update.company-information.service.gov.uk/search/companies?q=Alumasc+Group+PLC,1620586996,15:03:16,20210509
102,1994-03-31,ALU.L,GBP,1994-03-31,1994-03-31,Q1,13633500,0,0,0.0,89500,0,0,0,10922250,11478500,20500,407000,2562000,0.18791946308724833,2155000,0.1580665273040672,0,2222750,0.16303590420655004,767250,1455500,0.10675908607474237,0.044724,0.044724,32566252,32566252,https://find-and-update.company-information.service.gov.uk/search/companies?q=Alumasc+Group+PLC,https://find-and-update.company-information.service.gov.uk/search/companies?q=Alumasc+Group+PLC,1620586996,15:03:16,20210509
103,1994-01-31,ALU.L,GBP,1994-01-31,1994-01-31,Q1,13633500,0,0,0.0,89500,0,0,0,10922250,11478500,20500,407000,2562000,0.18791946308724833,2155000,0.1580665273040672,0,2222750,0.16303590420655004,767250,1455500,0.10675908607474237,0.044724,0.044724,32566252,32566252,https://find-and-update.company-information.service.gov.uk/search/companies?q=Alumasc+Group+PLC,https://find-and-update.company-information.service.gov.uk/search/companies?q=Alumasc+Group+PLC,1620586996,15:03:16,20210509
104,1993-09-30,ALU.L,GBP,1993-09-30,1993-09-30,Q3,11235000,0,0,0.0,94750,0,0,0,8906000,9417500,34750,349250,2166750,0.19285714285714287,1817500,0.1617712505562973,0,1886750,0.16793502447708056,639000,1247750,0.11105919003115265,0.0398985,0.0398985,31286458,31286458,https://find-and-update.company-information.service.gov.uk/search/companies?q=Alumasc+Group+PLC,https://find-and-update.company-information.service.gov.uk/search/companies?q=Alumasc+Group+PLC,1620586996,15:03:16,20210509
105,1993-06-30,ALU.L,GBP,1993-06-30,1993-06-30,Q2,11235000,0,0,0.0,94750,0,0,0,8906000,9417500,34750,349250,2166750,0.19285714285714287,1817500,0.1617712505562973,0,1886750,0.16793502447708056,639000,1247750,0.11105919003115265,0.0398985,0.0398985,31286458,31286458,https://find-and-update.company-information.service.gov.uk/search/companies?q=Alumasc+Group+PLC,https://find-and-update.company-information.service.gov.uk/search/companies?q=Alumasc+Group+PLC,1620586996,15:03:16,20210509
106,1993-03-31,ALU.L,GBP,1993-03-31,1993-03-31,Q1,11235000,0,0,0.0,94750,0,0,0,8906000,9417500,34750,349250,2166750,0.19285714285714287,1817500,0.1617712505562973,0,1886750,0.16793502447708056,639000,1247750,0.11105919003115265,0.0398985,0.0398985,31286458,31286458,https://find-and-update.company-information.service.gov.uk/search/companies?q=Alumasc+Group+PLC,https://find-and-update.company-information.service.gov.uk/search/companies?q=Alumasc+Group+PLC,1620586996,15:03:16,20210509
107,1993-01-31,ALU.L,GBP,1993-01-31,1993-01-31,Q1,11235000,0,0,0.0,94750,0,0,0,8906000,9417500,34750,349250,2166750,0.19285714285714287,1817500,0.1617712505562973,0,1886750,0.16793502447708056,639000,1247750,0.11105919003115265,0.0398985,0.0398985,31286458,31286458,https://find-and-update.company-information.service.gov.uk/search/companies?q=Alumasc+Group+PLC,https://find-and-update.company-information.service.gov.uk/search/companies?q=Alumasc+Group+PLC,1620586996,15:03:16,20210509
108,1992-09-30,ALU.L,GBP,1992-09-30,1992-09-30,Q3,11331250,0,0,0.0,85250,0,0,0,8971250,9607250,94000,497500,2221500,0.1960507446221732,1724000,0.15214561500275786,0,1800500,0.15889685603971318,652500,1148000,0.10131274131274132,0.0368385,0.0368385,31146264,31146264,https://find-and-update.company-information.service.gov.uk/search/companies?q=Alumasc+Group+PLC,https://find-and-update.company-information.service.gov.uk/search/companies?q=Alumasc+Group+PLC,1620586996,15:03:16,20210509
109,1992-06-30,ALU.L,GBP,1992-06-30,1992-06-30,Q2,11331250,0,0,0.0,85250,0,0,0,8971250,9607250,94000,497500,2221500,0.1960507446221732,1724000,0.15214561500275786,0,1800500,0.15889685603971318,652500,1148000,0.10131274131274132,0.0368385,0.0368385,31146264,31146264,https://find-and-update.company-information.service.gov.uk/search/companies?q=Alumasc+Group+PLC,https://find-and-update.company-information.service.gov.uk/search/companies?q=Alumasc+Group+PLC,1620586996,15:03:16,20210509
110,1992-03-31,ALU.L,GBP,1992-03-31,1992-03-31,Q1,11331250,0,0,0.0,85250,0,0,0,8971250,9607250,94000,497500,2221500,0.1960507446221732,1724000,0.15214561500275786,0,1800500,0.15889685603971318,652500,1148000,0.10131274131274132,0.0368385,0.0368385,31146264,31146264,https://find-and-update.company-information.service.gov.uk/search/companies?q=Alumasc+Group+PLC,https://find-and-update.company-information.service.gov.uk/search/companies?q=Alumasc+Group+PLC,1620586996,15:03:16,20210509
111,1992-01-31,ALU.L,GBP,1992-01-31,1992-01-31,Q1,11331250,0,0,0.0,85250,0,0,0,8971250,9607250,94000,497500,2221500,0.1960507446221732,1724000,0.15214561500275786,0,1800500,0.15889685603971318,652500,1148000,0.10131274131274132,0.0368385,0.0368385,31146264,31146264,https://find-and-update.company-information.service.gov.uk/search/companies?q=Alumasc+Group+PLC,https://find-and-update.company-information.service.gov.uk/search/companies?q=Alumasc+Group+PLC,1620586996,15:03:16,20210509
112,1991-09-30,ALU.L,GBP,1991-09-30,1991-09-30,Q3,10437750,0,0,0.0,72250,0,0,0,9921750,10437750,128750,388000,1978500,5.275587566338135,0,0.0,0,1461500,0.14002059830902253,553000,908500,0.08703983138128428,0.03350075,0.03350075,27118895,27118895,https://find-and-update.company-information.service.gov.uk/search/companies?q=Alumasc+Group+PLC,https://find-and-update.company-information.service.gov.uk/search/companies?q=Alumasc+Group+PLC,1620586996,15:03:16,20210509
113,1991-06-30,ALU.L,GBP,1991-06-30,1991-06-30,Q2,10437750,0,0,0.0,72250,0,0,0,9921750,10437750,128750,388000,1978500,5.275587566338135,0,0.0,0,1461500,0.14002059830902253,553000,908500,0.08703983138128428,0.03350075,0.03350075,27118895,27118895,https://find-and-update.company-information.service.gov.uk/search/companies?q=Alumasc+Group+PLC,https://find-and-update.company-information.service.gov.uk/search/companies?q=Alumasc+Group+PLC,1620586996,15:03:16,20210509
114,1991-03-31,ALU.L,GBP,1991-03-31,1991-03-31,Q1,10437750,0,0,0.0,72250,0,0,0,9921750,10437750,128750,388000,1978500,5.275587566338135,0,0.0,0,1461500,0.14002059830902253,553000,908500,0.08703983138128428,0.03350075,0.03350075,27118895,27118895,https://find-and-update.company-information.service.gov.uk/search/companies?q=Alumasc+Group+PLC,https://find-and-update.company-information.service.gov.uk/search/companies?q=Alumasc+Group+PLC,1620586996,15:03:16,20210509
115,1991-01-31,ALU.L,GBP,1991-01-31,1991-01-31,Q1,10437750,0,0,0.0,72250,0,0,0,9921750,10437750,128750,388000,1978500,5.275587566338135,0,0.0,0,1461500,0.14002059830902253,553000,908500,0.08703983138128428,0.03350075,0.03350075,27118895,27118895,https://find-and-update.company-information.service.gov.uk/search/companies?q=Alumasc+Group+PLC,https://find-and-update.company-information.service.gov.uk/search/companies?q=Alumasc+Group+PLC,1620586996,15:03:16,20210509
116,1990-09-30,ALU.L,GBP,1990-09-30,1990-09-30,Q3,11299000,0,0,0.0,0,0,0,0,10907750,11299000,151000,354250,1717000,6.580663948747816,0,0.0,0,1211750,0.10724400389414993,425750,678000,0.06000531020444287,0.025906,0.025906,26171528,26171528,https://find-and-update.company-information.service.gov.uk/search/companies?q=Alumasc+Group+PLC,https://find-and-update.company-information.service.gov.uk/search/companies?q=Alumasc+Group+PLC,1620586996,15:03:16,20210509
117,1990-06-30,ALU.L,GBP,1990-06-30,1990-06-30,Q2,11299000,0,0,0.0,0,0,0,0,10907750,11299000,151000,354250,1717000,6.580663948747816,0,0.0,0,1211750,0.10724400389414993,425750,678000,0.06000531020444287,0.025906,0.025906,26171528,26171528,https://find-and-update.company-information.service.gov.uk/search/companies?q=Alumasc+Group+PLC,https://find-and-update.company-information.service.gov.uk/search/companies?q=Alumasc+Group+PLC,1620586996,15:03:16,20210509
118,1990-03-31,ALU.L,GBP,1990-03-31,1990-03-31,Q1,11299000,0,0,0.0,0,0,0,0,10907750,11299000,151000,354250,1717000,6.580663948747816,0,0.0,0,1211750,0.10724400389414993,425750,678000,0.06000531020444287,0.025906,0.025906,26171528,26171528,https://find-and-update.company-information.service.gov.uk/search/companies?q=Alumasc+Group+PLC,https://find-and-update.company-information.service.gov.uk/search/companies?q=Alumasc+Group+PLC,1620586996,15:03:16,20210509
119,1990-01-31,ALU.L,GBP,1990-01-31,1990-01-31,Q1,11299000,0,0,0.0,0,0,0,0,10907750,11299000,151000,354250,1717000,6.580663948747816,0,0.0,0,1211750,0.10724400389414993,425750,678000,0.06000531020444287,0.025906,0.025906,26171528,26171528,https://find-and-update.company-information.service.gov.uk/search/companies?q=Alumasc+Group+PLC,https://find-and-update.company-information.service.gov.uk/search/companies?q=Alumasc+Group+PLC,1620586996,15:03:16,20210509
120,1989-09-30,ALU.L,GBP,1989-09-30,1989-09-30,Q3,9292000,0,0,0.0,0,0,0,0,8961000,9292000,79500,305000,1333250,6.969435589724358,0,0.0,0,948750,0.1021039603960396,310750,560750,0.06034761084804133,0.02147125,0.02147125,26116301,26116301,https://find-and-update.company-information.service.gov.uk/search/companies?q=Alumasc+Group+PLC,https://find-and-update.company-information.service.gov.uk/search/companies?q=Alumasc+Group+PLC,1620586996,15:03:16,20210509
121,1989-06-30,ALU.L,GBP,1989-06-30,1989-06-30,Q2,9292000,0,0,0.0,0,0,0,0,8961000,9292000,79500,305000,1333250,6.969435589724358,0,0.0,0,948750,0.1021039603960396,310750,560750,0.06034761084804133,0.02147125,0.02147125,26116301,26116301,https://find-and-update.company-information.service.gov.uk/search/companies?q=Alumasc+Group+PLC,https://find-and-update.company-information.service.gov.uk/search/companies?q=Alumasc+Group+PLC,1620586996,15:03:16,20210509
122,1989-03-31,ALU.L,GBP,1989-03-31,1989-03-31,Q1,9292000,0,0,0.0,0,0,0,0,8961000,9292000,79500,305000,1333250,6.969435589724358,0,0.0,0,948750,0.1021039603960396,310750,560750,0.06034761084804133,0.02147125,0.02147125,26116301,26116301,https://find-and-update.company-information.service.gov.uk/search/companies?q=Alumasc+Group+PLC,https://find-and-update.company-information.service.gov.uk/search/companies?q=Alumasc+Group+PLC,1620586996,15:03:16,20210509
123,1989-01-31,ALU.L,GBP,1989-01-31,1989-01-31,Q1,9292000,0,0,0.0,0,0,0,0,8961000,9292000,79500,305000,1333250,6.969435589724358,0,0.0,0,948750,0.1021039603960396,310750,560750,0.06034761084804133,0.02147125,0.02147125,26116301,26116301,https://find-and-update.company-information.service.gov.uk/search/companies?q=Alumasc+Group+PLC,https://find-and-update.company-information.service.gov.uk/search/companies?q=Alumasc+Group+PLC,1620586996,15:03:16,20210509
124,1988-09-30,ALU.L,GBP,1988-09-30,1988-09-30,Q3,6838250,0,0,0.0,0,0,0,0,6524000,6713250,8500,160500,285500,0.04175044784849925,125000,0.018279530581654664,0,998250,0.14598033122509413,262750,945500,0.13826636931963587,0.0362535,0.0362535,26080190,26080190,https://find-and-update.company-information.service.gov.uk/search/companies?q=Alumasc+Group+PLC,https://find-and-update.company-information.service.gov.uk/search/companies?q=Alumasc+Group+PLC,1620586996,15:03:16,20210509
125,1988-06-30,ALU.L,GBP,1988-06-30,1988-06-30,Q2,6838250,0,0,0.0,0,0,0,0,6524000,6713250,8500,160500,285500,0.04175044784849925,125000,0.018279530581654664,0,998250,0.14598033122509413,262750,945500,0.13826636931963587,0.0362535,0.0362535,26080190,26080190,https://find-and-update.company-information.service.gov.uk/search/companies?q=Alumasc+Group+PLC,https://find-and-update.company-information.service.gov.uk/search/companies?q=Alumasc+Group+PLC,1620586996,15:03:16,20210509
126,1988-03-31,ALU.L,GBP,1988-03-31,1988-03-31,Q1,6838250,0,0,0.0,0,0,0,0,6524000,6713250,8500,160500,285500,0.04175044784849925,125000,0.018279530581654664,0,998250,0.14598033122509413,262750,945500,0.13826636931963587,0.0362535,0.0362535,26080190,26080190,https://find-and-update.company-information.service.gov.uk/search/companies?q=Alumasc+Group+PLC,https://find-and-update.company-information.service.gov.uk/search/companies?q=Alumasc+Group+PLC,1620586996,15:03:16,20210509
127,1988-01-31,ALU.L,GBP,1988-01-31,1988-01-31,Q1,6838250,0,0,0.0,0,0,0,0,6524000,6713250,8500,160500,285500,0.04175044784849925,125000,0.018279530581654664,0,998250,0.14598033122509413,262750,945500,0.13826636931963587,0.0362535,0.0362535,26080190,26080190,https://find-and-update.company-information.service.gov.uk/search/companies?q=Alumasc+Group+PLC,https://find-and-update.company-information.service.gov.uk/search/companies?q=Alumasc+Group+PLC,1620586996,15:03:16,20210509
128,1987-09-30,ALU.L,GBP,1987-09-30,1987-09-30,Q3,7716250,0,0,0.0,0,0,0,0,7533500,7716250,24000,143750,1424250,5.41776373529928,0,0.0,0,1256500,0.1628381662076786,390500,866000,0.11223068200226793,0.03321075,0.03321075,26075942,26075942,https://find-and-update.company-information.service.gov.uk/search/companies?q=Alumasc+Group+PLC,https://find-and-update.company-information.service.gov.uk/search/companies?q=Alumasc+Group+PLC,1620586996,15:03:16,20210509
129,1987-06-30,ALU.L,GBP,1987-06-30,1987-06-30,Q2,7716250,0,0,0.0,0,0,0,0,7533500,7716250,24000,143750,1424250,5.41776373529928,0,0.0,0,1256500,0.1628381662076786,390500,866000,0.11223068200226793,0.03321075,0.03321075,26075942,26075942,https://find-and-update.company-information.service.gov.uk/search/companies?q=Alumasc+Group+PLC,https://find-and-update.company-information.service.gov.uk/search/companies?q=Alumasc+Group+PLC,1620586996,15:03:16,20210509
130,1987-03-31,ALU.L,GBP,1987-03-31,1987-03-31,Q1,7716250,0,0,0.0,0,0,0,0,7533500,7716250,24000,143750,1424250,5.41776373529928,0,0.0,0,1256500,0.1628381662076786,390500,866000,0.11223068200226793,0.03321075,0.03321075,26075942,26075942,https://find-and-update.company-information.service.gov.uk/search/companies?q=Alumasc+Group+PLC,https://find-and-update.company-information.service.gov.uk/search/companies?q=Alumasc+Group+PLC,1620586996,15:03:16,20210509
131,1987-01-31,ALU.L,GBP,1987-01-31,1987-01-31,Q1,7716250,0,0,0.0,0,0,0,0,7533500,7716250,24000,143750,1424250,5.41776373529928,0,0.0,0,1256500,0.1628381662076786,390500,866000,0.11223068200226793,0.03321075,0.03321075,26075942,26075942,https://find-and-update.company-information.service.gov.uk/search/companies?q=Alumasc+Group+PLC,https://find-and-update.company-information.service.gov.uk/search/companies?q=Alumasc+Group+PLC,1620586996,15:03:16,20210509
132,1986-09-30,ALU.L,GBP,1986-09-30,1986-09-30,Q3,6591500,0,0,0.0,0,0,0,0,6445000,6591500,91000,115000,897500,7.344289693593315,0,0.0,0,691500,0.10490783584919973,242000,449500,0.06819388606538725,0.017238,0.017238,26075942,26075942,https://find-and-update.company-information.service.gov.uk/search/companies?q=Alumasc+Group+PLC,https://find-and-update.company-information.service.gov.uk/search/companies?q=Alumasc+Group+PLC,1620586996,15:03:16,20210509
133,1986-06-30,ALU.L,GBP,1986-06-30,1986-06-30,Q2,6591500,0,0,0.0,0,0,0,0,6445000,6591500,91000,115000,897500,7.344289693593315,0,0.0,0,691500,0.10490783584919973,242000,449500,0.06819388606538725,0.017238,0.017238,26075942,26075942,https://find-and-update.company-information.service.gov.uk/search/companies?q=Alumasc+Group+PLC,https://find-and-update.company-information.service.gov.uk/search/companies?q=Alumasc+Group+PLC,1620586996,15:03:16,20210509
134,1986-03-31,ALU.L,GBP,1986-03-31,1986-03-31,Q1,6591500,0,0,0.0,0,0,0,0,6445000,6591500,91000,115000,897500,7.344289693593315,0,0.0,0,691500,0.10490783584919973,242000,449500,0.06819388606538725,0.017238,0.017238,26075942,26075942,https://find-and-update.company-information.service.gov.uk/search/companies?q=Alumasc+Group+PLC,https://find-and-update.company-information.service.gov.uk/search/companies?q=Alumasc+Group+PLC,1620586996,15:03:16,20210509
135,1986-01-31,ALU.L,GBP,1986-01-31,1986-01-31,Q1,6591500,0,0,0.0,0,0,0,0,6445000,6591500,91000,115000,897500,7.344289693593315,0,0.0,0,691500,0.10490783584919973,242000,449500,0.06819388606538725,0.017238,0.017238,26075942,26075942,https://find-and-update.company-information.service.gov.uk/search/companies?q=Alumasc+Group+PLC,https://find-and-update.company-information.service.gov.uk/search/companies?q=Alumasc+Group+PLC,1620586996,15:03:16,20210509
