,date,symbol,reportedCurrency,fillingDate,acceptedDate,period,revenue,costOfRevenue,grossProfit,grossProfitRatio,researchAndDevelopmentExpenses,generalAndAdministrativeExpenses,sellingAndMarketingExpenses,otherExpenses,operatingExpenses,costAndExpenses,interestExpense,depreciationAndAmortization,ebitda,ebitdaratio,operatingIncome,operatingIncomeRatio,totalOtherIncomeExpensesNet,incomeBeforeTax,incomeBeforeTaxRatio,incomeTaxExpense,netIncome,netIncomeRatio,eps,epsdiluted,weightedAverageShsOut,weightedAverageShsOutDil,link,finalLink,timestamp,est_time,est_date
0,2020-09-30,HSM.L,GBP,2020-09-30,2020-09-30,Q3,3471750.0,1699500.0,1772250.0,0.5104774249297904,0.0,503000.0,885750.0,0.0,0.0,3088250.0,48750.0,105250.0,488750.0,0.14077914596385108,383500.0,0.11046302297112408,0.0,342000.0,0.0985093972780298,74750.0,267250.0,0.07697846907179376,0.1055,0.1055,2534322.0,2534322.0,https://find-and-update.company-information.service.gov.uk/search/companies?q=Samuel+Heath+and+Sons+PLC,https://find-and-update.company-information.service.gov.uk/search/companies?q=Samuel+Heath+and+Sons+PLC,1620593254,16:47:34,20210509
1,2020-06-30,HSM.L,GBP,2020-06-30,2020-06-30,Q2,3471750.0,1699500.0,1772250.0,0.5104774249297904,0.0,503000.0,885750.0,0.0,0.0,3088250.0,48750.0,105250.0,488750.0,0.14077914596385108,383500.0,0.11046302297112408,0.0,342000.0,0.0985093972780298,74750.0,267250.0,0.07697846907179376,0.1055,0.1055,2534322.0,2534322.0,https://find-and-update.company-information.service.gov.uk/search/companies?q=Samuel+Heath+and+Sons+PLC,https://find-and-update.company-information.service.gov.uk/search/companies?q=Samuel+Heath+and+Sons+PLC,1620593254,16:47:34,20210509
2,2020-03-31,HSM.L,GBP,2020-03-31,2020-03-31,Q1,3471750.0,1699500.0,1772250.0,0.5104774249297904,0.0,503000.0,885750.0,0.0,0.0,3088250.0,48750.0,105250.0,488750.0,0.14077914596385108,383500.0,0.11046302297112408,0.0,342000.0,0.0985093972780298,74750.0,267250.0,0.07697846907179376,0.1055,0.1055,2534322.0,2534322.0,https://find-and-update.company-information.service.gov.uk/search/companies?q=Samuel+Heath+and+Sons+PLC,https://find-and-update.company-information.service.gov.uk/search/companies?q=Samuel+Heath+and+Sons+PLC,1620593254,16:47:34,20210509
3,2020-01-31,HSM.L,GBP,2020-01-31,2020-01-31,Q1,3471750.0,1699500.0,1772250.0,0.5104774249297904,0.0,503000.0,885750.0,0.0,0.0,3088250.0,48750.0,105250.0,488750.0,0.14077914596385108,383500.0,0.11046302297112408,0.0,342000.0,0.0985093972780298,74750.0,267250.0,0.07697846907179376,0.1055,0.1055,2534322.0,2534322.0,https://find-and-update.company-information.service.gov.uk/search/companies?q=Samuel+Heath+and+Sons+PLC,https://find-and-update.company-information.service.gov.uk/search/companies?q=Samuel+Heath+and+Sons+PLC,1620593254,16:47:34,20210509
4,2019-06-30,HSM.L,GBP,2019-06-30,2019-06-30,Q2,3473250.0,1781250.0,1692000.0,0.48715180306629235,0.0,478750.0,868500.0,0.0,0.0,3128500.0,45250.0,93750.0,438500.0,0.12625062981357518,344750.0,0.0992586194486432,0.0,220500.0,0.06348520837832002,36000.0,184500.0,0.05312027639818614,0.07275,0.07275,2534322.0,2534322.0,https://find-and-update.company-information.service.gov.uk/search/companies?q=Samuel+Heath+and+Sons+PLC,https://find-and-update.company-information.service.gov.uk/search/companies?q=Samuel+Heath+and+Sons+PLC,1620593254,16:47:34,20210509
5,2019-03-31,HSM.L,GBP,2019-03-31,2019-03-31,Q1,3473250.0,1781250.0,1692000.0,0.48715180306629235,0.0,478750.0,868500.0,0.0,0.0,3128500.0,45250.0,93750.0,438500.0,0.12625062981357518,344750.0,0.0992586194486432,0.0,220500.0,0.06348520837832002,36000.0,184500.0,0.05312027639818614,0.07275,0.07275,2534322.0,2534322.0,https://find-and-update.company-information.service.gov.uk/search/companies?q=Samuel+Heath+and+Sons+PLC,https://find-and-update.company-information.service.gov.uk/search/companies?q=Samuel+Heath+and+Sons+PLC,1620593254,16:47:34,20210509
6,2019-01-31,HSM.L,GBP,2019-01-31,2019-01-31,Q1,3473250.0,1781250.0,1692000.0,0.48715180306629235,0.0,478750.0,868500.0,0.0,0.0,3128500.0,45250.0,93750.0,438500.0,0.12625062981357518,344750.0,0.0992586194486432,0.0,220500.0,0.06348520837832002,36000.0,184500.0,0.05312027639818614,0.07275,0.07275,2534322.0,2534322.0,https://find-and-update.company-information.service.gov.uk/search/companies?q=Samuel+Heath+and+Sons+PLC,https://find-and-update.company-information.service.gov.uk/search/companies?q=Samuel+Heath+and+Sons+PLC,1620593254,16:47:34,20210509
7,2018-06-30,HSM.L,GBP,2018-06-30,2018-06-30,Q2,3588500.0,1808000.0,1780500.0,0.4961683154521388,0.0,505000.0,941750.0,0.0,0.0,3254750.0,47000.0,105750.0,439500.0,0.12247457154800055,333750.0,0.09300543402535878,0.0,294250.0,0.08199804932423017,49250.0,245000.0,0.06827365194370907,0.09675,0.09675,2534322.0,2534322.0,https://find-and-update.company-information.service.gov.uk/search/companies?q=Samuel+Heath+and+Sons+PLC,https://find-and-update.company-information.service.gov.uk/search/companies?q=Samuel+Heath+and+Sons+PLC,1620593254,16:47:34,20210509
8,2018-03-31,HSM.L,GBP,2018-03-31,2018-03-31,Q1,3588500.0,1808000.0,1780500.0,0.4961683154521388,0.0,505000.0,941750.0,0.0,0.0,3254750.0,47000.0,105750.0,439500.0,0.12247457154800055,333750.0,0.09300543402535878,0.0,294250.0,0.08199804932423017,49250.0,245000.0,0.06827365194370907,0.09675,0.09675,2534322.0,2534322.0,https://find-and-update.company-information.service.gov.uk/search/companies?q=Samuel+Heath+and+Sons+PLC,https://find-and-update.company-information.service.gov.uk/search/companies?q=Samuel+Heath+and+Sons+PLC,1620593254,16:47:34,20210509
9,2018-01-31,HSM.L,GBP,2018-01-31,2018-01-31,Q1,3588500.0,1808000.0,1780500.0,0.4961683154521388,0.0,505000.0,941750.0,0.0,0.0,3254750.0,47000.0,105750.0,439500.0,0.12247457154800055,333750.0,0.09300543402535878,0.0,294250.0,0.08199804932423017,49250.0,245000.0,0.06827365194370907,0.09675,0.09675,2534322.0,2534322.0,https://find-and-update.company-information.service.gov.uk/search/companies?q=Samuel+Heath+and+Sons+PLC,https://find-and-update.company-information.service.gov.uk/search/companies?q=Samuel+Heath+and+Sons+PLC,1620593254,16:47:34,20210509
10,2017-06-30,HSM.L,GBP,2017-06-30,2017-06-30,Q2,3263250.0,1596500.0,1666750.0,0.5107638090860339,0.0,487250.0,818500.0,0.0,0.0,2902250.0,141000.0,82250.0,443250.0,0.1358308434842565,361000.0,0.11062590975254731,0.0,308500.0,0.09453765417911592,55250.0,253250.0,0.07760668045660002,0.1,0.1,2534322.0,2534322.0,https://find-and-update.company-information.service.gov.uk/search/companies?q=Samuel+Heath+and+Sons+PLC,https://find-and-update.company-information.service.gov.uk/search/companies?q=Samuel+Heath+and+Sons+PLC,1620593254,16:47:34,20210509
11,2017-03-31,HSM.L,GBP,2017-03-31,2017-03-31,Q1,3263250.0,1596500.0,1666750.0,0.5107638090860339,0.0,487250.0,818500.0,0.0,0.0,2902250.0,141000.0,82250.0,443250.0,0.1358308434842565,361000.0,0.11062590975254731,0.0,308500.0,0.09453765417911592,55250.0,253250.0,0.07760668045660002,0.1,0.1,2534322.0,2534322.0,https://find-and-update.company-information.service.gov.uk/search/companies?q=Samuel+Heath+and+Sons+PLC,https://find-and-update.company-information.service.gov.uk/search/companies?q=Samuel+Heath+and+Sons+PLC,1620593254,16:47:34,20210509
12,2017-01-31,HSM.L,GBP,2017-01-31,2017-01-31,Q1,3263250.0,1596500.0,1666750.0,0.5107638090860339,0.0,487250.0,818500.0,0.0,0.0,2902250.0,141000.0,82250.0,443250.0,0.1358308434842565,361000.0,0.11062590975254731,0.0,308500.0,0.09453765417911592,55250.0,253250.0,0.07760668045660002,0.1,0.1,2534322.0,2534322.0,https://find-and-update.company-information.service.gov.uk/search/companies?q=Samuel+Heath+and+Sons+PLC,https://find-and-update.company-information.service.gov.uk/search/companies?q=Samuel+Heath+and+Sons+PLC,1620593254,16:47:34,20210509
13,2016-06-30,HSM.L,GBP,2016-06-30,2016-06-30,Q2,3146000.0,1632000.0,1514000.0,0.48124602670057215,0.0,454250.0,770750.0,0.0,0.0,2857000.0,54750.0,92250.0,381250.0,0.12118563254926891,289000.0,0.09186268277177369,0.0,236750.0,0.07525429116338207,44500.0,192250.0,0.06110934520025429,0.07575,0.07575,2534322.0,2534322.0,https://find-and-update.company-information.service.gov.uk/search/companies?q=Samuel+Heath+and+Sons+PLC,https://find-and-update.company-information.service.gov.uk/search/companies?q=Samuel+Heath+and+Sons+PLC,1620593254,16:47:34,20210509
14,2016-03-31,HSM.L,GBP,2016-03-31,2016-03-31,Q1,3146000.0,1632000.0,1514000.0,0.48124602670057215,0.0,454250.0,770750.0,0.0,0.0,2857000.0,54750.0,92250.0,381250.0,0.12118563254926891,289000.0,0.09186268277177369,0.0,236750.0,0.07525429116338207,44500.0,192250.0,0.06110934520025429,0.07575,0.07575,2534322.0,2534322.0,https://find-and-update.company-information.service.gov.uk/search/companies?q=Samuel+Heath+and+Sons+PLC,https://find-and-update.company-information.service.gov.uk/search/companies?q=Samuel+Heath+and+Sons+PLC,1620593254,16:47:34,20210509
15,2016-01-31,HSM.L,GBP,2016-01-31,2016-01-31,Q1,3146000.0,1632000.0,1514000.0,0.48124602670057215,0.0,454250.0,770750.0,0.0,0.0,2857000.0,54750.0,92250.0,381250.0,0.12118563254926891,289000.0,0.09186268277177369,0.0,236750.0,0.07525429116338207,44500.0,192250.0,0.06110934520025429,0.07575,0.07575,2534322.0,2534322.0,https://find-and-update.company-information.service.gov.uk/search/companies?q=Samuel+Heath+and+Sons+PLC,https://find-and-update.company-information.service.gov.uk/search/companies?q=Samuel+Heath+and+Sons+PLC,1620593254,16:47:34,20210509
16,2015-09-30,HSM.L,GBP,2015-09-30,2015-09-30,Q3,2799500.0,1468250.0,1331250.0,0.47553134488301485,0.0,430250.0,751500.0,0.0,0.0,2650000.0,41500.0,104500.0,254000.0,0.09073048758706911,149500.0,0.05340239328451509,0.0,110750.0,0.039560635827826394,12250.0,98500.0,0.03518485443829255,0.03875,0.03875,2534322.0,2534322.0,https://find-and-update.company-information.service.gov.uk/search/companies?q=Samuel+Heath+and+Sons+PLC,https://find-and-update.company-information.service.gov.uk/search/companies?q=Samuel+Heath+and+Sons+PLC,1620593254,16:47:34,20210509
17,2015-06-30,HSM.L,GBP,2015-06-30,2015-06-30,Q2,2799500.0,1468250.0,1331250.0,0.47553134488301485,0.0,430250.0,751500.0,0.0,0.0,2650000.0,41500.0,104500.0,254000.0,0.09073048758706911,149500.0,0.05340239328451509,0.0,110750.0,0.039560635827826394,12250.0,98500.0,0.03518485443829255,0.03875,0.03875,2534322.0,2534322.0,https://find-and-update.company-information.service.gov.uk/search/companies?q=Samuel+Heath+and+Sons+PLC,https://find-and-update.company-information.service.gov.uk/search/companies?q=Samuel+Heath+and+Sons+PLC,1620593254,16:47:34,20210509
18,2015-03-31,HSM.L,GBP,2015-03-31,2015-03-31,Q1,2799500.0,1468250.0,1331250.0,0.47553134488301485,0.0,430250.0,751500.0,0.0,0.0,2650000.0,41500.0,104500.0,254000.0,0.09073048758706911,149500.0,0.05340239328451509,0.0,110750.0,0.039560635827826394,12250.0,98500.0,0.03518485443829255,0.03875,0.03875,2534322.0,2534322.0,https://find-and-update.company-information.service.gov.uk/search/companies?q=Samuel+Heath+and+Sons+PLC,https://find-and-update.company-information.service.gov.uk/search/companies?q=Samuel+Heath+and+Sons+PLC,1620593254,16:47:34,20210509
19,2015-01-31,HSM.L,GBP,2015-01-31,2015-01-31,Q1,2799500.0,1468250.0,1331250.0,0.47553134488301485,0.0,430250.0,751500.0,0.0,0.0,2650000.0,41500.0,104500.0,254000.0,0.09073048758706911,149500.0,0.05340239328451509,0.0,110750.0,0.039560635827826394,12250.0,98500.0,0.03518485443829255,0.03875,0.03875,2534322.0,2534322.0,https://find-and-update.company-information.service.gov.uk/search/companies?q=Samuel+Heath+and+Sons+PLC,https://find-and-update.company-information.service.gov.uk/search/companies?q=Samuel+Heath+and+Sons+PLC,1620593254,16:47:34,20210509
20,2014-09-30,HSM.L,GBP,2014-09-30,2014-09-30,Q3,2744750.0,1411750.0,1333000.0,0.4856544311868112,0.0,419000.0,739500.0,0.0,0.0,2570250.0,144750.0,106250.0,280750.0,0.10228618271245105,174500.0,0.06357591766098916,0.0,152500.0,0.05556061572092176,41750.0,110750.0,0.04034975863011203,0.04375,0.04375,2534322.0,2534322.0,https://find-and-update.company-information.service.gov.uk/search/companies?q=Samuel+Heath+and+Sons+PLC,https://find-and-update.company-information.service.gov.uk/search/companies?q=Samuel+Heath+and+Sons+PLC,1620593254,16:47:34,20210509
21,2014-06-30,HSM.L,GBP,2014-06-30,2014-06-30,Q2,2744750.0,1411750.0,1333000.0,0.4856544311868112,0.0,419000.0,739500.0,0.0,0.0,2570250.0,144750.0,106250.0,280750.0,0.10228618271245105,174500.0,0.06357591766098916,0.0,152500.0,0.05556061572092176,41750.0,110750.0,0.04034975863011203,0.04375,0.04375,2534322.0,2534322.0,https://find-and-update.company-information.service.gov.uk/search/companies?q=Samuel+Heath+and+Sons+PLC,https://find-and-update.company-information.service.gov.uk/search/companies?q=Samuel+Heath+and+Sons+PLC,1620593254,16:47:34,20210509
22,2014-03-31,HSM.L,GBP,2014-03-31,2014-03-31,Q1,2744750.0,1411750.0,1333000.0,0.4856544311868112,0.0,419000.0,739500.0,0.0,0.0,2570250.0,144750.0,106250.0,280750.0,0.10228618271245105,174500.0,0.06357591766098916,0.0,152500.0,0.05556061572092176,41750.0,110750.0,0.04034975863011203,0.04375,0.04375,2534322.0,2534322.0,https://find-and-update.company-information.service.gov.uk/search/companies?q=Samuel+Heath+and+Sons+PLC,https://find-and-update.company-information.service.gov.uk/search/companies?q=Samuel+Heath+and+Sons+PLC,1620593254,16:47:34,20210509
23,2014-01-31,HSM.L,GBP,2014-01-31,2014-01-31,Q1,2744750.0,1411750.0,1333000.0,0.4856544311868112,0.0,419000.0,739500.0,0.0,0.0,2570250.0,144750.0,106250.0,280750.0,0.10228618271245105,174500.0,0.06357591766098916,0.0,152500.0,0.05556061572092176,41750.0,110750.0,0.04034975863011203,0.04375,0.04375,2534322.0,2534322.0,https://find-and-update.company-information.service.gov.uk/search/companies?q=Samuel+Heath+and+Sons+PLC,https://find-and-update.company-information.service.gov.uk/search/companies?q=Samuel+Heath+and+Sons+PLC,1620593254,16:47:34,20210509
24,2013-09-30,HSM.L,GBP,2013-09-30,2013-09-30,Q3,2520750.0,1327750.0,1193000.0,0.4732718436973123,0.0,376000.0,717500.0,0.0,0.0,2421250.0,134250.0,96250.0,195750.0,0.07765545968461768,99500.0,0.03947237925220669,0.0,158250.0,0.06277893484082119,19500.0,138750.0,0.05504314192204701,0.05475,0.05475,2534322.0,2534322.0,https://find-and-update.company-information.service.gov.uk/search/companies?q=Samuel+Heath+and+Sons+PLC,https://find-and-update.company-information.service.gov.uk/search/companies?q=Samuel+Heath+and+Sons+PLC,1620593254,16:47:34,20210509
25,2013-06-30,HSM.L,GBP,2013-06-30,2013-06-30,Q2,2520750.0,1327750.0,1193000.0,0.4732718436973123,0.0,376000.0,717500.0,0.0,0.0,2421250.0,134250.0,96250.0,195750.0,0.07765545968461768,99500.0,0.03947237925220669,0.0,158250.0,0.06277893484082119,19500.0,138750.0,0.05504314192204701,0.05475,0.05475,2534322.0,2534322.0,https://find-and-update.company-information.service.gov.uk/search/companies?q=Samuel+Heath+and+Sons+PLC,https://find-and-update.company-information.service.gov.uk/search/companies?q=Samuel+Heath+and+Sons+PLC,1620593254,16:47:34,20210509
26,2013-03-31,HSM.L,GBP,2013-03-31,2013-03-31,Q1,2520750.0,1327750.0,1193000.0,0.4732718436973123,0.0,376000.0,717500.0,0.0,0.0,2421250.0,134250.0,96250.0,195750.0,0.07765545968461768,99500.0,0.03947237925220669,0.0,158250.0,0.06277893484082119,19500.0,138750.0,0.05504314192204701,0.05475,0.05475,2534322.0,2534322.0,https://find-and-update.company-information.service.gov.uk/search/companies?q=Samuel+Heath+and+Sons+PLC,https://find-and-update.company-information.service.gov.uk/search/companies?q=Samuel+Heath+and+Sons+PLC,1620593254,16:47:34,20210509
27,2013-01-31,HSM.L,GBP,2013-01-31,2013-01-31,Q1,2520750.0,1327750.0,1193000.0,0.4732718436973123,0.0,376000.0,717500.0,0.0,0.0,2421250.0,134250.0,96250.0,195750.0,0.07765545968461768,99500.0,0.03947237925220669,0.0,158250.0,0.06277893484082119,19500.0,138750.0,0.05504314192204701,0.05475,0.05475,2534322.0,2534322.0,https://find-and-update.company-information.service.gov.uk/search/companies?q=Samuel+Heath+and+Sons+PLC,https://find-and-update.company-information.service.gov.uk/search/companies?q=Samuel+Heath+and+Sons+PLC,1620593254,16:47:34,20210509
28,2012-09-30,HSM.L,GBP,2012-09-30,2012-09-30,Q3,2445500.0,1234000.0,1211500.0,0.4953997137599673,0.0,0.0,710000.0,-8000.0,266500.0,2313250.0,4500.0,102750.0,235000.0,0.09609486812512778,132250.0,0.05407892046616234,0.0,158000.0,0.06460846452668166,29250.0,128750.0,0.0526477203025966,0.05075,0.05075,2534322.0,2534322.0,https://find-and-update.company-information.service.gov.uk/search/companies?q=Samuel+Heath+and+Sons+PLC,https://find-and-update.company-information.service.gov.uk/search/companies?q=Samuel+Heath+and+Sons+PLC,1620593254,16:47:34,20210509
29,2012-06-30,HSM.L,GBP,2012-06-30,2012-06-30,Q2,2445500.0,1234000.0,1211500.0,0.4953997137599673,0.0,0.0,710000.0,-8000.0,266500.0,2313250.0,4500.0,102750.0,235000.0,0.09609486812512778,132250.0,0.05407892046616234,0.0,158000.0,0.06460846452668166,29250.0,128750.0,0.0526477203025966,0.05075,0.05075,2534322.0,2534322.0,https://find-and-update.company-information.service.gov.uk/search/companies?q=Samuel+Heath+and+Sons+PLC,https://find-and-update.company-information.service.gov.uk/search/companies?q=Samuel+Heath+and+Sons+PLC,1620593254,16:47:34,20210509
30,2012-03-31,HSM.L,GBP,2012-03-31,2012-03-31,Q1,2445500.0,1234000.0,1211500.0,0.4953997137599673,0.0,0.0,710000.0,-8000.0,266500.0,2313250.0,4500.0,102750.0,235000.0,0.09609486812512778,132250.0,0.05407892046616234,0.0,158000.0,0.06460846452668166,29250.0,128750.0,0.0526477203025966,0.05075,0.05075,2534322.0,2534322.0,https://find-and-update.company-information.service.gov.uk/search/companies?q=Samuel+Heath+and+Sons+PLC,https://find-and-update.company-information.service.gov.uk/search/companies?q=Samuel+Heath+and+Sons+PLC,1620593254,16:47:34,20210509
31,2012-01-31,HSM.L,GBP,2012-01-31,2012-01-31,Q1,2445500.0,1234000.0,1211500.0,0.4953997137599673,0.0,0.0,710000.0,-8000.0,266500.0,2313250.0,4500.0,102750.0,235000.0,0.09609486812512778,132250.0,0.05407892046616234,0.0,158000.0,0.06460846452668166,29250.0,128750.0,0.0526477203025966,0.05075,0.05075,2534322.0,2534322.0,https://find-and-update.company-information.service.gov.uk/search/companies?q=Samuel+Heath+and+Sons+PLC,https://find-and-update.company-information.service.gov.uk/search/companies?q=Samuel+Heath+and+Sons+PLC,1620593254,16:47:34,20210509
32,2011-09-30,HSM.L,GBP,2011-09-30,2011-09-30,Q3,2458000.0,1247500.0,1210500.0,0.492473555736371,0.0,0.0,746750.0,-25500.0,238750.0,2340000.0,15000.0,107000.0,225000.0,0.09153783563873068,118000.0,0.04800650935720097,0.0,137500.0,0.05593978844589097,31750.0,105750.0,0.043022782750203416,0.04175,0.04175,2534322.0,2534322.0,https://find-and-update.company-information.service.gov.uk/search/companies?q=Samuel+Heath+and+Sons+PLC,https://find-and-update.company-information.service.gov.uk/search/companies?q=Samuel+Heath+and+Sons+PLC,1620593254,16:47:34,20210509
33,2011-06-30,HSM.L,GBP,2011-06-30,2011-06-30,Q2,2458000.0,1247500.0,1210500.0,0.492473555736371,0.0,0.0,746750.0,-25500.0,238750.0,2340000.0,15000.0,107000.0,225000.0,0.09153783563873068,118000.0,0.04800650935720097,0.0,137500.0,0.05593978844589097,31750.0,105750.0,0.043022782750203416,0.04175,0.04175,2534322.0,2534322.0,https://find-and-update.company-information.service.gov.uk/search/companies?q=Samuel+Heath+and+Sons+PLC,https://find-and-update.company-information.service.gov.uk/search/companies?q=Samuel+Heath+and+Sons+PLC,1620593254,16:47:34,20210509
34,2011-03-31,HSM.L,GBP,2011-03-31,2011-03-31,Q1,2458000.0,1247500.0,1210500.0,0.492473555736371,0.0,0.0,746750.0,-25500.0,238750.0,2340000.0,15000.0,107000.0,225000.0,0.09153783563873068,118000.0,0.04800650935720097,0.0,137500.0,0.05593978844589097,31750.0,105750.0,0.043022782750203416,0.04175,0.04175,2534322.0,2534322.0,https://find-and-update.company-information.service.gov.uk/search/companies?q=Samuel+Heath+and+Sons+PLC,https://find-and-update.company-information.service.gov.uk/search/companies?q=Samuel+Heath+and+Sons+PLC,1620593254,16:47:34,20210509
35,2011-01-31,HSM.L,GBP,2011-01-31,2011-01-31,Q1,2458000.0,1247500.0,1210500.0,0.492473555736371,0.0,0.0,746750.0,-25500.0,238750.0,2340000.0,15000.0,107000.0,225000.0,0.09153783563873068,118000.0,0.04800650935720097,0.0,137500.0,0.05593978844589097,31750.0,105750.0,0.043022782750203416,0.04175,0.04175,2534322.0,2534322.0,https://find-and-update.company-information.service.gov.uk/search/companies?q=Samuel+Heath+and+Sons+PLC,https://find-and-update.company-information.service.gov.uk/search/companies?q=Samuel+Heath+and+Sons+PLC,1620593254,16:47:34,20210509
36,2010-09-30,HSM.L,GBP,2010-09-30,2010-09-30,Q3,2382250.0,1242000.0,1140250.0,0.4786441389442754,0.0,0.0,696000.0,-9500.0,198500.0,2249750.0,34750.0,113250.0,245750.0,0.10315877846573618,132500.0,0.05561968727043761,0.0,84000.0,0.035260782873334034,26000.0,58000.0,0.024346731031587784,0.023,0.023,2534322.0,2534322.0,https://find-and-update.company-information.service.gov.uk/search/companies?q=Samuel+Heath+and+Sons+PLC,https://find-and-update.company-information.service.gov.uk/search/companies?q=Samuel+Heath+and+Sons+PLC,1620593254,16:47:34,20210509
37,2010-06-30,HSM.L,GBP,2010-06-30,2010-06-30,Q2,2382250.0,1242000.0,1140250.0,0.4786441389442754,0.0,0.0,696000.0,-9500.0,198500.0,2249750.0,34750.0,113250.0,245750.0,0.10315877846573618,132500.0,0.05561968727043761,0.0,84000.0,0.035260782873334034,26000.0,58000.0,0.024346731031587784,0.023,0.023,2534322.0,2534322.0,https://find-and-update.company-information.service.gov.uk/search/companies?q=Samuel+Heath+and+Sons+PLC,https://find-and-update.company-information.service.gov.uk/search/companies?q=Samuel+Heath+and+Sons+PLC,1620593254,16:47:34,20210509
38,2010-03-31,HSM.L,GBP,2010-03-31,2010-03-31,Q1,2382250.0,1242000.0,1140250.0,0.4786441389442754,0.0,0.0,696000.0,-9500.0,198500.0,2249750.0,34750.0,113250.0,245750.0,0.10315877846573618,132500.0,0.05561968727043761,0.0,84000.0,0.035260782873334034,26000.0,58000.0,0.024346731031587784,0.023,0.023,2534322.0,2534322.0,https://find-and-update.company-information.service.gov.uk/search/companies?q=Samuel+Heath+and+Sons+PLC,https://find-and-update.company-information.service.gov.uk/search/companies?q=Samuel+Heath+and+Sons+PLC,1620593254,16:47:34,20210509
39,2010-01-31,HSM.L,GBP,2010-01-31,2010-01-31,Q1,2382250.0,1242000.0,1140250.0,0.4786441389442754,0.0,0.0,696000.0,-9500.0,198500.0,2249750.0,34750.0,113250.0,245750.0,0.10315877846573618,132500.0,0.05561968727043761,0.0,84000.0,0.035260782873334034,26000.0,58000.0,0.024346731031587784,0.023,0.023,2534322.0,2534322.0,https://find-and-update.company-information.service.gov.uk/search/companies?q=Samuel+Heath+and+Sons+PLC,https://find-and-update.company-information.service.gov.uk/search/companies?q=Samuel+Heath+and+Sons+PLC,1620593254,16:47:34,20210509
40,2009-09-30,HSM.L,GBP,2009-09-30,2009-09-30,Q3,2724250.0,1528500.0,1195750.0,0.4389281453611086,0.0,0.0,759000.0,0.0,264250.0,2669500.0,1750.0,117750.0,172500.0,0.06332017986601816,54750.0,0.02009727447921446,0.0,73000.0,0.02679636597228595,-5750.0,78750.0,0.028907038634486557,0.03125,0.03125,2534577.0,2534577.0,https://find-and-update.company-information.service.gov.uk/search/companies?q=Samuel+Heath+and+Sons+PLC,https://find-and-update.company-information.service.gov.uk/search/companies?q=Samuel+Heath+and+Sons+PLC,1620593254,16:47:34,20210509
41,2009-06-30,HSM.L,GBP,2009-06-30,2009-06-30,Q2,2724250.0,1528500.0,1195750.0,0.4389281453611086,0.0,0.0,759000.0,0.0,264250.0,2669500.0,1750.0,117750.0,172500.0,0.06332017986601816,54750.0,0.02009727447921446,0.0,73000.0,0.02679636597228595,-5750.0,78750.0,0.028907038634486557,0.03125,0.03125,2534577.0,2534577.0,https://find-and-update.company-information.service.gov.uk/search/companies?q=Samuel+Heath+and+Sons+PLC,https://find-and-update.company-information.service.gov.uk/search/companies?q=Samuel+Heath+and+Sons+PLC,1620593254,16:47:34,20210509
42,2009-03-31,HSM.L,GBP,2009-03-31,2009-03-31,Q1,2724250.0,1528500.0,1195750.0,0.4389281453611086,0.0,0.0,759000.0,0.0,264250.0,2669500.0,1750.0,117750.0,172500.0,0.06332017986601816,54750.0,0.02009727447921446,0.0,73000.0,0.02679636597228595,-5750.0,78750.0,0.028907038634486557,0.03125,0.03125,2534577.0,2534577.0,https://find-and-update.company-information.service.gov.uk/search/companies?q=Samuel+Heath+and+Sons+PLC,https://find-and-update.company-information.service.gov.uk/search/companies?q=Samuel+Heath+and+Sons+PLC,1620593254,16:47:34,20210509
43,2009-01-31,HSM.L,GBP,2009-01-31,2009-01-31,Q1,2724250.0,1528500.0,1195750.0,0.4389281453611086,0.0,0.0,759000.0,0.0,264250.0,2669500.0,1750.0,117750.0,172500.0,0.06332017986601816,54750.0,0.02009727447921446,0.0,73000.0,0.02679636597228595,-5750.0,78750.0,0.028907038634486557,0.03125,0.03125,2534577.0,2534577.0,https://find-and-update.company-information.service.gov.uk/search/companies?q=Samuel+Heath+and+Sons+PLC,https://find-and-update.company-information.service.gov.uk/search/companies?q=Samuel+Heath+and+Sons+PLC,1620593254,16:47:34,20210509
44,2008-09-30,HSM.L,GBP,2008-09-30,2008-09-30,Q3,3021250.0,1601250.0,1420000.0,0.47000413736036406,0.0,0.0,750750.0,0.0,245750.0,2714750.0,142000.0,117000.0,423500.0,0.14017376913529167,306500.0,0.1014480761274307,0.0,348000.0,0.11518411253620191,86250.0,261750.0,0.0866363260239967,0.10325,0.10325,2535000.0,2535000.0,https://find-and-update.company-information.service.gov.uk/search/companies?q=Samuel+Heath+and+Sons+PLC,https://find-and-update.company-information.service.gov.uk/search/companies?q=Samuel+Heath+and+Sons+PLC,1620593254,16:47:34,20210509
45,2008-06-30,HSM.L,GBP,2008-06-30,2008-06-30,Q2,3021250.0,1601250.0,1420000.0,0.47000413736036406,0.0,0.0,750750.0,0.0,245750.0,2714750.0,142000.0,117000.0,423500.0,0.14017376913529167,306500.0,0.1014480761274307,0.0,348000.0,0.11518411253620191,86250.0,261750.0,0.0866363260239967,0.10325,0.10325,2535000.0,2535000.0,https://find-and-update.company-information.service.gov.uk/search/companies?q=Samuel+Heath+and+Sons+PLC,https://find-and-update.company-information.service.gov.uk/search/companies?q=Samuel+Heath+and+Sons+PLC,1620593254,16:47:34,20210509
46,2008-03-31,HSM.L,GBP,2008-03-31,2008-03-31,Q1,3021250.0,1601250.0,1420000.0,0.47000413736036406,0.0,0.0,750750.0,0.0,245750.0,2714750.0,142000.0,117000.0,423500.0,0.14017376913529167,306500.0,0.1014480761274307,0.0,348000.0,0.11518411253620191,86250.0,261750.0,0.0866363260239967,0.10325,0.10325,2535000.0,2535000.0,https://find-and-update.company-information.service.gov.uk/search/companies?q=Samuel+Heath+and+Sons+PLC,https://find-and-update.company-information.service.gov.uk/search/companies?q=Samuel+Heath+and+Sons+PLC,1620593254,16:47:34,20210509
47,2008-01-31,HSM.L,GBP,2008-01-31,2008-01-31,Q1,3021250.0,1601250.0,1420000.0,0.47000413736036406,0.0,0.0,750750.0,0.0,245750.0,2714750.0,142000.0,117000.0,423500.0,0.14017376913529167,306500.0,0.1014480761274307,0.0,348000.0,0.11518411253620191,86250.0,261750.0,0.0866363260239967,0.10325,0.10325,2535000.0,2535000.0,https://find-and-update.company-information.service.gov.uk/search/companies?q=Samuel+Heath+and+Sons+PLC,https://find-and-update.company-information.service.gov.uk/search/companies?q=Samuel+Heath+and+Sons+PLC,1620593254,16:47:34,20210509
48,2007-09-30,HSM.L,GBP,2007-09-30,2007-09-30,Q3,3178000.0,1425500.0,1752500.0,0.5514474512271869,0.0,0.0,102750.0,0.0,1151750.0,2792750.0,130750.0,112750.0,498000.0,0.15670232850849591,385250.0,0.12122404027690371,0.0,433250.0,0.13632787916928887,87250.0,346000.0,0.10887350534927627,0.13625,0.13625,2538700.0,2538700.0,https://find-and-update.company-information.service.gov.uk/search/companies?q=Samuel+Heath+and+Sons+PLC,https://find-and-update.company-information.service.gov.uk/search/companies?q=Samuel+Heath+and+Sons+PLC,1620593254,16:47:34,20210509
49,2007-06-30,HSM.L,GBP,2007-06-30,2007-06-30,Q2,3178000.0,1425500.0,1752500.0,0.5514474512271869,0.0,0.0,102750.0,0.0,1151750.0,2792750.0,130750.0,112750.0,498000.0,0.15670232850849591,385250.0,0.12122404027690371,0.0,433250.0,0.13632787916928887,87250.0,346000.0,0.10887350534927627,0.13625,0.13625,2538700.0,2538700.0,https://find-and-update.company-information.service.gov.uk/search/companies?q=Samuel+Heath+and+Sons+PLC,https://find-and-update.company-information.service.gov.uk/search/companies?q=Samuel+Heath+and+Sons+PLC,1620593254,16:47:34,20210509
50,2007-03-31,HSM.L,GBP,2007-03-31,2007-03-31,Q1,3178000.0,1425500.0,1752500.0,0.5514474512271869,0.0,0.0,102750.0,0.0,1151750.0,2792750.0,130750.0,112750.0,498000.0,0.15670232850849591,385250.0,0.12122404027690371,0.0,433250.0,0.13632787916928887,87250.0,346000.0,0.10887350534927627,0.13625,0.13625,2538700.0,2538700.0,https://find-and-update.company-information.service.gov.uk/search/companies?q=Samuel+Heath+and+Sons+PLC,https://find-and-update.company-information.service.gov.uk/search/companies?q=Samuel+Heath+and+Sons+PLC,1620593254,16:47:34,20210509
51,2007-01-31,HSM.L,GBP,2007-01-31,2007-01-31,Q1,3178000.0,1425500.0,1752500.0,0.5514474512271869,0.0,0.0,102750.0,0.0,1151750.0,2792750.0,130750.0,112750.0,498000.0,0.15670232850849591,385250.0,0.12122404027690371,0.0,433250.0,0.13632787916928887,87250.0,346000.0,0.10887350534927627,0.13625,0.13625,2538700.0,2538700.0,https://find-and-update.company-information.service.gov.uk/search/companies?q=Samuel+Heath+and+Sons+PLC,https://find-and-update.company-information.service.gov.uk/search/companies?q=Samuel+Heath+and+Sons+PLC,1620593254,16:47:34,20210509
52,2006-09-30,HSM.L,GBP,2006-09-30,2006-09-30,Q3,2919250.0,1261250.0,1658000.0,0.5679540977990922,0.0,1013250.0,96500.0,0.0,1214250.0,2584250.0,5750.0,108750.0,443750.0,0.15200822128971483,335000.0,0.11475550226941851,0.0,359500.0,0.12314806885330136,93750.0,265750.0,0.09103365590477006,0.10425,0.10425,2546818.0,2546818.0,https://find-and-update.company-information.service.gov.uk/search/companies?q=Samuel+Heath+and+Sons+PLC,https://find-and-update.company-information.service.gov.uk/search/companies?q=Samuel+Heath+and+Sons+PLC,1620593254,16:47:34,20210509
53,2006-06-30,HSM.L,GBP,2006-06-30,2006-06-30,Q2,2919250.0,1261250.0,1658000.0,0.5679540977990922,0.0,1013250.0,96500.0,0.0,1214250.0,2584250.0,5750.0,108750.0,443750.0,0.15200822128971483,335000.0,0.11475550226941851,0.0,359500.0,0.12314806885330136,93750.0,265750.0,0.09103365590477006,0.10425,0.10425,2546818.0,2546818.0,https://find-and-update.company-information.service.gov.uk/search/companies?q=Samuel+Heath+and+Sons+PLC,https://find-and-update.company-information.service.gov.uk/search/companies?q=Samuel+Heath+and+Sons+PLC,1620593254,16:47:34,20210509
54,2006-03-31,HSM.L,GBP,2006-03-31,2006-03-31,Q1,2919250.0,1261250.0,1658000.0,0.5679540977990922,0.0,1013250.0,96500.0,0.0,1214250.0,2584250.0,5750.0,108750.0,443750.0,0.15200822128971483,335000.0,0.11475550226941851,0.0,359500.0,0.12314806885330136,93750.0,265750.0,0.09103365590477006,0.10425,0.10425,2546818.0,2546818.0,https://find-and-update.company-information.service.gov.uk/search/companies?q=Samuel+Heath+and+Sons+PLC,https://find-and-update.company-information.service.gov.uk/search/companies?q=Samuel+Heath+and+Sons+PLC,1620593254,16:47:34,20210509
55,2006-01-31,HSM.L,GBP,2006-01-31,2006-01-31,Q1,2919250.0,1261250.0,1658000.0,0.5679540977990922,0.0,1013250.0,96500.0,0.0,1214250.0,2584250.0,5750.0,108750.0,443750.0,0.15200822128971483,335000.0,0.11475550226941851,0.0,359500.0,0.12314806885330136,93750.0,265750.0,0.09103365590477006,0.10425,0.10425,2546818.0,2546818.0,https://find-and-update.company-information.service.gov.uk/search/companies?q=Samuel+Heath+and+Sons+PLC,https://find-and-update.company-information.service.gov.uk/search/companies?q=Samuel+Heath+and+Sons+PLC,1620593254,16:47:34,20210509
56,2005-09-30,HSM.L,GBP,2005-09-30,2005-09-30,Q3,2843750.0,1279750.0,1564000.0,0.5499780219780219,0.0,1105500.0,90250.0,0.0,836500.0,2225750.0,0.0,109500.0,727500.0,0.2558241758241758,618000.0,0.21731868131868132,0.0,449250.0,0.15797802197802197,119250.0,330000.0,0.11604395604395605,0.1295,0.1295,2546818.0,2546818.0,https://find-and-update.company-information.service.gov.uk/search/companies?q=Samuel+Heath+and+Sons+PLC,https://find-and-update.company-information.service.gov.uk/search/companies?q=Samuel+Heath+and+Sons+PLC,1620593254,16:47:34,20210509
57,2005-06-30,HSM.L,GBP,2005-06-30,2005-06-30,Q2,2843750.0,1279750.0,1564000.0,0.5499780219780219,0.0,1105500.0,90250.0,0.0,836500.0,2225750.0,0.0,109500.0,727500.0,0.2558241758241758,618000.0,0.21731868131868132,0.0,449250.0,0.15797802197802197,119250.0,330000.0,0.11604395604395605,0.1295,0.1295,2546818.0,2546818.0,https://find-and-update.company-information.service.gov.uk/search/companies?q=Samuel+Heath+and+Sons+PLC,https://find-and-update.company-information.service.gov.uk/search/companies?q=Samuel+Heath+and+Sons+PLC,1620593254,16:47:34,20210509
58,2005-03-31,HSM.L,GBP,2005-03-31,2005-03-31,Q1,2843750.0,1279750.0,1564000.0,0.5499780219780219,0.0,1105500.0,90250.0,0.0,836500.0,2225750.0,0.0,109500.0,727500.0,0.2558241758241758,618000.0,0.21731868131868132,0.0,449250.0,0.15797802197802197,119250.0,330000.0,0.11604395604395605,0.1295,0.1295,2546818.0,2546818.0,https://find-and-update.company-information.service.gov.uk/search/companies?q=Samuel+Heath+and+Sons+PLC,https://find-and-update.company-information.service.gov.uk/search/companies?q=Samuel+Heath+and+Sons+PLC,1620593254,16:47:34,20210509
59,2005-01-31,HSM.L,GBP,2005-01-31,2005-01-31,Q1,2843750.0,1279750.0,1564000.0,0.5499780219780219,0.0,1105500.0,90250.0,0.0,836500.0,2225750.0,0.0,109500.0,727500.0,0.2558241758241758,618000.0,0.21731868131868132,0.0,449250.0,0.15797802197802197,119250.0,330000.0,0.11604395604395605,0.1295,0.1295,2546818.0,2546818.0,https://find-and-update.company-information.service.gov.uk/search/companies?q=Samuel+Heath+and+Sons+PLC,https://find-and-update.company-information.service.gov.uk/search/companies?q=Samuel+Heath+and+Sons+PLC,1620593254,16:47:34,20210509
60,2004-09-30,HSM.L,GBP,2004-09-30,2004-09-30,Q3,3032750.0,1379250.0,1653500.0,0.5452147390981782,0.0,0.0,0.0,0.0,1349250.0,2838500.0,0.0,108000.0,302250.0,0.09966202291649492,194250.0,0.06405077899596076,0.0,213000.0,0.0702332866210535,34750.0,178250.0,0.05877503915588163,0.07,0.07,2547000.0,2547000.0,https://find-and-update.company-information.service.gov.uk/search/companies?q=Samuel+Heath+and+Sons+PLC,https://find-and-update.company-information.service.gov.uk/search/companies?q=Samuel+Heath+and+Sons+PLC,1620593254,16:47:34,20210509
61,2004-06-30,HSM.L,GBP,2004-06-30,2004-06-30,Q2,3032750.0,1379250.0,1653500.0,0.5452147390981782,0.0,0.0,0.0,0.0,1349250.0,2838500.0,0.0,108000.0,302250.0,0.09966202291649492,194250.0,0.06405077899596076,0.0,213000.0,0.0702332866210535,34750.0,178250.0,0.05877503915588163,0.07,0.07,2547000.0,2547000.0,https://find-and-update.company-information.service.gov.uk/search/companies?q=Samuel+Heath+and+Sons+PLC,https://find-and-update.company-information.service.gov.uk/search/companies?q=Samuel+Heath+and+Sons+PLC,1620593254,16:47:34,20210509
62,2004-03-31,HSM.L,GBP,2004-03-31,2004-03-31,Q1,3032750.0,1379250.0,1653500.0,0.5452147390981782,0.0,0.0,0.0,0.0,1349250.0,2838500.0,0.0,108000.0,302250.0,0.09966202291649492,194250.0,0.06405077899596076,0.0,213000.0,0.0702332866210535,34750.0,178250.0,0.05877503915588163,0.07,0.07,2547000.0,2547000.0,https://find-and-update.company-information.service.gov.uk/search/companies?q=Samuel+Heath+and+Sons+PLC,https://find-and-update.company-information.service.gov.uk/search/companies?q=Samuel+Heath+and+Sons+PLC,1620593254,16:47:34,20210509
63,2004-01-31,HSM.L,GBP,2004-01-31,2004-01-31,Q1,3032750.0,1379250.0,1653500.0,0.5452147390981782,0.0,0.0,0.0,0.0,1349250.0,2838500.0,0.0,108000.0,302250.0,0.09966202291649492,194250.0,0.06405077899596076,0.0,213000.0,0.0702332866210535,34750.0,178250.0,0.05877503915588163,0.07,0.07,2547000.0,2547000.0,https://find-and-update.company-information.service.gov.uk/search/companies?q=Samuel+Heath+and+Sons+PLC,https://find-and-update.company-information.service.gov.uk/search/companies?q=Samuel+Heath+and+Sons+PLC,1620593254,16:47:34,20210509
64,2003-09-30,HSM.L,GBP,2003-09-30,2003-09-30,Q3,3184500.0,1503500.0,1681000.0,0.5278693672476056,0.0,0.0,0.0,0.0,1320750.0,2939750.0,0.0,105500.0,350250.0,0.10998586905322656,244750.0,0.0768566493955095,0.0,265500.0,0.08337258596325954,58750.0,206750.0,0.06492384989794316,0.07875,0.07875,2624904.0,2624904.0,https://find-and-update.company-information.service.gov.uk/search/companies?q=Samuel+Heath+and+Sons+PLC,https://find-and-update.company-information.service.gov.uk/search/companies?q=Samuel+Heath+and+Sons+PLC,1620593254,16:47:34,20210509
65,2003-06-30,HSM.L,GBP,2003-06-30,2003-06-30,Q2,3184500.0,1503500.0,1681000.0,0.5278693672476056,0.0,0.0,0.0,0.0,1320750.0,2939750.0,0.0,105500.0,350250.0,0.10998586905322656,244750.0,0.0768566493955095,0.0,265500.0,0.08337258596325954,58750.0,206750.0,0.06492384989794316,0.07875,0.07875,2624904.0,2624904.0,https://find-and-update.company-information.service.gov.uk/search/companies?q=Samuel+Heath+and+Sons+PLC,https://find-and-update.company-information.service.gov.uk/search/companies?q=Samuel+Heath+and+Sons+PLC,1620593254,16:47:34,20210509
66,2003-03-31,HSM.L,GBP,2003-03-31,2003-03-31,Q1,3184500.0,1503500.0,1681000.0,0.5278693672476056,0.0,0.0,0.0,0.0,1320750.0,2939750.0,0.0,105500.0,350250.0,0.10998586905322656,244750.0,0.0768566493955095,0.0,265500.0,0.08337258596325954,58750.0,206750.0,0.06492384989794316,0.07875,0.07875,2624904.0,2624904.0,https://find-and-update.company-information.service.gov.uk/search/companies?q=Samuel+Heath+and+Sons+PLC,https://find-and-update.company-information.service.gov.uk/search/companies?q=Samuel+Heath+and+Sons+PLC,1620593254,16:47:34,20210509
67,2003-01-31,HSM.L,GBP,2003-01-31,2003-01-31,Q1,3184500.0,1503500.0,1681000.0,0.5278693672476056,0.0,0.0,0.0,0.0,1320750.0,2939750.0,0.0,105500.0,350250.0,0.10998586905322656,244750.0,0.0768566493955095,0.0,265500.0,0.08337258596325954,58750.0,206750.0,0.06492384989794316,0.07875,0.07875,2624904.0,2624904.0,https://find-and-update.company-information.service.gov.uk/search/companies?q=Samuel+Heath+and+Sons+PLC,https://find-and-update.company-information.service.gov.uk/search/companies?q=Samuel+Heath+and+Sons+PLC,1620593254,16:47:34,20210509
68,2002-09-30,HSM.L,GBP,2002-09-30,2002-09-30,Q3,3208000.0,1502500.0,1705500.0,0.531639650872818,0.0,0.0,0.0,0.0,1288250.0,2910500.0,0.0,102500.0,400000.0,0.12468827930174564,297500.0,0.09273690773067332,0.0,313000.0,0.09756857855361596,63500.0,249500.0,0.07777431421446385,0.094,0.094,2655917.0,2655917.0,https://find-and-update.company-information.service.gov.uk/search/companies?q=Samuel+Heath+and+Sons+PLC,https://find-and-update.company-information.service.gov.uk/search/companies?q=Samuel+Heath+and+Sons+PLC,1620593254,16:47:34,20210509
69,2002-06-30,HSM.L,GBP,2002-06-30,2002-06-30,Q2,3208000.0,1502500.0,1705500.0,0.531639650872818,0.0,0.0,0.0,0.0,1288250.0,2910500.0,0.0,102500.0,400000.0,0.12468827930174564,297500.0,0.09273690773067332,0.0,313000.0,0.09756857855361596,63500.0,249500.0,0.07777431421446385,0.094,0.094,2655917.0,2655917.0,https://find-and-update.company-information.service.gov.uk/search/companies?q=Samuel+Heath+and+Sons+PLC,https://find-and-update.company-information.service.gov.uk/search/companies?q=Samuel+Heath+and+Sons+PLC,1620593254,16:47:34,20210509
70,2002-03-31,HSM.L,GBP,2002-03-31,2002-03-31,Q1,3208000.0,1502500.0,1705500.0,0.531639650872818,0.0,0.0,0.0,0.0,1288250.0,2910500.0,0.0,102500.0,400000.0,0.12468827930174564,297500.0,0.09273690773067332,0.0,313000.0,0.09756857855361596,63500.0,249500.0,0.07777431421446385,0.094,0.094,2655917.0,2655917.0,https://find-and-update.company-information.service.gov.uk/search/companies?q=Samuel+Heath+and+Sons+PLC,https://find-and-update.company-information.service.gov.uk/search/companies?q=Samuel+Heath+and+Sons+PLC,1620593254,16:47:34,20210509
71,2002-01-31,HSM.L,GBP,2002-01-31,2002-01-31,Q1,3208000.0,1502500.0,1705500.0,0.531639650872818,0.0,0.0,0.0,0.0,1288250.0,2910500.0,0.0,102500.0,400000.0,0.12468827930174564,297500.0,0.09273690773067332,0.0,313000.0,0.09756857855361596,63500.0,249500.0,0.07777431421446385,0.094,0.094,2655917.0,2655917.0,https://find-and-update.company-information.service.gov.uk/search/companies?q=Samuel+Heath+and+Sons+PLC,https://find-and-update.company-information.service.gov.uk/search/companies?q=Samuel+Heath+and+Sons+PLC,1620593254,16:47:34,20210509
72,2001-09-30,HSM.L,GBP,2001-09-30,2001-09-30,Q3,2969750.0,1389500.0,1580250.0,0.5321154979375369,0.0,0.0,0.0,0.0,1229000.0,2720000.0,0.0,83000.0,332750.0,0.11204646855795942,249750.0,0.08409798804613183,0.0,291500.0,0.09815641047226198,66000.0,225500.0,0.07593231753514605,0.08375,0.08375,2693000.0,2693000.0,https://find-and-update.company-information.service.gov.uk/search/companies?q=Samuel+Heath+and+Sons+PLC,https://find-and-update.company-information.service.gov.uk/search/companies?q=Samuel+Heath+and+Sons+PLC,1620593254,16:47:34,20210509
73,2001-06-30,HSM.L,GBP,2001-06-30,2001-06-30,Q2,2969750.0,1389500.0,1580250.0,0.5321154979375369,0.0,0.0,0.0,0.0,1229000.0,2720000.0,0.0,83000.0,332750.0,0.11204646855795942,249750.0,0.08409798804613183,0.0,291500.0,0.09815641047226198,66000.0,225500.0,0.07593231753514605,0.08375,0.08375,2693000.0,2693000.0,https://find-and-update.company-information.service.gov.uk/search/companies?q=Samuel+Heath+and+Sons+PLC,https://find-and-update.company-information.service.gov.uk/search/companies?q=Samuel+Heath+and+Sons+PLC,1620593254,16:47:34,20210509
74,2001-03-31,HSM.L,GBP,2001-03-31,2001-03-31,Q1,2969750.0,1389500.0,1580250.0,0.5321154979375369,0.0,0.0,0.0,0.0,1229000.0,2720000.0,0.0,83000.0,332750.0,0.11204646855795942,249750.0,0.08409798804613183,0.0,291500.0,0.09815641047226198,66000.0,225500.0,0.07593231753514605,0.08375,0.08375,2693000.0,2693000.0,https://find-and-update.company-information.service.gov.uk/search/companies?q=Samuel+Heath+and+Sons+PLC,https://find-and-update.company-information.service.gov.uk/search/companies?q=Samuel+Heath+and+Sons+PLC,1620593254,16:47:34,20210509
75,2001-01-31,HSM.L,GBP,2001-01-31,2001-01-31,Q1,2969750.0,1389500.0,1580250.0,0.5321154979375369,0.0,0.0,0.0,0.0,1229000.0,2720000.0,0.0,83000.0,332750.0,0.11204646855795942,249750.0,0.08409798804613183,0.0,291500.0,0.09815641047226198,66000.0,225500.0,0.07593231753514605,0.08375,0.08375,2693000.0,2693000.0,https://find-and-update.company-information.service.gov.uk/search/companies?q=Samuel+Heath+and+Sons+PLC,https://find-and-update.company-information.service.gov.uk/search/companies?q=Samuel+Heath+and+Sons+PLC,1620593254,16:47:34,20210509
76,2000-09-30,HSM.L,GBP,2000-09-30,2000-09-30,Q3,2747250.0,1309750.0,1437500.0,0.5232505232505232,0.0,0.0,0.0,0.0,1037750.0,2442000.0,0.0,76250.0,381500.0,0.13886613886613886,305250.0,0.1111111111111111,0.0,342250.0,0.12457912457912458,94500.0,247750.0,0.09018109018109018,0.088,0.088,2812000.0,2812000.0,https://find-and-update.company-information.service.gov.uk/search/companies?q=Samuel+Heath+and+Sons+PLC,https://find-and-update.company-information.service.gov.uk/search/companies?q=Samuel+Heath+and+Sons+PLC,1620593254,16:47:34,20210509
77,2000-06-30,HSM.L,GBP,2000-06-30,2000-06-30,Q2,2747250.0,1309750.0,1437500.0,0.5232505232505232,0.0,0.0,0.0,0.0,1037750.0,2442000.0,0.0,76250.0,381500.0,0.13886613886613886,305250.0,0.1111111111111111,0.0,342250.0,0.12457912457912458,94500.0,247750.0,0.09018109018109018,0.088,0.088,2812000.0,2812000.0,https://find-and-update.company-information.service.gov.uk/search/companies?q=Samuel+Heath+and+Sons+PLC,https://find-and-update.company-information.service.gov.uk/search/companies?q=Samuel+Heath+and+Sons+PLC,1620593254,16:47:34,20210509
78,2000-03-31,HSM.L,GBP,2000-03-31,2000-03-31,Q1,2747250.0,1309750.0,1437500.0,0.5232505232505232,0.0,0.0,0.0,0.0,1037750.0,2442000.0,0.0,76250.0,381500.0,0.13886613886613886,305250.0,0.1111111111111111,0.0,342250.0,0.12457912457912458,94500.0,247750.0,0.09018109018109018,0.088,0.088,2812000.0,2812000.0,https://find-and-update.company-information.service.gov.uk/search/companies?q=Samuel+Heath+and+Sons+PLC,https://find-and-update.company-information.service.gov.uk/search/companies?q=Samuel+Heath+and+Sons+PLC,1620593254,16:47:34,20210509
79,2000-01-31,HSM.L,GBP,2000-01-31,2000-01-31,Q1,2747250.0,1309750.0,1437500.0,0.5232505232505232,0.0,0.0,0.0,0.0,1037750.0,2442000.0,0.0,76250.0,381500.0,0.13886613886613886,305250.0,0.1111111111111111,0.0,342250.0,0.12457912457912458,94500.0,247750.0,0.09018109018109018,0.088,0.088,2812000.0,2812000.0,https://find-and-update.company-information.service.gov.uk/search/companies?q=Samuel+Heath+and+Sons+PLC,https://find-and-update.company-information.service.gov.uk/search/companies?q=Samuel+Heath+and+Sons+PLC,1620593254,16:47:34,20210509
80,1999-09-30,HSM.L,GBP,1999-09-30,1999-09-30,Q3,2685000.0,1312500.0,1372500.0,0.5111731843575419,0.0,0.0,0.0,0.0,1055500.0,2442750.0,0.0,62000.0,304250.0,0.1133147113594041,242250.0,0.09022346368715084,0.0,238500.0,0.0888268156424581,58500.0,180000.0,0.0670391061452514,0.06175,0.06175,2920000.0,2920000.0,https://find-and-update.company-information.service.gov.uk/search/companies?q=Samuel+Heath+and+Sons+PLC,https://find-and-update.company-information.service.gov.uk/search/companies?q=Samuel+Heath+and+Sons+PLC,1620593254,16:47:34,20210509
81,1999-06-30,HSM.L,GBP,1999-06-30,1999-06-30,Q2,2685000.0,1312500.0,1372500.0,0.5111731843575419,0.0,0.0,0.0,0.0,1055500.0,2442750.0,0.0,62000.0,304250.0,0.1133147113594041,242250.0,0.09022346368715084,0.0,238500.0,0.0888268156424581,58500.0,180000.0,0.0670391061452514,0.06175,0.06175,2920000.0,2920000.0,https://find-and-update.company-information.service.gov.uk/search/companies?q=Samuel+Heath+and+Sons+PLC,https://find-and-update.company-information.service.gov.uk/search/companies?q=Samuel+Heath+and+Sons+PLC,1620593254,16:47:34,20210509
82,1999-03-31,HSM.L,GBP,1999-03-31,1999-03-31,Q1,2685000.0,1312500.0,1372500.0,0.5111731843575419,0.0,0.0,0.0,0.0,1055500.0,2442750.0,0.0,62000.0,304250.0,0.1133147113594041,242250.0,0.09022346368715084,0.0,238500.0,0.0888268156424581,58500.0,180000.0,0.0670391061452514,0.06175,0.06175,2920000.0,2920000.0,https://find-and-update.company-information.service.gov.uk/search/companies?q=Samuel+Heath+and+Sons+PLC,https://find-and-update.company-information.service.gov.uk/search/companies?q=Samuel+Heath+and+Sons+PLC,1620593254,16:47:34,20210509
83,1999-01-31,HSM.L,GBP,1999-01-31,1999-01-31,Q1,2685000.0,1312500.0,1372500.0,0.5111731843575419,0.0,0.0,0.0,0.0,1055500.0,2442750.0,0.0,62000.0,304250.0,0.1133147113594041,242250.0,0.09022346368715084,0.0,238500.0,0.0888268156424581,58500.0,180000.0,0.0670391061452514,0.06175,0.06175,2920000.0,2920000.0,https://find-and-update.company-information.service.gov.uk/search/companies?q=Samuel+Heath+and+Sons+PLC,https://find-and-update.company-information.service.gov.uk/search/companies?q=Samuel+Heath+and+Sons+PLC,1620593254,16:47:34,20210509
84,1998-09-30,HSM.L,GBP,1998-09-30,1998-09-30,Q3,2712000.0,0.0,0.0,0.0,0.0,0.0,0.0,0.0,2376500.0,2469000.0,0.0,90750.0,333750.0,0.1230641592920354,243000.0,0.08960176991150443,0.0,254750.0,0.09393436578171091,71250.0,183500.0,0.06766224188790561,0.06125,0.06125,3000000.0,3000000.0,https://find-and-update.company-information.service.gov.uk/search/companies?q=Samuel+Heath+and+Sons+PLC,https://find-and-update.company-information.service.gov.uk/search/companies?q=Samuel+Heath+and+Sons+PLC,1620593254,16:47:34,20210509
85,1998-06-30,HSM.L,GBP,1998-06-30,1998-06-30,Q2,2712000.0,0.0,0.0,0.0,0.0,0.0,0.0,0.0,2376500.0,2469000.0,0.0,90750.0,333750.0,0.1230641592920354,243000.0,0.08960176991150443,0.0,254750.0,0.09393436578171091,71250.0,183500.0,0.06766224188790561,0.06125,0.06125,3000000.0,3000000.0,https://find-and-update.company-information.service.gov.uk/search/companies?q=Samuel+Heath+and+Sons+PLC,https://find-and-update.company-information.service.gov.uk/search/companies?q=Samuel+Heath+and+Sons+PLC,1620593254,16:47:34,20210509
86,1998-03-31,HSM.L,GBP,1998-03-31,1998-03-31,Q1,2712000.0,0.0,0.0,0.0,0.0,0.0,0.0,0.0,2376500.0,2469000.0,0.0,90750.0,333750.0,0.1230641592920354,243000.0,0.08960176991150443,0.0,254750.0,0.09393436578171091,71250.0,183500.0,0.06766224188790561,0.06125,0.06125,3000000.0,3000000.0,https://find-and-update.company-information.service.gov.uk/search/companies?q=Samuel+Heath+and+Sons+PLC,https://find-and-update.company-information.service.gov.uk/search/companies?q=Samuel+Heath+and+Sons+PLC,1620593254,16:47:34,20210509
87,1998-01-31,HSM.L,GBP,1998-01-31,1998-01-31,Q1,2712000.0,0.0,0.0,0.0,0.0,0.0,0.0,0.0,2376500.0,2469000.0,0.0,90750.0,333750.0,0.1230641592920354,243000.0,0.08960176991150443,0.0,254750.0,0.09393436578171091,71250.0,183500.0,0.06766224188790561,0.06125,0.06125,3000000.0,3000000.0,https://find-and-update.company-information.service.gov.uk/search/companies?q=Samuel+Heath+and+Sons+PLC,https://find-and-update.company-information.service.gov.uk/search/companies?q=Samuel+Heath+and+Sons+PLC,1620593254,16:47:34,20210509
88,1997-09-30,HSM.L,GBP,1997-09-30,1997-09-30,Q3,2507000.0,0.0,0.0,0.0,0.0,0.0,0.0,0.0,2198750.0,2290250.0,9250.0,91500.0,308250.0,0.12295572397287595,216750.0,0.08645791783007578,0.0,181000.0,0.07219784603111289,63250.0,117750.0,0.04696848823294775,0.03925,0.03925,3000000.0,3000000.0,https://find-and-update.company-information.service.gov.uk/search/companies?q=Samuel+Heath+and+Sons+PLC,https://find-and-update.company-information.service.gov.uk/search/companies?q=Samuel+Heath+and+Sons+PLC,1620593254,16:47:34,20210509
89,1997-06-30,HSM.L,GBP,1997-06-30,1997-06-30,Q2,2507000.0,0.0,0.0,0.0,0.0,0.0,0.0,0.0,2198750.0,2290250.0,9250.0,91500.0,308250.0,0.12295572397287595,216750.0,0.08645791783007578,0.0,181000.0,0.07219784603111289,63250.0,117750.0,0.04696848823294775,0.03925,0.03925,3000000.0,3000000.0,https://find-and-update.company-information.service.gov.uk/search/companies?q=Samuel+Heath+and+Sons+PLC,https://find-and-update.company-information.service.gov.uk/search/companies?q=Samuel+Heath+and+Sons+PLC,1620593254,16:47:34,20210509
90,1997-03-31,HSM.L,GBP,1997-03-31,1997-03-31,Q1,2507000.0,0.0,0.0,0.0,0.0,0.0,0.0,0.0,2198750.0,2290250.0,9250.0,91500.0,308250.0,0.12295572397287595,216750.0,0.08645791783007578,0.0,181000.0,0.07219784603111289,63250.0,117750.0,0.04696848823294775,0.03925,0.03925,3000000.0,3000000.0,https://find-and-update.company-information.service.gov.uk/search/companies?q=Samuel+Heath+and+Sons+PLC,https://find-and-update.company-information.service.gov.uk/search/companies?q=Samuel+Heath+and+Sons+PLC,1620593254,16:47:34,20210509
91,1997-01-31,HSM.L,GBP,1997-01-31,1997-01-31,Q1,2507000.0,0.0,0.0,0.0,0.0,0.0,0.0,0.0,2198750.0,2290250.0,9250.0,91500.0,308250.0,0.12295572397287595,216750.0,0.08645791783007578,0.0,181000.0,0.07219784603111289,63250.0,117750.0,0.04696848823294775,0.03925,0.03925,3000000.0,3000000.0,https://find-and-update.company-information.service.gov.uk/search/companies?q=Samuel+Heath+and+Sons+PLC,https://find-and-update.company-information.service.gov.uk/search/companies?q=Samuel+Heath+and+Sons+PLC,1620593254,16:47:34,20210509
92,1996-09-30,HSM.L,GBP,1996-09-30,1996-09-30,Q3,2360250.0,0.0,0.0,0.0,0.0,0.0,0.0,0.0,2040500.0,2131250.0,7250.0,90750.0,319750.0,0.1354729371888571,229000.0,0.09702362037919712,0.0,234750.0,0.09945980298697171,64750.0,170000.0,0.07202626840377079,0.05675,0.05675,3000000.0,3000000.0,https://find-and-update.company-information.service.gov.uk/search/companies?q=Samuel+Heath+and+Sons+PLC,https://find-and-update.company-information.service.gov.uk/search/companies?q=Samuel+Heath+and+Sons+PLC,1620593254,16:47:34,20210509
93,1996-06-30,HSM.L,GBP,1996-06-30,1996-06-30,Q2,2360250.0,0.0,0.0,0.0,0.0,0.0,0.0,0.0,2040500.0,2131250.0,7250.0,90750.0,319750.0,0.1354729371888571,229000.0,0.09702362037919712,0.0,234750.0,0.09945980298697171,64750.0,170000.0,0.07202626840377079,0.05675,0.05675,3000000.0,3000000.0,https://find-and-update.company-information.service.gov.uk/search/companies?q=Samuel+Heath+and+Sons+PLC,https://find-and-update.company-information.service.gov.uk/search/companies?q=Samuel+Heath+and+Sons+PLC,1620593254,16:47:34,20210509
94,1996-03-31,HSM.L,GBP,1996-03-31,1996-03-31,Q1,2360250.0,0.0,0.0,0.0,0.0,0.0,0.0,0.0,2040500.0,2131250.0,7250.0,90750.0,319750.0,0.1354729371888571,229000.0,0.09702362037919712,0.0,234750.0,0.09945980298697171,64750.0,170000.0,0.07202626840377079,0.05675,0.05675,3000000.0,3000000.0,https://find-and-update.company-information.service.gov.uk/search/companies?q=Samuel+Heath+and+Sons+PLC,https://find-and-update.company-information.service.gov.uk/search/companies?q=Samuel+Heath+and+Sons+PLC,1620593254,16:47:34,20210509
95,1996-01-31,HSM.L,GBP,1996-01-31,1996-01-31,Q1,2360250.0,0.0,0.0,0.0,0.0,0.0,0.0,0.0,2040500.0,2131250.0,7250.0,90750.0,319750.0,0.1354729371888571,229000.0,0.09702362037919712,0.0,234750.0,0.09945980298697171,64750.0,170000.0,0.07202626840377079,0.05675,0.05675,3000000.0,3000000.0,https://find-and-update.company-information.service.gov.uk/search/companies?q=Samuel+Heath+and+Sons+PLC,https://find-and-update.company-information.service.gov.uk/search/companies?q=Samuel+Heath+and+Sons+PLC,1620593254,16:47:34,20210509
96,1995-09-30,HSM.L,GBP,1995-09-30,1995-09-30,Q3,1991000.0,0.0,0.0,0.0,0.0,0.0,0.0,0.0,1870250.0,1927500.0,0.0,57250.0,120750.0,0.06064791562029131,63500.0,0.03189352084379709,0.0,210750.0,0.10585133098945254,65000.0,145750.0,0.07320441988950276,0.0485,0.0485,3000000.0,3000000.0,https://find-and-update.company-information.service.gov.uk/search/companies?q=Samuel+Heath+and+Sons+PLC,https://find-and-update.company-information.service.gov.uk/search/companies?q=Samuel+Heath+and+Sons+PLC,1620593254,16:47:34,20210509
97,1995-06-30,HSM.L,GBP,1995-06-30,1995-06-30,Q2,1991000.0,0.0,0.0,0.0,0.0,0.0,0.0,0.0,1870250.0,1927500.0,0.0,57250.0,120750.0,0.06064791562029131,63500.0,0.03189352084379709,0.0,210750.0,0.10585133098945254,65000.0,145750.0,0.07320441988950276,0.0485,0.0485,3000000.0,3000000.0,https://find-and-update.company-information.service.gov.uk/search/companies?q=Samuel+Heath+and+Sons+PLC,https://find-and-update.company-information.service.gov.uk/search/companies?q=Samuel+Heath+and+Sons+PLC,1620593254,16:47:34,20210509
98,1995-03-31,HSM.L,GBP,1995-03-31,1995-03-31,Q1,1991000.0,0.0,0.0,0.0,0.0,0.0,0.0,0.0,1870250.0,1927500.0,0.0,57250.0,120750.0,0.06064791562029131,63500.0,0.03189352084379709,0.0,210750.0,0.10585133098945254,65000.0,145750.0,0.07320441988950276,0.0485,0.0485,3000000.0,3000000.0,https://find-and-update.company-information.service.gov.uk/search/companies?q=Samuel+Heath+and+Sons+PLC,https://find-and-update.company-information.service.gov.uk/search/companies?q=Samuel+Heath+and+Sons+PLC,1620593254,16:47:34,20210509
99,1995-01-31,HSM.L,GBP,1995-01-31,1995-01-31,Q1,1991000.0,0.0,0.0,0.0,0.0,0.0,0.0,0.0,1870250.0,1927500.0,0.0,57250.0,120750.0,0.06064791562029131,63500.0,0.03189352084379709,0.0,210750.0,0.10585133098945254,65000.0,145750.0,0.07320441988950276,0.0485,0.0485,3000000.0,3000000.0,https://find-and-update.company-information.service.gov.uk/search/companies?q=Samuel+Heath+and+Sons+PLC,https://find-and-update.company-information.service.gov.uk/search/companies?q=Samuel+Heath+and+Sons+PLC,1620593254,16:47:34,20210509
100,1994-09-30,HSM.L,GBP,1994-09-30,1994-09-30,Q3,1909250.0,0.0,0.0,0.0,0.0,0.0,0.0,0.0,1735250.0,1790500.0,0.0,55250.0,174000.0,0.09113526253764567,118750.0,0.06219719785255991,0.0,130000.0,0.06808956396490769,40750.0,89250.0,0.04674610449129239,0.02975,0.02975,3000000.0,3000000.0,https://find-and-update.company-information.service.gov.uk/search/companies?q=Samuel+Heath+and+Sons+PLC,https://find-and-update.company-information.service.gov.uk/search/companies?q=Samuel+Heath+and+Sons+PLC,1620593254,16:47:34,20210509
101,1994-06-30,HSM.L,GBP,1994-06-30,1994-06-30,Q2,1909250.0,0.0,0.0,0.0,0.0,0.0,0.0,0.0,1735250.0,1790500.0,0.0,55250.0,174000.0,0.09113526253764567,118750.0,0.06219719785255991,0.0,130000.0,0.06808956396490769,40750.0,89250.0,0.04674610449129239,0.02975,0.02975,3000000.0,3000000.0,https://find-and-update.company-information.service.gov.uk/search/companies?q=Samuel+Heath+and+Sons+PLC,https://find-and-update.company-information.service.gov.uk/search/companies?q=Samuel+Heath+and+Sons+PLC,1620593254,16:47:34,20210509
102,1994-03-31,HSM.L,GBP,1994-03-31,1994-03-31,Q1,1909250.0,0.0,0.0,0.0,0.0,0.0,0.0,0.0,1735250.0,1790500.0,0.0,55250.0,174000.0,0.09113526253764567,118750.0,0.06219719785255991,0.0,130000.0,0.06808956396490769,40750.0,89250.0,0.04674610449129239,0.02975,0.02975,3000000.0,3000000.0,https://find-and-update.company-information.service.gov.uk/search/companies?q=Samuel+Heath+and+Sons+PLC,https://find-and-update.company-information.service.gov.uk/search/companies?q=Samuel+Heath+and+Sons+PLC,1620593254,16:47:34,20210509
103,1994-01-31,HSM.L,GBP,1994-01-31,1994-01-31,Q1,1909250.0,0.0,0.0,0.0,0.0,0.0,0.0,0.0,1735250.0,1790500.0,0.0,55250.0,174000.0,0.09113526253764567,118750.0,0.06219719785255991,0.0,130000.0,0.06808956396490769,40750.0,89250.0,0.04674610449129239,0.02975,0.02975,3000000.0,3000000.0,https://find-and-update.company-information.service.gov.uk/search/companies?q=Samuel+Heath+and+Sons+PLC,https://find-and-update.company-information.service.gov.uk/search/companies?q=Samuel+Heath+and+Sons+PLC,1620593254,16:47:34,20210509
104,1993-09-30,HSM.L,GBP,1993-09-30,1993-09-30,Q3,1765250.0,0.0,0.0,0.0,0.0,0.0,0.0,0.0,1630750.0,1684000.0,0.0,53250.0,134500.0,0.07619317377142047,81250.0,0.04602747486191758,0.0,90250.0,0.051125902846622294,26750.0,63500.0,0.03597224189208328,0.02125,0.02125,3000000.0,3000000.0,https://find-and-update.company-information.service.gov.uk/search/companies?q=Samuel+Heath+and+Sons+PLC,https://find-and-update.company-information.service.gov.uk/search/companies?q=Samuel+Heath+and+Sons+PLC,1620593254,16:47:34,20210509
105,1993-06-30,HSM.L,GBP,1993-06-30,1993-06-30,Q2,1765250.0,0.0,0.0,0.0,0.0,0.0,0.0,0.0,1630750.0,1684000.0,0.0,53250.0,134500.0,0.07619317377142047,81250.0,0.04602747486191758,0.0,90250.0,0.051125902846622294,26750.0,63500.0,0.03597224189208328,0.02125,0.02125,3000000.0,3000000.0,https://find-and-update.company-information.service.gov.uk/search/companies?q=Samuel+Heath+and+Sons+PLC,https://find-and-update.company-information.service.gov.uk/search/companies?q=Samuel+Heath+and+Sons+PLC,1620593254,16:47:34,20210509
106,1993-03-31,HSM.L,GBP,1993-03-31,1993-03-31,Q1,1765250.0,0.0,0.0,0.0,0.0,0.0,0.0,0.0,1630750.0,1684000.0,0.0,53250.0,134500.0,0.07619317377142047,81250.0,0.04602747486191758,0.0,90250.0,0.051125902846622294,26750.0,63500.0,0.03597224189208328,0.02125,0.02125,3000000.0,3000000.0,https://find-and-update.company-information.service.gov.uk/search/companies?q=Samuel+Heath+and+Sons+PLC,https://find-and-update.company-information.service.gov.uk/search/companies?q=Samuel+Heath+and+Sons+PLC,1620593254,16:47:34,20210509
107,1993-01-31,HSM.L,GBP,1993-01-31,1993-01-31,Q1,1765250.0,0.0,0.0,0.0,0.0,0.0,0.0,0.0,1630750.0,1684000.0,0.0,53250.0,134500.0,0.07619317377142047,81250.0,0.04602747486191758,0.0,90250.0,0.051125902846622294,26750.0,63500.0,0.03597224189208328,0.02125,0.02125,3000000.0,3000000.0,https://find-and-update.company-information.service.gov.uk/search/companies?q=Samuel+Heath+and+Sons+PLC,https://find-and-update.company-information.service.gov.uk/search/companies?q=Samuel+Heath+and+Sons+PLC,1620593254,16:47:34,20210509
108,1992-09-30,HSM.L,GBP,1992-09-30,1992-09-30,Q3,1775000.0,0.0,0.0,0.0,0.0,0.0,0.0,0.0,1722250.0,1775000.0,0.0,52750.0,52750.0,33.649289099526065,0.0,0.0,0.0,77000.0,0.04338028169014085,22000.0,55000.0,0.030985915492957747,0.018212,0.018212,3020000.0,3020000.0,https://find-and-update.company-information.service.gov.uk/search/companies?q=Samuel+Heath+and+Sons+PLC,https://find-and-update.company-information.service.gov.uk/search/companies?q=Samuel+Heath+and+Sons+PLC,1620593254,16:47:34,20210509
109,1992-06-30,HSM.L,GBP,1992-06-30,1992-06-30,Q2,1775000.0,0.0,0.0,0.0,0.0,0.0,0.0,0.0,1722250.0,1775000.0,0.0,52750.0,52750.0,33.649289099526065,0.0,0.0,0.0,77000.0,0.04338028169014085,22000.0,55000.0,0.030985915492957747,0.018212,0.018212,3020000.0,3020000.0,https://find-and-update.company-information.service.gov.uk/search/companies?q=Samuel+Heath+and+Sons+PLC,https://find-and-update.company-information.service.gov.uk/search/companies?q=Samuel+Heath+and+Sons+PLC,1620593254,16:47:34,20210509
110,1992-03-31,HSM.L,GBP,1992-03-31,1992-03-31,Q1,1775000.0,0.0,0.0,0.0,0.0,0.0,0.0,0.0,1722250.0,1775000.0,0.0,52750.0,52750.0,33.649289099526065,0.0,0.0,0.0,77000.0,0.04338028169014085,22000.0,55000.0,0.030985915492957747,0.018212,0.018212,3020000.0,3020000.0,https://find-and-update.company-information.service.gov.uk/search/companies?q=Samuel+Heath+and+Sons+PLC,https://find-and-update.company-information.service.gov.uk/search/companies?q=Samuel+Heath+and+Sons+PLC,1620593254,16:47:34,20210509
111,1992-01-31,HSM.L,GBP,1992-01-31,1992-01-31,Q1,1775000.0,0.0,0.0,0.0,0.0,0.0,0.0,0.0,1722250.0,1775000.0,0.0,52750.0,52750.0,33.649289099526065,0.0,0.0,0.0,77000.0,0.04338028169014085,22000.0,55000.0,0.030985915492957747,0.018212,0.018212,3020000.0,3020000.0,https://find-and-update.company-information.service.gov.uk/search/companies?q=Samuel+Heath+and+Sons+PLC,https://find-and-update.company-information.service.gov.uk/search/companies?q=Samuel+Heath+and+Sons+PLC,1620593254,16:47:34,20210509
112,1991-09-30,HSM.L,GBP,1991-09-30,1991-09-30,Q3,1804500.0,0.0,0.0,0.0,0.0,0.0,0.0,0.0,1740750.0,1804500.0,0.0,63750.0,63750.0,28.305882352941175,0.0,0.0,0.0,94250.0,0.05223053477417567,31500.0,62750.0,0.034774175671931286,0.02066875,0.02066875,3036000.0,3036000.0,https://find-and-update.company-information.service.gov.uk/search/companies?q=Samuel+Heath+and+Sons+PLC,https://find-and-update.company-information.service.gov.uk/search/companies?q=Samuel+Heath+and+Sons+PLC,1620593254,16:47:34,20210509
113,1991-06-30,HSM.L,GBP,1991-06-30,1991-06-30,Q2,1804500.0,0.0,0.0,0.0,0.0,0.0,0.0,0.0,1740750.0,1804500.0,0.0,63750.0,63750.0,28.305882352941175,0.0,0.0,0.0,94250.0,0.05223053477417567,31500.0,62750.0,0.034774175671931286,0.02066875,0.02066875,3036000.0,3036000.0,https://find-and-update.company-information.service.gov.uk/search/companies?q=Samuel+Heath+and+Sons+PLC,https://find-and-update.company-information.service.gov.uk/search/companies?q=Samuel+Heath+and+Sons+PLC,1620593254,16:47:34,20210509
114,1991-03-31,HSM.L,GBP,1991-03-31,1991-03-31,Q1,1804500.0,0.0,0.0,0.0,0.0,0.0,0.0,0.0,1740750.0,1804500.0,0.0,63750.0,63750.0,28.305882352941175,0.0,0.0,0.0,94250.0,0.05223053477417567,31500.0,62750.0,0.034774175671931286,0.02066875,0.02066875,3036000.0,3036000.0,https://find-and-update.company-information.service.gov.uk/search/companies?q=Samuel+Heath+and+Sons+PLC,https://find-and-update.company-information.service.gov.uk/search/companies?q=Samuel+Heath+and+Sons+PLC,1620593254,16:47:34,20210509
115,1991-01-31,HSM.L,GBP,1991-01-31,1991-01-31,Q1,1804500.0,0.0,0.0,0.0,0.0,0.0,0.0,0.0,1740750.0,1804500.0,0.0,63750.0,63750.0,28.305882352941175,0.0,0.0,0.0,94250.0,0.05223053477417567,31500.0,62750.0,0.034774175671931286,0.02066875,0.02066875,3036000.0,3036000.0,https://find-and-update.company-information.service.gov.uk/search/companies?q=Samuel+Heath+and+Sons+PLC,https://find-and-update.company-information.service.gov.uk/search/companies?q=Samuel+Heath+and+Sons+PLC,1620593254,16:47:34,20210509
116,1990-09-30,HSM.L,GBP,1990-09-30,1990-09-30,Q3,2011750.0,0.0,0.0,0.0,0.0,0.0,0.0,0.0,1960250.0,2011750.0,0.0,51500.0,51500.0,39.06310679611651,0.0,0.0,0.0,265500.0,0.13197464893749222,90750.0,174750.0,0.08686467006337766,0.05737025,0.05737025,3046000.0,3046000.0,https://find-and-update.company-information.service.gov.uk/search/companies?q=Samuel+Heath+and+Sons+PLC,https://find-and-update.company-information.service.gov.uk/search/companies?q=Samuel+Heath+and+Sons+PLC,1620593254,16:47:34,20210509
117,1990-06-30,HSM.L,GBP,1990-06-30,1990-06-30,Q2,2011750.0,0.0,0.0,0.0,0.0,0.0,0.0,0.0,1960250.0,2011750.0,0.0,51500.0,51500.0,39.06310679611651,0.0,0.0,0.0,265500.0,0.13197464893749222,90750.0,174750.0,0.08686467006337766,0.05737025,0.05737025,3046000.0,3046000.0,https://find-and-update.company-information.service.gov.uk/search/companies?q=Samuel+Heath+and+Sons+PLC,https://find-and-update.company-information.service.gov.uk/search/companies?q=Samuel+Heath+and+Sons+PLC,1620593254,16:47:34,20210509
118,1990-03-31,HSM.L,GBP,1990-03-31,1990-03-31,Q1,2011750.0,0.0,0.0,0.0,0.0,0.0,0.0,0.0,1960250.0,2011750.0,0.0,51500.0,51500.0,39.06310679611651,0.0,0.0,0.0,265500.0,0.13197464893749222,90750.0,174750.0,0.08686467006337766,0.05737025,0.05737025,3046000.0,3046000.0,https://find-and-update.company-information.service.gov.uk/search/companies?q=Samuel+Heath+and+Sons+PLC,https://find-and-update.company-information.service.gov.uk/search/companies?q=Samuel+Heath+and+Sons+PLC,1620593254,16:47:34,20210509
119,1990-01-31,HSM.L,GBP,1990-01-31,1990-01-31,Q1,2011750.0,0.0,0.0,0.0,0.0,0.0,0.0,0.0,1960250.0,2011750.0,0.0,51500.0,51500.0,39.06310679611651,0.0,0.0,0.0,265500.0,0.13197464893749222,90750.0,174750.0,0.08686467006337766,0.05737025,0.05737025,3046000.0,3046000.0,https://find-and-update.company-information.service.gov.uk/search/companies?q=Samuel+Heath+and+Sons+PLC,https://find-and-update.company-information.service.gov.uk/search/companies?q=Samuel+Heath+and+Sons+PLC,1620593254,16:47:34,20210509
120,1989-09-30,HSM.L,GBP,1989-09-30,1989-09-30,Q3,1700500.0,0.0,0.0,0.0,0.0,0.0,0.0,0.0,1656250.0,1700500.0,0.0,44250.0,44250.0,38.429378531073446,0.0,0.0,0.0,111750.0,0.0657159658923846,41000.0,70750.0,0.04160541017347839,0.02319675,0.02319675,3050000.0,3050000.0,https://find-and-update.company-information.service.gov.uk/search/companies?q=Samuel+Heath+and+Sons+PLC,https://find-and-update.company-information.service.gov.uk/search/companies?q=Samuel+Heath+and+Sons+PLC,1620593254,16:47:34,20210509
121,1989-06-30,HSM.L,GBP,1989-06-30,1989-06-30,Q2,1700500.0,0.0,0.0,0.0,0.0,0.0,0.0,0.0,1656250.0,1700500.0,0.0,44250.0,44250.0,38.429378531073446,0.0,0.0,0.0,111750.0,0.0657159658923846,41000.0,70750.0,0.04160541017347839,0.02319675,0.02319675,3050000.0,3050000.0,https://find-and-update.company-information.service.gov.uk/search/companies?q=Samuel+Heath+and+Sons+PLC,https://find-and-update.company-information.service.gov.uk/search/companies?q=Samuel+Heath+and+Sons+PLC,1620593254,16:47:34,20210509
122,1989-03-31,HSM.L,GBP,1989-03-31,1989-03-31,Q1,1700500.0,0.0,0.0,0.0,0.0,0.0,0.0,0.0,1656250.0,1700500.0,0.0,44250.0,44250.0,38.429378531073446,0.0,0.0,0.0,111750.0,0.0657159658923846,41000.0,70750.0,0.04160541017347839,0.02319675,0.02319675,3050000.0,3050000.0,https://find-and-update.company-information.service.gov.uk/search/companies?q=Samuel+Heath+and+Sons+PLC,https://find-and-update.company-information.service.gov.uk/search/companies?q=Samuel+Heath+and+Sons+PLC,1620593254,16:47:34,20210509
123,1989-01-31,HSM.L,GBP,1989-01-31,1989-01-31,Q1,1700500.0,0.0,0.0,0.0,0.0,0.0,0.0,0.0,1656250.0,1700500.0,0.0,44250.0,44250.0,38.429378531073446,0.0,0.0,0.0,111750.0,0.0657159658923846,41000.0,70750.0,0.04160541017347839,0.02319675,0.02319675,3050000.0,3050000.0,https://find-and-update.company-information.service.gov.uk/search/companies?q=Samuel+Heath+and+Sons+PLC,https://find-and-update.company-information.service.gov.uk/search/companies?q=Samuel+Heath+and+Sons+PLC,1620593254,16:47:34,20210509
124,1988-09-30,HSM.L,GBP,1988-09-30,1988-09-30,Q3,1613000.0,0.0,0.0,0.0,0.0,0.0,0.0,0.0,1570250.0,1613000.0,0.0,42750.0,42750.0,37.73099415204678,0.0,0.0,0.0,139500.0,0.08648481091134531,48250.0,91250.0,0.05657160570365778,0.0296265,0.0296265,3080000.0,3080000.0,https://find-and-update.company-information.service.gov.uk/search/companies?q=Samuel+Heath+and+Sons+PLC,https://find-and-update.company-information.service.gov.uk/search/companies?q=Samuel+Heath+and+Sons+PLC,1620593254,16:47:34,20210509
125,1988-06-30,HSM.L,GBP,1988-06-30,1988-06-30,Q2,1613000.0,0.0,0.0,0.0,0.0,0.0,0.0,0.0,1570250.0,1613000.0,0.0,42750.0,42750.0,37.73099415204678,0.0,0.0,0.0,139500.0,0.08648481091134531,48250.0,91250.0,0.05657160570365778,0.0296265,0.0296265,3080000.0,3080000.0,https://find-and-update.company-information.service.gov.uk/search/companies?q=Samuel+Heath+and+Sons+PLC,https://find-and-update.company-information.service.gov.uk/search/companies?q=Samuel+Heath+and+Sons+PLC,1620593254,16:47:34,20210509
126,1988-03-31,HSM.L,GBP,1988-03-31,1988-03-31,Q1,1613000.0,0.0,0.0,0.0,0.0,0.0,0.0,0.0,1570250.0,1613000.0,0.0,42750.0,42750.0,37.73099415204678,0.0,0.0,0.0,139500.0,0.08648481091134531,48250.0,91250.0,0.05657160570365778,0.0296265,0.0296265,3080000.0,3080000.0,https://find-and-update.company-information.service.gov.uk/search/companies?q=Samuel+Heath+and+Sons+PLC,https://find-and-update.company-information.service.gov.uk/search/companies?q=Samuel+Heath+and+Sons+PLC,1620593254,16:47:34,20210509
127,1988-01-31,HSM.L,GBP,1988-01-31,1988-01-31,Q1,1613000.0,0.0,0.0,0.0,0.0,0.0,0.0,0.0,1570250.0,1613000.0,0.0,42750.0,42750.0,37.73099415204678,0.0,0.0,0.0,139500.0,0.08648481091134531,48250.0,91250.0,0.05657160570365778,0.0296265,0.0296265,3080000.0,3080000.0,https://find-and-update.company-information.service.gov.uk/search/companies?q=Samuel+Heath+and+Sons+PLC,https://find-and-update.company-information.service.gov.uk/search/companies?q=Samuel+Heath+and+Sons+PLC,1620593254,16:47:34,20210509
128,1987-09-30,HSM.L,GBP,1987-09-30,1987-09-30,Q3,1458500.0,0.0,0.0,0.0,0.0,0.0,0.0,0.0,1415750.0,1458500.0,0.0,42750.0,42750.0,34.11695906432749,0.0,0.0,0.0,137250.0,0.09410353102502571,46750.0,90500.0,0.06205005142269455,0.038758,0.038758,2335000.0,2335000.0,https://find-and-update.company-information.service.gov.uk/search/companies?q=Samuel+Heath+and+Sons+PLC,https://find-and-update.company-information.service.gov.uk/search/companies?q=Samuel+Heath+and+Sons+PLC,1620593254,16:47:34,20210509
129,1987-06-30,HSM.L,GBP,1987-06-30,1987-06-30,Q2,1458500.0,0.0,0.0,0.0,0.0,0.0,0.0,0.0,1415750.0,1458500.0,0.0,42750.0,42750.0,34.11695906432749,0.0,0.0,0.0,137250.0,0.09410353102502571,46750.0,90500.0,0.06205005142269455,0.038758,0.038758,2335000.0,2335000.0,https://find-and-update.company-information.service.gov.uk/search/companies?q=Samuel+Heath+and+Sons+PLC,https://find-and-update.company-information.service.gov.uk/search/companies?q=Samuel+Heath+and+Sons+PLC,1620593254,16:47:34,20210509
130,1987-03-31,HSM.L,GBP,1987-03-31,1987-03-31,Q1,1458500.0,0.0,0.0,0.0,0.0,0.0,0.0,0.0,1415750.0,1458500.0,0.0,42750.0,42750.0,34.11695906432749,0.0,0.0,0.0,137250.0,0.09410353102502571,46750.0,90500.0,0.06205005142269455,0.038758,0.038758,2335000.0,2335000.0,https://find-and-update.company-information.service.gov.uk/search/companies?q=Samuel+Heath+and+Sons+PLC,https://find-and-update.company-information.service.gov.uk/search/companies?q=Samuel+Heath+and+Sons+PLC,1620593254,16:47:34,20210509
131,1987-01-31,HSM.L,GBP,1987-01-31,1987-01-31,Q1,1458500.0,0.0,0.0,0.0,0.0,0.0,0.0,0.0,1415750.0,1458500.0,0.0,42750.0,42750.0,34.11695906432749,0.0,0.0,0.0,137250.0,0.09410353102502571,46750.0,90500.0,0.06205005142269455,0.038758,0.038758,2335000.0,2335000.0,https://find-and-update.company-information.service.gov.uk/search/companies?q=Samuel+Heath+and+Sons+PLC,https://find-and-update.company-information.service.gov.uk/search/companies?q=Samuel+Heath+and+Sons+PLC,1620593254,16:47:34,20210509
132,1986-09-30,HSM.L,GBP,1986-09-30,1986-09-30,Q3,1394000.0,0.0,0.0,0.0,0.0,0.0,0.0,0.0,1357250.0,1394000.0,11000.0,36750.0,174500.0,7.988538681948424,0.0,0.0,0.0,126750.0,0.09092539454806313,49750.0,77000.0,0.055236728837876614,0.0246795,0.0246795,3120000.0,3120000.0,https://find-and-update.company-information.service.gov.uk/search/companies?q=Samuel+Heath+and+Sons+PLC,https://find-and-update.company-information.service.gov.uk/search/companies?q=Samuel+Heath+and+Sons+PLC,1620593254,16:47:34,20210509
133,1986-06-30,HSM.L,GBP,1986-06-30,1986-06-30,Q2,1394000.0,0.0,0.0,0.0,0.0,0.0,0.0,0.0,1357250.0,1394000.0,11000.0,36750.0,174500.0,7.988538681948424,0.0,0.0,0.0,126750.0,0.09092539454806313,49750.0,77000.0,0.055236728837876614,0.0246795,0.0246795,3120000.0,3120000.0,https://find-and-update.company-information.service.gov.uk/search/companies?q=Samuel+Heath+and+Sons+PLC,https://find-and-update.company-information.service.gov.uk/search/companies?q=Samuel+Heath+and+Sons+PLC,1620593254,16:47:34,20210509
134,1986-03-31,HSM.L,GBP,1986-03-31,1986-03-31,Q1,1394000.0,0.0,0.0,0.0,0.0,0.0,0.0,0.0,1357250.0,1394000.0,11000.0,36750.0,174500.0,7.988538681948424,0.0,0.0,0.0,126750.0,0.09092539454806313,49750.0,77000.0,0.055236728837876614,0.0246795,0.0246795,3120000.0,3120000.0,https://find-and-update.company-information.service.gov.uk/search/companies?q=Samuel+Heath+and+Sons+PLC,https://find-and-update.company-information.service.gov.uk/search/companies?q=Samuel+Heath+and+Sons+PLC,1620593254,16:47:34,20210509
135,1986-01-31,HSM.L,GBP,1986-01-31,1986-01-31,Q1,1394000.0,0.0,0.0,0.0,0.0,0.0,0.0,0.0,1357250.0,1394000.0,11000.0,36750.0,174500.0,7.988538681948424,0.0,0.0,0.0,126750.0,0.09092539454806313,49750.0,77000.0,0.055236728837876614,0.0246795,0.0246795,3120000.0,3120000.0,https://find-and-update.company-information.service.gov.uk/search/companies?q=Samuel+Heath+and+Sons+PLC,https://find-and-update.company-information.service.gov.uk/search/companies?q=Samuel+Heath+and+Sons+PLC,1620593254,16:47:34,20210509
