,date,symbol,reportedCurrency,fillingDate,acceptedDate,period,revenue,costOfRevenue,grossProfit,grossProfitRatio,researchAndDevelopmentExpenses,generalAndAdministrativeExpenses,sellingAndMarketingExpenses,otherExpenses,operatingExpenses,costAndExpenses,interestExpense,depreciationAndAmortization,ebitda,ebitdaratio,operatingIncome,operatingIncomeRatio,totalOtherIncomeExpensesNet,incomeBeforeTax,incomeBeforeTaxRatio,incomeTaxExpense,netIncome,netIncomeRatio,eps,epsdiluted,weightedAverageShsOut,weightedAverageShsOutDil,link,finalLink,timestamp,est_time,est_date
0,2021-03-31,RYI,USD,2021-05-05,2021-05-05 16:23:15,Q1,1147000000,949000000,197000000,0.17175239755884916,0.0,171000000.0,0.0,-13000000.0,171000000,1120000000,13000000,13000000.0,39000000.0,0.03400174367916303,26000000.0,0.022667829119442023,0.0,33000.0,2.877070619006103e-05,7000.0,25000.0,2.1795989537925023e-05,0.6558685001496823,0.6558685001496823,38117397.0,38117397.0,https://www.sec.gov/Archives/edgar/data/1481582/000156459021024100/0001564590-21-024100-index.htm,https://www.sec.gov/Archives/edgar/data/1481582/000156459021024100/ryi-10q_20210331.htm,1620597507,17:58:27,20210509
1,2020-12-31,RYI,USD,2021-02-24,2021-02-24 16:22:07,Q4,853000000,699100000,153900000,0.18042203985932004,0.0,554000000.0,0.0,4000000.0,96600000,795700000,15200000,13400000.0,70700000.0,0.08288393903868699,57300000.0,0.0671746776084408,-62500000.0,-20400000.0,-0.02391559202813599,-3900000.0,-16700000.0,-0.019577960140679952,-0.4381201580999878,-0.4381201580999878,38117397.0,38117397.0,https://www.sec.gov/Archives/edgar/data/1481582/000156459021008111/0001564590-21-008111-index.htm,https://www.sec.gov/Archives/edgar/data/1481582/000156459021008111/ryi-10k_20201231.htm,1620597507,17:58:27,20210509
2,2020-09-30,RYI,USD,2020-10-28,2020-10-28 16:22:56,Q3,831500000,675600000,155900000,0.18749248346361996,0.0,177900000.0,0.0,500000.0,177900000,853500000,20200000,13600000.0,-8400000.0,-0.01010222489476849,-22000000.0,-0.026458208057727,-16800000.0,-59000000.0,-0.07095610342754059,-19300000.0,-39900000.0,-0.04798556825015033,-1.05,-1.05,38117397.0,38117397.0,https://www.sec.gov/Archives/edgar/data/1481582/000156459020048359/0001564590-20-048359-index.htm,https://www.sec.gov/Archives/edgar/data/1481582/000156459020048359/ryi-10q_20200930.htm,1620597507,17:58:27,20210509
3,2020-06-30,RYI,USD,2020-07-29,2020-07-29 16:40:30,Q2,771800000,656300000,115500000,0.14965016843741902,0.0,0.0,0.0,-100000.0,124100000,780400000,19300000,13600000.0,5000000.0,0.0064783622700181395,-8600000.0,-0.0111427831044312,-2100000.0,-30000000.0,-0.03887017362010883,-4500000.0,-25600000.0,-0.033169214822492875,-0.67,-0.67,38079905.0,38079905.0,https://www.sec.gov/Archives/edgar/data/1481582/000156459020034314/0001564590-20-034314-index.htm,https://www.sec.gov/Archives/edgar/data/1481582/000156459020034314/ryi-10q_20200630.htm,1620597507,17:58:27,20210509
4,2020-03-31,RYI,USD,2020-05-06 00:00:00,2020-05-06 16:23:49,Q1,1010300000,814500000,195800000,0.19380382064733248,0.0,0.0,0.0,900000.0,155700000,970200000,21700000,13300000.0,53400000.0,0.0528555874492725,40100000.0,0.03969118083737504,900000.0,19300000.0,0.019103236662377513,2900000.0,16400000.0,0.016232802137978817,0.43404890264894486,0.4290348946375321,37783761.0,38225329.0,https://www.sec.gov/Archives/edgar/data/1481582/000156459020021964/0001564590-20-021964-index.html,https://www.sec.gov/Archives/edgar/data/1481582/000156459020021964/ryi-10q_20200331.htm,1620597507,17:58:27,20210509
5,2019-12-31,RYI,USD,2020-03-04 00:00:00,2020-03-04 16:24:49,Q4,961500000,781100000,180400000,0.1876235049401976,0.0,0.0,0.0,-1100000.0,142900000,924000000,22200000,14100000.0,51600000.0,0.05366614664586584,37500000.0,0.0390015600624025,18800000.0,34100000.0,0.03546541861674467,7700000.0,26400000.0,0.027457098283931357,0.7,0.69,37800000.0,38100000.0,https://www.sec.gov/Archives/edgar/data/1481582/000156459020008692/0001564590-20-008692-index.html,https://www.sec.gov/Archives/edgar/data/1481582/000156459020008692/ryi-10k_20191231.htm,1620597507,17:58:27,20210509
6,2019-09-30,RYI,USD,2019-10-29 00:00:00,2019-10-29 19:43:01,Q3,1104400000,900000000,204400000,0.18507787033683448,0.0,0.0,0.0,-300000.0,165600000,1065600000,23200000,15600000.0,54400000.0,0.04925751539297356,38800000.0,0.03513219847881202,900000.0,16500000.0,0.014940239043824702,6300000.0,10100000.0,0.009145237232886636,0.2673106046801429,0.2660285423340043,37783761.0,37965851.0,https://www.sec.gov/Archives/edgar/data/1481582/000156459019038423/0001564590-19-038423-index.html,https://www.sec.gov/Archives/edgar/data/1481582/000156459019038423/ryi-10q_20190930.htm,1620597507,17:58:27,20210509
7,2019-06-30,RYI,USD,2019-08-05 00:00:00,2019-08-05 16:22:18,Q2,1204900000,993100000,211800000,0.1757822225910864,0.0,0.0,0.0,-200000.0,164600000,1157700000,23900000,14500000.0,61700000.0,0.051207569092870775,47200000.0,0.03917337538384928,-1300000.0,22000000.0,0.018258776661963648,5500000.0,16400000.0,0.013611088057100174,0.4342185275167855,0.4325083965307658,37769001.0,37918339.0,https://www.sec.gov/Archives/edgar/data/1481582/000156459019028781/0001564590-19-028781-index.html,https://www.sec.gov/Archives/edgar/data/1481582/000156459019028781/ryi-10q_20190630.htm,1620597507,17:58:27,20210509
8,2019-03-31,RYI,USD,2019-05-01 00:00:00,2019-05-01 16:21:47,Q1,1230800000,999500000,231300000,0.1879265518362041,0.0,0.0,0.0,-800000.0,163700000,1163200000,23900000,14200000.0,81800000.0,0.06646083847903803,67600000.0,0.05492362690932727,-1100000.0,42600000.0,0.03461163470913227,13000000.0,29500000.0,0.023968150796230093,0.79,0.78,37449450.0,37840463.0,https://www.sec.gov/Archives/edgar/data/1481582/000156459019014832/0001564590-19-014832-index.html,https://www.sec.gov/Archives/edgar/data/1481582/000156459019014832/ryi-10q_20190331.htm,1620597507,17:58:27,20210509
9,2018-12-31,RYI,USD,2019-03-05 00:00:00,2019-03-05 16:34:34,Q4,1160000000,960300000,199700000,0.1721551724137931,0.0,0.0,0.0,-2200000.0,171300000,1131600000,26000000,15700000.0,44100000.0,0.03801724137931035,28400000.0,0.024482758620689656,-3700000.0,-1300000.0,-0.0011206896551724137,-2000000.0,600000.0,0.0005172413793103448,0.016042780748663103,0.015915119363395226,37400000.0,37700000.0,https://www.sec.gov/Archives/edgar/data/1481582/000156459019006287/0001564590-19-006287-index.html,https://www.sec.gov/Archives/edgar/data/1481582/000156459019006287/ryi-10k_20181231.htm,1620597507,17:58:27,20210509
10,2018-09-30,RYI,USD,2018-11-01 00:00:00,2018-11-01 16:20:08,Q3,1250000000,1041800000,208200000,0.16656,0.0,0.0,0.0,74200000.0,174000000,1215800000,26000000,14100000.0,48300000.0,0.03864,34200000.0,0.02736,71500000.0,79700000.0,0.06376,2000000.0,77500000.0,0.062,2.08,2.06,37367746.0,37689174.0,https://www.sec.gov/Archives/edgar/data/1481582/000156459018026247/0001564590-18-026247-index.html,https://www.sec.gov/Archives/edgar/data/1481582/000156459018026247/ryi-10q_20180930.htm,1620597507,17:58:27,20210509
11,2018-06-30,RYI,USD,2018-08-01 00:00:00,2018-08-01 17:08:07,Q2,1057100000,871800000,185300000,0.17529089017122315,0.0,0.0,0.0,1100000.0,138900000,1010700000,23900000,11600000.0,58000000.0,0.05486708920631918,46400000.0,0.04389367136505534,1100000.0,23600000.0,0.02232522940119194,6200000.0,17500000.0,0.01655472519156182,0.47,0.46,37294982.0,37625751.0,https://www.sec.gov/Archives/edgar/data/1481582/000156459018018518/0001564590-18-018518-index.html,https://www.sec.gov/Archives/edgar/data/1481582/000156459018018518/ryi-10q_20180630.htm,1620597507,17:58:27,20210509
12,2018-03-31,RYI,USD,2018-05-02 00:00:00,2018-05-02 16:21:42,Q1,941300000,776400000,164900000,0.17518325719749284,0.0,0.0,0.0,3600000.0,130500000,906900000,23300000,11500000.0,45900000.0,0.048762349941570166,34400000.0,0.03654520344204823,3600000.0,14700000.0,0.015616700308084564,4100000.0,10400000.0,0.011048549877828535,0.2795054183872263,0.2770484536434003,37208581.0,37538560.0,https://www.sec.gov/Archives/edgar/data/1481582/000156459018010320/0001564590-18-010320-index.html,https://www.sec.gov/Archives/edgar/data/1481582/000156459018010320/ryi-10q_20180331.htm,1620597507,17:58:27,20210509
13,2017-12-31,RYI,USD,2018-03-05 00:00:00,2018-03-05 16:38:42,Q4,810600000,674100000,136500000,0.16839378238341968,0.0,0.0,0.0,-300000.0,119300000,793400000,23200000,13000000.0,30200000.0,0.037256353318529487,17200000.0,0.021218850234394276,-300000.0,-6300000.0,-0.007772020725388601,-6600000.0,0.0,0.0,0.0,0.0,37200000.0,37200000.0,https://www.sec.gov/Archives/edgar/data/1481582/000156459018004385/0001564590-18-004385-index.html,https://www.sec.gov/Archives/edgar/data/1481582/000156459018004385/ryi-10k_20171231.htm,1620597507,17:58:27,20210509
14,2017-09-30,RYI,USD,2017-11-07 00:00:00,2017-11-07 16:16:36,Q3,864200000,719200000,145000000,0.16778523489932887,0.0,0.0,0.0,-1400000.0,119200000,838400000,23200000,11900000.0,37700000.0,0.0436241610738255,25800000.0,0.029854200416570238,-1400000.0,1200000.0,0.001388567461235825,-700000.0,1700000.0,0.001967137236750752,0.045710073319764254,0.04558287465342268,37190927.0,37294708.0,https://www.sec.gov/Archives/edgar/data/1481582/000156459017022250/0001564590-17-022250-index.html,https://www.sec.gov/Archives/edgar/data/1481582/000156459017022250/ryi-10q_20170930.htm,1620597507,17:58:27,20210509
15,2017-06-30,RYI,USD,2017-08-03 00:00:00,2017-08-03 16:16:29,Q2,875400000,735000000,140400000,0.16038382453735436,0.0,0.0,0.0,-900000.0,116700000,851700000,22800000,11500000.0,35200000.0,0.040210189627598814,23700000.0,0.027073337902673064,-900000.0,0.0,0.0,-800000.0,600000.0,0.0006854009595613434,0.01614097658073426,0.016088736892036798,37172472.0,37293170.0,https://www.sec.gov/Archives/edgar/data/1481582/000156459017015356/0001564590-17-015356-index.html,https://www.sec.gov/Archives/edgar/data/1481582/000156459017015356/ryi-10q_20170630.htm,1620597507,17:58:27,20210509
16,2017-03-31,RYI,USD,2017-05-03 00:00:00,2017-05-03 16:18:39,Q1,814500000,653900000,160600000,0.19717618170656845,0.0,0.0,0.0,300000.0,117300000,771200000,21800000,10700000.0,54000000.0,0.06629834254143646,43300000.0,0.05316144874155924,300000.0,21800000.0,0.02676488643339472,6800000.0,14800000.0,0.018170656844689995,0.39857142306991183,0.39692905644062987,37132617.0,37286260.0,https://www.sec.gov/Archives/edgar/data/1481582/000156459017008381/0001564590-17-008381-index.html,https://www.sec.gov/Archives/edgar/data/1481582/000156459017008381/ryi-10q_20170331.htm,1620597507,17:58:27,20210509
17,2016-12-31,RYI,USD,2017-03-13 00:00:00,2017-03-13 16:17:03,Q4,682200000,567600000,114600000,0.167985927880387,0.0,0.0,0.0,-4000000.0,104900000,672500000,22400000,10700000.0,20400000.0,0.02990325417766051,9700000.0,0.014218704192318968,-2500000.0,-15200000.0,-0.022280856053943126,-6800000.0,-8600000.0,-0.012606273819994136,-0.23,-0.23,37100000.0,37100000.0,https://www.sec.gov/Archives/edgar/data/1481582/000156459017004120/0001564590-17-004120-index.html,https://www.sec.gov/Archives/edgar/data/1481582/000156459017004120/ryi-10k_20161231.htm,1620597507,17:58:27,20210509
18,2016-09-30,RYI,USD,2016-11-02 00:00:00,2016-11-02 16:17:53,Q3,735100000,589700000,145400000,0.19779621820160523,0.0,0.0,0.0,-200000.0,109100000,698800000,23600000,10200000.0,46500000.0,0.06325669976873895,36300000.0,0.04938103659366073,-2700000.0,10000000.0,0.013603591348115902,1600000.0,8200000.0,0.01115494490545504,0.22902424861263673,0.22799510778107265,35804069.0,35965684.0,https://www.sec.gov/Archives/edgar/data/1481582/000156459016026995/0001564590-16-026995-index.html,https://www.sec.gov/Archives/edgar/data/1481582/000156459016026995/ryi-10q_20160930.htm,1620597507,17:58:27,20210509
19,2016-06-30,RYI,USD,2016-08-09,2016-08-09 16:49:34,Q2,739800000,576800000,163000000,0.22032981886996486,0.0,0.0,0.0,-18300000.0,113100000,689900000,21900000,10700000.0,60600000.0,0.08191403081914031,49900000.0,0.06745066234117329,-18300000.0,9700000.0,0.013111651797783185,4300000.0,5600000.0,0.007569613409029468,0.17445645909463328,0.17371600529002462,32099700.0,32236523.0,https://www.sec.gov/Archives/edgar/data/1481582/000156459016023723/0001564590-16-023723-index.htm,https://www.sec.gov/Archives/edgar/data/1481582/000156459016023723/ryi-10q_20160630.htm,1620597507,17:58:27,20210509
20,2016-03-31,RYI,USD,2016-05-05 00:00:00,2016-05-05 16:43:52,Q1,702600000,555000000,147600000,0.21007685738684884,0.0,0.0,0.0,5300000.0,109300000,664300000,22000000,10900000.0,49200000.0,0.07002561912894961,38300000.0,0.054511813265015654,5300000.0,21600000.0,0.030742954739538857,8100000.0,13500000.0,0.019214346712211786,0.42,0.42,32099700.0,32099700.0,https://www.sec.gov/Archives/edgar/data/1481582/000156459016018018/0001564590-16-018018-index.html,https://www.sec.gov/Archives/edgar/data/1481582/000156459016018018/ryi-10q_20160331.htm,1620597507,17:58:27,20210509
21,2015-12-31,RYI,USD,2016-03-09 00:00:00,2016-03-09 17:30:16,Q4,668800000,567200000,101600000,0.1519138755980861,0.0,0.0,0.0,300000.0,107400000,674600000,21800000,9800000.0,4000000.0,0.005980861244019139,-5800000.0,-0.008672248803827751,-6100000.0,-33700000.0,-0.05038875598086125,-12400000.0,-20500000.0,-0.030651913875598086,-0.64,-0.64,32100000.0,32100000.0,https://www.sec.gov/Archives/edgar/data/1481582/000156459016014318/0001564590-16-014318-index.html,https://www.sec.gov/Archives/edgar/data/1481582/000156459016014318/ryi-10k_20151231.htm,1620597507,17:58:27,20210509
22,2015-09-30,RYI,USD,2015-11-12 00:00:00,2015-11-12 16:52:31,Q3,790000000,639700000,150300000,0.19025316455696203,0.0,0.0,0.0,1200000.0,112800000,752500000,25400000,11700000.0,49200000.0,0.062278481012658225,37500000.0,0.04746835443037975,700000.0,12800000.0,0.01620253164556962,6100000.0,6700000.0,0.008481012658227849,0.20901113773559454,0.20888358830329223,32055708.0,32075282.0,https://www.sec.gov/Archives/edgar/data/1481582/000156459015010628/0001564590-15-010628-index.html,https://www.sec.gov/Archives/edgar/data/1481582/000156459015010628/ryi-10q_20150930.htm,1620597507,17:58:27,20210509
23,2015-06-30,RYI,USD,2015-08-12 00:00:00,2015-08-12 16:46:28,Q2,840400000,674600000,165800000,0.19728700618752976,0.0,0.0,0.0,-600000.0,114200000,788800000,23800000,11100000.0,62700000.0,0.07460732984293193,51600000.0,0.061399333650642554,-2000000.0,25800000.0,0.030699666825321277,10200000.0,15800000.0,0.0188005711565921,0.49,0.49,32000000.0,32000000.0,https://www.sec.gov/Archives/edgar/data/1481582/000156459015007114/0001564590-15-007114-index.html,https://www.sec.gov/Archives/edgar/data/1481582/000156459015007114/ryi-10q_20150630.htm,1620597507,17:58:27,20210509
24,2015-03-31,RYI,USD,2015-05-07 00:00:00,2015-05-07 17:05:38,Q1,868000000,718000000,150000000,0.1728110599078341,0.0,0.0,0.0,-11300000.0,116400000,834400000,25300000,11100000.0,44700000.0,0.05149769585253456,33600000.0,0.03870967741935484,-11300000.0,-3000000.0,-0.0034562211981566822,-200000.0,-2500000.0,-0.002880184331797235,-0.08,-0.08,32000000.0,32000000.0,https://www.sec.gov/Archives/edgar/data/1481582/000119312515177338/0001193125-15-177338-index.html,https://www.sec.gov/Archives/edgar/data/1481582/000119312515177338/d899610d10q.htm,1620597507,17:58:27,20210509
25,2014-12-31,RYI,USD,2015-03-16,2015-03-16 17:26:18,Q4,868400000,726200000,142200000,0.16374942422846614,0.0,0.0,0.0,2300000.0,117100000,843300000,24600000,11600000.0,36700000.0,0.042261630584983875,25100000.0,0.028903730999539384,2800000.0,3300000.0,0.003800092123445417,-1400000.0,4800000.0,0.0055274067250115156,0.15,0.15,32000000.0,32000000.0,https://www.sec.gov/Archives/edgar/data/1481582/000119312515094069/0001193125-15-094069-index.htm,https://www.sec.gov/Archives/edgar/data/1481582/000119312515094069/d837880d10k.htm,1620597507,17:58:27,20210509
26,2014-09-30,RYI,USD,2014-11-12 00:00:00,2014-11-12 17:13:59,Q3,947900000,798400000,149500000,0.15771705876147274,0.0,0.0,0.0,-8500000.0,154100000,952500000,27900000,11600000.0,7000000.0,0.007384745226289693,-4600000.0,-0.004852832577276084,-7200000.0,-39700000.0,-0.041882055069100116,-4900000.0,-34700000.0,-0.03660723705032176,-1.26,-1.26,27500000.0,27500000.0,https://www.sec.gov/Archives/edgar/data/1481582/000119312514409531/0001193125-14-409531-index.html,https://www.sec.gov/Archives/edgar/data/1481582/000119312514409531/d792659d10q.htm,1620597507,17:58:27,20210509
27,2014-06-30,RYI,USD,2014-08-14 00:00:00,2014-08-14 06:08:22,Q2,931500000,777100000,154400000,0.1657541599570585,0.0,0.0,0.0,-1700000.0,120200000,897300000,27500000,11600000.0,45800000.0,0.049168008588298444,34200000.0,0.03671497584541063,-1700000.0,5000000.0,0.005367686527106817,2500000.0,2600000.0,0.0027911969940955447,0.081155,0.081155,32037500.0,32037500.0,https://www.sec.gov/Archives/edgar/data/1481582/000119312514309096/0001193125-14-309096-index.html,https://www.sec.gov/Archives/edgar/data/1481582/000119312514309096/d762456d10q.htm,1620597507,17:58:27,20210509
28,2014-03-31,RYI,USD,2014-03-31,2014-03-31,Q1,874400000,726700000,147700000,0.16891582799634033,0.0,0.0,0.0,2000000.0,117800000,844500000,27400000,10800000.0,40700000.0,0.04654620311070448,29900000.0,0.03419487648673376,2000000.0,4500000.0,0.005146386093321135,3100000.0,1600000.0,0.0018298261665141812,0.049941,0.049941,32037500.0,32037500.0,,,1620597507,17:58:27,20210509
29,2013-12-31,RYI,USD,2013-12-31,2013-12-31,Q4,802500000,655300000,147200000,0.18342679127725856,0.0,0.0,0.0,-2300000.0,116900000,772200000,27200000,11900000.0,42200000.0,0.052585669781931466,30300000.0,0.037757009345794394,-3300000.0,-200000.0,-0.00024922118380062304,-118200000.0,118200000.0,0.14728971962616821,3.689426453374951,3.689426453374951,32037500.0,32037500.0,,,1620597507,17:58:27,20210509
30,2013-09-30,RYI,USD,2013-09-30,2013-09-30,Q3,859800000,704700000,155100000,0.18039078855547802,0.0,0.0,0.0,-1100000.0,120200000,824900000,27100000,12000000.0,46900000.0,0.05454756920214003,34900000.0,0.040590835077925096,-2200000.0,5600000.0,0.0065131425913003025,2800000.0,3000000.0,0.0034891835310537334,0.09364,0.09364,32037500.0,32037500.0,,,1620597507,17:58:27,20210509
31,2013-06-30,RYI,USD,2013-06-30,2013-06-30,Q2,906900000,748400000,158500000,0.17477119858859852,0.0,0.0,0.0,2000000.0,121400000,869800000,27800000,11500000.0,48600000.0,0.05358914985114125,37100000.0,0.040908589701179845,-6900000.0,2400000.0,0.0026463777704267286,2200000.0,500000.0,0.0005513287021722351,0.015607,0.015607,32037500.0,32037500.0,,,1620597507,17:58:27,20210509
32,2013-03-31,RYI,USD,2013-03-31,2013-03-31,Q1,891100000,735300000,155800000,0.17484008528784648,0.0,0.0,0.0,1200000.0,121600000,856900000,28400000,11200000.0,45400000.0,0.0509482661878577,34200000.0,0.03837953091684435,300000.0,6100000.0,0.0068454718886769165,900000.0,5600000.0,0.006284367635506678,0.174795,0.174795,32037500.0,32037500.0,,,1620597507,17:58:27,20210509
33,2012-12-31,RYI,USD,2012-12-31,2012-12-31,Q4,850300000,696000000,154300000,0.1814653651652358,0.0,0.0,0.0,-32500000.0,119000000,815000000,28900000,12400000.0,47700000.0,0.05609784781841703,35300000.0,0.04151475949664824,-32000000.0,-25600000.0,-0.030107021051393627,-15100000.0,-9900000.0,-0.01164294954721863,-0.3090128755364807,-0.3090128755364807,32037500.0,32037500.0,,,1620597507,17:58:27,20210509
34,2012-09-30,RYI,USD,2012-09-30,2012-09-30,Q3,962200000,781700000,180500000,0.18759093743504468,0.0,0.0,0.0,-1500000.0,126900000,908600000,33500000,11800000.0,65400000.0,0.0679692371648306,53600000.0,0.05570567449594679,-1500000.0,18600000.0,0.019330700478071085,2600000.0,16400000.0,0.017044273539804613,0.5119,0.5119,32037500.0,32037500.0,,,1620597507,17:58:27,20210509
35,2012-06-30,RYI,USD,2012-07-31 00:00:00,2012-07-31 17:17:53,Q2,1090600000,906600000,184000000,0.1687144690995782,0.0,0.0,0.0,0.0,131500000,1038100000,32600000,11900000.0,64400000.0,0.059050064184852376,52500000.0,0.04813863928112965,-100000.0,19800000.0,0.01815514395745461,4400000.0,15600000.0,0.01430405281496424,0.486929,0.486929,32037500.0,32037500.0,https://www.sec.gov/Archives/edgar/data/1481582/000119312512326160/0001193125-12-326160-index.html,https://www.sec.gov/Archives/edgar/data/1481582/000119312512326160/d352611d10q.htm,1620597507,17:58:27,20210509
36,2012-03-31,RYI,USD,2012-05-02,2012-05-02 16:54:13,Q1,1121600000,930800000,190800000,0.17011412268188303,0.0,0.0,0.0,0.0,131500000,1062300000,31500000,10900000.0,70200000.0,0.06258915834522111,59300000.0,0.05287089871611983,-300000.0,27500000.0,0.02451854493580599,2600000.0,25000000.0,0.022289586305278174,0.780336,0.780336,32037500.0,32037500.0,https://www.sec.gov/Archives/edgar/data/1481582/000119312512204926/0001193125-12-204926-index.htm,https://www.sec.gov/Archives/edgar/data/1481582/000119312512107289/d263182d10k.htm,1620597507,17:58:27,20210509
37,2011-12-31,RYI,USD,2012-03-09 00:00:00,2012-03-09 17:18:50,Q4,1035000000,870500000,164500000,0.15893719806763285,0.0,0.0,0.0,0.0,126500000,997000000,31400000,10800000.0,48800000.0,0.04714975845410628,38000000.0,0.03671497584541063,-16000000.0,-9400000.0,-0.009082125603864734,-21100000.0,12500000.0,0.012077294685990338,0.3901677721420211,0.3901677721420211,32037500.0,32037500.0,https://www.sec.gov/Archives/edgar/data/1481582/000119312512107289/0001193125-12-107289-index.html,https://www.sec.gov/Archives/edgar/data/1481582/000119312512107289/d263182d10k.htm,1620597507,17:58:27,20210509
38,2011-09-30,RYI,USD,2011-11-02 00:00:00,2011-11-02 16:35:41,Q3,1218800000,1045100000,173700000,0.14251723006235642,0.0,0.0,0.0,0.0,138200000,1183300000,31400000,10600000.0,46100000.0,0.03782408926813259,35500000.0,0.02912701017394158,-1500000.0,2600000.0,0.002133245815556285,3500000.0,-900000.0,-0.0007384312438464063,-0.028092,-0.028092,32037500.0,32037500.0,https://www.sec.gov/Archives/edgar/data/1481582/000119312511292874/0001193125-11-292874-index.html,https://www.sec.gov/Archives/edgar/data/1481582/000119312511292874/d234205d10q.htm,1620597507,17:58:27,20210509
39,2011-06-30,RYI,USD,2011-08-03 00:00:00,2011-08-03 06:06:19,Q2,1289000000,1125100000,163900000,0.12715283165244376,0.0,0.0,0.0,0.0,139800000,1264900000,30600000,11200000.0,35300000.0,0.0273855702094647,24100000.0,0.0186966640806827,-3700000.0,-10200000.0,-0.00791311093871218,7800000.0,-18000000.0,-0.013964313421256789,-0.561842,-0.561842,32037500.0,32037500.0,https://www.sec.gov/Archives/edgar/data/1481582/000119312511207155/0001193125-11-207155-index.html,https://www.sec.gov/Archives/edgar/data/1481582/000119312511207155/d10q.htm,1620597507,17:58:27,20210509
40,2011-03-31,RYI,USD,2011-05-04 00:00:00,2011-05-04 14:29:39,Q1,1187000000,1030300000,156700000,0.1320134793597304,0.0,0.0,0.0,0.0,135200000,1165500000,29700000,10400000.0,31900000.0,0.02687447346251053,21500000.0,0.018112889637742206,5400000.0,-2800000.0,-0.002358887952822241,-1200000.0,-1700000.0,-0.0014321819713563606,-0.053063,-0.053063,32037500.0,32037500.0,https://www.sec.gov/Archives/edgar/data/1481582/000119312511125839/0001193125-11-125839-index.html,https://www.sec.gov/Archives/edgar/data/1481582/000119312511125839/d10q.htm,1620597507,17:58:27,20210509
41,2010-12-31,RYI,USD,2011-03-15,2011-03-15 16:28:42,Q4,972100000,837800000,134300000,0.13815451085279293,0.0,0.0,0.0,0.0,134800000,972600000,27900000,10500000.0,10000000.0,0.010287007509515483,-500000.0,-0.0005143503754757741,-12800000.0,-41200000.0,-0.04238247093920378,9900000.0,-51300000.0,-0.05277234852381442,-1.6012485368708544,-1.6012485368708544,32037500.0,32037500.0,https://www.sec.gov/Archives/edgar/data/1481582/000119312511067235/0001193125-11-067235-index.htm,https://www.sec.gov/Archives/edgar/data/1481582/000119312511067235/d10k.htm,1620597507,17:58:27,20210509
42,2010-09-30,RYI,USD,2010-09-30,2010-09-30,Q3,1031700000,892600000,139100000,0.13482601531452942,0.0,128600000.0,0.0,0.0,128600000,1021200000,27600000,9600000.0,20100000.0,0.019482407676650187,10500000.0,0.010177377144518756,-2100000.0,-19200000.0,-0.018610061064262867,-3100000.0,-16300000.0,-0.015799166424348164,-0.508779,-0.508779,32037500.0,32037500.0,,,1620597507,17:58:27,20210509
43,2010-06-30,RYI,USD,2010-06-30,2010-06-30,Q2,1020200000,887600000,132600000,0.1299745148010194,0.0,127800000.0,0.0,0.0,125200000,1012800000,27300000,9200000.0,16600000.0,0.016271319349147224,7400000.0,0.007253479709860812,1900000.0,-18000000.0,-0.01764359929425603,3700000.0,-21700000.0,-0.021270339149186433,-0.677331,-0.677331,32037500.0,32037500.0,,,1620597507,17:58:27,20210509
44,2010-03-31,RYI,USD,2010-03-31,2010-03-31,Q1,871500000,737700000,133800000,0.15352839931153184,0.0,0.0,0.0,0.0,118800000,856500000,24700000,9100000.0,24100000.0,0.027653471026965002,15000000.0,0.01721170395869191,-2500000.0,-12200000.0,-0.013998852553069421,2600000.0,-14700000.0,-0.016867469879518072,-0.458837,-0.458837,32037500.0,32037500.0,,,1620597507,17:58:27,20210509
45,2009-12-31,RYI,USD,2009-12-31,2009-12-31,Q4,741100000,648500000,92600000,0.12494939954122251,0.0,-120600000.0,0.0,0.0,-120600000,527900000,18500000,4500000.0,217700000.0,0.2937525300229389,213200000.0,0.2876804749696397,17800000.0,-67300000.0,-0.09081095668600729,-19100000.0,-47800000.0,-0.06449871812171097,0.0,0.0,0.0,0.0,,,1620597507,17:58:27,20210509
46,2009-09-30,RYI,USD,2009-09-30,2009-09-30,Q3,777200000,625400000,151800000,0.1953165208440556,0.0,120300000.0,0.0,0.0,120300000,745700000,18000000,14800000.0,46300000.0,0.05957282552753474,31500000.0,0.040530108080288216,-6800000.0,6700000.0,0.008620689655172414,14000000.0,-7400000.0,-0.009521358723623263,-0.230979,-0.230979,32037500.0,32037500.0,,,1620597507,17:58:27,20210509
47,2009-06-30,RYI,USD,2009-06-30,2009-06-30,Q2,743100000,657500000,85600000,0.11519310994482573,0.0,118100000.0,0.0,0.0,118100000,775600000,18200000,0.0,-32500000.0,-0.04373570178979949,-32500000.0,-0.04373570178979949,-4500000.0,-55200000.0,-0.0742834073475979,75600000.0,-130600000.0,-0.1757502354999327,-4.076473,-4.076473,32037500.0,32037500.0,,,1620597507,17:58:27,20210509
48,2008-12-31,RYI,USD,2008-12-31,2008-12-31,Q4,1072900000,900300000,172600000,0.16087240190138877,0.0,0.0,0.0,0.0,136700000,1037000000,27200000,10700000.0,46600000.0,0.043433684406748066,35900000.0,0.0334607139528381,16400000.0,25100000.0,0.023394538167583186,7600000.0,18700000.0,0.017429396961506197,0.0,0.0,0.0,0.0,,,1620597507,17:58:27,20210509
49,2008-09-30,RYI,USD,2008-09-30,2008-09-30,Q3,1420900000,1250000000,170900000,0.12027588148356676,0.0,150300000.0,0.0,0.0,150300000,1400300000,27300000,0.0,20600000.0,0.01449785347315082,20600000.0,0.01449785347315082,9000000.0,2300000.0,0.0016186923780702371,400000.0,1900000.0,0.0013371806601449785,0.059306,0.059306,32037500.0,32037500.0,,,1620597507,17:58:27,20210509
