,date,symbol,reportedCurrency,fillingDate,acceptedDate,period,revenue,costOfRevenue,grossProfit,grossProfitRatio,researchAndDevelopmentExpenses,generalAndAdministrativeExpenses,sellingAndMarketingExpenses,otherExpenses,operatingExpenses,costAndExpenses,interestExpense,depreciationAndAmortization,ebitda,ebitdaratio,operatingIncome,operatingIncomeRatio,totalOtherIncomeExpensesNet,incomeBeforeTax,incomeBeforeTaxRatio,incomeTaxExpense,netIncome,netIncomeRatio,eps,epsdiluted,weightedAverageShsOut,weightedAverageShsOutDil,link,finalLink,timestamp,est_time,est_date
0,2020-09-30,ADD.AX,AUD,2020-09-30,2020-09-30,Q3,0.0,0.0,0.0,0.0,0.0,56588.0,0.0,0.0,56772.25,0.0,20383.5,0.0,-113360.25,0.0,-113360.25,0.0,0.0,-133743.75,0.0,0.0,-133743.75,0.0,-0.0014002476235090776,-0.0014002476235090776,95514356.0,95514356.0,,,1620586165,14:49:25,20210509
1,2020-06-30,ADD.AX,AUD,2020-06-30,2020-06-30,Q2,0.0,0.0,0.0,0.0,0.0,56588.0,0.0,0.0,56772.25,0.0,20383.5,0.0,-113360.25,0.0,-113360.25,0.0,0.0,-133743.75,0.0,0.0,-133743.75,0.0,-0.0014002476235090776,-0.0014002476235090776,95514356.0,95514356.0,,,1620586165,14:49:25,20210509
2,2020-03-31,ADD.AX,AUD,2020-03-31,2020-03-31,Q1,0.0,0.0,0.0,0.0,0.0,56588.0,0.0,0.0,56772.25,0.0,20383.5,0.0,-113360.25,0.0,-113360.25,0.0,0.0,-133743.75,0.0,0.0,-133743.75,0.0,-0.0014002476235090776,-0.0014002476235090776,95514356.0,95514356.0,,,1620586165,14:49:25,20210509
3,2020-01-31,ADD.AX,AUD,2020-01-31,2020-01-31,Q1,0.0,0.0,0.0,0.0,0.0,56588.0,0.0,0.0,56772.25,0.0,20383.5,0.0,-113360.25,0.0,-113360.25,0.0,0.0,-133743.75,0.0,0.0,-133743.75,0.0,-0.0014002476235090776,-0.0014002476235090776,95514356.0,95514356.0,,,1620586165,14:49:25,20210509
4,2019-06-30,ADD.AX,AUD,2019-06-30,2019-06-30,Q2,0.0,0.0,0.0,0.0,0.0,21876.0,0.0,0.0,52232.25,0.0,57665.0,0.0,-74108.25,0.0,-74108.25,0.0,0.0,-131773.25,0.0,0.0,-131773.25,0.0,-0.001375,-0.001375,95514356.0,95514356.0,,,1620586165,14:49:25,20210509
5,2019-03-31,ADD.AX,AUD,2019-03-31,2019-03-31,Q1,0.0,0.0,0.0,0.0,0.0,21876.0,0.0,0.0,52232.25,0.0,57665.0,0.0,-74108.25,0.0,-74108.25,0.0,0.0,-131773.25,0.0,0.0,-131773.25,0.0,-0.001375,-0.001375,95514356.0,95514356.0,,,1620586165,14:49:25,20210509
6,2019-01-31,ADD.AX,AUD,2019-01-31,2019-01-31,Q1,0.0,0.0,0.0,0.0,0.0,21876.0,0.0,0.0,52232.25,0.0,57665.0,0.0,-74108.25,0.0,-74108.25,0.0,0.0,-131773.25,0.0,0.0,-131773.25,0.0,-0.001375,-0.001375,95514356.0,95514356.0,,,1620586165,14:49:25,20210509
7,2018-06-30,ADD.AX,AUD,2018-06-30,2018-06-30,Q2,0.0,0.0,0.0,0.0,0.0,17501.25,0.0,0.0,65125.0,0.0,53738.0,0.0,-82626.25,0.0,-82626.25,0.0,0.0,-136364.25,0.0,0.0,30612.75,0.0,0.000425,0.000425,70693364.0,70693364.0,,,1620586165,14:49:25,20210509
8,2018-03-31,ADD.AX,AUD,2018-03-31,2018-03-31,Q1,0.0,0.0,0.0,0.0,0.0,17501.25,0.0,0.0,65125.0,0.0,53738.0,0.0,-82626.25,0.0,-82626.25,0.0,0.0,-136364.25,0.0,0.0,30612.75,0.0,0.000425,0.000425,70693364.0,70693364.0,,,1620586165,14:49:25,20210509
9,2018-01-31,ADD.AX,AUD,2018-01-31,2018-01-31,Q1,0.0,0.0,0.0,0.0,0.0,17501.25,0.0,0.0,65125.0,0.0,53738.0,0.0,-82626.25,0.0,-82626.25,0.0,0.0,-136364.25,0.0,0.0,30612.75,0.0,0.000425,0.000425,70693364.0,70693364.0,,,1620586165,14:49:25,20210509
10,2017-06-30,ADD.AX,AUD,2017-06-30,2017-06-30,Q2,0.0,0.0,0.0,0.0,0.0,9916.75,0.0,0.0,155883.75,0.0,21213.5,0.0,-165800.5,0.0,-165800.5,0.0,0.0,-187014.0,0.0,0.0,-208531.25,0.0,-0.0067,-0.0067,31166122.0,31166122.0,,,1620586165,14:49:25,20210509
11,2017-03-31,ADD.AX,AUD,2017-03-31,2017-03-31,Q1,0.0,0.0,0.0,0.0,0.0,9916.75,0.0,0.0,155883.75,0.0,21213.5,0.0,-165800.5,0.0,-165800.5,0.0,0.0,-187014.0,0.0,0.0,-208531.25,0.0,-0.0067,-0.0067,31166122.0,31166122.0,,,1620586165,14:49:25,20210509
12,2017-01-31,ADD.AX,AUD,2017-01-31,2017-01-31,Q1,0.0,0.0,0.0,0.0,0.0,9916.75,0.0,0.0,155883.75,0.0,21213.5,0.0,-165800.5,0.0,-165800.5,0.0,0.0,-187014.0,0.0,0.0,-208531.25,0.0,-0.0067,-0.0067,31166122.0,31166122.0,,,1620586165,14:49:25,20210509
13,2016-06-30,ADD.AX,AUD,2016-06-30,2016-06-30,Q2,0.0,0.0,0.0,0.0,0.0,0.0,0.0,282.5,86341.75,0.0,17981.5,0.0,-86059.25,0.0,-86341.75,0.0,282.5,-104040.75,0.0,0.0,-104040.75,0.0,-0.0044,-0.0044,23690744.0,23690744.0,,,1620586165,14:49:25,20210509
14,2016-03-31,ADD.AX,AUD,2016-03-31,2016-03-31,Q1,0.0,0.0,0.0,0.0,0.0,0.0,0.0,282.5,86341.75,0.0,17981.5,0.0,-86059.25,0.0,-86341.75,0.0,282.5,-104040.75,0.0,0.0,-104040.75,0.0,-0.0044,-0.0044,23690744.0,23690744.0,,,1620586165,14:49:25,20210509
15,2016-01-31,ADD.AX,AUD,2016-01-31,2016-01-31,Q1,0.0,0.0,0.0,0.0,0.0,0.0,0.0,282.5,86341.75,0.0,17981.5,0.0,-86059.25,0.0,-86341.75,0.0,282.5,-104040.75,0.0,0.0,-104040.75,0.0,-0.0044,-0.0044,23690744.0,23690744.0,,,1620586165,14:49:25,20210509
16,2015-09-30,ADD.AX,AUD,2015-09-30,2015-09-30,Q3,0.0,0.0,0.0,0.0,0.0,48823.5,0.0,-32.25,67801.25,0.0,41646.25,221.25,-116624.75,0.0,-116846.0,0.0,-32.25,-158524.5,0.0,0.0,-158524.5,0.0,-0.009225,-0.009225,17153074.0,17153074.0,,,1620586165,14:49:25,20210509
17,2015-06-30,ADD.AX,AUD,2015-06-30,2015-06-30,Q2,0.0,0.0,0.0,0.0,0.0,48823.5,0.0,-32.25,67801.25,0.0,41646.25,221.25,-116624.75,0.0,-116846.0,0.0,-32.25,-158524.5,0.0,0.0,-158524.5,0.0,-0.009225,-0.009225,17153074.0,17153074.0,,,1620586165,14:49:25,20210509
18,2015-03-31,ADD.AX,AUD,2015-03-31,2015-03-31,Q1,0.0,0.0,0.0,0.0,0.0,48823.5,0.0,-32.25,67801.25,0.0,41646.25,221.25,-116624.75,0.0,-116846.0,0.0,-32.25,-158524.5,0.0,0.0,-158524.5,0.0,-0.009225,-0.009225,17153074.0,17153074.0,,,1620586165,14:49:25,20210509
19,2015-01-31,ADD.AX,AUD,2015-01-31,2015-01-31,Q1,0.0,0.0,0.0,0.0,0.0,48823.5,0.0,-32.25,67801.25,0.0,41646.25,221.25,-116624.75,0.0,-116846.0,0.0,-32.25,-158524.5,0.0,0.0,-158524.5,0.0,-0.009225,-0.009225,17153074.0,17153074.0,,,1620586165,14:49:25,20210509
20,2014-09-30,ADD.AX,AUD,2014-09-30,2014-09-30,Q3,0.0,0.0,0.0,0.0,0.0,45432.25,0.0,-404.75,126871.75,0.0,24845.75,407.25,-172304.0,0.0,-172711.25,0.0,-62904.75,-260461.75,0.0,0.0,-260461.75,0.0,-0.0165,-0.0165,15849501.0,15849501.0,,,1620586165,14:49:25,20210509
21,2014-06-30,ADD.AX,AUD,2014-06-30,2014-06-30,Q2,0.0,0.0,0.0,0.0,0.0,45432.25,0.0,-404.75,126871.75,0.0,24845.75,407.25,-172304.0,0.0,-172711.25,0.0,-62904.75,-260461.75,0.0,0.0,-260461.75,0.0,-0.0165,-0.0165,15849501.0,15849501.0,,,1620586165,14:49:25,20210509
22,2014-03-31,ADD.AX,AUD,2014-03-31,2014-03-31,Q1,0.0,0.0,0.0,0.0,0.0,45432.25,0.0,-404.75,126871.75,0.0,24845.75,407.25,-172304.0,0.0,-172711.25,0.0,-62904.75,-260461.75,0.0,0.0,-260461.75,0.0,-0.0165,-0.0165,15849501.0,15849501.0,,,1620586165,14:49:25,20210509
23,2014-01-31,ADD.AX,AUD,2014-01-31,2014-01-31,Q1,0.0,0.0,0.0,0.0,0.0,45432.25,0.0,-404.75,126871.75,0.0,24845.75,407.25,-172304.0,0.0,-172711.25,0.0,-62904.75,-260461.75,0.0,0.0,-260461.75,0.0,-0.0165,-0.0165,15849501.0,15849501.0,,,1620586165,14:49:25,20210509
24,2013-09-30,ADD.AX,AUD,2013-09-30,2013-09-30,Q3,11009.25,0.0,11009.25,1.0,0.0,22180.0,0.0,-206.0,1034954.0,0.0,0.0,1419.5,-1046124.75,-95.02234484637918,-1047544.25,-95.15128187660376,-50348.0,-1096159.0,-99.56709130958058,0.0,-1096159.0,-99.56709130958058,-0.069,-0.069,15849501.0,15849501.0,,,1620586165,14:49:25,20210509
25,2013-06-30,ADD.AX,AUD,2013-06-30,2013-06-30,Q2,11009.25,0.0,11009.25,1.0,0.0,22180.0,0.0,-206.0,1034954.0,0.0,0.0,1419.5,-1046124.75,-95.02234484637918,-1047544.25,-95.15128187660376,-50348.0,-1096159.0,-99.56709130958058,0.0,-1096159.0,-99.56709130958058,-0.069,-0.069,15849501.0,15849501.0,,,1620586165,14:49:25,20210509
26,2013-03-31,ADD.AX,AUD,2013-03-31,2013-03-31,Q1,11009.25,0.0,11009.25,1.0,0.0,22180.0,0.0,-206.0,1034954.0,0.0,0.0,1419.5,-1046124.75,-95.02234484637918,-1047544.25,-95.15128187660376,-50348.0,-1096159.0,-99.56709130958058,0.0,-1096159.0,-99.56709130958058,-0.069,-0.069,15849501.0,15849501.0,,,1620586165,14:49:25,20210509
27,2013-01-31,ADD.AX,AUD,2013-01-31,2013-01-31,Q1,11009.25,0.0,11009.25,1.0,0.0,22180.0,0.0,-206.0,1034954.0,0.0,0.0,1419.5,-1046124.75,-95.02234484637918,-1047544.25,-95.15128187660376,-50348.0,-1096159.0,-99.56709130958058,0.0,-1096159.0,-99.56709130958058,-0.069,-0.069,15849501.0,15849501.0,,,1620586165,14:49:25,20210509
28,2012-09-30,ADD.AX,AUD,2012-09-30,2012-09-30,Q3,718.5,0.0,718.5,1.0,0.0,108082.5,0.0,-11553.25,251501.75,0.0,0.0,0.0,-358865.75,-0.0020021414693377677,-358865.75,-499.4652052887961,-115352.5,-458672.25,-638.374739039666,0.0,-458672.25,-638.374739039666,-0.029,-0.029,15849500.0,15849500.0,,,1620586165,14:49:25,20210509
29,2012-06-30,ADD.AX,AUD,2012-06-30,2012-06-30,Q2,718.5,0.0,718.5,1.0,0.0,108082.5,0.0,-11553.25,251501.75,0.0,0.0,0.0,-358865.75,-0.0020021414693377677,-358865.75,-499.4652052887961,-115352.5,-458672.25,-638.374739039666,0.0,-458672.25,-638.374739039666,-0.029,-0.029,15849500.0,15849500.0,,,1620586165,14:49:25,20210509
30,2012-03-31,ADD.AX,AUD,2012-03-31,2012-03-31,Q1,718.5,0.0,718.5,1.0,0.0,108082.5,0.0,-11553.25,251501.75,0.0,0.0,0.0,-358865.75,-0.0020021414693377677,-358865.75,-499.4652052887961,-115352.5,-458672.25,-638.374739039666,0.0,-458672.25,-638.374739039666,-0.029,-0.029,15849500.0,15849500.0,,,1620586165,14:49:25,20210509
31,2012-01-31,ADD.AX,AUD,2012-01-31,2012-01-31,Q1,718.5,0.0,718.5,1.0,0.0,108082.5,0.0,-11553.25,251501.75,0.0,0.0,0.0,-358865.75,-0.0020021414693377677,-358865.75,-499.4652052887961,-115352.5,-458672.25,-638.374739039666,0.0,-458672.25,-638.374739039666,-0.029,-0.029,15849500.0,15849500.0,,,1620586165,14:49:25,20210509
32,2011-09-30,ADD.AX,AUD,2011-09-30,2011-09-30,Q3,3801.75,0.0,3801.75,1.0,0.0,125273.75,0.0,-17850.75,204671.5,0.0,0.0,0.0,-326143.5,-0.011656678731907887,-326143.5,-85.78772933517459,-17850.75,-316229.5,-83.17998290261065,0.0,-316229.5,-83.17998290261065,-0.0235,-0.0235,13180757.0,13180757.0,,,1620586165,14:49:25,20210509
33,2011-06-30,ADD.AX,AUD,2011-06-30,2011-06-30,Q2,3801.75,0.0,3801.75,1.0,0.0,125273.75,0.0,-17850.75,204671.5,0.0,0.0,0.0,-326143.5,-0.011656678731907887,-326143.5,-85.78772933517459,-17850.75,-316229.5,-83.17998290261065,0.0,-316229.5,-83.17998290261065,-0.0235,-0.0235,13180757.0,13180757.0,,,1620586165,14:49:25,20210509
34,2011-03-31,ADD.AX,AUD,2011-03-31,2011-03-31,Q1,3801.75,0.0,3801.75,1.0,0.0,125273.75,0.0,-17850.75,204671.5,0.0,0.0,0.0,-326143.5,-0.011656678731907887,-326143.5,-85.78772933517459,-17850.75,-316229.5,-83.17998290261065,0.0,-316229.5,-83.17998290261065,-0.0235,-0.0235,13180757.0,13180757.0,,,1620586165,14:49:25,20210509
35,2011-01-31,ADD.AX,AUD,2011-01-31,2011-01-31,Q1,3801.75,0.0,3801.75,1.0,0.0,125273.75,0.0,-17850.75,204671.5,0.0,0.0,0.0,-326143.5,-0.011656678731907887,-326143.5,-85.78772933517459,-17850.75,-316229.5,-83.17998290261065,0.0,-316229.5,-83.17998290261065,-0.0235,-0.0235,13180757.0,13180757.0,,,1620586165,14:49:25,20210509
36,2010-09-30,ADD.AX,AUD,2010-09-30,2010-09-30,Q3,0.0,0.0,0.0,0.0,0.0,71298.25,0.0,3635.5,374034.25,0.0,0.0,0.0,-332847.5,0.0,-445332.5,0.0,-108849.5,-517434.25,0.0,0.0,-517434.25,0.0,-0.053552,-0.053552,9685041.0,9685041.0,,,1620586165,14:49:25,20210509
37,2010-06-30,ADD.AX,AUD,2010-06-30,2010-06-30,Q2,0.0,0.0,0.0,0.0,0.0,71298.25,0.0,3635.5,374034.25,0.0,0.0,0.0,-332847.5,0.0,-445332.5,0.0,-108849.5,-517434.25,0.0,0.0,-517434.25,0.0,-0.053552,-0.053552,9685041.0,9685041.0,,,1620586165,14:49:25,20210509
38,2010-03-31,ADD.AX,AUD,2010-03-31,2010-03-31,Q1,0.0,0.0,0.0,0.0,0.0,71298.25,0.0,3635.5,374034.25,0.0,0.0,0.0,-332847.5,0.0,-445332.5,0.0,-108849.5,-517434.25,0.0,0.0,-517434.25,0.0,-0.053552,-0.053552,9685041.0,9685041.0,,,1620586165,14:49:25,20210509
39,2010-01-31,ADD.AX,AUD,2010-01-31,2010-01-31,Q1,0.0,0.0,0.0,0.0,0.0,71298.25,0.0,3635.5,374034.25,0.0,0.0,0.0,-332847.5,0.0,-445332.5,0.0,-108849.5,-517434.25,0.0,0.0,-517434.25,0.0,-0.053552,-0.053552,9685041.0,9685041.0,,,1620586165,14:49:25,20210509
40,2009-09-30,ADD.AX,AUD,2009-09-30,2009-09-30,Q3,375.0,0.0,375.0,1.0,0.0,109764.0,0.0,3882.5,110935.0,0.0,122.5,0.0,-138758.25,-0.0027025420110155613,-220324.0,-587.5306666666667,3882.5,-138880.75,-370.34866666666665,0.0,-138880.75,-370.34866666666665,-0.01421725,-0.01421725,9685041.0,9685041.0,,,1620586165,14:49:25,20210509
41,2009-06-30,ADD.AX,AUD,2009-06-30,2009-06-30,Q2,375.0,0.0,375.0,1.0,0.0,109764.0,0.0,3882.5,110935.0,0.0,122.5,0.0,-138758.25,-0.0027025420110155613,-220324.0,-587.5306666666667,3882.5,-138880.75,-370.34866666666665,0.0,-138880.75,-370.34866666666665,-0.01421725,-0.01421725,9685041.0,9685041.0,,,1620586165,14:49:25,20210509
42,2009-03-31,ADD.AX,AUD,2009-03-31,2009-03-31,Q1,375.0,0.0,375.0,1.0,0.0,109764.0,0.0,3882.5,110935.0,0.0,122.5,0.0,-138758.25,-0.0027025420110155613,-220324.0,-587.5306666666667,3882.5,-138880.75,-370.34866666666665,0.0,-138880.75,-370.34866666666665,-0.01421725,-0.01421725,9685041.0,9685041.0,,,1620586165,14:49:25,20210509
43,2009-01-31,ADD.AX,AUD,2009-01-31,2009-01-31,Q1,375.0,0.0,375.0,1.0,0.0,109764.0,0.0,3882.5,110935.0,0.0,122.5,0.0,-138758.25,-0.0027025420110155613,-220324.0,-587.5306666666667,3882.5,-138880.75,-370.34866666666665,0.0,-138880.75,-370.34866666666665,-0.01421725,-0.01421725,9685041.0,9685041.0,,,1620586165,14:49:25,20210509
44,2008-09-30,ADD.AX,AUD,2008-09-30,2008-09-30,Q3,48544.0,0.0,48544.0,1.0,0.0,214931.0,325.0,77205.75,177180.0,0.0,619.75,0.0,-198275.25,-0.2448313644794295,-343892.0,-7.084129861568886,77205.75,-198895.0,-4.097210777851021,0.0,-198895.0,-4.097210777851021,-0.0109,-0.0109,17712980.0,17712980.0,,,1620586165,14:49:25,20210509
45,2008-06-30,ADD.AX,AUD,2008-06-30,2008-06-30,Q2,48544.0,0.0,48544.0,1.0,0.0,214931.0,325.0,77205.75,177180.0,0.0,619.75,0.0,-198275.25,-0.2448313644794295,-343892.0,-7.084129861568886,77205.75,-198895.0,-4.097210777851021,0.0,-198895.0,-4.097210777851021,-0.0109,-0.0109,17712980.0,17712980.0,,,1620586165,14:49:25,20210509
46,2008-03-31,ADD.AX,AUD,2008-03-31,2008-03-31,Q1,48544.0,0.0,48544.0,1.0,0.0,214931.0,325.0,77205.75,177180.0,0.0,619.75,0.0,-198275.25,-0.2448313644794295,-343892.0,-7.084129861568886,77205.75,-198895.0,-4.097210777851021,0.0,-198895.0,-4.097210777851021,-0.0109,-0.0109,17712980.0,17712980.0,,,1620586165,14:49:25,20210509
47,2008-01-31,ADD.AX,AUD,2008-01-31,2008-01-31,Q1,48544.0,0.0,48544.0,1.0,0.0,214931.0,325.0,77205.75,177180.0,0.0,619.75,0.0,-198275.25,-0.2448313644794295,-343892.0,-7.084129861568886,77205.75,-198895.0,-4.097210777851021,0.0,-198895.0,-4.097210777851021,-0.0109,-0.0109,17712980.0,17712980.0,,,1620586165,14:49:25,20210509
48,2007-09-30,ADD.AX,AUD,2007-09-30,2007-09-30,Q3,87485.5,0.0,87485.5,1.0,0.0,100286.25,84.25,42000.0,145462.25,0.0,483.25,0.0,-101057.0,-0.8657045033990718,-158347.25,-1.809982797149242,42000.0,-101540.25,-1.1606523366729344,0.0,-101540.25,-1.1606523366729344,-0.0184825,-0.0184825,5364946.0,5364946.0,,,1620586165,14:49:25,20210509
49,2007-06-30,ADD.AX,AUD,2007-06-30,2007-06-30,Q2,87485.5,0.0,87485.5,1.0,0.0,100286.25,84.25,42000.0,145462.25,0.0,483.25,0.0,-101057.0,-0.8657045033990718,-158347.25,-1.809982797149242,42000.0,-101540.25,-1.1606523366729344,0.0,-101540.25,-1.1606523366729344,-0.0184825,-0.0184825,5364946.0,5364946.0,,,1620586165,14:49:25,20210509
50,2007-03-31,ADD.AX,AUD,2007-03-31,2007-03-31,Q1,87485.5,0.0,87485.5,1.0,0.0,100286.25,84.25,42000.0,145462.25,0.0,483.25,0.0,-101057.0,-0.8657045033990718,-158347.25,-1.809982797149242,42000.0,-101540.25,-1.1606523366729344,0.0,-101540.25,-1.1606523366729344,-0.0184825,-0.0184825,5364946.0,5364946.0,,,1620586165,14:49:25,20210509
51,2007-01-31,ADD.AX,AUD,2007-01-31,2007-01-31,Q1,87485.5,0.0,87485.5,1.0,0.0,100286.25,84.25,42000.0,145462.25,0.0,483.25,0.0,-101057.0,-0.8657045033990718,-158347.25,-1.809982797149242,42000.0,-101540.25,-1.1606523366729344,0.0,-101540.25,-1.1606523366729344,-0.0184825,-0.0184825,5364946.0,5364946.0,,,1620586165,14:49:25,20210509
52,2006-09-30,ADD.AX,AUD,2006-09-30,2006-09-30,Q3,324204.0,45775.0,278429.0,0.8588080344474467,0.0,230951.0,23479.25,0.0,87169.75,0.0,38686.25,0.0,-60516.5,-5.357282724546198,-63171.0,-0.1948495391790354,0.0,-99202.75,-0.3059886676290237,0.0,1081813.25,3.336828817658018,1.30799625,1.30799625,829480.0,829480.0,,,1620586165,14:49:25,20210509
53,2006-06-30,ADD.AX,AUD,2006-06-30,2006-06-30,Q2,324204.0,45775.0,278429.0,0.8588080344474467,0.0,230951.0,23479.25,0.0,87169.75,0.0,38686.25,0.0,-60516.5,-5.357282724546198,-63171.0,-0.1948495391790354,0.0,-99202.75,-0.3059886676290237,0.0,1081813.25,3.336828817658018,1.30799625,1.30799625,829480.0,829480.0,,,1620586165,14:49:25,20210509
54,2006-03-31,ADD.AX,AUD,2006-03-31,2006-03-31,Q1,324204.0,45775.0,278429.0,0.8588080344474467,0.0,230951.0,23479.25,0.0,87169.75,0.0,38686.25,0.0,-60516.5,-5.357282724546198,-63171.0,-0.1948495391790354,0.0,-99202.75,-0.3059886676290237,0.0,1081813.25,3.336828817658018,1.30799625,1.30799625,829480.0,829480.0,,,1620586165,14:49:25,20210509
55,2006-01-31,ADD.AX,AUD,2006-01-31,2006-01-31,Q1,324204.0,45775.0,278429.0,0.8588080344474467,0.0,230951.0,23479.25,0.0,87169.75,0.0,38686.25,0.0,-60516.5,-5.357282724546198,-63171.0,-0.1948495391790354,0.0,-99202.75,-0.3059886676290237,0.0,1081813.25,3.336828817658018,1.30799625,1.30799625,829480.0,829480.0,,,1620586165,14:49:25,20210509
56,2005-09-30,ADD.AX,AUD,2005-09-30,2005-09-30,Q3,1436587.5,169586.75,1267000.75,0.8819516736711129,0.0,884059.75,42355.0,22311.5,244698.75,0.0,103471.0,159838.5,95887.25,0.06674654345802118,-63951.25,-0.04451608412296501,-93979.5,-261146.5,-0.18178252281883284,-261146.5,-261146.5,-0.18178252281883284,-0.1911445,-0.1911445,1386082.0,1386082.0,,,1620586165,14:49:25,20210509
57,2005-06-30,ADD.AX,AUD,2005-06-30,2005-06-30,Q2,1436587.5,169586.75,1267000.75,0.8819516736711129,0.0,884059.75,42355.0,22311.5,244698.75,0.0,103471.0,159838.5,95887.25,0.06674654345802118,-63951.25,-0.04451608412296501,-93979.5,-261146.5,-0.18178252281883284,-261146.5,-261146.5,-0.18178252281883284,-0.1911445,-0.1911445,1386082.0,1386082.0,,,1620586165,14:49:25,20210509
58,2005-03-31,ADD.AX,AUD,2005-03-31,2005-03-31,Q1,1436587.5,169586.75,1267000.75,0.8819516736711129,0.0,884059.75,42355.0,22311.5,244698.75,0.0,103471.0,159838.5,95887.25,0.06674654345802118,-63951.25,-0.04451608412296501,-93979.5,-261146.5,-0.18178252281883284,-261146.5,-261146.5,-0.18178252281883284,-0.1911445,-0.1911445,1386082.0,1386082.0,,,1620586165,14:49:25,20210509
59,2005-01-31,ADD.AX,AUD,2005-01-31,2005-01-31,Q1,1436587.5,169586.75,1267000.75,0.8819516736711129,0.0,884059.75,42355.0,22311.5,244698.75,0.0,103471.0,159838.5,95887.25,0.06674654345802118,-63951.25,-0.04451608412296501,-93979.5,-261146.5,-0.18178252281883284,-261146.5,-261146.5,-0.18178252281883284,-0.1911445,-0.1911445,1386082.0,1386082.0,,,1620586165,14:49:25,20210509
60,2004-09-30,ADD.AX,AUD,2004-09-30,2004-09-30,Q3,2131561.0,257079.0,1874482.0,0.8793940215644779,0.0,1004347.0,91812.75,16468.25,483483.5,0.0,72507.25,185982.25,294838.75,0.13832057820536217,108856.5,0.05106891146910644,16468.25,69443.75,0.03257882368836735,69443.75,69443.75,0.03257882368836735,0.08688375,0.08688375,1383205.0,1383205.0,,,1620586165,14:49:25,20210509
61,2004-06-30,ADD.AX,AUD,2004-06-30,2004-06-30,Q2,2131561.0,257079.0,1874482.0,0.8793940215644779,0.0,1004347.0,91812.75,16468.25,483483.5,0.0,72507.25,185982.25,294838.75,0.13832057820536217,108856.5,0.05106891146910644,16468.25,69443.75,0.03257882368836735,69443.75,69443.75,0.03257882368836735,0.08688375,0.08688375,1383205.0,1383205.0,,,1620586165,14:49:25,20210509
62,2004-03-31,ADD.AX,AUD,2004-03-31,2004-03-31,Q1,2131561.0,257079.0,1874482.0,0.8793940215644779,0.0,1004347.0,91812.75,16468.25,483483.5,0.0,72507.25,185982.25,294838.75,0.13832057820536217,108856.5,0.05106891146910644,16468.25,69443.75,0.03257882368836735,69443.75,69443.75,0.03257882368836735,0.08688375,0.08688375,1383205.0,1383205.0,,,1620586165,14:49:25,20210509
63,2004-01-31,ADD.AX,AUD,2004-01-31,2004-01-31,Q1,2131561.0,257079.0,1874482.0,0.8793940215644779,0.0,1004347.0,91812.75,16468.25,483483.5,0.0,72507.25,185982.25,294838.75,0.13832057820536217,108856.5,0.05106891146910644,16468.25,69443.75,0.03257882368836735,69443.75,69443.75,0.03257882368836735,0.08688375,0.08688375,1383205.0,1383205.0,,,1620586165,14:49:25,20210509
64,2003-09-30,ADD.AX,AUD,2003-09-30,2003-09-30,Q3,2514194.0,246987.25,2267206.75,0.9017628512358234,0.0,1644630.25,113859.25,10896.0,321714.5,0.0,21910.75,335546.25,187002.75,0.07437880688602391,-148543.5,-0.0590819562849963,-35134.25,-183779.5,-0.0730967856895689,-183779.5,-183779.5,-0.0730967856895689,-0.13032575,-0.13032575,1368047.0,1368047.0,,,1620586165,14:49:25,20210509
65,2003-06-30,ADD.AX,AUD,2003-06-30,2003-06-30,Q2,2514194.0,246987.25,2267206.75,0.9017628512358234,0.0,1644630.25,113859.25,10896.0,321714.5,0.0,21910.75,335546.25,187002.75,0.07437880688602391,-148543.5,-0.0590819562849963,-35134.25,-183779.5,-0.0730967856895689,-183779.5,-183779.5,-0.0730967856895689,-0.13032575,-0.13032575,1368047.0,1368047.0,,,1620586165,14:49:25,20210509
66,2003-03-31,ADD.AX,AUD,2003-03-31,2003-03-31,Q1,2514194.0,246987.25,2267206.75,0.9017628512358234,0.0,1644630.25,113859.25,10896.0,321714.5,0.0,21910.75,335546.25,187002.75,0.07437880688602391,-148543.5,-0.0590819562849963,-35134.25,-183779.5,-0.0730967856895689,-183779.5,-183779.5,-0.0730967856895689,-0.13032575,-0.13032575,1368047.0,1368047.0,,,1620586165,14:49:25,20210509
67,2003-01-31,ADD.AX,AUD,2003-01-31,2003-01-31,Q1,2514194.0,246987.25,2267206.75,0.9017628512358234,0.0,1644630.25,113859.25,10896.0,321714.5,0.0,21910.75,335546.25,187002.75,0.07437880688602391,-148543.5,-0.0590819562849963,-35134.25,-183779.5,-0.0730967856895689,-183779.5,-183779.5,-0.0730967856895689,-0.13032575,-0.13032575,1368047.0,1368047.0,,,1620586165,14:49:25,20210509
68,2002-09-30,ADD.AX,AUD,2002-09-30,2002-09-30,Q3,2614294.5,504385.75,2109908.75,0.8070662084933431,0.0,1267109.25,131418.25,-1543802.25,98351.75,0.0,212895.25,520418.5,613029.5,0.2344913704251759,92611.0,0.03542485362685803,-1568071.0,-1686430.5,-0.6450805370244248,-1686430.5,27560.75,0.010542327958843198,-2.3371745,-2.3371745,938547.0,938547.0,,,1620586165,14:49:25,20210509
69,2002-06-30,ADD.AX,AUD,2002-06-30,2002-06-30,Q2,2614294.5,504385.75,2109908.75,0.8070662084933431,0.0,1267109.25,131418.25,-1543802.25,98351.75,0.0,212895.25,520418.5,613029.5,0.2344913704251759,92611.0,0.03542485362685803,-1568071.0,-1686430.5,-0.6450805370244248,-1686430.5,27560.75,0.010542327958843198,-2.3371745,-2.3371745,938547.0,938547.0,,,1620586165,14:49:25,20210509
70,2002-03-31,ADD.AX,AUD,2002-03-31,2002-03-31,Q1,2614294.5,504385.75,2109908.75,0.8070662084933431,0.0,1267109.25,131418.25,-1543802.25,98351.75,0.0,212895.25,520418.5,613029.5,0.2344913704251759,92611.0,0.03542485362685803,-1568071.0,-1686430.5,-0.6450805370244248,-1686430.5,27560.75,0.010542327958843198,-2.3371745,-2.3371745,938547.0,938547.0,,,1620586165,14:49:25,20210509
71,2002-01-31,ADD.AX,AUD,2002-01-31,2002-01-31,Q1,2614294.5,504385.75,2109908.75,0.8070662084933431,0.0,1267109.25,131418.25,-1543802.25,98351.75,0.0,212895.25,520418.5,613029.5,0.2344913704251759,92611.0,0.03542485362685803,-1568071.0,-1686430.5,-0.6450805370244248,-1686430.5,27560.75,0.010542327958843198,-2.3371745,-2.3371745,938547.0,938547.0,,,1620586165,14:49:25,20210509
72,2001-09-30,ADD.AX,AUD,2001-09-30,2001-09-30,Q3,724429.5,553691.5,170738.0,0.23568615027411224,0.0,587415.75,210392.25,-686843.0,55861.25,0.0,109896.25,598516.5,-682931.25,-0.9427159578675358,-1281447.75,-1.7689060840288806,-686843.0,-3627618.25,-5.007551804557932,-3627618.25,-3627618.25,-5.007551804557932,-6.950705,-6.950705,537666.0,537666.0,,,1620586165,14:49:25,20210509
73,2001-06-30,ADD.AX,AUD,2001-06-30,2001-06-30,Q2,724429.5,553691.5,170738.0,0.23568615027411224,0.0,587415.75,210392.25,-686843.0,55861.25,0.0,109896.25,598516.5,-682931.25,-0.9427159578675358,-1281447.75,-1.7689060840288806,-686843.0,-3627618.25,-5.007551804557932,-3627618.25,-3627618.25,-5.007551804557932,-6.950705,-6.950705,537666.0,537666.0,,,1620586165,14:49:25,20210509
74,2001-03-31,ADD.AX,AUD,2001-03-31,2001-03-31,Q1,724429.5,553691.5,170738.0,0.23568615027411224,0.0,587415.75,210392.25,-686843.0,55861.25,0.0,109896.25,598516.5,-682931.25,-0.9427159578675358,-1281447.75,-1.7689060840288806,-686843.0,-3627618.25,-5.007551804557932,-3627618.25,-3627618.25,-5.007551804557932,-6.950705,-6.950705,537666.0,537666.0,,,1620586165,14:49:25,20210509
75,2001-01-31,ADD.AX,AUD,2001-01-31,2001-01-31,Q1,724429.5,553691.5,170738.0,0.23568615027411224,0.0,587415.75,210392.25,-686843.0,55861.25,0.0,109896.25,598516.5,-682931.25,-0.9427159578675358,-1281447.75,-1.7689060840288806,-686843.0,-3627618.25,-5.007551804557932,-3627618.25,-3627618.25,-5.007551804557932,-6.950705,-6.950705,537666.0,537666.0,,,1620586165,14:49:25,20210509
76,2000-09-30,ADD.AX,AUD,2000-09-30,2000-09-30,Q3,0.0,0.0,0.0,0.0,0.0,0.0,0.0,0.0,0.0,0.0,11610.5,0.0,-1756466.5,0.0,0.0,0.0,0.0,-1768077.0,0.0,-1768077.0,-1768077.0,0.0,-6.08186675,-6.08186675,269911.0,269911.0,,,1620586165,14:49:25,20210509
77,2000-06-30,ADD.AX,AUD,2000-06-30,2000-06-30,Q2,0.0,0.0,0.0,0.0,0.0,0.0,0.0,0.0,0.0,0.0,11610.5,0.0,-1756466.5,0.0,0.0,0.0,0.0,-1768077.0,0.0,-1768077.0,-1768077.0,0.0,-6.08186675,-6.08186675,269911.0,269911.0,,,1620586165,14:49:25,20210509
78,2000-03-31,ADD.AX,AUD,2000-03-31,2000-03-31,Q1,0.0,0.0,0.0,0.0,0.0,0.0,0.0,0.0,0.0,0.0,11610.5,0.0,-1756466.5,0.0,0.0,0.0,0.0,-1768077.0,0.0,-1768077.0,-1768077.0,0.0,-6.08186675,-6.08186675,269911.0,269911.0,,,1620586165,14:49:25,20210509
79,2000-01-31,ADD.AX,AUD,2000-01-31,2000-01-31,Q1,0.0,0.0,0.0,0.0,0.0,0.0,0.0,0.0,0.0,0.0,11610.5,0.0,-1756466.5,0.0,0.0,0.0,0.0,-1768077.0,0.0,-1768077.0,-1768077.0,0.0,-6.08186675,-6.08186675,269911.0,269911.0,,,1620586165,14:49:25,20210509
80,1999-09-30,ADD.AX,AUD,1999-09-30,1999-09-30,Q3,9745.25,0.0,9745.25,1.0,0.0,0.0,0.0,1810593.75,2358946.5,0.0,35681.0,152.0,-2349201.25,-241.0611580000513,-2349353.25,-241.07675534234627,1810593.75,-573063.25,-58.80436622970165,0.0,-573063.25,-58.80436622970165,-0.08688375,-0.08688375,61214.0,61214.0,,,1620586165,14:49:25,20210509
81,1999-06-30,ADD.AX,AUD,1999-06-30,1999-06-30,Q2,9745.25,0.0,9745.25,1.0,0.0,0.0,0.0,1810593.75,2358946.5,0.0,35681.0,152.0,-2349201.25,-241.0611580000513,-2349353.25,-241.07675534234627,1810593.75,-573063.25,-58.80436622970165,0.0,-573063.25,-58.80436622970165,-0.08688375,-0.08688375,61214.0,61214.0,,,1620586165,14:49:25,20210509
82,1999-03-31,ADD.AX,AUD,1999-03-31,1999-03-31,Q1,9745.25,0.0,9745.25,1.0,0.0,0.0,0.0,1810593.75,2358946.5,0.0,35681.0,152.0,-2349201.25,-241.0611580000513,-2349353.25,-241.07675534234627,1810593.75,-573063.25,-58.80436622970165,0.0,-573063.25,-58.80436622970165,-0.08688375,-0.08688375,61214.0,61214.0,,,1620586165,14:49:25,20210509
83,1999-01-31,ADD.AX,AUD,1999-01-31,1999-01-31,Q1,9745.25,0.0,9745.25,1.0,0.0,0.0,0.0,1810593.75,2358946.5,0.0,35681.0,152.0,-2349201.25,-241.0611580000513,-2349353.25,-241.07675534234627,1810593.75,-573063.25,-58.80436622970165,0.0,-573063.25,-58.80436622970165,-0.08688375,-0.08688375,61214.0,61214.0,,,1620586165,14:49:25,20210509
84,1998-09-30,ADD.AX,AUD,1998-09-30,1998-09-30,Q3,0.0,0.0,0.0,0.0,0.0,0.0,0.0,0.0,0.0,0.0,40165.0,0.0,-10969677.0,0.0,0.0,0.0,0.0,-11009842.0,0.0,-11009842.0,0.0,0.0,0.0,0.0,60544.0,60544.0,,,1620586165,14:49:25,20210509
85,1998-06-30,ADD.AX,AUD,1998-06-30,1998-06-30,Q2,0.0,0.0,0.0,0.0,0.0,0.0,0.0,0.0,0.0,0.0,40165.0,0.0,-10969677.0,0.0,0.0,0.0,0.0,-11009842.0,0.0,-11009842.0,0.0,0.0,0.0,0.0,60544.0,60544.0,,,1620586165,14:49:25,20210509
86,1998-03-31,ADD.AX,AUD,1998-03-31,1998-03-31,Q1,0.0,0.0,0.0,0.0,0.0,0.0,0.0,0.0,0.0,0.0,40165.0,0.0,-10969677.0,0.0,0.0,0.0,0.0,-11009842.0,0.0,-11009842.0,0.0,0.0,0.0,0.0,60544.0,60544.0,,,1620586165,14:49:25,20210509
87,1998-01-31,ADD.AX,AUD,1998-01-31,1998-01-31,Q1,0.0,0.0,0.0,0.0,0.0,0.0,0.0,0.0,0.0,0.0,40165.0,0.0,-10969677.0,0.0,0.0,0.0,0.0,-11009842.0,0.0,-11009842.0,0.0,0.0,0.0,0.0,60544.0,60544.0,,,1620586165,14:49:25,20210509
88,1997-09-30,ADD.AX,AUD,1997-09-30,1997-09-30,Q3,0.0,0.0,0.0,0.0,0.0,0.0,0.0,0.0,0.0,0.0,14189.75,0.0,-3332867.5,0.0,0.0,0.0,0.0,-3347057.25,0.0,-3347057.25,0.0,0.0,-229.41391775,-229.41391775,14409.0,14409.0,,,1620586165,14:49:25,20210509
89,1997-06-30,ADD.AX,AUD,1997-06-30,1997-06-30,Q2,0.0,0.0,0.0,0.0,0.0,0.0,0.0,0.0,0.0,0.0,14189.75,0.0,-3332867.5,0.0,0.0,0.0,0.0,-3347057.25,0.0,-3347057.25,0.0,0.0,-229.41391775,-229.41391775,14409.0,14409.0,,,1620586165,14:49:25,20210509
90,1997-03-31,ADD.AX,AUD,1997-03-31,1997-03-31,Q1,0.0,0.0,0.0,0.0,0.0,0.0,0.0,0.0,0.0,0.0,14189.75,0.0,-3332867.5,0.0,0.0,0.0,0.0,-3347057.25,0.0,-3347057.25,0.0,0.0,-229.41391775,-229.41391775,14409.0,14409.0,,,1620586165,14:49:25,20210509
91,1997-01-31,ADD.AX,AUD,1997-01-31,1997-01-31,Q1,0.0,0.0,0.0,0.0,0.0,0.0,0.0,0.0,0.0,0.0,14189.75,0.0,-3332867.5,0.0,0.0,0.0,0.0,-3347057.25,0.0,-3347057.25,0.0,0.0,-229.41391775,-229.41391775,14409.0,14409.0,,,1620586165,14:49:25,20210509
92,1996-09-30,ADD.AX,AUD,1996-09-30,1996-09-30,Q3,0.0,0.0,0.0,0.0,0.0,0.0,0.0,0.0,0.0,0.0,5.25,0.0,1170923.0,0.0,0.0,0.0,0.0,1170917.75,0.0,1170917.75,2235744.25,0.0,68.96156975,68.96156975,10764.0,10764.0,,,1620586165,14:49:25,20210509
93,1996-06-30,ADD.AX,AUD,1996-06-30,1996-06-30,Q2,0.0,0.0,0.0,0.0,0.0,0.0,0.0,0.0,0.0,0.0,5.25,0.0,1170923.0,0.0,0.0,0.0,0.0,1170917.75,0.0,1170917.75,2235744.25,0.0,68.96156975,68.96156975,10764.0,10764.0,,,1620586165,14:49:25,20210509
94,1996-03-31,ADD.AX,AUD,1996-03-31,1996-03-31,Q1,0.0,0.0,0.0,0.0,0.0,0.0,0.0,0.0,0.0,0.0,5.25,0.0,1170923.0,0.0,0.0,0.0,0.0,1170917.75,0.0,1170917.75,2235744.25,0.0,68.96156975,68.96156975,10764.0,10764.0,,,1620586165,14:49:25,20210509
95,1996-01-31,ADD.AX,AUD,1996-01-31,1996-01-31,Q1,0.0,0.0,0.0,0.0,0.0,0.0,0.0,0.0,0.0,0.0,5.25,0.0,1170923.0,0.0,0.0,0.0,0.0,1170917.75,0.0,1170917.75,2235744.25,0.0,68.96156975,68.96156975,10764.0,10764.0,,,1620586165,14:49:25,20210509
96,1995-09-30,ADD.AX,AUD,1995-09-30,1995-09-30,Q3,0.0,0.0,0.0,0.0,0.0,0.0,0.0,0.0,0.0,0.0,250.0,0.0,544000.0,0.0,0.0,0.0,0.0,543750.0,0.0,543750.0,0.0,0.0,34.480785,34.480785,10368.0,10368.0,,,1620586165,14:49:25,20210509
97,1995-06-30,ADD.AX,AUD,1995-06-30,1995-06-30,Q2,0.0,0.0,0.0,0.0,0.0,0.0,0.0,0.0,0.0,0.0,250.0,0.0,544000.0,0.0,0.0,0.0,0.0,543750.0,0.0,543750.0,0.0,0.0,34.480785,34.480785,10368.0,10368.0,,,1620586165,14:49:25,20210509
98,1995-03-31,ADD.AX,AUD,1995-03-31,1995-03-31,Q1,0.0,0.0,0.0,0.0,0.0,0.0,0.0,0.0,0.0,0.0,250.0,0.0,544000.0,0.0,0.0,0.0,0.0,543750.0,0.0,543750.0,0.0,0.0,34.480785,34.480785,10368.0,10368.0,,,1620586165,14:49:25,20210509
99,1995-01-31,ADD.AX,AUD,1995-01-31,1995-01-31,Q1,0.0,0.0,0.0,0.0,0.0,0.0,0.0,0.0,0.0,0.0,250.0,0.0,544000.0,0.0,0.0,0.0,0.0,543750.0,0.0,543750.0,0.0,0.0,34.480785,34.480785,10368.0,10368.0,,,1620586165,14:49:25,20210509
100,1994-09-30,ADD.AX,AUD,1994-09-30,1994-09-30,Q3,0.0,0.0,0.0,0.0,0.0,0.0,0.0,0.0,0.0,0.0,0.0,0.0,-87000.0,0.0,0.0,0.0,0.0,-87000.0,0.0,-87000.0,0.0,0.0,-7.66239675,-7.66239675,12398.0,12398.0,,,1620586165,14:49:25,20210509
101,1994-06-30,ADD.AX,AUD,1994-06-30,1994-06-30,Q2,0.0,0.0,0.0,0.0,0.0,0.0,0.0,0.0,0.0,0.0,0.0,0.0,-87000.0,0.0,0.0,0.0,0.0,-87000.0,0.0,-87000.0,0.0,0.0,-7.66239675,-7.66239675,12398.0,12398.0,,,1620586165,14:49:25,20210509
102,1994-03-31,ADD.AX,AUD,1994-03-31,1994-03-31,Q1,0.0,0.0,0.0,0.0,0.0,0.0,0.0,0.0,0.0,0.0,0.0,0.0,-87000.0,0.0,0.0,0.0,0.0,-87000.0,0.0,-87000.0,0.0,0.0,-7.66239675,-7.66239675,12398.0,12398.0,,,1620586165,14:49:25,20210509
103,1994-01-31,ADD.AX,AUD,1994-01-31,1994-01-31,Q1,0.0,0.0,0.0,0.0,0.0,0.0,0.0,0.0,0.0,0.0,0.0,0.0,-87000.0,0.0,0.0,0.0,0.0,-87000.0,0.0,-87000.0,0.0,0.0,-7.66239675,-7.66239675,12398.0,12398.0,,,1620586165,14:49:25,20210509
104,1993-09-30,ADD.AX,AUD,1993-09-30,1993-09-30,Q3,0.0,0.0,0.0,0.0,0.0,0.0,0.0,0.0,0.0,0.0,750.0,0.0,216000.0,0.0,0.0,0.0,0.0,215250.0,0.0,215250.0,0.0,0.0,18.77287175,18.77287175,10407.0,10407.0,,,1620586165,14:49:25,20210509
105,1993-06-30,ADD.AX,AUD,1993-06-30,1993-06-30,Q2,0.0,0.0,0.0,0.0,0.0,0.0,0.0,0.0,0.0,0.0,750.0,0.0,216000.0,0.0,0.0,0.0,0.0,215250.0,0.0,215250.0,0.0,0.0,18.77287175,18.77287175,10407.0,10407.0,,,1620586165,14:49:25,20210509
106,1993-03-31,ADD.AX,AUD,1993-03-31,1993-03-31,Q1,0.0,0.0,0.0,0.0,0.0,0.0,0.0,0.0,0.0,0.0,750.0,0.0,216000.0,0.0,0.0,0.0,0.0,215250.0,0.0,215250.0,0.0,0.0,18.77287175,18.77287175,10407.0,10407.0,,,1620586165,14:49:25,20210509
107,1993-01-31,ADD.AX,AUD,1993-01-31,1993-01-31,Q1,0.0,0.0,0.0,0.0,0.0,0.0,0.0,0.0,0.0,0.0,750.0,0.0,216000.0,0.0,0.0,0.0,0.0,215250.0,0.0,215250.0,0.0,0.0,18.77287175,18.77287175,10407.0,10407.0,,,1620586165,14:49:25,20210509
108,1992-09-30,ADD.AX,AUD,1992-09-30,1992-09-30,Q3,0.0,0.0,0.0,0.0,0.0,0.0,0.0,0.0,0.0,0.0,0.0,0.0,-41250.0,0.0,0.0,0.0,0.0,-41250.0,0.0,-41250.0,0.0,0.0,0.0,0.0,2447.0,2447.0,,,1620586165,14:49:25,20210509
109,1992-06-30,ADD.AX,AUD,1992-06-30,1992-06-30,Q2,0.0,0.0,0.0,0.0,0.0,0.0,0.0,0.0,0.0,0.0,0.0,0.0,-41250.0,0.0,0.0,0.0,0.0,-41250.0,0.0,-41250.0,0.0,0.0,0.0,0.0,2447.0,2447.0,,,1620586165,14:49:25,20210509
110,1992-03-31,ADD.AX,AUD,1992-03-31,1992-03-31,Q1,0.0,0.0,0.0,0.0,0.0,0.0,0.0,0.0,0.0,0.0,0.0,0.0,-41250.0,0.0,0.0,0.0,0.0,-41250.0,0.0,-41250.0,0.0,0.0,0.0,0.0,2447.0,2447.0,,,1620586165,14:49:25,20210509
111,1992-01-31,ADD.AX,AUD,1992-01-31,1992-01-31,Q1,0.0,0.0,0.0,0.0,0.0,0.0,0.0,0.0,0.0,0.0,0.0,0.0,-41250.0,0.0,0.0,0.0,0.0,-41250.0,0.0,-41250.0,0.0,0.0,0.0,0.0,2447.0,2447.0,,,1620586165,14:49:25,20210509
112,1991-09-30,ADD.AX,AUD,1991-09-30,1991-09-30,Q3,0.0,0.0,0.0,0.0,0.0,0.0,0.0,0.0,0.0,0.0,0.0,0.0,-22000.0,0.0,0.0,0.0,0.0,-22000.0,0.0,-22000.0,0.0,0.0,0.0,0.0,95514356.0,95514356.0,,,1620586165,14:49:25,20210509
113,1991-06-30,ADD.AX,AUD,1991-06-30,1991-06-30,Q2,0.0,0.0,0.0,0.0,0.0,0.0,0.0,0.0,0.0,0.0,0.0,0.0,-22000.0,0.0,0.0,0.0,0.0,-22000.0,0.0,-22000.0,0.0,0.0,0.0,0.0,95514356.0,95514356.0,,,1620586165,14:49:25,20210509
114,1991-03-31,ADD.AX,AUD,1991-03-31,1991-03-31,Q1,0.0,0.0,0.0,0.0,0.0,0.0,0.0,0.0,0.0,0.0,0.0,0.0,-22000.0,0.0,0.0,0.0,0.0,-22000.0,0.0,-22000.0,0.0,0.0,0.0,0.0,95514356.0,95514356.0,,,1620586165,14:49:25,20210509
115,1991-01-31,ADD.AX,AUD,1991-01-31,1991-01-31,Q1,0.0,0.0,0.0,0.0,0.0,0.0,0.0,0.0,0.0,0.0,0.0,0.0,-22000.0,0.0,0.0,0.0,0.0,-22000.0,0.0,-22000.0,0.0,0.0,0.0,0.0,95514356.0,95514356.0,,,1620586165,14:49:25,20210509
116,1990-09-30,ADD.AX,AUD,1990-09-30,1990-09-30,Q3,0.0,0.0,0.0,0.0,0.0,0.0,0.0,0.0,0.0,0.0,0.0,0.0,-53000.0,0.0,0.0,0.0,0.0,-53000.0,0.0,-53000.0,0.0,0.0,0.0,0.0,95514356.0,95514356.0,,,1620586165,14:49:25,20210509
117,1990-06-30,ADD.AX,AUD,1990-06-30,1990-06-30,Q2,0.0,0.0,0.0,0.0,0.0,0.0,0.0,0.0,0.0,0.0,0.0,0.0,-53000.0,0.0,0.0,0.0,0.0,-53000.0,0.0,-53000.0,0.0,0.0,0.0,0.0,95514356.0,95514356.0,,,1620586165,14:49:25,20210509
118,1990-03-31,ADD.AX,AUD,1990-03-31,1990-03-31,Q1,0.0,0.0,0.0,0.0,0.0,0.0,0.0,0.0,0.0,0.0,0.0,0.0,-53000.0,0.0,0.0,0.0,0.0,-53000.0,0.0,-53000.0,0.0,0.0,0.0,0.0,95514356.0,95514356.0,,,1620586165,14:49:25,20210509
119,1990-01-31,ADD.AX,AUD,1990-01-31,1990-01-31,Q1,0.0,0.0,0.0,0.0,0.0,0.0,0.0,0.0,0.0,0.0,0.0,0.0,-53000.0,0.0,0.0,0.0,0.0,-53000.0,0.0,-53000.0,0.0,0.0,0.0,0.0,95514356.0,95514356.0,,,1620586165,14:49:25,20210509
120,1989-09-30,ADD.AX,AUD,1989-09-30,1989-09-30,Q3,0.0,0.0,0.0,0.0,0.0,0.0,0.0,0.0,0.0,0.0,250.0,0.0,-34000.0,0.0,0.0,0.0,0.0,-34250.0,0.0,-34250.0,0.0,0.0,0.0,0.0,95514356.0,95514356.0,,,1620586165,14:49:25,20210509
121,1989-06-30,ADD.AX,AUD,1989-06-30,1989-06-30,Q2,0.0,0.0,0.0,0.0,0.0,0.0,0.0,0.0,0.0,0.0,250.0,0.0,-34000.0,0.0,0.0,0.0,0.0,-34250.0,0.0,-34250.0,0.0,0.0,0.0,0.0,95514356.0,95514356.0,,,1620586165,14:49:25,20210509
122,1989-03-31,ADD.AX,AUD,1989-03-31,1989-03-31,Q1,0.0,0.0,0.0,0.0,0.0,0.0,0.0,0.0,0.0,0.0,250.0,0.0,-34000.0,0.0,0.0,0.0,0.0,-34250.0,0.0,-34250.0,0.0,0.0,0.0,0.0,95514356.0,95514356.0,,,1620586165,14:49:25,20210509
123,1989-01-31,ADD.AX,AUD,1989-01-31,1989-01-31,Q1,0.0,0.0,0.0,0.0,0.0,0.0,0.0,0.0,0.0,0.0,250.0,0.0,-34000.0,0.0,0.0,0.0,0.0,-34250.0,0.0,-34250.0,0.0,0.0,0.0,0.0,95514356.0,95514356.0,,,1620586165,14:49:25,20210509
