,date,symbol,reportedCurrency,fillingDate,acceptedDate,period,revenue,costOfRevenue,grossProfit,grossProfitRatio,researchAndDevelopmentExpenses,generalAndAdministrativeExpenses,sellingAndMarketingExpenses,otherExpenses,operatingExpenses,costAndExpenses,interestExpense,depreciationAndAmortization,ebitda,ebitdaratio,operatingIncome,operatingIncomeRatio,totalOtherIncomeExpensesNet,incomeBeforeTax,incomeBeforeTaxRatio,incomeTaxExpense,netIncome,netIncomeRatio,eps,epsdiluted,weightedAverageShsOut,weightedAverageShsOutDil,link,finalLink,timestamp,est_time,est_date
0,2020-12-31,CERV.TO,CAD,2020-12-31,2020-12-31,Q4,273878000,223193000,50685000.0,0.1850641526519107,0.0,0.0,0.0,1011000.0,41840000.0,265033000,2008000.0,5824000.0,14669000.0,0.0535603443869168,8845000.0,0.03229540160217323,1328000.0,8313000.0,0.030352930867028383,2822000.0,5491000.0,0.02004907294488787,0.3558651976668827,0.3558651976668827,15430000.0,15430000.0,https://www.sedar.com/ModifyCompanyDocumentSearchForm.do?lang=EN&company_search=CERVUS EQUIPMENT CORPORATION&document_selection=0&industry_group=A&FromDate=13&FromMonth=05&FromYear=2000&ToDate=13&ToMonth=11&ToYear=2020&Variable=Issuer,https://www.sedar.com/ModifyCompanyDocumentSearchForm.do?lang=EN&company_search=CERVUS EQUIPMENT CORPORATION&document_selection=0&industry_group=A&FromDate=13&FromMonth=05&FromYear=2000&ToDate=13&ToMonth=11&ToYear=2020&Variable=Issuer,1620590140,15:55:40,20210509
1,2020-09-30,CERV.TO,CAD,2020-09-30,2020-09-30,Q3,356163000,299174000,56989000.0,0.16000819849338646,0.0,42888000.0,0.0,695000.0,37838000.0,337012000,2419000.0,5497000.0,24648000.0,0.06920426883196738,19151000.0,0.05377032426164425,1446000.0,18304000.0,0.05139219963892937,5281000.0,13023000.0,0.03656471896294674,0.84,0.81,15430000.0,16130000.0,https://www.sedar.com/ModifyCompanyDocumentSearchForm.do?lang=EN&company_search=CERVUS EQUIPMENT CORPORATION&document_selection=0&industry_group=A&FromDate=13&FromMonth=05&FromYear=2000&ToDate=13&ToMonth=11&ToYear=2020&Variable=Issuer,https://www.sedar.com/ModifyCompanyDocumentSearchForm.do?lang=EN&company_search=CERVUS EQUIPMENT CORPORATION&document_selection=0&industry_group=A&FromDate=13&FromMonth=05&FromYear=2000&ToDate=13&ToMonth=11&ToYear=2020&Variable=Issuer,1620590140,15:55:40,20210509
2,2020-06-30,CERV.TO,CAD,2020-06-30,2020-06-30,Q2,340969000,289842000,51127000.0,0.1499461827908109,0.0,40804000.0,0.0,1368000.0,40804000.0,330646000,2921000.0,5403000.0,15726000.0,0.046121494915960105,10323000.0,0.03027547958905355,3710000.0,11267000.0,0.03304405972390452,1991000.0,9276000.0,0.02720481920643812,0.59,0.57,15629000.0,16169000.0,https://www.sedar.com/ModifyCompanyDocumentSearchForm.do?lang=EN&company_search=CERVUS EQUIPMENT CORPORATION&document_selection=0&industry_group=A&FromDate=13&FromMonth=05&FromYear=2000&ToDate=13&ToMonth=11&ToYear=2020&Variable=Issuer,https://www.sedar.com/ModifyCompanyDocumentSearchForm.do?lang=EN&company_search=CERVUS EQUIPMENT CORPORATION&document_selection=0&industry_group=A&FromDate=13&FromMonth=05&FromYear=2000&ToDate=13&ToMonth=11&ToYear=2020&Variable=Issuer,1620590140,15:55:40,20210509
3,2020-03-31,CERV.TO,CAD,2020-03-31,2020-03-31,Q1,256877000,213343000,43534000.0,0.16947410628433063,0.0,40512000.0,0.0,655000.0,40512000.0,253855000,3449000.0,5270000.0,8292000.0,0.03228004064201933,3022000.0,0.0117643852894576,-3286000.0,-3555000.0,-0.013839308307088606,-852000.0,-2703000.0,-0.010522545809862307,-0.17,-0.17,15478000.0,15478000.0,https://www.sedar.com/ModifyCompanyDocumentSearchForm.do?lang=EN&company_search=CERVUS EQUIPMENT CORPORATION&document_selection=0&industry_group=A&FromDate=13&FromMonth=05&FromYear=2000&ToDate=13&ToMonth=11&ToYear=2020&Variable=Issuer,https://www.sedar.com/ModifyCompanyDocumentSearchForm.do?lang=EN&company_search=CERVUS EQUIPMENT CORPORATION&document_selection=0&industry_group=A&FromDate=13&FromMonth=05&FromYear=2000&ToDate=13&ToMonth=11&ToYear=2020&Variable=Issuer,1620590140,15:55:40,20210509
4,2019-12-31,CERV.TO,CAD,2019-12-31,2019-12-31,Q4,259549000,222648000,36901000.0,0.14217353948580036,0.0,23230000.0,0.0,-103000.0,43261000.0,265909000,3188000.0,6212000.0,-148000.0,-0.000570219881409676,-6360000.0,-0.02450404355246986,589000.0,-8807000.0,-0.033931935780912276,-1759000.0,-7048000.0,-0.027154795433617544,-0.45677252106286453,-0.45677252106286453,15430000.0,15430000.0,https://www.sedar.com/ModifyCompanyDocumentSearchForm.do?lang=EN&company_search=CERVUS EQUIPMENT CORPORATION&document_selection=0&industry_group=A&FromDate=13&FromMonth=05&FromYear=2000&ToDate=13&ToMonth=11&ToYear=2020&Variable=Issuer,https://www.sedar.com/ModifyCompanyDocumentSearchForm.do?lang=EN&company_search=CERVUS EQUIPMENT CORPORATION&document_selection=0&industry_group=A&FromDate=13&FromMonth=05&FromYear=2000&ToDate=13&ToMonth=11&ToYear=2020&Variable=Issuer,1620590140,15:55:40,20210509
5,2019-09-30,CERV.TO,CAD,2019-09-30,2019-09-30,Q3,317082000,274235000,42847000.0,0.13512908332860268,0.0,42499000.0,0.0,769000.0,42499000.0,316734000,3598000.0,6723000.0,7071000.0,0.022300225178345033,348000.0,0.0010975079001646262,766000.0,-2308000.0,-0.0072788742344251645,-633000.0,-1675000.0,-0.0052825452091257155,-0.11,-0.11,15326000.0,15326000.0,https://www.sedar.com/ModifyCompanyDocumentSearchForm.do?lang=EN&company_search=CERVUS EQUIPMENT CORPORATION&document_selection=0&industry_group=A&FromDate=13&FromMonth=05&FromYear=2000&ToDate=13&ToMonth=11&ToYear=2020&Variable=Issuer,https://www.sedar.com/ModifyCompanyDocumentSearchForm.do?lang=EN&company_search=CERVUS EQUIPMENT CORPORATION&document_selection=0&industry_group=A&FromDate=13&FromMonth=05&FromYear=2000&ToDate=13&ToMonth=11&ToYear=2020&Variable=Issuer,1620590140,15:55:40,20210509
6,2019-06-30,CERV.TO,CAD,2019-06-30,2019-06-30,Q2,327605000,280726000,46879000.0,0.14309610659177974,0.0,42397000.0,0.0,551000.0,42397000.0,323123000,3233000.0,5691000.0,10173000.0,0.031052639611727537,4482000.0,0.013681109873170434,1390000.0,2811000.0,0.008580455121258834,-6000.0,2817000.0,0.008598769860044871,0.18,0.17,15445000.0,16394000.0,https://www.sedar.com/ModifyCompanyDocumentSearchForm.do?lang=EN&company_search=CERVUS EQUIPMENT CORPORATION&document_selection=0&industry_group=A&FromDate=13&FromMonth=05&FromYear=2000&ToDate=13&ToMonth=11&ToYear=2020&Variable=Issuer,https://www.sedar.com/ModifyCompanyDocumentSearchForm.do?lang=EN&company_search=CERVUS EQUIPMENT CORPORATION&document_selection=0&industry_group=A&FromDate=13&FromMonth=05&FromYear=2000&ToDate=13&ToMonth=11&ToYear=2020&Variable=Issuer,1620590140,15:55:40,20210509
7,2019-03-31,CERV.TO,CAD,2019-03-31,2019-03-31,Q1,234798000,192076000,42722000.0,0.18195214610005195,0.0,43121000.0,0.0,344000.0,43121000.0,235197000,3037000.0,5743000.0,5344000.0,0.02275998943772945,-399000.0,-0.0016993330437226892,1105000.0,-2144000.0,-0.009131253247472295,570000.0,-2714000.0,-0.011558871881361852,-0.17,-0.17,15546000.0,15546000.0,https://www.sedar.com/ModifyCompanyDocumentSearchForm.do?lang=EN&company_search=CERVUS EQUIPMENT CORPORATION&document_selection=0&industry_group=A&FromDate=13&FromMonth=05&FromYear=2000&ToDate=13&ToMonth=11&ToYear=2020&Variable=Issuer,https://www.sedar.com/ModifyCompanyDocumentSearchForm.do?lang=EN&company_search=CERVUS EQUIPMENT CORPORATION&document_selection=0&industry_group=A&FromDate=13&FromMonth=05&FromYear=2000&ToDate=13&ToMonth=11&ToYear=2020&Variable=Issuer,1620590140,15:55:40,20210509
8,2018-12-31,CERV.TO,CAD,2018-12-31,2018-12-31,Q4,300248000,248249000,51999000.0,0.1731868322186992,0.0,33650000.0,0.0,-181000.0,43534000.0,291783000,1684000.0,3769000.0,12234000.0,0.040746316378460476,8465000.0,0.0281933601556047,418000.0,7642000.0,0.025452292771309053,2611000.0,5031000.0,0.016756148250779354,0.3260531432274789,0.3260531432274789,15430000.0,15430000.0,https://www.sedar.com/ModifyCompanyDocumentSearchForm.do?lang=EN&company_search=CERVUS EQUIPMENT CORPORATION&document_selection=0&industry_group=A&FromDate=13&FromMonth=05&FromYear=2000&ToDate=13&ToMonth=11&ToYear=2020&Variable=Issuer,https://www.sedar.com/ModifyCompanyDocumentSearchForm.do?lang=EN&company_search=CERVUS EQUIPMENT CORPORATION&document_selection=0&industry_group=A&FromDate=13&FromMonth=05&FromYear=2000&ToDate=13&ToMonth=11&ToYear=2020&Variable=Issuer,1620590140,15:55:40,20210509
9,2018-09-30,CERV.TO,CAD,2018-09-30,2018-09-30,Q3,392499000,332617000,59882000.0,0.1525659937987103,0.0,44169000.0,0.0,1917000.0,44169000.0,376786000,1696000.0,3480000.0,19193000.0,0.04889948764200673,15713000.0,0.040033223014580926,1672000.0,15820000.0,0.040305835174102356,3640000.0,12180000.0,0.03103192619599031,0.78,0.74,15679000.0,16498000.0,https://www.sedar.com/ModifyCompanyDocumentSearchForm.do?lang=EN&company_search=CERVUS EQUIPMENT CORPORATION&document_selection=0&industry_group=A&FromDate=13&FromMonth=05&FromYear=2000&ToDate=13&ToMonth=11&ToYear=2020&Variable=Issuer,https://www.sedar.com/ModifyCompanyDocumentSearchForm.do?lang=EN&company_search=CERVUS EQUIPMENT CORPORATION&document_selection=0&industry_group=A&FromDate=13&FromMonth=05&FromYear=2000&ToDate=13&ToMonth=11&ToYear=2020&Variable=Issuer,1620590140,15:55:40,20210509
10,2018-06-30,CERV.TO,CAD,2018-06-30,2018-06-30,Q2,408584000,350738000,57846000.0,0.14157676267303662,0.0,0.0,43655000.0,481000.0,43655000.0,394393000,1629000.0,3916000.0,18107000.0,0.04431646858418342,14191000.0,0.03473214810173673,875000.0,13581000.0,0.03323918704599299,4067000.0,9514000.0,0.023285297515321206,0.61,0.58,15672000.0,16483000.0,https://www.sedar.com/ModifyCompanyDocumentSearchForm.do?lang=EN&company_search=CERVUS EQUIPMENT CORPORATION&document_selection=0&industry_group=A&FromDate=13&FromMonth=05&FromYear=2000&ToDate=13&ToMonth=11&ToYear=2020&Variable=Issuer,https://www.sedar.com/ModifyCompanyDocumentSearchForm.do?lang=EN&company_search=CERVUS EQUIPMENT CORPORATION&document_selection=0&industry_group=A&FromDate=13&FromMonth=05&FromYear=2000&ToDate=13&ToMonth=11&ToYear=2020&Variable=Issuer,1620590140,15:55:40,20210509
11,2018-03-31,CERV.TO,CAD,2018-03-31,2018-03-31,Q1,248706000,206913000,41793000.0,0.16804178427540953,0.0,41687000.0,0.0,536000.0,41687000.0,248600000,1343000.0,3946000.0,4052000.0,0.016292329095397778,106000.0,0.000426206042475855,603000.0,-498000.0,-0.0020023642372922245,-353000.0,-145000.0,-0.0005830176996131979,-0.01,-0.01,15686000.0,15686000.0,https://www.sedar.com/ModifyCompanyDocumentSearchForm.do?lang=EN&company_search=CERVUS EQUIPMENT CORPORATION&document_selection=0&industry_group=A&FromDate=13&FromMonth=05&FromYear=2000&ToDate=13&ToMonth=11&ToYear=2020&Variable=Issuer,https://www.sedar.com/ModifyCompanyDocumentSearchForm.do?lang=EN&company_search=CERVUS EQUIPMENT CORPORATION&document_selection=0&industry_group=A&FromDate=13&FromMonth=05&FromYear=2000&ToDate=13&ToMonth=11&ToYear=2020&Variable=Issuer,1620590140,15:55:40,20210509
12,2017-12-31,CERV.TO,CAD,2017-12-31,2017-12-31,Q4,265184000,211454000,53730000.0,0.20261403402920236,0.0,34426000.0,0.0,610000.0,45094000.0,256548000,1070000.0,6590000.0,15226000.0,0.05741673705804272,8636000.0,0.032566067334379147,-1920000.0,5709000.0,0.021528448171835406,1982000.0,3727000.0,0.014054392421865573,0.24154244977316916,0.24154244977316916,15430000.0,15430000.0,https://www.sedar.com/ModifyCompanyDocumentSearchForm.do?lang=EN&company_search=CERVUS EQUIPMENT CORPORATION&document_selection=0&industry_group=A&FromDate=13&FromMonth=05&FromYear=2000&ToDate=13&ToMonth=11&ToYear=2020&Variable=Issuer,https://www.sedar.com/ModifyCompanyDocumentSearchForm.do?lang=EN&company_search=CERVUS EQUIPMENT CORPORATION&document_selection=0&industry_group=A&FromDate=13&FromMonth=05&FromYear=2000&ToDate=13&ToMonth=11&ToYear=2020&Variable=Issuer,1620590140,15:55:40,20210509
13,2017-09-30,CERV.TO,CAD,2017-09-30,2017-09-30,Q3,367630000,309078000,58552000.0,0.15926883007371542,0.0,45072000.0,0.0,307000.0,45072000.0,354150000,1464000.0,3554000.0,17034000.0,0.0463346299268286,13480000.0,0.03666730136278323,1162000.0,13368000.0,0.03636264722683132,3915000.0,9453000.0,0.02571335309958382,0.6,0.57,15792000.0,16614000.0,https://www.sedar.com/ModifyCompanyDocumentSearchForm.do?lang=EN&company_search=CERVUS EQUIPMENT CORPORATION&document_selection=0&industry_group=A&FromDate=13&FromMonth=05&FromYear=2000&ToDate=13&ToMonth=11&ToYear=2020&Variable=Issuer,https://www.sedar.com/ModifyCompanyDocumentSearchForm.do?lang=EN&company_search=CERVUS EQUIPMENT CORPORATION&document_selection=0&industry_group=A&FromDate=13&FromMonth=05&FromYear=2000&ToDate=13&ToMonth=11&ToYear=2020&Variable=Issuer,1620590140,15:55:40,20210509
14,2017-06-30,CERV.TO,CAD,2017-06-30,2017-06-30,Q2,357361000,300602000,56759000.0,0.15882818774292662,0.0,44856000.0,0.0,-314000.0,44856000.0,345458000,1680000.0,3902000.0,15805000.0,0.04422698615685539,11903000.0,0.03330805543973741,1137000.0,11497000.0,0.032171949373322774,3132000.0,8365000.0,0.023407702575267027,0.53,0.5,15792000.0,16619000.0,https://www.sedar.com/ModifyCompanyDocumentSearchForm.do?lang=EN&company_search=CERVUS EQUIPMENT CORPORATION&document_selection=0&industry_group=A&FromDate=13&FromMonth=05&FromYear=2000&ToDate=13&ToMonth=11&ToYear=2020&Variable=Issuer,https://www.sedar.com/ModifyCompanyDocumentSearchForm.do?lang=EN&company_search=CERVUS EQUIPMENT CORPORATION&document_selection=0&industry_group=A&FromDate=13&FromMonth=05&FromYear=2000&ToDate=13&ToMonth=11&ToYear=2020&Variable=Issuer,1620590140,15:55:40,20210509
15,2017-03-31,CERV.TO,CAD,2017-03-31,2017-03-31,Q1,231110000,190723000,40387000.0,0.17475228246289645,0.0,41177000.0,0.0,471000.0,41177000.0,231900000,1649000.0,3611000.0,2821000.0,0.012206308684176366,-790000.0,-0.003418285664834927,729000.0,-1616000.0,-0.006992341309333218,17000.0,-1628000.0,-0.007044264635887672,-0.1,-0.1,15762000.0,15762000.0,https://www.sedar.com/ModifyCompanyDocumentSearchForm.do?lang=EN&company_search=CERVUS EQUIPMENT CORPORATION&document_selection=0&industry_group=A&FromDate=13&FromMonth=05&FromYear=2000&ToDate=13&ToMonth=11&ToYear=2020&Variable=Issuer,https://www.sedar.com/ModifyCompanyDocumentSearchForm.do?lang=EN&company_search=CERVUS EQUIPMENT CORPORATION&document_selection=0&industry_group=A&FromDate=13&FromMonth=05&FromYear=2000&ToDate=13&ToMonth=11&ToYear=2020&Variable=Issuer,1620590140,15:55:40,20210509
16,2016-12-31,CERV.TO,CAD,2016-12-31,2016-12-31,Q4,271943000,225455000,46488000.0,0.17094758828136777,0.0,29112000.0,0.0,19000.0,41945000.0,267400000,2375000.0,4413000.0,8956000.0,0.0329333720669405,4543000.0,0.016705706710597443,8543000.0,10804000.0,0.0397289137797259,2042000.0,8753000.0,0.032186892106066345,0.5672715489306546,0.5672715489306546,15430000.0,15430000.0,https://www.sedar.com/ModifyCompanyDocumentSearchForm.do?lang=EN&company_search=CERVUS EQUIPMENT CORPORATION&document_selection=0&industry_group=A&FromDate=13&FromMonth=05&FromYear=2000&ToDate=13&ToMonth=11&ToYear=2020&Variable=Issuer,https://www.sedar.com/ModifyCompanyDocumentSearchForm.do?lang=EN&company_search=CERVUS EQUIPMENT CORPORATION&document_selection=0&industry_group=A&FromDate=13&FromMonth=05&FromYear=2000&ToDate=13&ToMonth=11&ToYear=2020&Variable=Issuer,1620590140,15:55:40,20210509
17,2016-09-30,CERV.TO,CAD,2016-09-30,2016-09-30,Q3,334682000,277111000,57571000.0,0.1720170191405573,0.0,42505000.0,0.0,516000.0,42505000.0,319616000,2677000.0,4605000.0,19671000.0,0.05877519555876922,15066000.0,0.0450158658069451,1608000.0,14021000.0,0.041893498903436695,3477000.0,10741000.0,0.03209315111060649,0.67,0.64,15991000.0,16761000.0,https://www.sedar.com/ModifyCompanyDocumentSearchForm.do?lang=EN&company_search=CERVUS EQUIPMENT CORPORATION&document_selection=0&industry_group=A&FromDate=13&FromMonth=05&FromYear=2000&ToDate=13&ToMonth=11&ToYear=2020&Variable=Issuer,https://www.sedar.com/ModifyCompanyDocumentSearchForm.do?lang=EN&company_search=CERVUS EQUIPMENT CORPORATION&document_selection=0&industry_group=A&FromDate=13&FromMonth=05&FromYear=2000&ToDate=13&ToMonth=11&ToYear=2020&Variable=Issuer,1620590140,15:55:40,20210509
18,2016-06-30,CERV.TO,CAD,2016-06-30,2016-06-30,Q2,294772000,246984000,47788000.0,0.16211851871955274,0.0,41758000.0,0.0,277000.0,41758000.0,288742000,2749000.0,4177000.0,10207000.0,0.03462676237905907,6030000.0,0.02045648840459745,334000.0,3638000.0,0.012341742092193289,1153000.0,2485000.0,0.008430244392276064,0.16,0.15,15994000.0,16785000.0,https://www.sedar.com/ModifyCompanyDocumentSearchForm.do?lang=EN&company_search=CERVUS EQUIPMENT CORPORATION&document_selection=0&industry_group=A&FromDate=13&FromMonth=05&FromYear=2000&ToDate=13&ToMonth=11&ToYear=2020&Variable=Issuer,https://www.sedar.com/ModifyCompanyDocumentSearchForm.do?lang=EN&company_search=CERVUS EQUIPMENT CORPORATION&document_selection=0&industry_group=A&FromDate=13&FromMonth=05&FromYear=2000&ToDate=13&ToMonth=11&ToYear=2020&Variable=Issuer,1620590140,15:55:40,20210509
19,2016-03-31,CERV.TO,CAD,2016-03-31,2016-03-31,Q1,208542000,169324000,39218000.0,0.18805804106606822,0.0,38223000.0,0.0,-100000.0,38223000.0,207547000,2863000.0,4539000.0,5534000.0,0.026536620920486042,995000.0,0.004771221144901267,3942000.0,2103000.0,0.01008429956555514,370000.0,1733000.0,0.008310076627250145,0.11093329919344515,0.10545852857055923,15622000.0,16433000.0,https://www.sedar.com/ModifyCompanyDocumentSearchForm.do?lang=EN&company_search=CERVUS EQUIPMENT CORPORATION&document_selection=0&industry_group=A&FromDate=13&FromMonth=05&FromYear=2000&ToDate=13&ToMonth=11&ToYear=2020&Variable=Issuer,https://www.sedar.com/ModifyCompanyDocumentSearchForm.do?lang=EN&company_search=CERVUS EQUIPMENT CORPORATION&document_selection=0&industry_group=A&FromDate=13&FromMonth=05&FromYear=2000&ToDate=13&ToMonth=11&ToYear=2020&Variable=Issuer,1620590140,15:55:40,20210509
20,2015-12-31,CERV.TO,CAD,2015-12-31,2015-12-31,Q4,257726000,205631000,52095000.0,0.2021332733212792,0.0,42486000.0,0.0,-521000.0,42486000.0,248117000,2823000.0,4599000.0,14208000.0,0.05512831456663278,9609000.0,0.037283782001039864,-692000.0,6142000.0,0.02383151098453396,2267000.0,3768000.0,0.014620178018515789,0.244199611147116,0.244199611147116,15430000.0,15430000.0,https://www.sedar.com/ModifyCompanyDocumentSearchForm.do?lang=EN&company_search=CERVUS EQUIPMENT CORPORATION&document_selection=0&industry_group=A&FromDate=13&FromMonth=05&FromYear=2000&ToDate=13&ToMonth=11&ToYear=2020&Variable=Issuer,https://www.sedar.com/ModifyCompanyDocumentSearchForm.do?lang=EN&company_search=CERVUS EQUIPMENT CORPORATION&document_selection=0&industry_group=A&FromDate=13&FromMonth=05&FromYear=2000&ToDate=13&ToMonth=11&ToYear=2020&Variable=Issuer,1620590140,15:55:40,20210509
21,2015-09-30,CERV.TO,CAD,2015-09-30,2015-09-30,Q3,334742000,279464000,55278000.0,0.16513613469477986,0.0,45314000.0,0.0,824000.0,45314000.0,324778000,3172000.0,4239000.0,14203000.0,0.04242969212109625,9964000.0,0.02976620800497099,425000.0,7275000.0,0.021733155684079082,3365000.0,3910000.0,0.01168063762539508,0.25,0.24,15519000.0,16222000.0,https://www.sedar.com/ModifyCompanyDocumentSearchForm.do?lang=EN&company_search=CERVUS EQUIPMENT CORPORATION&document_selection=0&industry_group=A&FromDate=13&FromMonth=05&FromYear=2000&ToDate=13&ToMonth=11&ToYear=2020&Variable=Issuer,https://www.sedar.com/ModifyCompanyDocumentSearchForm.do?lang=EN&company_search=CERVUS EQUIPMENT CORPORATION&document_selection=0&industry_group=A&FromDate=13&FromMonth=05&FromYear=2000&ToDate=13&ToMonth=11&ToYear=2020&Variable=Issuer,1620590140,15:55:40,20210509
22,2015-06-30,CERV.TO,CAD,2015-06-30,2015-06-30,Q2,302988000,247732000,55256000.0,0.1823702588881408,0.0,47512000.0,0.0,-621000.0,47512000.0,295244000,2790000.0,4404000.0,12148000.0,0.04009399712199823,7744000.0,0.02555876800401336,-58000.0,4928000.0,0.0162646705480085,37117000.0,-32203000.0,-0.10628473734933397,-2.08,-2.08,15446000.0,15446000.0,https://www.sedar.com/ModifyCompanyDocumentSearchForm.do?lang=EN&company_search=CERVUS EQUIPMENT CORPORATION&document_selection=0&industry_group=A&FromDate=13&FromMonth=05&FromYear=2000&ToDate=13&ToMonth=11&ToYear=2020&Variable=Issuer,https://www.sedar.com/ModifyCompanyDocumentSearchForm.do?lang=EN&company_search=CERVUS EQUIPMENT CORPORATION&document_selection=0&industry_group=A&FromDate=13&FromMonth=05&FromYear=2000&ToDate=13&ToMonth=11&ToYear=2020&Variable=Issuer,1620590140,15:55:40,20210509
23,2015-03-31,CERV.TO,CAD,2015-03-31,2015-03-31,Q1,238422000,194110000,44312000.0,0.1858553321421681,0.0,44271000.0,0.0,51000.0,44271000.0,238381000,2643000.0,4611000.0,4652000.0,0.019511622249624615,41000.0,0.000171963996611051,-852000.0,-3397000.0,-0.014247846255798542,-422000.0,-2896000.0,-0.012146530102087895,-0.18827200624106097,-0.17989812399055782,15382000.0,16098000.0,https://www.sedar.com/ModifyCompanyDocumentSearchForm.do?lang=EN&company_search=CERVUS EQUIPMENT CORPORATION&document_selection=0&industry_group=A&FromDate=13&FromMonth=05&FromYear=2000&ToDate=13&ToMonth=11&ToYear=2020&Variable=Issuer,https://www.sedar.com/ModifyCompanyDocumentSearchForm.do?lang=EN&company_search=CERVUS EQUIPMENT CORPORATION&document_selection=0&industry_group=A&FromDate=13&FromMonth=05&FromYear=2000&ToDate=13&ToMonth=11&ToYear=2020&Variable=Issuer,1620590140,15:55:40,20210509
24,2014-12-31,CERV.TO,CAD,2014-12-31,2014-12-31,Q4,289040000,233086000,55954000.0,0.1935856628840299,0.0,45966000.0,0.0,509000.0,45966000.0,279052000,2028000.0,5224000.0,15212000.0,0.052629393855521726,9988000.0,0.03455577082756712,315000.0,8456000.0,0.02925546637143648,2528000.0,5870000.0,0.020308607805148076,0.38042773817239145,0.38042773817239145,15430000.0,15430000.0,https://www.sedar.com/ModifyCompanyDocumentSearchForm.do?lang=EN&company_search=CERVUS EQUIPMENT CORPORATION&document_selection=0&industry_group=A&FromDate=13&FromMonth=05&FromYear=2000&ToDate=13&ToMonth=11&ToYear=2020&Variable=Issuer,https://www.sedar.com/ModifyCompanyDocumentSearchForm.do?lang=EN&company_search=CERVUS EQUIPMENT CORPORATION&document_selection=0&industry_group=A&FromDate=13&FromMonth=05&FromYear=2000&ToDate=13&ToMonth=11&ToYear=2020&Variable=Issuer,1620590140,15:55:40,20210509
25,2014-09-30,CERV.TO,CAD,2014-09-30,2014-09-30,Q3,286192000,233847000,52345000.0,0.1829016883770336,0.0,41372000.0,0.0,1247000.0,41372000.0,275219000,2290000.0,4354000.0,15327000.0,0.05355495611337843,10973000.0,0.03834139319058534,2013000.0,10776000.0,0.03765304411024767,3069000.0,7707000.0,0.026929473919606418,0.51,0.49,15148000.0,15884000.0,https://www.sedar.com/ModifyCompanyDocumentSearchForm.do?lang=EN&company_search=CERVUS EQUIPMENT CORPORATION&document_selection=0&industry_group=A&FromDate=13&FromMonth=05&FromYear=2000&ToDate=13&ToMonth=11&ToYear=2020&Variable=Issuer,https://www.sedar.com/ModifyCompanyDocumentSearchForm.do?lang=EN&company_search=CERVUS EQUIPMENT CORPORATION&document_selection=0&industry_group=A&FromDate=13&FromMonth=05&FromYear=2000&ToDate=13&ToMonth=11&ToYear=2020&Variable=Issuer,1620590140,15:55:40,20210509
26,2014-06-30,CERV.TO,CAD,2014-06-30,2014-06-30,Q2,237488000,192235000,45253000.0,0.19054857508589906,0.0,37252000.0,0.0,770000.0,37252000.0,229487000,1686000.0,3479000.0,11480000.0,0.04833928451121741,8001000.0,0.03369012329043994,1521000.0,7905000.0,0.033285892339823486,2287000.0,5618000.0,0.023655932089200297,0.37,0.35,15130000.0,15835000.0,https://www.sedar.com/ModifyCompanyDocumentSearchForm.do?lang=EN&company_search=CERVUS EQUIPMENT CORPORATION&document_selection=0&industry_group=A&FromDate=13&FromMonth=05&FromYear=2000&ToDate=13&ToMonth=11&ToYear=2020&Variable=Issuer,https://www.sedar.com/ModifyCompanyDocumentSearchForm.do?lang=EN&company_search=CERVUS EQUIPMENT CORPORATION&document_selection=0&industry_group=A&FromDate=13&FromMonth=05&FromYear=2000&ToDate=13&ToMonth=11&ToYear=2020&Variable=Issuer,1620590140,15:55:40,20210509
27,2014-03-31,CERV.TO,CAD,2014-03-31,2014-03-31,Q1,166889000,133768000,33121000.0,0.198461252688913,0.0,33088000.0,0.0,313000.0,33088000.0,166856000,1652000.0,3386000.0,3419000.0,0.02048667078117791,33000.0,0.0001977362198826765,578000.0,-987000.0,-0.005914110576490961,-230000.0,-833000.0,-0.004991341550371804,-0.05540405719986698,-0.0529595015576324,15035000.0,15729000.0,https://www.sedar.com/ModifyCompanyDocumentSearchForm.do?lang=EN&company_search=CERVUS EQUIPMENT CORPORATION&document_selection=0&industry_group=A&FromDate=13&FromMonth=05&FromYear=2000&ToDate=13&ToMonth=11&ToYear=2020&Variable=Issuer,https://www.sedar.com/ModifyCompanyDocumentSearchForm.do?lang=EN&company_search=CERVUS EQUIPMENT CORPORATION&document_selection=0&industry_group=A&FromDate=13&FromMonth=05&FromYear=2000&ToDate=13&ToMonth=11&ToYear=2020&Variable=Issuer,1620590140,15:55:40,20210509
28,2013-12-31,CERV.TO,CAD,2013-12-31,2013-12-31,Q4,237861000,194674000,43187000.0,0.18156402268551802,0.0,37227000.0,0.0,1833000.0,37227000.0,231901000,1456000.0,3585000.0,9545000.0,0.040128478397047015,5960000.0,0.025056650732991115,3483000.0,8085000.0,0.033990439794669994,1713000.0,6249000.0,0.026271646045379446,0.4049902786779002,0.4049902786779002,15430000.0,15430000.0,https://www.sedar.com/ModifyCompanyDocumentSearchForm.do?lang=EN&company_search=CERVUS EQUIPMENT CORPORATION&document_selection=0&industry_group=A&FromDate=13&FromMonth=05&FromYear=2000&ToDate=13&ToMonth=11&ToYear=2020&Variable=Issuer,https://www.sedar.com/ModifyCompanyDocumentSearchForm.do?lang=EN&company_search=CERVUS EQUIPMENT CORPORATION&document_selection=0&industry_group=A&FromDate=13&FromMonth=05&FromYear=2000&ToDate=13&ToMonth=11&ToYear=2020&Variable=Issuer,1620590140,15:55:40,20210509
29,2013-09-30,CERV.TO,CAD,2013-09-30,2013-09-30,Q3,260796000,213351000,47445000.0,0.18192380251230847,0.0,35129000.0,0.0,82000.0,35129000.0,248480000,1874000.0,3349000.0,15665000.0,0.06006610530836363,12316000.0,0.04722465068482645,1557000.0,12056000.0,0.04622770287887851,3315000.0,8646000.0,0.0331523489624074,0.58,0.55,14989000.0,15650000.0,https://www.sedar.com/ModifyCompanyDocumentSearchForm.do?lang=EN&company_search=CERVUS EQUIPMENT CORPORATION&document_selection=0&industry_group=A&FromDate=13&FromMonth=05&FromYear=2000&ToDate=13&ToMonth=11&ToYear=2020&Variable=Issuer,https://www.sedar.com/ModifyCompanyDocumentSearchForm.do?lang=EN&company_search=CERVUS EQUIPMENT CORPORATION&document_selection=0&industry_group=A&FromDate=13&FromMonth=05&FromYear=2000&ToDate=13&ToMonth=11&ToYear=2020&Variable=Issuer,1620590140,15:55:40,20210509
30,2013-06-30,CERV.TO,CAD,2013-06-30,2013-06-30,Q2,254798000,209342000,45456000.0,0.17840014442813523,0.0,32982000.0,0.0,201000.0,32982000.0,242324000,1684000.0,3555000.0,16029000.0,0.06290865705382302,12474000.0,0.04895642822942095,1246000.0,12203000.0,0.04789284060314445,3480000.0,8705000.0,0.034164318401243336,0.58,0.56,14956000.0,15576000.0,https://www.sedar.com/ModifyCompanyDocumentSearchForm.do?lang=EN&company_search=CERVUS EQUIPMENT CORPORATION&document_selection=0&industry_group=A&FromDate=13&FromMonth=05&FromYear=2000&ToDate=13&ToMonth=11&ToYear=2020&Variable=Issuer,https://www.sedar.com/ModifyCompanyDocumentSearchForm.do?lang=EN&company_search=CERVUS EQUIPMENT CORPORATION&document_selection=0&industry_group=A&FromDate=13&FromMonth=05&FromYear=2000&ToDate=13&ToMonth=11&ToYear=2020&Variable=Issuer,1620590140,15:55:40,20210509
31,2013-03-31,CERV.TO,CAD,2013-03-31,2013-03-31,Q1,148932000,120410000,28522000.0,0.19151021942900115,0.0,27458000.0,0.0,376000.0,27458000.0,147868000,1720000.0,2819000.0,3883000.0,0.026072301453012113,1064000.0,0.007144200037601053,1126000.0,682000.0,0.004579271076733006,182000.0,500000.0,0.003357236859774931,0.03351655717924655,0.0321853878339234,14918000.0,15535000.0,https://www.sedar.com/ModifyCompanyDocumentSearchForm.do?lang=EN&company_search=CERVUS EQUIPMENT CORPORATION&document_selection=0&industry_group=A&FromDate=13&FromMonth=05&FromYear=2000&ToDate=13&ToMonth=11&ToYear=2020&Variable=Issuer,https://www.sedar.com/ModifyCompanyDocumentSearchForm.do?lang=EN&company_search=CERVUS EQUIPMENT CORPORATION&document_selection=0&industry_group=A&FromDate=13&FromMonth=05&FromYear=2000&ToDate=13&ToMonth=11&ToYear=2020&Variable=Issuer,1620590140,15:55:40,20210509
32,2012-12-31,CERV.TO,CAD,2012-12-31,2012-12-31,Q4,193129000,155953000,37176000.0,0.19249310046652757,0.0,28769000.0,0.0,0.0,28769000.0,184722000,1491000.0,2479000.0,10886000.0,0.05636647007958411,8407000.0,0.04353048998337899,488000.0,7696000.0,0.039849012835980094,784000.0,6912000.0,0.03578954998990312,0.4479585223590408,0.4479585223590408,15430000.0,15430000.0,https://www.sedar.com/ModifyCompanyDocumentSearchForm.do?lang=EN&company_search=CERVUS EQUIPMENT CORPORATION&document_selection=0&industry_group=A&FromDate=13&FromMonth=05&FromYear=2000&ToDate=13&ToMonth=11&ToYear=2020&Variable=Issuer,https://www.sedar.com/ModifyCompanyDocumentSearchForm.do?lang=EN&company_search=CERVUS EQUIPMENT CORPORATION&document_selection=0&industry_group=A&FromDate=13&FromMonth=05&FromYear=2000&ToDate=13&ToMonth=11&ToYear=2020&Variable=Issuer,1620590140,15:55:40,20210509
33,2012-09-30,CERV.TO,CAD,2012-09-30,2012-09-30,Q3,234680000,192343000,42337000.0,0.18040310209647178,0.0,29804000.0,0.0,0.0,29804000.0,222147000,1450000.0,2501000.0,15034000.0,0.06406170103971365,12533000.0,0.05340463610022158,1902000.0,13320000.0,0.05675813874211692,4484000.0,8836000.0,0.0376512698142151,0.6,0.57,14825000.0,15416000.0,https://www.sedar.com/ModifyCompanyDocumentSearchForm.do?lang=EN&company_search=CERVUS EQUIPMENT CORPORATION&document_selection=0&industry_group=A&FromDate=13&FromMonth=05&FromYear=2000&ToDate=13&ToMonth=11&ToYear=2020&Variable=Issuer,https://www.sedar.com/ModifyCompanyDocumentSearchForm.do?lang=EN&company_search=CERVUS EQUIPMENT CORPORATION&document_selection=0&industry_group=A&FromDate=13&FromMonth=05&FromYear=2000&ToDate=13&ToMonth=11&ToYear=2020&Variable=Issuer,1620590140,15:55:40,20210509
34,2012-06-30,CERV.TO,CAD,2012-06-30,2012-06-30,Q2,196654000,159044000,37610000.0,0.1912496059068211,0.0,28806000.0,0.0,0.0,28806000.0,187850000,1009000.0,2591000.0,11395000.0,0.0579444099789478,8804000.0,0.04476898512107559,2320000.0,10420000.0,0.05298646353493954,2982000.0,7428000.0,0.03777192429342907,0.5,0.49,14717000.0,14719000.0,https://www.sedar.com/ModifyCompanyDocumentSearchForm.do?lang=EN&company_search=CERVUS EQUIPMENT CORPORATION&document_selection=0&industry_group=A&FromDate=13&FromMonth=05&FromYear=2000&ToDate=13&ToMonth=11&ToYear=2020&Variable=Issuer,https://www.sedar.com/ModifyCompanyDocumentSearchForm.do?lang=EN&company_search=CERVUS EQUIPMENT CORPORATION&document_selection=0&industry_group=A&FromDate=13&FromMonth=05&FromYear=2000&ToDate=13&ToMonth=11&ToYear=2020&Variable=Issuer,1620590140,15:55:40,20210509
35,2012-03-31,CERV.TO,CAD,2012-03-31,2012-03-31,Q1,109782000,86727000,23055000.0,0.21000710498988906,0.0,21289000.0,0.0,0.0,20732000.0,107459000,586000.0,2359000.0,4682000.0,0.04264815725710954,2323000.0,0.021160117323422784,154000.0,2250000.0,0.020495163141498605,854000.0,1218000.0,0.011094714980597912,0.08277268093781855,0.07992125984251969,14715000.0,15240000.0,https://www.sedar.com/ModifyCompanyDocumentSearchForm.do?lang=EN&company_search=CERVUS EQUIPMENT CORPORATION&document_selection=0&industry_group=A&FromDate=13&FromMonth=05&FromYear=2000&ToDate=13&ToMonth=11&ToYear=2020&Variable=Issuer,https://www.sedar.com/ModifyCompanyDocumentSearchForm.do?lang=EN&company_search=CERVUS EQUIPMENT CORPORATION&document_selection=0&industry_group=A&FromDate=13&FromMonth=05&FromYear=2000&ToDate=13&ToMonth=11&ToYear=2020&Variable=Issuer,1620590140,15:55:40,20210509
36,2011-12-31,CERV.TO,CAD,2011-12-31,2011-12-31,Q4,141356000,113210000,28146000.0,0.19911429299074676,0.0,22024000.0,0.0,0.0,21200000.0,134410000,215000.0,2051000.0,8997000.0,0.06364781120009055,6946000.0,0.049138345737004444,144000.0,7031000.0,0.049739664393446334,2506000.0,4396000.0,0.0310987860437477,0.284899546338302,0.284899546338302,15430000.0,15430000.0,https://www.sedar.com/ModifyCompanyDocumentSearchForm.do?lang=EN&company_search=CERVUS EQUIPMENT CORPORATION&document_selection=0&industry_group=A&FromDate=13&FromMonth=05&FromYear=2000&ToDate=13&ToMonth=11&ToYear=2020&Variable=Issuer,https://www.sedar.com/ModifyCompanyDocumentSearchForm.do?lang=EN&company_search=CERVUS EQUIPMENT CORPORATION&document_selection=0&industry_group=A&FromDate=13&FromMonth=05&FromYear=2000&ToDate=13&ToMonth=11&ToYear=2020&Variable=Issuer,1620590140,15:55:40,20210509
37,2011-09-30,CERV.TO,CAD,2011-09-30,2011-09-30,Q3,186878000,154592000,32286000.0,0.17276511948972056,0.0,21987000.0,0.0,0.0,21653000.0,176245000,355000.0,2013000.0,12646000.0,0.06766981667183938,10633000.0,0.056898083241473045,624000.0,10955000.0,0.05862113250355847,2930000.0,8193000.0,0.04384143665921082,0.56,0.54,15152000.0,15172222.0,https://www.sedar.com/ModifyCompanyDocumentSearchForm.do?lang=EN&company_search=CERVUS EQUIPMENT CORPORATION&document_selection=0&industry_group=A&FromDate=13&FromMonth=05&FromYear=2000&ToDate=13&ToMonth=11&ToYear=2020&Variable=Issuer,https://www.sedar.com/ModifyCompanyDocumentSearchForm.do?lang=EN&company_search=CERVUS EQUIPMENT CORPORATION&document_selection=0&industry_group=A&FromDate=13&FromMonth=05&FromYear=2000&ToDate=13&ToMonth=11&ToYear=2020&Variable=Issuer,1620590140,15:55:40,20210509
38,2011-06-30,CERV.TO,CAD,2011-06-30,2011-06-30,Q2,147091000,119283000,27808000.0,0.18905303519589914,0.0,20250000.0,0.0,0.0,20250000.0,139533000,404000.0,1951000.0,9509000.0,0.06464705522431692,7558000.0,0.0513831573651685,947000.0,8215000.0,0.055849780068121094,2485000.0,5912000.0,0.04019280581408788,0.39,0.38,15074000.0,15557895.0,https://www.sedar.com/ModifyCompanyDocumentSearchForm.do?lang=EN&company_search=CERVUS EQUIPMENT CORPORATION&document_selection=0&industry_group=A&FromDate=13&FromMonth=05&FromYear=2000&ToDate=13&ToMonth=11&ToYear=2020&Variable=Issuer,https://www.sedar.com/ModifyCompanyDocumentSearchForm.do?lang=EN&company_search=CERVUS EQUIPMENT CORPORATION&document_selection=0&industry_group=A&FromDate=13&FromMonth=05&FromYear=2000&ToDate=13&ToMonth=11&ToYear=2020&Variable=Issuer,1620590140,15:55:40,20210509
39,2011-03-31,CERV.TO,CAD,2011-03-31,2011-03-31,Q1,84273000,66179000,18094000.0,0.21470696427088154,0.0,18340000.0,0.0,0.0,18083000.0,84262000,309000.0,1937000.0,1948000.0,0.023115351298755235,11000.0,0.0001305281644180224,73000.0,-176000.0,-0.0020884506306883583,-21000.0,-58000.0,-0.0006882394123859362,-0.004084219421167524,-0.003957963695919203,14201000.0,14654000.0,https://www.sedar.com/ModifyCompanyDocumentSearchForm.do?lang=EN&company_search=CERVUS EQUIPMENT CORPORATION&document_selection=0&industry_group=A&FromDate=13&FromMonth=05&FromYear=2000&ToDate=13&ToMonth=11&ToYear=2020&Variable=Issuer,https://www.sedar.com/ModifyCompanyDocumentSearchForm.do?lang=EN&company_search=CERVUS EQUIPMENT CORPORATION&document_selection=0&industry_group=A&FromDate=13&FromMonth=05&FromYear=2000&ToDate=13&ToMonth=11&ToYear=2020&Variable=Issuer,1620590140,15:55:40,20210509
40,2010-12-31,CERV.TO,CAD,2010-12-31,2010-12-31,Q4,109541489,86962297,22579192.0,0.20612456710352,0.0,18352749.0,0.0,392657.0,19655783.0,106618080,384732.0,2282275.0,5205684.0,0.04752248711901296,2923409.0,0.026687687256104396,317220.0,3412740.0,0.031154770956235586,216602.0,3286194.0,0.029999537435537325,0.21297433570965651,0.21297433570965651,15430000.0,15430000.0,https://www.sedar.com/ModifyCompanyDocumentSearchForm.do?lang=EN&company_search=CERVUS EQUIPMENT CORPORATION&document_selection=0&industry_group=A&FromDate=13&FromMonth=05&FromYear=2000&ToDate=13&ToMonth=11&ToYear=2020&Variable=Issuer,https://www.sedar.com/ModifyCompanyDocumentSearchForm.do?lang=EN&company_search=CERVUS EQUIPMENT CORPORATION&document_selection=0&industry_group=A&FromDate=13&FromMonth=05&FromYear=2000&ToDate=13&ToMonth=11&ToYear=2020&Variable=Issuer,1620590140,15:55:40,20210509
41,2010-09-30,CERV.TO,CAD,2010-09-30,2010-09-30,Q3,164460924,135773676,28687248.0,0.174432000637428,0.0,17282071.0,0.0,0.0,18583917.0,154357593,618386.0,1878086.0,11981417.0,0.0728526674214721,10103331.0,0.06143301858136222,1086768.0,10873734.0,0.06611743224791805,175000.0,10679186.0,0.06493448863269186,0.75,0.74,14176166.0,14516924.0,https://www.sedar.com/ModifyCompanyDocumentSearchForm.do?lang=EN&company_search=CERVUS EQUIPMENT CORPORATION&document_selection=0&industry_group=A&FromDate=13&FromMonth=05&FromYear=2000&ToDate=13&ToMonth=11&ToYear=2020&Variable=Issuer,https://www.sedar.com/ModifyCompanyDocumentSearchForm.do?lang=EN&company_search=CERVUS EQUIPMENT CORPORATION&document_selection=0&industry_group=A&FromDate=13&FromMonth=05&FromYear=2000&ToDate=13&ToMonth=11&ToYear=2020&Variable=Issuer,1620590140,15:55:40,20210509
42,2010-06-30,CERV.TO,CAD,2010-06-30,2010-06-30,Q2,127927475,105737296,22190179.0,0.17345905560943808,0.0,16274218.0,0.0,37133.0,17520924.0,123258220,365863.0,1861239.0,6530494.0,0.051048408483009615,4669255.0,0.03649923521120072,667947.0,5244513.0,0.04099598620233847,182188.0,5062325.0,0.039571835526340214,0.36,0.35,14161820.0,14503510.0,https://www.sedar.com/ModifyCompanyDocumentSearchForm.do?lang=EN&company_search=CERVUS EQUIPMENT CORPORATION&document_selection=0&industry_group=A&FromDate=13&FromMonth=05&FromYear=2000&ToDate=13&ToMonth=11&ToYear=2020&Variable=Issuer,https://www.sedar.com/ModifyCompanyDocumentSearchForm.do?lang=EN&company_search=CERVUS EQUIPMENT CORPORATION&document_selection=0&industry_group=A&FromDate=13&FromMonth=05&FromYear=2000&ToDate=13&ToMonth=11&ToYear=2020&Variable=Issuer,1620590140,15:55:40,20210509
43,2010-03-31,CERV.TO,CAD,2010-03-31,2010-03-31,Q1,67200670,51928621,15272049.0,0.22726036808859199,0.0,14919768.0,0.0,2277.0,16016169.0,67944790,338882.0,1706977.0,962857.0,0.014328086312234685,-744120.0,-0.011073103884232107,17012.0,-826939.0,-0.01230551719201609,0.0,-826939.0,-0.01230551719201609,-0.05848384545716736,-0.05713470628418274,14139614.0,14473497.0,https://www.sedar.com/ModifyCompanyDocumentSearchForm.do?lang=EN&company_search=CERVUS EQUIPMENT CORPORATION&document_selection=0&industry_group=A&FromDate=13&FromMonth=05&FromYear=2000&ToDate=13&ToMonth=11&ToYear=2020&Variable=Issuer,https://www.sedar.com/ModifyCompanyDocumentSearchForm.do?lang=EN&company_search=CERVUS EQUIPMENT CORPORATION&document_selection=0&industry_group=A&FromDate=13&FromMonth=05&FromYear=2000&ToDate=13&ToMonth=11&ToYear=2020&Variable=Issuer,1620590140,15:55:40,20210509
44,2009-12-31,CERV.TO,CAD,2009-12-31,2009-12-31,Q4,84238390,68732336,15506054.0,0.1840734847852624,0.0,13405763.0,0.0,0.0,14445407.0,83177743,223382.0,1155859.0,2216506.0,0.02631230250245761,1060647.0,0.0125910169935584,-259241.0,0.0,0.0,0.0,-572199.0,-0.0067926155758674875,-0.03708353856124433,-0.03708353856124433,15430000.0,15430000.0,https://www.sedar.com/ModifyCompanyDocumentSearchForm.do?lang=EN&company_search=CERVUS EQUIPMENT CORPORATION&document_selection=0&industry_group=A&FromDate=13&FromMonth=05&FromYear=2000&ToDate=13&ToMonth=11&ToYear=2020&Variable=Issuer,https://www.sedar.com/ModifyCompanyDocumentSearchForm.do?lang=EN&company_search=CERVUS EQUIPMENT CORPORATION&document_selection=0&industry_group=A&FromDate=13&FromMonth=05&FromYear=2000&ToDate=13&ToMonth=11&ToYear=2020&Variable=Issuer,1620590140,15:55:40,20210509
45,2009-09-30,CERV.TO,CAD,2009-09-30,2009-09-30,Q3,121195496,97931126,23264370.0,0.1919573809904619,0.0,13697753.0,0.0,0.0,14456172.0,112387298,181672.0,1057625.0,9865823.0,0.08140420498794773,8808198.0,0.07267760181450968,-285067.0,0.0,0.0,0.0,8744094.0,0.0721486712674537,0.62,0.61,14116902.0,14360919.0,https://www.sedar.com/ModifyCompanyDocumentSearchForm.do?lang=EN&company_search=CERVUS EQUIPMENT CORPORATION&document_selection=0&industry_group=A&FromDate=13&FromMonth=05&FromYear=2000&ToDate=13&ToMonth=11&ToYear=2020&Variable=Issuer,https://www.sedar.com/ModifyCompanyDocumentSearchForm.do?lang=EN&company_search=CERVUS EQUIPMENT CORPORATION&document_selection=0&industry_group=A&FromDate=13&FromMonth=05&FromYear=2000&ToDate=13&ToMonth=11&ToYear=2020&Variable=Issuer,1620590140,15:55:40,20210509
46,2009-06-30,CERV.TO,CAD,2009-06-30,2009-06-30,Q2,105701176,85645871,20055305.0,0.1897358738941561,0.0,12775019.0,0.0,0.0,13521861.0,99167732,168236.0,1186843.0,7720287.0,0.07303879949263763,6533444.0,0.061810513820584174,730147.0,0.0,0.0,0.0,7329789.0,0.06934444135228922,0.52,0.513333,14087041.0,14278810.0,https://www.sedar.com/ModifyCompanyDocumentSearchForm.do?lang=EN&company_search=CERVUS EQUIPMENT CORPORATION&document_selection=0&industry_group=A&FromDate=13&FromMonth=05&FromYear=2000&ToDate=13&ToMonth=11&ToYear=2020&Variable=Issuer,https://www.sedar.com/ModifyCompanyDocumentSearchForm.do?lang=EN&company_search=CERVUS EQUIPMENT CORPORATION&document_selection=0&industry_group=A&FromDate=13&FromMonth=05&FromYear=2000&ToDate=13&ToMonth=11&ToYear=2020&Variable=Issuer,1620590140,15:55:40,20210509
47,2009-03-31,CERV.TO,CAD,2009-03-31,2009-03-31,Q1,66339701,53210000,13129701.0,0.1979161919948961,0.0,11395771.0,0.0,87446.0,12079664.0,65289664,220401.0,1164849.0,2214886.0,0.03338703621832724,1050037.0,0.015828184091453774,480404.0,0.0,0.0,0.0,1675224.0,0.025252209080652926,0.12,0.12,14039262.0,14039262.0,https://www.sedar.com/ModifyCompanyDocumentSearchForm.do?lang=EN&company_search=CERVUS EQUIPMENT CORPORATION&document_selection=0&industry_group=A&FromDate=13&FromMonth=05&FromYear=2000&ToDate=13&ToMonth=11&ToYear=2020&Variable=Issuer,https://www.sedar.com/ModifyCompanyDocumentSearchForm.do?lang=EN&company_search=CERVUS EQUIPMENT CORPORATION&document_selection=0&industry_group=A&FromDate=13&FromMonth=05&FromYear=2000&ToDate=13&ToMonth=11&ToYear=2020&Variable=Issuer,1620590140,15:55:40,20210509
48,2008-12-31,CERV.TO,CAD,2008-12-31,2008-12-31,Q4,69789485,54304584,15484901.0,0.22188014426528582,0.0,13398602.0,0.0,28887.0,14074241.0,68378825,0.0,1193568.0,2604228.0,0.03731547811249789,1410660.0,0.020213073645693188,465962.0,0.0,0.0,0.0,2634540.0,0.03774981288370304,0.17074141283214517,0.17074141283214517,15430000.0,15430000.0,https://www.sedar.com/ModifyCompanyDocumentSearchForm.do?lang=EN&company_search=CERVUS EQUIPMENT CORPORATION&document_selection=0&industry_group=A&FromDate=13&FromMonth=05&FromYear=2000&ToDate=13&ToMonth=11&ToYear=2020&Variable=Issuer,https://www.sedar.com/ModifyCompanyDocumentSearchForm.do?lang=EN&company_search=CERVUS EQUIPMENT CORPORATION&document_selection=0&industry_group=A&FromDate=13&FromMonth=05&FromYear=2000&ToDate=13&ToMonth=11&ToYear=2020&Variable=Issuer,1620590140,15:55:40,20210509
49,2008-09-30,CERV.TO,CAD,2008-09-30,2008-09-30,Q3,107594864,86755462,20839402.0,0.19368398476715395,0.0,11468118.0,0.0,69471.0,12053520.0,98808982,0.0,1149763.0,9935645.0,0.09234311593163035,8785882.0,0.0816570761221465,110269.0,0.0,0.0,0.0,8888173.0,0.08260778135283484,0.64,0.633333,13882299.0,14033957.0,https://www.sedar.com/ModifyCompanyDocumentSearchForm.do?lang=EN&company_search=CERVUS EQUIPMENT CORPORATION&document_selection=0&industry_group=A&FromDate=13&FromMonth=05&FromYear=2000&ToDate=13&ToMonth=11&ToYear=2020&Variable=Issuer,https://www.sedar.com/ModifyCompanyDocumentSearchForm.do?lang=EN&company_search=CERVUS EQUIPMENT CORPORATION&document_selection=0&industry_group=A&FromDate=13&FromMonth=05&FromYear=2000&ToDate=13&ToMonth=11&ToYear=2020&Variable=Issuer,1620590140,15:55:40,20210509
50,2008-06-30,CERV.TO,CAD,2008-06-30,2008-06-30,Q2,112626118,92685015,19941103.0,0.1770557607250567,0.0,11891051.0,0.0,73745.0,12417514.0,105102529,0.0,995094.0,8518683.0,0.0756368340778646,7523589.0,0.06680145896531745,566579.0,0.0,0.0,0.0,8444074.0,0.0749743856038792,0.686667,0.68,12316540.0,12417756.0,https://www.sedar.com/ModifyCompanyDocumentSearchForm.do?lang=EN&company_search=CERVUS EQUIPMENT CORPORATION&document_selection=0&industry_group=A&FromDate=13&FromMonth=05&FromYear=2000&ToDate=13&ToMonth=11&ToYear=2020&Variable=Issuer,https://www.sedar.com/ModifyCompanyDocumentSearchForm.do?lang=EN&company_search=CERVUS EQUIPMENT CORPORATION&document_selection=0&industry_group=A&FromDate=13&FromMonth=05&FromYear=2000&ToDate=13&ToMonth=11&ToYear=2020&Variable=Issuer,1620590140,15:55:40,20210509
51,2008-03-31,CERV.TO,CAD,2008-03-31,2008-03-31,Q1,58664307,47518138,11146169.0,0.1899991591139055,0.0,9076905.0,0.0,136162.0,9611458.0,57129596,0.0,275089.0,1809800.0,0.0308501044766454,1534711.0,0.0261608988238794,508412.0,0.0,0.0,0.0,2240776.0,0.03819658178183201,0.186667,0.18,12102616.0,12448756.0,https://www.sedar.com/ModifyCompanyDocumentSearchForm.do?lang=EN&company_search=CERVUS EQUIPMENT CORPORATION&document_selection=0&industry_group=A&FromDate=13&FromMonth=05&FromYear=2000&ToDate=13&ToMonth=11&ToYear=2020&Variable=Issuer,https://www.sedar.com/ModifyCompanyDocumentSearchForm.do?lang=EN&company_search=CERVUS EQUIPMENT CORPORATION&document_selection=0&industry_group=A&FromDate=13&FromMonth=05&FromYear=2000&ToDate=13&ToMonth=11&ToYear=2020&Variable=Issuer,1620590140,15:55:40,20210509
52,2007-12-31,CERV.TO,CAD,2007-12-31,2007-12-31,Q4,59789115,47882829,11906286.0,0.19913802035704994,0.0,10784263.0,0.0,-403949.0,11280628.0,59163457,0.0,1089768.0,1715426.0,0.028691275995639004,625658.0,0.010464413129379822,-362661.0,0.0,0.0,0.0,754964.0,0.012627114483965852,0.04892832145171743,0.04892832145171743,15430000.0,15430000.0,https://www.sedar.com/ModifyCompanyDocumentSearchForm.do?lang=EN&company_search=CERVUS EQUIPMENT CORPORATION&document_selection=0&industry_group=A&FromDate=13&FromMonth=05&FromYear=2000&ToDate=13&ToMonth=11&ToYear=2020&Variable=Issuer,https://www.sedar.com/ModifyCompanyDocumentSearchForm.do?lang=EN&company_search=CERVUS EQUIPMENT CORPORATION&document_selection=0&industry_group=A&FromDate=13&FromMonth=05&FromYear=2000&ToDate=13&ToMonth=11&ToYear=2020&Variable=Issuer,1620590140,15:55:40,20210509
53,2007-09-30,CERV.TO,CAD,2007-09-30,2007-09-30,Q3,98002158,80762708,17239450.0,0.17590888151667028,0.0,10788965.0,0.0,183571.0,11302363.0,92065071,0.0,1081724.0,7018811.0,0.07161894332979891,5937087.0,0.060581186385712034,143884.0,0.0,0.0,0.0,5640741.0,0.05755731419710166,0.52,0.513333,10808167.0,10988456.0,https://www.sedar.com/ModifyCompanyDocumentSearchForm.do?lang=EN&company_search=CERVUS EQUIPMENT CORPORATION&document_selection=0&industry_group=A&FromDate=13&FromMonth=05&FromYear=2000&ToDate=13&ToMonth=11&ToYear=2020&Variable=Issuer,https://www.sedar.com/ModifyCompanyDocumentSearchForm.do?lang=EN&company_search=CERVUS EQUIPMENT CORPORATION&document_selection=0&industry_group=A&FromDate=13&FromMonth=05&FromYear=2000&ToDate=13&ToMonth=11&ToYear=2020&Variable=Issuer,1620590140,15:55:40,20210509
54,2007-06-30,CERV.TO,CAD,2007-06-30,2007-06-30,Q2,86952994,71092188,15860806.0,0.18240666905615693,0.0,10868627.0,0.0,23071.0,11528384.0,82620572,0.0,1087941.0,5420363.0,0.06233670343772176,4332422.0,0.049824874345327314,500111.0,4832533.0,0.05557638417832973,0.0,4832533.0,0.05557638417832973,0.46,0.433333,10504764.0,11151999.0,https://www.sedar.com/ModifyCompanyDocumentSearchForm.do?lang=EN&company_search=CERVUS EQUIPMENT CORPORATION&document_selection=0&industry_group=A&FromDate=13&FromMonth=05&FromYear=2000&ToDate=13&ToMonth=11&ToYear=2020&Variable=Issuer,https://www.sedar.com/ModifyCompanyDocumentSearchForm.do?lang=EN&company_search=CERVUS EQUIPMENT CORPORATION&document_selection=0&industry_group=A&FromDate=13&FromMonth=05&FromYear=2000&ToDate=13&ToMonth=11&ToYear=2020&Variable=Issuer,1620590140,15:55:40,20210509
55,2007-03-31,CERV.TO,CAD,2007-03-31,2007-03-31,Q1,60239437,51110022,9129415.0,0.15155213020998187,0.0,8242317.0,0.0,7887.0,8673656.0,59783678,0.0,1015846.0,1471605.0,0.02442926217919334,455759.0,0.0075657911610296094,87629.0,0.0,0.0,0.0,156395.0,0.002596222803343929,0.015030032194512518,0.014214496705294252,10405500.0,11002500.0,https://www.sedar.com/ModifyCompanyDocumentSearchForm.do?lang=EN&company_search=CERVUS EQUIPMENT CORPORATION&document_selection=0&industry_group=A&FromDate=13&FromMonth=05&FromYear=2000&ToDate=13&ToMonth=11&ToYear=2020&Variable=Issuer,https://www.sedar.com/ModifyCompanyDocumentSearchForm.do?lang=EN&company_search=CERVUS EQUIPMENT CORPORATION&document_selection=0&industry_group=A&FromDate=13&FromMonth=05&FromYear=2000&ToDate=13&ToMonth=11&ToYear=2020&Variable=Issuer,1620590140,15:55:40,20210509
56,2006-12-31,CERV.TO,CAD,2006-12-31,2006-12-31,Q4,67334554,57367222,9967332.0,0.14802699962934335,0.0,9317960.0,0.0,-34149.0,10163378.0,67530600,0.0,1419316.0,1223270.0,0.01816704689244693,-196046.0,-0.0029115214752888983,-14852.0,0.0,0.0,0.0,931358.0,0.013831798752242422,0.060360207388204794,0.060360207388204794,15430000.0,15430000.0,https://www.sedar.com/ModifyCompanyDocumentSearchForm.do?lang=EN&company_search=CERVUS EQUIPMENT CORPORATION&document_selection=0&industry_group=A&FromDate=13&FromMonth=05&FromYear=2000&ToDate=13&ToMonth=11&ToYear=2020&Variable=Issuer,https://www.sedar.com/ModifyCompanyDocumentSearchForm.do?lang=EN&company_search=CERVUS EQUIPMENT CORPORATION&document_selection=0&industry_group=A&FromDate=13&FromMonth=05&FromYear=2000&ToDate=13&ToMonth=11&ToYear=2020&Variable=Issuer,1620590140,15:55:40,20210509
57,2006-09-30,CERV.TO,CAD,2006-09-30,2006-09-30,Q3,79633291,66455020,13178271.0,0.16548695695623078,0.0,8631173.0,0.0,-46170.0,8906199.0,75361219,0.0,275026.0,4547098.0,0.05710046568337858,4272072.0,0.05364680959876442,-96463.0,0.0,0.0,0.0,3942728.0,0.04951105185392878,0.42,0.4,9387448.0,9856820.0,https://www.sedar.com/ModifyCompanyDocumentSearchForm.do?lang=EN&company_search=CERVUS EQUIPMENT CORPORATION&document_selection=0&industry_group=A&FromDate=13&FromMonth=05&FromYear=2000&ToDate=13&ToMonth=11&ToYear=2020&Variable=Issuer,https://www.sedar.com/ModifyCompanyDocumentSearchForm.do?lang=EN&company_search=CERVUS EQUIPMENT CORPORATION&document_selection=0&industry_group=A&FromDate=13&FromMonth=05&FromYear=2000&ToDate=13&ToMonth=11&ToYear=2020&Variable=Issuer,1620590140,15:55:40,20210509
58,2006-06-30,CERV.TO,CAD,2006-06-30,2006-06-30,Q2,77478466,64259619,13218847.0,0.1706131739882408,0.0,8255421.0,0.0,0.0,9116623.0,73376242,0.0,861202.0,4963426.0,0.0640620065967749,4102224.0,0.05294663422995494,294713.0,3618144.0,0.04669870464394584,0.0,3912857.0,0.05050250994902248,0.433333,0.406667,9029670.0,9621780.0,https://www.sedar.com/ModifyCompanyDocumentSearchForm.do?lang=EN&company_search=CERVUS EQUIPMENT CORPORATION&document_selection=0&industry_group=A&FromDate=13&FromMonth=05&FromYear=2000&ToDate=13&ToMonth=11&ToYear=2020&Variable=Issuer,https://www.sedar.com/ModifyCompanyDocumentSearchForm.do?lang=EN&company_search=CERVUS EQUIPMENT CORPORATION&document_selection=0&industry_group=A&FromDate=13&FromMonth=05&FromYear=2000&ToDate=13&ToMonth=11&ToYear=2020&Variable=Issuer,1620590140,15:55:40,20210509
59,2006-03-31,CERV.TO,CAD,2006-03-31,2006-03-31,Q1,44687628,36948470,7739158.0,0.17318345918919661,0.0,6803432.0,0.0,0.0,7942649.0,44891119,0.0,696589.0,493098.0,0.011034329233138084,-203491.0,-0.00455363171211504,13330.0,-190161.0,-0.004255338860232188,0.0,-190161.0,-0.004255338860232188,-0.02,-0.02,9508050.0,9508050.0,https://www.sedar.com/ModifyCompanyDocumentSearchForm.do?lang=EN&company_search=CERVUS EQUIPMENT CORPORATION&document_selection=0&industry_group=A&FromDate=13&FromMonth=05&FromYear=2000&ToDate=13&ToMonth=11&ToYear=2020&Variable=Issuer,https://www.sedar.com/ModifyCompanyDocumentSearchForm.do?lang=EN&company_search=CERVUS EQUIPMENT CORPORATION&document_selection=0&industry_group=A&FromDate=13&FromMonth=05&FromYear=2000&ToDate=13&ToMonth=11&ToYear=2020&Variable=Issuer,1620590140,15:55:40,20210509
60,2005-12-31,CERV.TO,CAD,2005-12-31,2005-12-31,Q4,49589881,41092971,8496910.0,0.1713436255271514,0.0,7150035.0,0.0,0.0,8511593.0,49604564,0.0,353293.0,338610.0,0.006828207553069144,-14683.0,-0.0002960886314689886,-76567.0,0.0,0.0,0.0,580750.0,0.01171105855244944,0.03763771872974724,0.03763771872974724,15430000.0,15430000.0,https://www.sedar.com/ModifyCompanyDocumentSearchForm.do?lang=EN&company_search=CERVUS EQUIPMENT CORPORATION&document_selection=0&industry_group=A&FromDate=13&FromMonth=05&FromYear=2000&ToDate=13&ToMonth=11&ToYear=2020&Variable=Issuer,https://www.sedar.com/ModifyCompanyDocumentSearchForm.do?lang=EN&company_search=CERVUS EQUIPMENT CORPORATION&document_selection=0&industry_group=A&FromDate=13&FromMonth=05&FromYear=2000&ToDate=13&ToMonth=11&ToYear=2020&Variable=Issuer,1620590140,15:55:40,20210509
61,2005-09-30,CERV.TO,CAD,2005-09-30,2005-09-30,Q3,63530194,55182402,8347792.0,0.13139881172092754,0.0,5443548.0,0.0,0.0,5507972.0,60690374,0.0,64424.0,2904244.0,0.04571438897227356,2839820.0,0.044700319976986064,33000.0,0.0,0.0,0.0,2592378.0,0.04080544756403546,0.406667,0.393333,6333754.0,6475504.0,https://www.sedar.com/ModifyCompanyDocumentSearchForm.do?lang=EN&company_search=CERVUS EQUIPMENT CORPORATION&document_selection=0&industry_group=A&FromDate=13&FromMonth=05&FromYear=2000&ToDate=13&ToMonth=11&ToYear=2020&Variable=Issuer,https://www.sedar.com/ModifyCompanyDocumentSearchForm.do?lang=EN&company_search=CERVUS EQUIPMENT CORPORATION&document_selection=0&industry_group=A&FromDate=13&FromMonth=05&FromYear=2000&ToDate=13&ToMonth=11&ToYear=2020&Variable=Issuer,1620590140,15:55:40,20210509
62,2005-06-30,CERV.TO,CAD,2005-06-30,2005-06-30,Q2,49852351,42191357,7660994.0,0.15367367528965686,0.0,4962817.0,0.0,0.0,5029045.0,47220402,0.0,66228.0,2698177.0,0.054123365215012625,2631949.0,0.052794882231331476,113233.0,2160584.0,0.04333966115259038,0.0,2273817.0,0.045611028454806475,0.366667,0.353333,6158976.0,6293976.0,https://www.sedar.com/ModifyCompanyDocumentSearchForm.do?lang=EN&company_search=CERVUS EQUIPMENT CORPORATION&document_selection=0&industry_group=A&FromDate=13&FromMonth=05&FromYear=2000&ToDate=13&ToMonth=11&ToYear=2020&Variable=Issuer,https://www.sedar.com/ModifyCompanyDocumentSearchForm.do?lang=EN&company_search=CERVUS EQUIPMENT CORPORATION&document_selection=0&industry_group=A&FromDate=13&FromMonth=05&FromYear=2000&ToDate=13&ToMonth=11&ToYear=2020&Variable=Issuer,1620590140,15:55:40,20210509
63,2005-03-31,CERV.TO,CAD,2005-03-31,2005-03-31,Q1,19747163,16114163,3633000.0,0.18397579439639,0.0,4040842.0,0.0,0.0,4286192.0,20400355,0.0,55157.0,-598035.0,-0.03028460341366504,-653192.0,-0.033077764132498425,56767.0,-653192.0,-0.033077764132498425,0.0,-596425.0,-0.03020307271479959,-0.10026522773155397,-0.09813700529809018,5948473.0,6077473.0,https://www.sedar.com/ModifyCompanyDocumentSearchForm.do?lang=EN&company_search=CERVUS EQUIPMENT CORPORATION&document_selection=0&industry_group=A&FromDate=13&FromMonth=05&FromYear=2000&ToDate=13&ToMonth=11&ToYear=2020&Variable=Issuer,https://www.sedar.com/ModifyCompanyDocumentSearchForm.do?lang=EN&company_search=CERVUS EQUIPMENT CORPORATION&document_selection=0&industry_group=A&FromDate=13&FromMonth=05&FromYear=2000&ToDate=13&ToMonth=11&ToYear=2020&Variable=Issuer,1620590140,15:55:40,20210509
64,2004-12-31,CERV.TO,CAD,2004-12-31,2004-12-31,Q4,31684391,26635083,5049308.0,0.15936263379655932,0.0,4432612.0,0.0,0.0,5312414.0,31947497,0.0,74664.0,-188442.0,-0.0059474711065142455,-263106.0,-0.008303962667295705,-6841.0,0.0,0.0,0.0,495663.0,0.01564375973014599,0.03212333117303953,0.03212333117303953,15430000.0,15430000.0,https://www.sedar.com/ModifyCompanyDocumentSearchForm.do?lang=EN&company_search=CERVUS EQUIPMENT CORPORATION&document_selection=0&industry_group=A&FromDate=13&FromMonth=05&FromYear=2000&ToDate=13&ToMonth=11&ToYear=2020&Variable=Issuer,https://www.sedar.com/ModifyCompanyDocumentSearchForm.do?lang=EN&company_search=CERVUS EQUIPMENT CORPORATION&document_selection=0&industry_group=A&FromDate=13&FromMonth=05&FromYear=2000&ToDate=13&ToMonth=11&ToYear=2020&Variable=Issuer,1620590140,15:55:40,20210509
65,2004-09-30,CERV.TO,CAD,2004-09-30,2004-09-30,Q3,47681036,41015575,6665461.0,0.13979270500750027,0.0,4637668.0,0.0,0.0,4704307.0,45719882,0.0,66639.0,2027793.0,0.04252829154131634,1961154.0,0.04113069187506748,16155.0,0.0,0.0,0.0,1890473.0,0.03964832056082003,0.33362658066784157,0.3270372784574069,5666434.0,5780604.0,https://www.sedar.com/ModifyCompanyDocumentSearchForm.do?lang=EN&company_search=CERVUS EQUIPMENT CORPORATION&document_selection=0&industry_group=A&FromDate=13&FromMonth=05&FromYear=2000&ToDate=13&ToMonth=11&ToYear=2020&Variable=Issuer,https://www.sedar.com/ModifyCompanyDocumentSearchForm.do?lang=EN&company_search=CERVUS EQUIPMENT CORPORATION&document_selection=0&industry_group=A&FromDate=13&FromMonth=05&FromYear=2000&ToDate=13&ToMonth=11&ToYear=2020&Variable=Issuer,1620590140,15:55:40,20210509
66,2004-06-30,CERV.TO,CAD,2004-06-30,2004-06-30,Q2,41753775,35436797,6316978.0,0.1512911826535445,0.0,4169933.0,0.0,0.0,4229988.0,39666785,0.0,60054.0,2147044.0,0.05142155409900063,2086990.0,0.04998326498621981,198000.0,1784080.0,0.042728591606387686,190000.0,1683804.0,0.04032698839805503,0.3027785684782689,0.302294292974502,5561173.0,5570082.0,https://www.sedar.com/ModifyCompanyDocumentSearchForm.do?lang=EN&company_search=CERVUS EQUIPMENT CORPORATION&document_selection=0&industry_group=A&FromDate=13&FromMonth=05&FromYear=2000&ToDate=13&ToMonth=11&ToYear=2020&Variable=Issuer,https://www.sedar.com/ModifyCompanyDocumentSearchForm.do?lang=EN&company_search=CERVUS EQUIPMENT CORPORATION&document_selection=0&industry_group=A&FromDate=13&FromMonth=05&FromYear=2000&ToDate=13&ToMonth=11&ToYear=2020&Variable=Issuer,1620590140,15:55:40,20210509
67,2004-03-31,CERV.TO,CAD,2004-03-31,2004-03-31,Q1,20497660,17372533,3125127.0,0.15246262256277057,0.0,3399665.0,0.0,0.0,3399665.0,20772198,0.0,55288.0,-219250.0,-0.010696342899628543,-274538.0,-0.013393626394427462,0.0,-558805.0,-0.02726189233307607,-190000.0,-368806.0,-0.017992590373730466,-0.06642442318585298,-0.06475280299754249,5552265.0,5695599.0,https://www.sedar.com/ModifyCompanyDocumentSearchForm.do?lang=EN&company_search=CERVUS EQUIPMENT CORPORATION&document_selection=0&industry_group=A&FromDate=13&FromMonth=05&FromYear=2000&ToDate=13&ToMonth=11&ToYear=2020&Variable=Issuer,https://www.sedar.com/ModifyCompanyDocumentSearchForm.do?lang=EN&company_search=CERVUS EQUIPMENT CORPORATION&document_selection=0&industry_group=A&FromDate=13&FromMonth=05&FromYear=2000&ToDate=13&ToMonth=11&ToYear=2020&Variable=Issuer,1620590140,15:55:40,20210509
68,2003-12-31,CERV.TO,CAD,2003-12-31,2003-12-31,Q4,18958819,15769283,3189536.0,0.16823495176571915,0.0,3063201.0,0.0,0.0,3063201.0,18832484,0.0,0.0,126335.0,0.006663653469132228,126335.0,0.006663653469132228,0.0,0.0,0.0,0.0,-76848.0,-0.004053417040375774,-0.004980427738172391,-0.004980427738172391,15430000.0,15430000.0,https://www.sedar.com/ModifyCompanyDocumentSearchForm.do?lang=EN&company_search=CERVUS EQUIPMENT CORPORATION&document_selection=0&industry_group=A&FromDate=13&FromMonth=05&FromYear=2000&ToDate=13&ToMonth=11&ToYear=2020&Variable=Issuer,https://www.sedar.com/ModifyCompanyDocumentSearchForm.do?lang=EN&company_search=CERVUS EQUIPMENT CORPORATION&document_selection=0&industry_group=A&FromDate=13&FromMonth=05&FromYear=2000&ToDate=13&ToMonth=11&ToYear=2020&Variable=Issuer,1620590140,15:55:40,20210509
69,2003-09-30,CERV.TO,CAD,2003-09-30,2003-09-30,Q3,22989906,19040833,3949073.0,0.1717742125609387,0.0,2441996.0,0.0,0.0,2441996.0,21482829,0.0,0.0,1507077.0,0.06555385654904373,1507077.0,0.06555385654904373,0.0,0.0,0.0,0.0,1432728.0,0.06231987203427452,0.26,0.253333,5552266.0,5616766.0,https://www.sedar.com/ModifyCompanyDocumentSearchForm.do?lang=EN&company_search=CERVUS EQUIPMENT CORPORATION&document_selection=0&industry_group=A&FromDate=13&FromMonth=05&FromYear=2000&ToDate=13&ToMonth=11&ToYear=2020&Variable=Issuer,https://www.sedar.com/ModifyCompanyDocumentSearchForm.do?lang=EN&company_search=CERVUS EQUIPMENT CORPORATION&document_selection=0&industry_group=A&FromDate=13&FromMonth=05&FromYear=2000&ToDate=13&ToMonth=11&ToYear=2020&Variable=Issuer,1620590140,15:55:40,20210509
70,2003-06-30,CERV.TO,CAD,2003-06-30,2003-06-30,Q2,14459107,12105365,2353742.0,0.16278612503524595,0.0,1539168.0,0.0,0.0,1539168.0,13644533,0.0,0.0,814574.0,0.05633639753824354,814574.0,0.05633639753824354,0.0,0.0,0.0,0.0,754538.0,0.05218427389741289,0.133333,0.133333,5552266.0,5552266.0,https://www.sedar.com/ModifyCompanyDocumentSearchForm.do?lang=EN&company_search=CERVUS EQUIPMENT CORPORATION&document_selection=0&industry_group=A&FromDate=13&FromMonth=05&FromYear=2000&ToDate=13&ToMonth=11&ToYear=2020&Variable=Issuer,https://www.sedar.com/ModifyCompanyDocumentSearchForm.do?lang=EN&company_search=CERVUS EQUIPMENT CORPORATION&document_selection=0&industry_group=A&FromDate=13&FromMonth=05&FromYear=2000&ToDate=13&ToMonth=11&ToYear=2020&Variable=Issuer,1620590140,15:55:40,20210509
