,date,symbol,fillingDate,acceptedDate,period,revenue,costOfRevenue,grossProfit,grossProfitRatio,researchAndDevelopmentExpenses,generalAndAdministrativeExpenses,sellingAndMarketingExpenses,otherExpenses,operatingExpenses,costAndExpenses,interestExpense,depreciationAndAmortization,ebitda,ebitdaratio,operatingIncome,operatingIncomeRatio,totalOtherIncomeExpensesNet,incomeBeforeTax,incomeBeforeTaxRatio,incomeTaxExpense,netIncome,netIncomeRatio,eps,epsdiluted,weightedAverageShsOut,weightedAverageShsOutDil,link,finalLink
0,2020-09-30,RCKT,2020-11-06,2020-11-06 16:08:21,Q3,0.0,0.0,0.0,0.0,21657000,5730000.0,0.0,0.0,0.0,27387000,2211000.0,0.0,-26596000,0.0,-27387000,0.0,0.0,-29080000,0.0,0.0,-29080000,0.0,-0.53,-0.53,55188956,55188956,https://www.sec.gov/Archives/edgar/data/1281895/000114036120024856/0001140361-20-024856-index.htm,https://www.sec.gov/Archives/edgar/data/1281895/000114036120024856/brhc10016668_10q.htm
0,2020-06-30,RCKT,2020-08-05,2020-08-05 17:20:50,Q2,0.0,0.0,0.0,0.0,16731000,6828000.0,0.0,0.0,0.0,23559000,1786000.0,0.0,-23130000,0.0,-23559000,0.0,-124000.0,-25040000,0.0,0.0,-25040000,0.0,-0.45,-0.45,55158459,55158459,https://www.sec.gov/Archives/edgar/data/1281895/000114036120017582/0001140361-20-017582-index.htm,https://www.sec.gov/Archives/edgar/data/1281895/000114036120017582/brhc10013956_10q.htm
0,2020-03-31,RCKT,2020-05-08 00:00:00,2020-05-08 16:02:35,Q1,0.0,0.0,0.0,0.0,16957000,7163000.0,0.0,0.0,0.0,24120000,1573000.0,0.0,-22973000,0.0,-24120000,0.0,62000.0,-24664000,0.0,0.0,-24664000,0.0,-0.45,-0.45,54883120,54883120,https://www.sec.gov/Archives/edgar/data/1281895/000114036120011097/0001140361-20-011097-index.html,https://www.sec.gov/Archives/edgar/data/1281895/000114036120011097/form10q.htm
0,2019-12-31,RCKT,2020-03-06 00:00:00,2020-03-06 16:03:16,Q4,0.0,0.0,0.0,0.0,14668000,4981000.0,0.0,0.0,0.0,19649000,1343000.0,0.0,-18411000,0.0,-19649000,0.0,245000.0,-19855000,0.0,0.0,-19855000,0.0,0.0,0.0,0.0,0.0,https://www.sec.gov/Archives/edgar/data/1281895/000114036120005056/0001140361-20-005056-index.html,https://www.sec.gov/Archives/edgar/data/1281895/000114036120005056/form10k.htm
0,2019-09-30,RCKT,2019-11-08 00:00:00,2019-11-08 16:06:04,Q3,0.0,0.0,0.0,0.0,14829000,4336000.0,0.0,0.0,0.0,19165000,1466000.0,0.0,-17697000,0.0,-19165000,0.0,368000.0,-19284000,0.0,0.0,-19284000,0.0,-0.38,-0.38,50364649,50364649,https://www.sec.gov/Archives/edgar/data/1281895/000114036119020183/0001140361-19-020183-index.html,https://www.sec.gov/Archives/edgar/data/1281895/000114036119020183/form10q.htm
0,2019-06-30,RCKT,2019-08-08,2019-08-08 16:02:26,Q2,0.0,0.0,0.0,0.0,13989000,4403000.0,0.0,0.0,0.0,18392000,1544000.0,0.0,-17136000,0.0,-18392000,0.0,256000.0,-18680000,0.0,0.0,-18680000,0.0,-0.38,-0.38,49267247,49267247,https://www.sec.gov/Archives/edgar/data/1281895/000114036119014585/form10q.htm,https://www.sec.gov/Archives/edgar/data/1281895/000114036119014585/form10q.htm
0,2019-03-31,RCKT,2019-05-09 00:00:00,2019-05-09 16:02:34,Q1,0.0,0.0,0.0,0.0,15137000,3808000.0,0.0,250000.0,0.0,18945000,1604000.0,0.0,-17555000,0.0,-18945000,0.0,497000.0,-19451000,0.0,0.0,-19451000,0.0,-0.43,-0.43,45122815,45122815,https://www.sec.gov/Archives/edgar/data/1281895/000114036119008828/0001140361-19-008828-index.html,https://www.sec.gov/Archives/edgar/data/1281895/000114036119008828/form10q.htm
0,2018-12-31,RCKT,2019-03-08 00:00:00,2019-03-08 16:02:40,Q4,0.0,0.0,0.0,0.0,23680000,2865000.0,0.0,28000.0,0.0,26545000,2029000.0,0.0,-25193000,0.0,-26545000,0.0,829000.0,-27319000,0.0,0.0,-27319000,0.0,0.0,0.0,0.0,0.0,https://www.sec.gov/Archives/edgar/data/1281895/000114036119004603/0001140361-19-004603-index.html,https://www.sec.gov/Archives/edgar/data/1281895/000114036119004603/form10k.htm
0,2018-09-30,RCKT,2018-11-09 00:00:00,2018-11-09 16:02:48,Q3,0.0,0.0,0.0,0.0,13065000,2268000.0,0.0,-39000.0,0.0,15333000,1176000.0,0.0,-14837000,0.0,-15333000,0.0,-39000.0,-16089000,0.0,0.0,-16089000,0.0,-0.4,-0.4,39900551,39900551,https://www.sec.gov/Archives/edgar/data/1281895/000114036118042845/0001140361-18-042845-index.html,https://www.sec.gov/Archives/edgar/data/1281895/000114036118042845/form10q.htm
0,2018-06-30,RCKT,2018-08-14 00:00:00,2018-08-14 16:03:36,Q2,0.0,0.0,0.0,0.0,10772000,4100000.0,0.0,-5000.0,0.0,14872000,1363000.0,0.0,-14330000,0.0,-14872000,0.0,-5000.0,-15767000,0.0,0.0,-15767000,0.0,-0.4,-0.4,39483006,39483006,https://www.sec.gov/Archives/edgar/data/1281895/000114036118036347/0001140361-18-036347-index.html,https://www.sec.gov/Archives/edgar/data/1281895/000114036118036347/form10q.htm
0,2018-03-31,RCKT,2018-05-11 00:00:00,2018-05-11 16:02:49,Q1,0.0,0.0,0.0,0.0,5743000.0,8662000.0,0.0,201000.0,0.0,14405000,1427000.0,0.0,-13833000,0.0,-14405000,0.0,201000.0,-15343000,0.0,0.0,-15343000,0.0,-0.42,-0.42,36137120,36137120,https://www.sec.gov/Archives/edgar/data/1281895/000114036118023041/0001140361-18-023041-index.html,https://www.sec.gov/Archives/edgar/data/1281895/000114036118023041/form10q.htm
0,2017-12-31,RCKT,2018-03-07 00:00:00,2018-03-07 07:31:26,Q4,0.0,0.0,0.0,0.0,654000.0,3548000.0,0.0,0.0,0.0,4202000.0,913000.0,0.0,-3919000.0,0.0,-4202000.0,0.0,0.0,-4870000.0,0.0,0.0,-4870000.0,0.0,0.0,0.0,0.0,0.0,https://www.sec.gov/Archives/edgar/data/1281895/000156459018004621/0001564590-18-004621-index.html,https://www.sec.gov/Archives/edgar/data/1281895/000156459018004621/rckt-10k_20171231.htm
0,2017-09-30,RCKT,2017-11-08 00:00:00,2017-11-08 08:01:19,Q3,0.0,0.0,0.0,0.0,2818000.0,3895000.0,0.0,0.0,0.0,6713000.0,901000.0,0.0,-6456000.0,0.0,-6713000.0,0.0,0.0,-7395000.0,0.0,0.0,-7395000.0,0.0,-1.08,-1.08,6760331.0,6760331.0,https://www.sec.gov/Archives/edgar/data/1281895/000156459017022495/0001564590-17-022495-index.html,https://www.sec.gov/Archives/edgar/data/1281895/000156459017022495/itek-10q_20170930.htm
0,2017-06-30,RCKT,2017-08-03 00:00:00,2017-08-03 16:30:18,Q2,0.0,0.0,0.0,0.0,3624000.0,2232000.0,0.0,0.0,0.0,5856000.0,889000.0,0.0,-5610000.0,0.0,-5856000.0,0.0,0.0,-6562000.0,0.0,0.0,-6562000.0,0.0,-0.96,-0.96,6748613.0,6748613.0,https://www.sec.gov/Archives/edgar/data/1281895/000156459017015386/0001564590-17-015386-index.html,https://www.sec.gov/Archives/edgar/data/1281895/000156459017015386/itek-10q_20170630.htm
0,2017-03-31,RCKT,2017-05-10 00:00:00,2017-05-10 07:34:10,Q1,0.0,0.0,0.0,0.0,7097000.0,2869000.0,0.0,0.0,0.0,9966000.0,876000.0,0.0,-9733000.0,0.0,-9966000.0,0.0,0.0,-10670000,0.0,0.0,-10670000,0.0,-1.6,-1.6,6746579.0,6746579.0,https://www.sec.gov/Archives/edgar/data/1281895/000156459017010064/0001564590-17-010064-index.html,https://www.sec.gov/Archives/edgar/data/1281895/000156459017010064/itek-10q_20170331.htm
0,2016-12-31,RCKT,2017-03-16 00:00:00,2017-03-16 07:40:54,Q4,0.0,0.0,0.0,0.0,9493000.0,2746000.0,0.0,0.0,0.0,12239000,893000.0,0.0,-12023000,0.0,-12239000,0.0,0.0,-12974000,0.0,0.0,-12974000,0.0,0.0,0.0,0.0,0.0,https://www.sec.gov/Archives/edgar/data/1281895/000156459017004532/0001564590-17-004532-index.html,https://www.sec.gov/Archives/edgar/data/1281895/000156459017004532/itek-10k_20161231.htm
0,2016-09-30,RCKT,2016-11-09 00:00:00,2016-11-09 08:12:47,Q3,0.0,0.0,0.0,0.0,8412000.0,2311000.0,0.0,0.0,0.0,10723000,525000.0,0.0,-10564000,0.0,-10723000,0.0,0.0,-11128000,0.0,0.0,-11128000,0.0,-1.64,-1.64,6732682.0,6732682.0,https://www.sec.gov/Archives/edgar/data/1281895/000156459016028485/0001564590-16-028485-index.html,https://www.sec.gov/Archives/edgar/data/1281895/000156459016028485/itek-10q_20160930.htm
0,2016-06-30,RCKT,2016-08-10,2016-08-10 07:54:32,Q2,0.0,0.0,0.0,0.0,6465000.0,2315000.0,0.0,0.0,0.0,8780000.0,0.0,0.0,-8649000.0,0.0,-8780000.0,0.0,0.0,-8684000.0,0.0,0.0,-8684000.0,0.0,-1.32,-1.32,6655820.0,6655820.0,https://www.sec.gov/Archives/edgar/data/1281895/000119312516677550/d192638d10q.htm,https://www.sec.gov/Archives/edgar/data/1281895/000119312516677550/d192638d10q.htm
0,2016-03-31,RCKT,2016-05-11 00:00:00,2016-05-11 08:14:02,Q1,0.0,0.0,0.0,0.0,7615000.0,2522000.0,0.0,0.0,0.0,10137000,0.0,0.0,-10031000,0.0,-10137000,0.0,0.0,-10068000,0.0,0.0,-10068000,0.0,-1.52,-1.52,6605848.0,6605848.0,https://www.sec.gov/Archives/edgar/data/1281895/000119312516586428/0001193125-16-586428-index.html,https://www.sec.gov/Archives/edgar/data/1281895/000119312516586428/d156900d10q.htm
0,2015-12-31,RCKT,2016-03-23 00:00:00,2016-03-23 08:36:11,Q4,0.0,0.0,0.0,0.0,5919000.0,2309000.0,0.0,0.0,0.0,8228000.0,0.0,0.0,-8134000.0,0.0,-8228000.0,0.0,0.0,-8172000.0,0.0,0.0,-8172000.0,0.0,0.0,0.0,0.0,0.0,https://www.sec.gov/Archives/edgar/data/1281895/000119312516514228/0001193125-16-514228-index.html,https://www.sec.gov/Archives/edgar/data/1281895/000119312516514228/d263529d10k.htm
0,2015-09-30,RCKT,2015-11-12 00:00:00,2015-11-12 08:23:40,Q3,0.0,0.0,0.0,0.0,3612000.0,1825000.0,0.0,0.0,0.0,5437000.0,192000.0,0.0,-5398000.0,0.0,-5437000.0,0.0,-50365000,-55961000,0.0,0.0,-55961000,0.0,-9.92,-9.92,5643298.0,5643298.0,https://www.sec.gov/Archives/edgar/data/1281895/000119312515374713/0001193125-15-374713-index.html,https://www.sec.gov/Archives/edgar/data/1281895/000119312515374713/d14836d10q.htm
0,2015-06-30,RCKT,2015-08-07 00:00:00,2015-08-06 20:09:22,Q2,0.0,0.0,0.0,0.0,1954000.0,1728000.0,0.0,0.0,0.0,3682000.0,564000.0,0.0,-3682000.0,0.0,-3682000.0,0.0,1859000.0,-2387000.0,0.0,0.0,-2387000.0,0.0,-0.6,-0.6,4081750.0,4081750.0,https://www.sec.gov/Archives/edgar/data/1281895/000119312515281532/0001193125-15-281532-index.html,https://www.sec.gov/Archives/edgar/data/1281895/000119312515281532/d941105d10q.htm
0,2015-03-31,RCKT,2015-05-14 00:00:00,2015-05-14 17:29:51,Q1,0.0,0.0,0.0,0.0,1069000.0,1980000.0,0.0,0.0,0.0,3049000.0,474000.0,0.0,-3049000.0,0.0,-3049000.0,0.0,2061000.0,-1462000.0,0.0,0.0,-1462000.0,0.0,-0.84,-0.84,1919393.0,1919393.0,https://www.sec.gov/Archives/edgar/data/1281895/000119312515188339/0001193125-15-188339-index.html,https://www.sec.gov/Archives/edgar/data/1281895/000119312515188339/d911446d10q.htm
