,date,symbol,fillingDate,acceptedDate,period,revenue,costOfRevenue,grossProfit,grossProfitRatio,researchAndDevelopmentExpenses,generalAndAdministrativeExpenses,sellingAndMarketingExpenses,otherExpenses,operatingExpenses,costAndExpenses,interestExpense,depreciationAndAmortization,ebitda,ebitdaratio,operatingIncome,operatingIncomeRatio,totalOtherIncomeExpensesNet,incomeBeforeTax,incomeBeforeTaxRatio,incomeTaxExpense,netIncome,netIncomeRatio,eps,epsdiluted,weightedAverageShsOut,weightedAverageShsOutDil,link,finalLink
0,2020-06-30,DRAD,2020-08-13 00:00:00,2020-08-13 16:56:37,Q2,22342000,18316000,4026000.0,0.180199,0.0,4751000.0,0.0,0.0,5552000.0,23868000,-383000.0,2375000.0000000005,755000.0000000003,0.033793,-1526000.0,-0.068302,672000.0,-1237000.0,-0.055367,50000.0,-1287000.0,-0.057605,-0.42322,-0.42322,3041000.0,3041000.0,https://www.sec.gov/Archives/edgar/data/707388/000070738820000032/0000707388-20-000032-index.htm,https://www.sec.gov/Archives/edgar/data/707388/000070738820000032/digirad-20200630.htm
0,2020-03-31,DRAD,2020-05-15 00:00:00,2020-05-15 16:56:10,Q1,28857000,24416000,4441000.0,0.153897,0.0,6228000.0,0.0,817000.0,7044999.999999998,31460999.999999996,475000.0,2407000.0,-37000.0,-0.001282,-2604000.0,-0.090238,160000.0,-2919000.0,-0.101154,34000.0,-2953000.0,-0.102332,-1.43698,-1.43698,2055000.0,2055000.0,https://www.sec.gov/Archives/edgar/data/707388/000070738820000020/0000707388-20-000020-index.htm,https://www.sec.gov/Archives/edgar/data/707388/000070738820000020/digirad-20200331.htm
0,2019-12-31,DRAD,2020-03-09 00:00:00,2020-03-09 08:42:19,Q4,36142000,28208000,7934000.0,0.219523,0.0,21575000,6927000.0,-14648000,8271999.999999998,36480000,-727000.0,2440000.0,1249000.0,0.034558,-338000.0,-0.009352,67000.0,-464000.0,-0.012838,-207000.0,-257000.0,-0.007111,-0.12537,-0.12537,2050000.0,2050000.0,https://www.sec.gov/Archives/edgar/data/707388/000070738820000007/0000707388-20-000007-index.html,https://www.sec.gov/Archives/edgar/data/707388/000070738820000007/digirad10k2019.htm
0,2019-09-30,DRAD,2019-11-14 00:00:00,2019-11-14 16:44:51,Q3,28333000,23137000,5196000.0,0.18339,0.0,4948000.0,12290000,1457000.0,6405000.000000001,29542000,292000.0,1975000.0,765000.0,0.027,-1209000.0,-0.042671,3000.0,-1502000.0,-0.053012,2000.0,-1504000.0,-0.053083,-0.73509,-0.73509,2046000.0,2046000.0,https://www.sec.gov/Archives/edgar/data/707388/000070738819000063/0000707388-19-000063-index.html,https://www.sec.gov/Archives/edgar/data/707388/000070738819000063/drad10q-2019q3.htm
0,2019-06-30,DRAD,2019-08-13 00:00:00,2019-08-13 16:24:32,Q2,25798000,20794000,5004000.0,0.193969,0.0,4867000.0,1215000.0,1283000.0,6149999.999999999,26944000,254000.0,1850999.9999999998,733999.9999999998,0.028452,-1146000.0,-0.044422,-5000.0,-1637000.0,-0.063455,-162000.0,-1209000.0,-0.046864,-0.59323,-0.59323,2038000.0,2038000.0,https://www.sec.gov/Archives/edgar/data/707388/000070738819000052/0000707388-19-000052-index.html,https://www.sec.gov/Archives/edgar/data/707388/000070738819000052/drad10q-2019q2.htm
0,2019-03-31,DRAD,2019-05-08 00:00:00,2019-05-08 16:45:05,Q1,23912000,19931000,3981000.0,0.166485,0.0,4833000.0,1143000.0,283000.0,5266999.999999999,25198000,181000.0,1809000.0,325000.0,0.013592,-1286000.0,-0.053781,-198000.0,-1665000.0,-0.06963,-8000.0,-1657000.0,-0.069296,-0.81714,-0.81714,2027800.0,2027800.0,https://www.sec.gov/Archives/edgar/data/707388/000070738819000030/0000707388-19-000030-index.html,https://www.sec.gov/Archives/edgar/data/707388/000070738819000030/drad10q-q12019.htm
0,2018-12-31,DRAD,2019-03-01 00:00:00,2019-03-01 17:28:14,Q4,25928000,22189000,3739000.0,0.144207,0.0,4829000.0,1209000.0,0.0,5137000.000000001,27326000,-563000.0,1988000.0000000005,-789999.9999999997,-0.030469,-1398000.0,-0.053919,51000.0,-1535000.0,-0.059202,-621000.0,-1594000.0,-0.061478,-0.78735,-0.78735,2024500.0,2024500.0,https://www.sec.gov/Archives/edgar/data/707388/000070738819000006/0000707388-19-000006-index.html,https://www.sec.gov/Archives/edgar/data/707388/000070738819000006/digirad10k2018.htm
0,2018-09-30,DRAD,2018-11-05 00:00:00,2018-11-05 16:40:52,Q3,25707000,21349000,4358000.0,0.169526,0.0,4785000.0,1281000.0,863000.0,5140999.999999998,26489999.999999996,200000.0,2163000.0000000005,558000.0000000003,0.021706,-783000.0,-0.030459,-76000.0,-1566000.0,-0.060917,-379000.0,-1426000.0,-0.055471,-0.70664,-0.70664,2018000.0,2018000.0,https://www.sec.gov/Archives/edgar/data/707388/000070738818000030/0000707388-18-000030-index.html,https://www.sec.gov/Archives/edgar/data/707388/000070738818000030/drad10q-q32018x10q.htm
0,2018-06-30,DRAD,2018-08-03 00:00:00,2018-08-03 14:39:04,Q2,27080000,21510000,5570000.0,0.205687,0.0,3680000.0,1461000.0,832000.0,5819999.999999997,27329999.999999996,146000.0,2290000.0,1976000.0,0.072969,-250000.0,-0.009232,-20000.0,-460000.0,-0.016987,-110000.0,-350000.0,-0.012925,-0.17413,-0.17413,2010000.0,2010000.0,https://www.sec.gov/Archives/edgar/data/707388/000070738818000026/0000707388-18-000026-index.html,https://www.sec.gov/Archives/edgar/data/707388/000070738818000026/drad10q-q22018x10q.htm
0,2018-03-31,DRAD,2018-05-07 00:00:00,2018-05-07 13:09:27,Q1,25470000,20860000,4610000.0,0.180997,0.0,5860000.0,1467000.0,357000.0,6260000.000000002,27120000.000000004,217000.0,2280000.0,6147000.0,0.241343,-1650000.0,-0.064782,-20000.0,-1840000.0,-0.072242,-460000.0,4110000.0,0.161366,2.04478,2.04478,2010000.0,2010000.0,https://www.sec.gov/Archives/edgar/data/707388/000070738818000020/0000707388-18-000020-index.html,https://www.sec.gov/Archives/edgar/data/707388/000070738818000020/drad10q-q12018x10q.htm
0,2017-12-31,DRAD,2018-02-28 00:00:00,2018-02-28 16:20:14,Q4,26310000,21780000,4540000.0,0.172558,0.0,5740000.0,2493000.0,1593000.0,6279999.999999998,28059999.999999996,-842000.0,3400000.000000001,-10391999.999999998,-0.394983,-1750000.0,-0.066515,-70000.0,-1980000.0,-0.075257,9030000.0,-21980000,-0.835424,-10.93532,-10.93532,2010000.0,2010000.0,https://www.sec.gov/Archives/edgar/data/707388/000070738818000008/0000707388-18-000008-index.html,https://www.sec.gov/Archives/edgar/data/707388/000070738818000008/digirad10k2017.htm
0,2017-09-30,DRAD,2017-11-03 00:00:00,2017-11-03 16:25:12,Q3,25800000,20430000,5370000.0,0.20814,0.0,5100000.0,1992000.0,3158000.0,5469999.999999999,25900000,224000.0,2490000.0,654000.0,0.025349,-110000.0,-0.004264,-240000.0,-500000.0,-0.01938,6840000.0,-8900000.0,-0.344961,-4.45,-4.45,2000000.0,2000000.0,https://www.sec.gov/Archives/edgar/data/707388/000070738817000033/0000707388-17-000033-index.html,https://www.sec.gov/Archives/edgar/data/707388/000070738817000033/drad10q-q32017x10q.htm
0,2017-06-30,DRAD,2017-08-04 00:00:00,2017-08-04 15:53:00,Q2,26690000,21000000,5690000.0,0.213188,0.0,7310000.0,2269000.0,578000.0,8390000.0,29390000,303000.0,2590000.0,33000.0,0.001236,-2710000.0,-0.101536,0.0,-2930000.0,-0.109779,-90000.0,-2770000.0,-0.103784,-1.385,-1.385,2000000.0,2000000.0,https://www.sec.gov/Archives/edgar/data/707388/000070738817000025/0000707388-17-000025-index.html,https://www.sec.gov/Archives/edgar/data/707388/000070738817000025/drad10q-q22017x10q.htm
0,2017-03-31,DRAD,2017-05-01 00:00:00,2017-05-01 16:10:17,Q1,25840000,20240000,5600000.0,0.216718,0.0,6680000.0,2400000.0,578000.0,7050000.000000001,27290000,315000.0,2580000.0,1425000.0,0.055147,-1450000.0,-0.056115,0.0,-1640000.0,-0.063467,610000.0,-2080000.0,-0.080495,-1.04523,-1.04523,1990000.0,1990000.0,https://www.sec.gov/Archives/edgar/data/707388/000070738817000015/0000707388-17-000015-index.html,https://www.sec.gov/Archives/edgar/data/707388/000070738817000015/drad10q-q12017x10q.htm
0,2016-12-31,DRAD,2017-02-28 00:00:00,2017-02-28 17:07:08,Q4,31130000,22490000,8640000.0,0.277546,0.0,6250000.0,2161000.0,916000.0,7170000.000000002,29660000.000000004,-1092000.0,2550000.000000001,3238000.000000001,0.104015,1480000.0,0.047543,630000.0,1780000.0,0.05718,-200000.0,1980000.0,0.063604,0.9802,0.9802,2020000.0,2020000.0,https://www.sec.gov/Archives/edgar/data/707388/000070738817000007/0000707388-17-000007-index.html,https://www.sec.gov/Archives/edgar/data/707388/000070738817000007/digirad10k2016.htm
0,2016-09-30,DRAD,2016-10-31 00:00:00,2016-10-31 15:44:04,Q3,31090000,22790000,8300000.0,0.266967,0.0,7030000.0,2426000.0,578000.0,7609999.999999999,30400000,342000.0,2490000.0,2752000.0,0.088517,690000.0,0.022194,-430000.0,-80000.0,-0.002573,200000.0,-280000.0,-0.009006,-0.14286,-0.14286,1960000.0,1960000.0,https://www.sec.gov/Archives/edgar/data/707388/000070738816000084/0000707388-16-000084-index.html,https://www.sec.gov/Archives/edgar/data/707388/000070738816000084/drad-9302016x10q.htm
0,2016-06-30,DRAD,2016-08-01,2016-08-01 14:33:04,Q2,32090000,22330000,9770000.0,0.304456,0.0,7720000.0,2837000.0,578000.0,8290000.000000003,30620000.000000004,375000.0,2380000.0,3795000.0,0.118261,1470000.0,0.045809,-60000.0,1040000.0,0.032409,40000.0,1000000.0,0.031162,0.5,0.5,2000000.0,2000000.0,https://www.sec.gov/Archives/edgar/data/707388/000070738816000080/drad-6302016x10q.htm,https://www.sec.gov/Archives/edgar/data/707388/000070738816000080/drad-6302016x10q.htm
0,2016-03-31,DRAD,2016-05-02 00:00:00,2016-05-02 17:26:21,Q1,31160000,22090000,9070000.0,0.291078,0.0,9040000.0,2625000.0,579000.0,9620000.000000002,31710000,375000.0,2470000.0,1994999.9999999998,0.064024,-550000.0,-0.017651,0.0,-850000.0,-0.027279,-12460000,11610000,0.372593,5.83417,5.83417,1990000.0,1990000.0,https://www.sec.gov/Archives/edgar/data/707388/000070738816000072/0000707388-16-000072-index.html,https://www.sec.gov/Archives/edgar/data/707388/000070738816000072/drad-3312016x10q.htm
0,2015-12-31,DRAD,2016-03-01 00:00:00,2016-03-01 16:04:02,Q4,15580000,10890000,4690000.0,0.301027,0.0,4060000.0,1052000.0,0.0,4189999.9999999995,15080000,252000.0,700000.0000000001,1202000.0,0.07715,500000.0,0.032092,0.0,250000.0,0.016046,-430000.0,680000.0,0.043646,0.34171,0.34171,1990000.0,1990000.0,https://www.sec.gov/Archives/edgar/data/707388/000070738816000066/0000707388-16-000066-index.html,https://www.sec.gov/Archives/edgar/data/707388/000070738816000066/digirad10k2015.htm
0,2015-09-30,DRAD,2015-11-02 00:00:00,2015-11-02 16:05:15,Q3,15860000,11060000,4800000.0,0.302648,0.0,3720000.0,1211000.0,134000.0,3849999.9999999995,14910000,21000.0,659999.9999999999,1621000.0,0.102207,950000.0,0.059899,0.0,940000.0,0.059269,-18180000,19120000,1.205549,9.65657,9.65657,1980000.0,1980000.0,https://www.sec.gov/Archives/edgar/data/707388/000070738815000054/0000707388-15-000054-index.html,https://www.sec.gov/Archives/edgar/data/707388/000070738815000054/drad-9302015x10q.htm
0,2015-06-30,DRAD,2015-08-07 00:00:00,2015-08-07 16:06:44,Q2,15550000,10780000,4770000.0,0.306752,0.0,3470000.0,1268000.0,133000.0,3600000.0000000014,14380000.000000002,12000.0,600000.0,1782000.0,0.114598,1160000.0,0.074598,0.0,1160000.0,0.074598,70000.0,1100000.0,0.07074,0.55838,0.55838,1970000.0,1970000.0,https://www.sec.gov/Archives/edgar/data/707388/000070738815000043/0000707388-15-000043-index.html,https://www.sec.gov/Archives/edgar/data/707388/000070738815000043/drad-6302015x10q.htm
0,2015-03-31,DRAD,2015-05-01 00:00:00,2015-04-30 20:48:13,Q1,13840000,10190000,3650000.0,0.263728,0.0,3380000.0,1210000.0,105000.0,3480000.0000000005,13670000,11000.0,490000.0,671000.0,0.048483,170000.0,0.012283,0.0,170000.0,0.012283,-580000.0,750000.0,0.054191,0.3886,0.3886,1930000.0,1930000.0,https://www.sec.gov/Archives/edgar/data/707388/000070738815000022/0000707388-15-000022-index.html,https://www.sec.gov/Archives/edgar/data/707388/000070738815000022/drad-3312015x10q.htm
0,2014-12-31,DRAD,2015-03-06,2015-03-06 17:03:56,Q4,14140000,9860000.0,4280000.0,0.302687,0.0,3340000.0,1233000.0,126000.0,3470000.0000000005,13330000,12000.0,500000.0000000001,1322000.0,0.093494,820000.0,0.057992,0.0,820000.0,0.057992,40000.0,770000.0,0.054455,0.40526,0.40526,1900000.0,1900000.0,https://www.sec.gov/Archives/edgar/data/707388/000070738815000013/digirad10k2014.htm,https://www.sec.gov/Archives/edgar/data/707388/000070738815000013/digirad10k2014.htm
0,2014-09-30,DRAD,2014-10-31 00:00:00,2014-10-31 16:12:05,Q3,13880000,9470000.0,4410000.0,0.317723,0.0,3200000.0,1157000.0,173000.0,3379999.999999999,12849999.999999998,10000.0,499999.9999999999,1550000.0,0.111671,1030000.0,0.074207,0.0,1040000.0,0.074928,10000.0,1030000.0,0.074207,0.54497,0.54497,1890000.0,1890000.0,https://www.sec.gov/Archives/edgar/data/707388/000070738814000041/0000707388-14-000041-index.html,https://www.sec.gov/Archives/edgar/data/707388/000070738814000041/drad-9302014x10q.htm
0,2014-06-30,DRAD,2014-08-04 00:00:00,2014-08-04 12:41:24,Q2,14590000,10080000,4510000.0,0.309116,0.0,3440000.0,1245000.0,242000.0,3679999.9999999995,13760000,9000.0,480000.0,1319000.0,0.090404,830000.0,0.056888,0.0,830000.0,0.056888,10000.0,820000.0,0.056203,0.43617,0.43617,1880000.0,1880000.0,https://www.sec.gov/Archives/edgar/data/707388/000070738814000036/0000707388-14-000036-index.html,https://www.sec.gov/Archives/edgar/data/707388/000070738814000036/drad-6302014x10q.htm
0,2014-03-31,DRAD,2014-05-02 00:00:00,2014-05-02 16:18:17,Q1,13000000,9560000.0,3440000.0,0.264615,0.0,3090000.0,1095000.0,507000.0,3590000.0,13150000,8000.0,460000.0,318000.0,0.024462,-160000.0,-0.012308,0.0,-150000.0,-0.011538,0.0,-150000.0,-0.011538,-0.08108,-0.08108,1850000.0,1850000.0,https://www.sec.gov/Archives/edgar/data/707388/000070738814000022/0000707388-14-000022-index.html,https://www.sec.gov/Archives/edgar/data/707388/000070738814000022/drad-3312014x10q.htm
0,2013-12-31,DRAD,2014-03-20,2014-03-20 16:05:38,Q4,12530000,8840000.0,3690000.0,0.294493,10000.0,2820000.0,1124000.0,88000.0,2910000.0,11750000,5000.0,459999.99999999994,1255000.0,0.10016,780000.0,0.062251,0.0,790000.0,0.063049,0.0,790000.0,0.063049,0.395,0.395,2000000.0,2000000.0,https://www.sec.gov/Archives/edgar/data/707388/000070738814000012/digirad10k2013.htm,https://www.sec.gov/Archives/edgar/data/707388/000070738814000012/digirad10k2013.htm
0,2013-09-30,DRAD,2013-11-01 00:00:00,2013-11-01 12:07:27,Q3,12410000,8600000.0,3820000.0,0.307816,20000.0,2800000.0,1042000.0,-1434000.0,1380000.0000000007,9980000.0,5000.0,480000.00000000006,2925000.0,0.235697,2430000.0,0.19581,0.0,2440000.0,0.196616,-70000.0,2510000.0,0.202256,1.34946,1.34946,1860000.0,1860000.0,https://www.sec.gov/Archives/edgar/data/707388/000070738813000046/0000707388-13-000046-index.html,https://www.sec.gov/Archives/edgar/data/707388/000070738813000046/drad-9302013x10q.htm
0,2013-06-30,DRAD,2013-08-01 00:00:00,2013-08-01 16:09:09,Q2,12890000,9100000.0,3790000.0,0.294026,180000.0,3580000.0,1009000.0,667000.0,4420000.0,13520000,5000.0,470000.0,-145000.0,-0.011249,-630000.0,-0.048875,0.0,-620000.0,-0.048099,0.0,-620000.0,-0.048099,-0.32632,-0.32632,1900000.0,1900000.0,https://www.sec.gov/Archives/edgar/data/707388/000070738813000039/0000707388-13-000039-index.html,https://www.sec.gov/Archives/edgar/data/707388/000070738813000039/drad-6302013x10q.htm
0,2013-03-31,DRAD,2013-05-06 00:00:00,2013-05-06 13:09:03,Q1,11550000,8730000.0,2820000.0,0.244156,820000.0,3340000.0,1236000.0,1070000.0,5230000.0,13960000,20000.0,500000.0,-1900000.0,-0.164502,-2410000.0,-0.208658,-30000.0,-2420000.0,-0.209524,0.0,-2420000.0,-0.209524,-1.25389,-1.25389,1930000.0,1930000.0,https://www.sec.gov/Archives/edgar/data/707388/000070738813000014/0000707388-13-000014-index.html,https://www.sec.gov/Archives/edgar/data/707388/000070738813000014/drad-3312013x10q.htm
0,2012-12-31,DRAD,2013-03-13 00:00:00,2013-03-13 16:47:05,Q4,13020000,10410000,2610000.0,0.200461,720000.0,3690000.0,1667000.0,49000.0,4449999.999999999,14859999.999999998,20000.0,480000.0,-1330000.0,-0.102151,-1840000.0,-0.141321,0.0,-1830000.0,-0.140553,30000.0,-1860000.0,-0.142857,-0.96373,-0.96373,1930000.0,1930000.0,https://www.sec.gov/Archives/edgar/data/707388/000070738813000006/0000707388-13-000006-index.html,https://www.sec.gov/Archives/edgar/data/707388/000070738813000006/digirad10k2012.htm
0,2012-09-30,DRAD,2012-11-01 00:00:00,2012-10-31 20:10:06,Q3,11820000,8690000.0,3130000.0,0.264805,1060000.0,3090000.0,1348000.0,48000.0,4190000.000000001,12880000.000000002,30000.0,520000.0,-360000.0,-0.030457,-1070000.0,-0.090525,140000.0,-910000.0,-0.076988,0.0,-910000.0,-0.076988,-0.4715,-0.4715,1930000.0,1930000.0,https://www.sec.gov/Archives/edgar/data/707388/000070738812000017/0000707388-12-000017-index.html,https://www.sec.gov/Archives/edgar/data/707388/000070738812000017/drad-9302012x10q.htm
0,2012-06-30,DRAD,2012-07-26 00:00:00,2012-07-25 19:39:47,Q2,12710000,9030000.0,3680000.0,0.289536,1050000.0,3480000.0,1672000.0,59000.0,4590000.0,13620000,30000.0,550000.0,-310000.0,-0.02439,-910000.0,-0.071597,-10000.0,-890000.0,-0.070024,0.0,-890000.0,-0.070024,-0.46114,-0.46114,1930000.0,1930000.0,https://www.sec.gov/Archives/edgar/data/707388/000070738812000015/0000707388-12-000015-index.html,https://www.sec.gov/Archives/edgar/data/707388/000070738812000015/drad-6302012x10q.htm
0,2012-03-31,DRAD,2012-04-27,2012-04-27 09:36:48,Q1,12970000,9300000.0,3670000.0,0.282961,900000.0,3980000.0,1715000.0,77000.0,4949999.999999999,14249999.999999998,30000.0,580000.0,-660000.0,-0.050887,-1280000.0,-0.098689,-10000.0,-1270000.0,-0.097918,0.0,-1270000.0,-0.097918,-0.66146,-0.66146,1920000.0,1920000.0,https://www.sec.gov/Archives/edgar/data/707388/000144530512000352/digirad10k2011.htm,https://www.sec.gov/Archives/edgar/data/707388/000144530512000352/digirad10k2011.htm
0,2011-12-31,DRAD,2012-02-17 00:00:00,2012-02-17 10:48:02,Q4,11880000,8790000.0,3090000.0,0.260101,610000.0,5030000.0,3006000.0,78000.0,5720000.000000001,14510000.000000002,-20000.0,629999.9999999999,-2220000.0,-0.186869,-2630000.0,-0.22138,0.0,-2830000.0,-0.238215,0.0,-2830000.0,-0.238215,-1.47396,-1.47396,1920000.0,1920000.0,https://www.sec.gov/Archives/edgar/data/707388/000144530512000352/0001445305-12-000352-index.html,https://www.sec.gov/Archives/edgar/data/707388/000144530512000352/digirad10k2011.htm
0,2011-09-30,DRAD,2011-11-04 00:00:00,2011-11-03 21:36:38,Q3,13440000,9290000.0,4150000.0,0.30878,700000.0,3420000.0,1575000.0,77000.0,4200000.000000001,13490000.000000002,110000.0,610000.0000000003,820000.0000000003,0.061012,-50000.0,-0.00372,50000.0,100000.0,0.00744,0.0,100000.0,0.00744,0.05076,0.05076,1970000.0,1970000.0,https://www.sec.gov/Archives/edgar/data/707388/000119312511295783/0001193125-11-295783-index.html,https://www.sec.gov/Archives/edgar/data/707388/000119312511295783/d235682d10q.htm
0,2011-06-30,DRAD,2011-07-27 00:00:00,2011-07-26 19:54:53,Q2,14250000,10260000,3990000.0,0.28,710000.0,3480000.0,3041000.0,12000.0,4279999.999999999,14539999.999999998,-102652000,909999.9999999999,-101972000,-7.15593,-290000.0,-0.020351,-10000.0,-230000.0,-0.01614,0.0,-230000.0,-0.01614,-0.12105,-0.12105,1900000.0,1900000.0,https://www.sec.gov/Archives/edgar/data/707388/000119312511197762/0001193125-11-197762-index.html,https://www.sec.gov/Archives/edgar/data/707388/000119312511197762/d10q.htm
0,2011-03-31,DRAD,2011-05-06 00:00:00,2011-05-05 18:58:44,Q1,14180000,10660000,3520000.0,0.248237,710000.0,3530000.0,1424000.0,0.0,4160000.0,14820000,13000.0,950000.0,573000.0,0.040409,-650000.0,-0.045839,70000.0,-390000.0,-0.027504,0.0,-390000.0,-0.027504,-0.20635,-0.20635,1890000.0,1890000.0,https://www.sec.gov/Archives/edgar/data/707388/000119312511128918/0001193125-11-128918-index.html,https://www.sec.gov/Archives/edgar/data/707388/000119312511128918/d10q.htm
0,2010-12-31,DRAD,2011-03-09,2011-03-08 18:32:48,Q4,14660000,11050000,3610000.0,0.246248,600000.0,3540000.0,1353000.0,102000.0,4239999.999999998,15289999.999999998,-5000.0,1039999.9999999997,474999.9999999996,0.032401,-630000.0,-0.042974,-10000.0,-560000.0,-0.038199,0.0,-560000.0,-0.038199,-0.2963,-0.2963,1890000.0,1890000.0,https://www.sec.gov/Archives/edgar/data/707388/000119312511059527/d10k.htm,https://www.sec.gov/Archives/edgar/data/707388/000119312511059527/d10k.htm
0,2010-09-30,DRAD,2010-10-28 00:00:00,2010-10-27 20:48:36,Q3,13300000,10190000,3110000.0,0.233835,680000.0,3810000.0,1388000.0,97000.0,4580000.0,14770000,2000.0,1060000.0000000002,-277999.9999999997,-0.020902,-1470000.0,-0.110526,50000.0,-1340000.0,-0.100752,0.0,-1340000.0,-0.100752,-0.71277,-0.71277,1880000.0,1880000.0,https://www.sec.gov/Archives/edgar/data/707388/000119312510238371/0001193125-10-238371-index.html,https://www.sec.gov/Archives/edgar/data/707388/000119312510238371/d10q.htm
0,2010-06-30,DRAD,2010-07-29 00:00:00,2010-07-28 21:50:54,Q2,13160000,11250000,1910000.0,0.145137,870000.0,3690000.0,1551000.0,459000.0,5020000.0,16270000,1000.0,979999.9999999999,-2099000.0,-0.159498,-3110000.0,-0.236322,-60000.0,-3080000.0,-0.234043,0.0,-3080000.0,-0.234043,-1.67391,-1.67391,1840000.0,1840000.0,https://www.sec.gov/Archives/edgar/data/707388/000119312510169599/0001193125-10-169599-index.html,https://www.sec.gov/Archives/edgar/data/707388/000119312510169599/d10q.htm
0,2010-03-31,DRAD,2010-04-29 00:00:00,2010-04-28 21:17:12,Q1,15070000,11700000,3370000.0,0.223623,730000.0,3890000.0,1630000.0,132000.0,4750000.0,16450000,2000.0,1180000.0000000002,-57999.9999999998,-0.003849,-1380000.0,-0.091573,20000.0,-1240000.0,-0.082283,0.0,-1240000.0,-0.082283,-0.64583,-0.64583,1920000.0,1920000.0,https://www.sec.gov/Archives/edgar/data/707388/000119312510097353/0001193125-10-097353-index.html,https://www.sec.gov/Archives/edgar/data/707388/000119312510097353/d10q.htm
0,2009-12-31,DRAD,2010-02-11 00:00:00,2010-02-10 21:59:09,Q4,16400000,11680000,4720000.0,0.287805,870000.0,3690000.0,1555000.0,-726000.0,4690000.000000001,16370000.000000002,2000.0,1220000.0,1412000.0,0.086098,30000.0,0.001829,70000.0,190000.0,0.011585,0.0,190000.0,0.011585,0.09179,0.09179,2070000.0,2070000.0,https://www.sec.gov/Archives/edgar/data/707388/000114036110005455/0001140361-10-005455-index.html,https://www.sec.gov/Archives/edgar/data/707388/000114036110005455/form10k.htm
0,2009-09-30,DRAD,2009-10-22 00:00:00,2009-10-21 21:41:24,Q3,16930000,12420000,4510000.0,0.266391,860000.0,3840000.0,1698000.0,326000.0,5020000.000000001,17440000,2000.0,1239999.9999999998,831999.9999999998,0.049144,-510000.0,-0.030124,-70000.0,-410000.0,-0.024217,0.0,-410000.0,-0.024217,-0.21925,-0.21925,1870000.0,1870000.0,https://www.sec.gov/Archives/edgar/data/707388/000119312509211337/0001193125-09-211337-index.html,https://www.sec.gov/Archives/edgar/data/707388/000119312509211337/d10q.htm
0,2009-06-30,DRAD,2009-07-23 00:00:00,2009-07-22 17:37:22,Q2,18560000,12670000,5890000.0,0.317349,850000.0,4250000.0,2016000.0,145000.0,5250000.000000002,17920000.000000004,2000.0,1289999.9999999998,2071999.9999999998,0.111638,640000.0,0.034483,30000.0,780000.0,0.042026,0.0,780000.0,0.042026,0.40625,0.40625,1920000.0,1920000.0,https://www.sec.gov/Archives/edgar/data/707388/000119312509153244/0001193125-09-153244-index.html,https://www.sec.gov/Archives/edgar/data/707388/000119312509153244/d10q.htm
0,2009-03-31,DRAD,2009-04-30 00:00:00,2009-04-29 21:15:46,Q1,17710000,12600000,5110000.0,0.288538,770000.0,4120000.0,1708000.0,315000.0,5209999.999999999,17810000,3000.0,1430000.0,1473000.0,0.083173,-100000.0,-0.005647,40000.0,40000.0,0.002259,0.0,40000.0,0.002259,0.02083,0.02083,1920000.0,1920000.0,https://www.sec.gov/Archives/edgar/data/707388/000119312509092556/0001193125-09-092556-index.html,https://www.sec.gov/Archives/edgar/data/707388/000119312509092556/d10q.htm
0,2008-12-31,DRAD,2009-02-13 00:00:00,2009-02-13 16:04:25,Q4,21990000,15710000,6280000.0,0.285584,810000.0,4970000.0,2121000.0,4030000.0,9800000.0,25510000,5000.0,1630000.0,-1805000.0,-0.082083,-3530000.0,-0.160528,-130000.0,-3440000.0,-0.156435,0.0,-3440000.0,-0.156435,-1.81053,-1.81053,1900000.0,1900000.0,https://www.sec.gov/Archives/edgar/data/707388/000119312509029223/0001193125-09-029223-index.html,https://www.sec.gov/Archives/edgar/data/707388/000119312509029223/d10k.htm
0,2008-09-30,DRAD,2008-10-28 00:00:00,2008-10-28 16:15:18,Q3,20200000,15380000,4820000.0,0.238614,650000.0,4980000.0,2036000.0,173000.0,5799999.999999999,21180000,8000.0,1600000.0,738000.0,0.036535,-980000.0,-0.048515,20000.0,-870000.0,-0.043069,0.0,-870000.0,-0.043069,-0.45789,-0.45789,1900000.0,1900000.0,https://www.sec.gov/Archives/edgar/data/707388/000119312508217952/0001193125-08-217952-index.html,https://www.sec.gov/Archives/edgar/data/707388/000119312508217952/d10q.htm
0,2008-06-30,DRAD,2008-07-24 00:00:00,2008-07-24 14:48:24,Q2,19900000,15340000,4560000.0,0.229146,660000.0,5130000.0,2278000.0,179000.0,5969999.999999999,21310000,11000.0,1620000.0,470999.9999999999,0.023668,-1410000.0,-0.070854,50000.0,-1160000.0,-0.058291,0.0,-1160000.0,-0.058291,-0.61376,-0.61376,1890000.0,1890000.0,https://www.sec.gov/Archives/edgar/data/707388/000119312508157173/0001193125-08-157173-index.html,https://www.sec.gov/Archives/edgar/data/707388/000119312508157173/d10q.htm
0,2008-03-31,DRAD,2008-04-30 00:00:00,2008-04-30 14:37:47,Q1,18270000,13860000,4410000.0,0.241379,640000.0,5280000.0,2119000.0,190000.0,6109999.999999999,19970000,8000.0,1560000.0,168000.0,0.009195,-1700000.0,-0.093049,0.0,-1400000.0,-0.076628,0.0,-1400000.0,-0.076628,-0.74074,-0.74074,1890000.0,1890000.0,https://www.sec.gov/Archives/edgar/data/707388/000119312508097023/0001193125-08-097023-index.html,https://www.sec.gov/Archives/edgar/data/707388/000119312508097023/d10q.htm
0,2007-12-31,DRAD,2008-02-13,2008-02-13 17:18:23,Q4,18820000,14330000,4490000.0,0.238576,630000.0,4800000.0,2009000.0,371000.0,5810000.000000001,20140000,11000.0,1650000.0,561000.0000000001,0.029809,-1310000.0,-0.069607,-130000.0,-1100000.0,-0.058448,0.0,-1100000.0,-0.058448,-0.58201,-0.58201,1890000.0,1890000.0,https://www.sec.gov/Archives/edgar/data/707388/000119312508029462/d10k.htm,https://www.sec.gov/Archives/edgar/data/707388/000119312508029462/d10k.htm
0,2007-09-30,DRAD,2007-10-25 00:00:00,2007-10-25 12:56:38,Q3,18770000,14000000,4770000.0,0.254129,870000.0,4660000.0,1624000.0,217000.0,5750000.0,19750000,7000.0,1470000.0000000002,887000.0000000002,0.047256,-970000.0,-0.051678,0.0,-590000.0,-0.031433,0.0,-590000.0,-0.031433,-0.31383,-0.31383,1880000.0,1880000.0,https://www.sec.gov/Archives/edgar/data/707388/000119312507225595/0001193125-07-225595-index.html,https://www.sec.gov/Archives/edgar/data/707388/000119312507225595/d10q.htm
0,2007-06-30,DRAD,2007-08-07 00:00:00,2007-08-07 14:09:00,Q2,18810000,13000000,5810000.0,0.308878,790000.0,5060000.0,1939000.0,109000.0,5949999.999999999,18950000,13000.0,1150000.0,1403000.0,0.074588,-140000.0,-0.007443,0.0,240000.0,0.012759,0.0,240000.0,0.012759,0.125,0.125,1920000.0,1920000.0,https://www.sec.gov/Archives/edgar/data/707388/000119312507173467/0001193125-07-173467-index.html,https://www.sec.gov/Archives/edgar/data/707388/000119312507173467/d10q.htm
0,2007-03-31,DRAD,2007-05-07 00:00:00,2007-05-07 17:07:34,Q1,17540000,12100000,5440000.0,0.310148,780000.0,5070000.0,2098000.0,0.0,5850000.0,17950000,11000.0,870000.0,951000.0,0.054219,-420000.0,-0.023945,30000.0,70000.0,0.003991,0.0,70000.0,0.003991,0.03646,0.03646,1920000.0,1920000.0,https://www.sec.gov/Archives/edgar/data/707388/000119312507104448/0001193125-07-104448-index.html,https://www.sec.gov/Archives/edgar/data/707388/000119312507104448/d10q.htm
0,2006-12-31,DRAD,2007-02-20 00:00:00,2007-02-20 06:05:35,Q4,17250000,12340000,4910000.0,0.284638,650000.0,4870000.0,2030000.0,-8000.0,5510000.000000002,17850000.000000004,47000.0,979999.9999999998,876999.9999999998,0.050841,-600000.0,-0.034783,0.0,-150000.0,-0.008696,0.0,-150000.0,-0.008696,-0.07979,-0.07979,1880000.0,1880000.0,https://www.sec.gov/Archives/edgar/data/707388/000119312507034577/0001193125-07-034577-index.html,https://www.sec.gov/Archives/edgar/data/707388/000119312507034577/d10k.htm
0,2006-09-30,DRAD,2006-10-31,2006-10-31 12:21:44,Q3,16700000,12620000,4080000.0,0.244311,1040000.0,5730000.0,2272000.0,6000.0,6770000.000000001,19390000,18000.0,1079999.9999999998,-1032000.0000000002,-0.061796,-2690000.0,-0.161078,30000.0,-2130000.0,-0.127545,0.0,-2130000.0,-0.127545,-1.13298,-1.13298,1880000.0,1880000.0,https://www.sec.gov/Archives/edgar/data/707388/000119312506218961/d10q.htm,https://www.sec.gov/Archives/edgar/data/707388/000119312506218961/d10q.htm
0,2006-06-30,DRAD,2006-08-03,2006-08-03 16:02:14,Q2,19020000,13350000,5670000.0,0.298107,1120000.0,6170000.0,2066000.0,20000.0,7310000.000000001,20660000,21000.0,1180000.0,1000.0,5.3e-05,-1640000.0,-0.086225,-90000.0,-1200000.0,-0.063091,0.0,-1200000.0,-0.063091,-0.6383,-0.6383,1880000.0,1880000.0,https://www.sec.gov/Archives/edgar/data/707388/000119312506160909/d10q.htm,https://www.sec.gov/Archives/edgar/data/707388/000119312506160909/d10q.htm
0,2006-03-31,DRAD,2006-05-10,2006-05-10 14:16:47,Q1,18960000,14560000,4390000.0,0.23154,1100000.0,6590000.0,2459000.0,9000.0,7700000.000000001,22260000,26000.0,1350000.0,-1424000.0,-0.075105,-3300000.0,-0.174051,0.0,-2800000.0,-0.147679,0.0,-2800000.0,-0.147679,-1.49733,-1.49733,1870000.0,1870000.0,https://www.sec.gov/Archives/edgar/data/707388/000119312506048566/d10k.htm,https://www.sec.gov/Archives/edgar/data/707388/000119312506048566/d10k.htm
0,2005-12-31,DRAD,2006-03-08,2006-03-08 17:30:32,Q4,17400000,14130000,3270000.0,0.187931,970000.0,5520000.0,1855000.0,65000.0,6499999.999999998,20629999.999999996,32000.0,1949999.9999999995,-788000.0000000005,-0.045287,-3230000.0,-0.185632,-30000.0,-2770000.0,-0.159195,0.0,-2770000.0,-0.159195,-1.48128,-1.48128,1870000.0,1870000.0,https://www.sec.gov/Archives/edgar/data/707388/000119312506048566/d10k.htm,https://www.sec.gov/Archives/edgar/data/707388/000119312506048566/d10k.htm
0,2005-09-30,DRAD,2005-11-04,2005-11-03 20:10:26,Q3,17350000,13940000,3410000.0,0.196542,900000.0,5580000.0,1817000.0,210000.0,6619999.999999999,20560000,49000.0,1040000.0,-1741000.0,-0.100346,-3210000.0,-0.185014,10000.0,-2830000.0,-0.163112,0.0,-2830000.0,-0.163112,-1.51337,-1.51337,1870000.0,1870000.0,https://www.sec.gov/Archives/edgar/data/707388/000110465905052453/a05-17984_110q.htm,https://www.sec.gov/Archives/edgar/data/707388/000110465905052453/a05-17984_110q.htm
0,2005-06-30,DRAD,2005-07-28,2005-07-28 16:31:52,Q2,15460000,12050000,3410000.0,0.220569,910000.0,5820000.0,3681000.0,-1887000.0,6750000.0,18800000,46000.0,940000.0000000001,-2054000.0,-0.132859,-3340000.0,-0.216041,-50000.0,-3040000.0,-0.196636,0.0,-3040000.0,-0.196636,-1.65217,-1.65217,1840000.0,1840000.0,https://www.sec.gov/Archives/edgar/data/707388/000110465905034779/a05-12609_110q.htm,https://www.sec.gov/Archives/edgar/data/707388/000110465905034779/a05-12609_110q.htm
0,2005-03-31,DRAD,2005-05-09,2005-05-09 16:14:56,Q1,17970000,12810000,5160000.0,0.287145,900000.0,5470000.0,21000.0,2132000.0,6389999.999999999,19200000,90000.0,890000.0,0.0,0.0,-1230000.0,-0.068447,-10000.0,-980000.0,-0.054535,0.0,-980000.0,-0.054535,-0.54144,-0.54144,1810000.0,1810000.0,https://www.sec.gov/Archives/edgar/data/707388/000110465905009367/a05-4126_210k.htm,https://www.sec.gov/Archives/edgar/data/707388/000110465905009367/a05-4126_210k.htm
0,2004-12-31,DRAD,2005-03-03,2005-03-03 16:10:37,Q4,17760000,12260000,5490000.0,0.309122,790000.0,4870000.0,7626000.0,800000.0,5670000.0,17930000,200000.0,840000.0000000001,1060000.0,0.059685,-180000.0,-0.010135,0.0,20000.0,0.001126,0.0,20000.0,0.001126,0.00957,0.00957,2090000.0,2090000.0,https://www.sec.gov/Archives/edgar/data/707388/000110465905009367/a05-4126_210k.htm,https://www.sec.gov/Archives/edgar/data/707388/000110465905009367/a05-4126_210k.htm
0,2004-09-30,DRAD,2004-11-02,2004-11-01 18:37:31,Q3,17220000,11470000,5750000.0,0.333914,870000.0,4550000.0,1851590000,188266000,5439999.999999999,16910000,176433000,809999.9999999998,177633000,10.315505,320000.0,0.018583,10000.0,390000.0,0.022648,0.0,390000.0,0.022648,0.20103,0.20103,1940000.0,1940000.0,https://www.sec.gov/Archives/edgar/data/707388/000110465904032900/a04-12401_110q.htm,https://www.sec.gov/Archives/edgar/data/707388/000110465904032900/a04-12401_110q.htm
