,date,symbol,fillingDate,acceptedDate,period,revenue,costOfRevenue,grossProfit,grossProfitRatio,researchAndDevelopmentExpenses,generalAndAdministrativeExpenses,sellingAndMarketingExpenses,otherExpenses,operatingExpenses,costAndExpenses,interestExpense,depreciationAndAmortization,ebitda,ebitdaratio,operatingIncome,operatingIncomeRatio,totalOtherIncomeExpensesNet,incomeBeforeTax,incomeBeforeTaxRatio,incomeTaxExpense,netIncome,netIncomeRatio,eps,epsdiluted,weightedAverageShsOut,weightedAverageShsOutDil,link,finalLink
0,2020-07-31,HBP.TO,2020-07-31,2020-07-31,Q3,0.0,0.0,0.0,0.0,1267000.0,734000.0,0.0,0.0,0.0,2029000.0,13000.0,28000.0,-1853000.0,0.0,-2029000.0,0.0,72000.0,-1966000.0,0.0,0.0,-2089000.0,0.0,-0.015990985768795807,-0.015990985768795807,130636099,130636099,https://www.sedar.com/ModifyCompanyDocumentSearchForm.do?lang=EN&company_search=Helix Biopharma Corp&document_selection=0&industry_group=A&FromDate=13&FromMonth=05&FromYear=2000&ToDate=13&ToMonth=11&ToYear=2020&Variable=Issuer,https://www.sedar.com/ModifyCompanyDocumentSearchForm.do?lang=EN&company_search=Helix Biopharma Corp&document_selection=0&industry_group=A&FromDate=13&FromMonth=05&FromYear=2000&ToDate=13&ToMonth=11&ToYear=2020&Variable=Issuer
0,2020-04-30,HBP.TO,2020-04-30,2020-04-30,Q2,0.0,0.0,0.0,0.0,1523000.0,862000.0,0.0,0.0,0.0,2385000.0,4000.0,0.0,-2379000.0,0.0,-2385000.0,0.0,-13000.0,-2396000.0,0.0,0.0,-2489000.0,0.0,-0.02,-0.02,130636099,130636099,https://www.sedar.com/ModifyCompanyDocumentSearchForm.do?lang=EN&company_search=Helix Biopharma Corp&document_selection=0&industry_group=A&FromDate=13&FromMonth=05&FromYear=2000&ToDate=13&ToMonth=11&ToYear=2020&Variable=Issuer,https://www.sedar.com/ModifyCompanyDocumentSearchForm.do?lang=EN&company_search=Helix Biopharma Corp&document_selection=0&industry_group=A&FromDate=13&FromMonth=05&FromYear=2000&ToDate=13&ToMonth=11&ToYear=2020&Variable=Issuer
0,2020-01-31,HBP.TO,2020-01-31,2020-01-31,Q1,0.0,0.0,0.0,0.0,1588000.0,651000.0,0.0,0.0,0.0,2242000.0,3000.0,3000.0,-2200000.0,0.0,-2242000.0,0.0,-15000.0,-2255000.0,0.0,0.0,-2231000.0,0.0,-0.02,-0.02,125526218,125526218,https://www.sedar.com/ModifyCompanyDocumentSearchForm.do?lang=EN&company_search=Helix Biopharma Corp&document_selection=0&industry_group=A&FromDate=13&FromMonth=05&FromYear=2000&ToDate=13&ToMonth=11&ToYear=2020&Variable=Issuer,https://www.sedar.com/ModifyCompanyDocumentSearchForm.do?lang=EN&company_search=Helix Biopharma Corp&document_selection=0&industry_group=A&FromDate=13&FromMonth=05&FromYear=2000&ToDate=13&ToMonth=11&ToYear=2020&Variable=Issuer
0,2019-10-31,HBP.TO,2019-10-31,2019-10-31,Q4,0.0,0.0,0.0,0.0,1511000.0,676000.0,0.0,0.0,0.0,2220000.0,6000.0,33000.0,-2177000.0,0.0,-2220000.0,0.0,5000.0,-2211000.0,0.0,0.0,-2211000.0,0.0,-0.02,-0.02,121818006,121818006,https://www.sedar.com/ModifyCompanyDocumentSearchForm.do?lang=EN&company_search=Helix Biopharma Corp&document_selection=0&industry_group=A&FromDate=13&FromMonth=05&FromYear=2000&ToDate=13&ToMonth=11&ToYear=2020&Variable=Issuer,https://www.sedar.com/ModifyCompanyDocumentSearchForm.do?lang=EN&company_search=Helix Biopharma Corp&document_selection=0&industry_group=A&FromDate=13&FromMonth=05&FromYear=2000&ToDate=13&ToMonth=11&ToYear=2020&Variable=Issuer
0,2019-07-31,HBP.TO,2019-07-31,2019-07-31,Q3,0.0,0.0,0.0,0.0,1311000.0,872000.0,0.0,0.0,0.0,2192000.0,-39000.0,9000.0,-2160000.0,0.0,-2192000.0,0.0,-15000.0,-2168000.0,0.0,0.0,-2168000.0,0.0,-0.016595719074556873,-0.016595719074556873,130636099,130636099,https://www.sedar.com/ModifyCompanyDocumentSearchForm.do?lang=EN&company_search=Helix Biopharma Corp&document_selection=0&industry_group=A&FromDate=13&FromMonth=05&FromYear=2000&ToDate=13&ToMonth=11&ToYear=2020&Variable=Issuer,https://www.sedar.com/ModifyCompanyDocumentSearchForm.do?lang=EN&company_search=Helix Biopharma Corp&document_selection=0&industry_group=A&FromDate=13&FromMonth=05&FromYear=2000&ToDate=13&ToMonth=11&ToYear=2020&Variable=Issuer
0,2019-04-30,HBP.TO,2019-04-30,2019-04-30,Q2,0.0,0.0,0.0,0.0,1351000.0,695000.0,0.0,0.0,0.0,2050000.0,12000.0,4000.0,-2020000.0,0.0,-2050000.0,0.0,-10000.0,-2071000.0,0.0,0.0,-2071000.0,0.0,-0.02,-0.02,106939164,106939164,https://www.sedar.com/ModifyCompanyDocumentSearchForm.do?lang=EN&company_search=Helix Biopharma Corp&document_selection=0&industry_group=A&FromDate=13&FromMonth=05&FromYear=2000&ToDate=13&ToMonth=11&ToYear=2020&Variable=Issuer,https://www.sedar.com/ModifyCompanyDocumentSearchForm.do?lang=EN&company_search=Helix Biopharma Corp&document_selection=0&industry_group=A&FromDate=13&FromMonth=05&FromYear=2000&ToDate=13&ToMonth=11&ToYear=2020&Variable=Issuer
0,2019-01-31,HBP.TO,2019-01-31,2019-01-31,Q1,0.0,0.0,0.0,0.0,1330000.0,530000.0,0.0,0.0,0.0,1863000.0,14000.0,3000.0,-1833000.0,0.0,-1863000.0,0.0,-32000.0,-1908000.0,0.0,0.0,-1908000.0,0.0,-0.02,-0.02,105086590,105086590,https://www.sedar.com/ModifyCompanyDocumentSearchForm.do?lang=EN&company_search=Helix Biopharma Corp&document_selection=0&industry_group=A&FromDate=13&FromMonth=05&FromYear=2000&ToDate=13&ToMonth=11&ToYear=2020&Variable=Issuer,https://www.sedar.com/ModifyCompanyDocumentSearchForm.do?lang=EN&company_search=Helix Biopharma Corp&document_selection=0&industry_group=A&FromDate=13&FromMonth=05&FromYear=2000&ToDate=13&ToMonth=11&ToYear=2020&Variable=Issuer
0,2018-10-31,HBP.TO,2018-10-31,2018-10-31,Q4,0.0,0.0,0.0,0.0,1014000.0,371000.0,0.0,0.0,0.0,1387000.0,12000.0,2000.0,-1351000.0,0.0,-1387000.0,0.0,19000.0,-1379000.0,0.0,0.0,-1379000.0,0.0,-0.01,-0.01,103646025,103646025,https://www.sedar.com/ModifyCompanyDocumentSearchForm.do?lang=EN&company_search=Helix Biopharma Corp&document_selection=0&industry_group=A&FromDate=13&FromMonth=05&FromYear=2000&ToDate=13&ToMonth=11&ToYear=2020&Variable=Issuer,https://www.sedar.com/ModifyCompanyDocumentSearchForm.do?lang=EN&company_search=Helix Biopharma Corp&document_selection=0&industry_group=A&FromDate=13&FromMonth=05&FromYear=2000&ToDate=13&ToMonth=11&ToYear=2020&Variable=Issuer
0,2018-07-31,HBP.TO,2018-07-31,2018-07-31,Q3,0.0,0.0,0.0,0.0,989000.0,596000.0,0.0,0.0,0.0,1595000.0,10000.0,10000.0,-1546000.0,0.0,-1595000.0,0.0,-5000.0,-1610000.0,0.0,0.0,-1610000.0,0.0,-0.012324311674371109,-0.012324311674371109,130636099,130636099,https://www.sedar.com/ModifyCompanyDocumentSearchForm.do?lang=EN&company_search=Helix Biopharma Corp&document_selection=0&industry_group=A&FromDate=13&FromMonth=05&FromYear=2000&ToDate=13&ToMonth=11&ToYear=2020&Variable=Issuer,https://www.sedar.com/ModifyCompanyDocumentSearchForm.do?lang=EN&company_search=Helix Biopharma Corp&document_selection=0&industry_group=A&FromDate=13&FromMonth=05&FromYear=2000&ToDate=13&ToMonth=11&ToYear=2020&Variable=Issuer
0,2018-04-30,HBP.TO,2018-04-30,2018-04-30,Q2,0.0,0.0,0.0,0.0,1435000.0,681000.0,0.0,0.0,0.0,2121000.0,8000.0,5000.0,-2095000.0,0.0,-2121000.0,0.0,-19000.0,-2147000.0,0.0,0.0,-2147000.0,0.0,-0.02,-0.02,100693248,100693248,https://www.sedar.com/ModifyCompanyDocumentSearchForm.do?lang=EN&company_search=Helix Biopharma Corp&document_selection=0&industry_group=A&FromDate=13&FromMonth=05&FromYear=2000&ToDate=13&ToMonth=11&ToYear=2020&Variable=Issuer,https://www.sedar.com/ModifyCompanyDocumentSearchForm.do?lang=EN&company_search=Helix Biopharma Corp&document_selection=0&industry_group=A&FromDate=13&FromMonth=05&FromYear=2000&ToDate=13&ToMonth=11&ToYear=2020&Variable=Issuer
0,2018-01-31,HBP.TO,2018-01-31,2018-01-31,Q1,0.0,0.0,0.0,0.0,1895000.0,644000.0,0.0,0.0,0.0,2539000.0,6000.0,0.0,-2504000.0,0.0,-2539000.0,0.0,-24000.0,-2564000.0,0.0,0.0,-2564000.0,0.0,-0.03,-0.03,100334036,100334036,https://www.sedar.com/ModifyCompanyDocumentSearchForm.do?lang=EN&company_search=Helix Biopharma Corp&document_selection=0&industry_group=A&FromDate=13&FromMonth=05&FromYear=2000&ToDate=13&ToMonth=11&ToYear=2020&Variable=Issuer,https://www.sedar.com/ModifyCompanyDocumentSearchForm.do?lang=EN&company_search=Helix Biopharma Corp&document_selection=0&industry_group=A&FromDate=13&FromMonth=05&FromYear=2000&ToDate=13&ToMonth=11&ToYear=2020&Variable=Issuer
0,2017-10-31,HBP.TO,2017-10-31,2017-10-31,Q4,0.0,0.0,0.0,0.0,1764000.0,526000.0,0.0,0.0,0.0,2290000.0,5000.0,0.0,-2226000.0,0.0,-2290000.0,0.0,-11000.0,-2303000.0,0.0,0.0,-2303000.0,0.0,-0.02,-0.02,96860911,96860911,https://www.sedar.com/ModifyCompanyDocumentSearchForm.do?lang=EN&company_search=Helix Biopharma Corp&document_selection=0&industry_group=A&FromDate=13&FromMonth=05&FromYear=2000&ToDate=13&ToMonth=11&ToYear=2020&Variable=Issuer,https://www.sedar.com/ModifyCompanyDocumentSearchForm.do?lang=EN&company_search=Helix Biopharma Corp&document_selection=0&industry_group=A&FromDate=13&FromMonth=05&FromYear=2000&ToDate=13&ToMonth=11&ToYear=2020&Variable=Issuer
0,2017-07-31,HBP.TO,2017-07-31,2017-07-31,Q3,0.0,0.0,0.0,0.0,944000.0,381000.0,0.0,0.0,0.0,1325000.0,6000.0,0.0,-1289000.0,0.0,-1325000.0,0.0,91000.0,-1240000.0,0.0,0.0,-1240000.0,0.0,-0.009492016444857252,-0.009492016444857252,130636099,130636099,https://www.sedar.com/ModifyCompanyDocumentSearchForm.do?lang=EN&company_search=Helix Biopharma Corp&document_selection=0&industry_group=A&FromDate=13&FromMonth=05&FromYear=2000&ToDate=13&ToMonth=11&ToYear=2020&Variable=Issuer,https://www.sedar.com/ModifyCompanyDocumentSearchForm.do?lang=EN&company_search=Helix Biopharma Corp&document_selection=0&industry_group=A&FromDate=13&FromMonth=05&FromYear=2000&ToDate=13&ToMonth=11&ToYear=2020&Variable=Issuer
0,2017-04-30,HBP.TO,2017-04-30,2017-04-30,Q2,0.0,0.0,0.0,0.0,1932000.0,944000.0,0.0,0.0,0.0,2876000.0,7000.0,0.0,-2855000.0,0.0,-2876000.0,0.0,-37000.0,-2913000.0,0.0,0.0,-2913000.0,0.0,-0.03,-0.03,92062331,92062331,https://www.sedar.com/ModifyCompanyDocumentSearchForm.do?lang=EN&company_search=Helix Biopharma Corp&document_selection=0&industry_group=A&FromDate=13&FromMonth=05&FromYear=2000&ToDate=13&ToMonth=11&ToYear=2020&Variable=Issuer,https://www.sedar.com/ModifyCompanyDocumentSearchForm.do?lang=EN&company_search=Helix Biopharma Corp&document_selection=0&industry_group=A&FromDate=13&FromMonth=05&FromYear=2000&ToDate=13&ToMonth=11&ToYear=2020&Variable=Issuer
0,2017-01-31,HBP.TO,2017-01-31,2017-01-31,Q1,0.0,0.0,0.0,0.0,1911000.0,873000.0,0.0,0.0,0.0,2784000.0,0.0,0.0,-2730000.0,0.0,-2784000.0,0.0,156000.0,-2618000.0,0.0,0.0,-2618000.0,0.0,-0.03,-0.03,90621018,90621018,https://www.sedar.com/ModifyCompanyDocumentSearchForm.do?lang=EN&company_search=Helix Biopharma Corp&document_selection=0&industry_group=A&FromDate=13&FromMonth=05&FromYear=2000&ToDate=13&ToMonth=11&ToYear=2020&Variable=Issuer,https://www.sedar.com/ModifyCompanyDocumentSearchForm.do?lang=EN&company_search=Helix Biopharma Corp&document_selection=0&industry_group=A&FromDate=13&FromMonth=05&FromYear=2000&ToDate=13&ToMonth=11&ToYear=2020&Variable=Issuer
0,2016-10-31,HBP.TO,2016-10-31,2016-10-31,Q4,27000.0,0.0,0.0,0.0,2295000.0,1008000.0,0.0,0.0,0.0,3303000.0,6000.0,0.0,-3236000.0,-119.85185185185185,-3276000.0,-121.74074074074075,-9000.0,-3287000.0,-121.74074074074075,0.0,-3287000.0,-121.74074074074075,-0.04,-0.04,88649140,88649140,https://www.sedar.com/ModifyCompanyDocumentSearchForm.do?lang=EN&company_search=Helix Biopharma Corp&document_selection=0&industry_group=A&FromDate=13&FromMonth=05&FromYear=2000&ToDate=13&ToMonth=11&ToYear=2020&Variable=Issuer,https://www.sedar.com/ModifyCompanyDocumentSearchForm.do?lang=EN&company_search=Helix Biopharma Corp&document_selection=0&industry_group=A&FromDate=13&FromMonth=05&FromYear=2000&ToDate=13&ToMonth=11&ToYear=2020&Variable=Issuer
0,2016-07-31,HBP.TO,2016-07-31,2016-07-31,Q3,0.0,0.0,0.0,0.0,1729000.0,872000.0,0.0,0.0,0.0,2601000.0,5000.0,0.0,-2567000.0,0.0,-2601000.0,0.0,-3000.0,-2604000.0,0.0,0.0,-2604000.0,0.0,-0.01993323453420023,-0.01993323453420023,130636099,130636099,https://www.sedar.com/ModifyCompanyDocumentSearchForm.do?lang=EN&company_search=Helix Biopharma Corp&document_selection=0&industry_group=A&FromDate=13&FromMonth=05&FromYear=2000&ToDate=13&ToMonth=11&ToYear=2020&Variable=Issuer,https://www.sedar.com/ModifyCompanyDocumentSearchForm.do?lang=EN&company_search=Helix Biopharma Corp&document_selection=0&industry_group=A&FromDate=13&FromMonth=05&FromYear=2000&ToDate=13&ToMonth=11&ToYear=2020&Variable=Issuer
0,2016-04-30,HBP.TO,2016-04-30,2016-04-30,Q2,0.0,0.0,0.0,0.0,1507000.0,748000.0,0.0,0.0,0.0,2255000.0,4000.0,0.0,-2216000.0,0.0,-2255000.0,0.0,12000.0,-2243000.0,0.0,0.0,-2243000.0,0.0,-0.02,-0.02,84861587,84861587,https://www.sedar.com/ModifyCompanyDocumentSearchForm.do?lang=EN&company_search=Helix Biopharma Corp&document_selection=0&industry_group=A&FromDate=13&FromMonth=05&FromYear=2000&ToDate=13&ToMonth=11&ToYear=2020&Variable=Issuer,https://www.sedar.com/ModifyCompanyDocumentSearchForm.do?lang=EN&company_search=Helix Biopharma Corp&document_selection=0&industry_group=A&FromDate=13&FromMonth=05&FromYear=2000&ToDate=13&ToMonth=11&ToYear=2020&Variable=Issuer
0,2016-01-31,HBP.TO,2016-01-31,2016-01-31,Q1,0.0,0.0,0.0,0.0,1246000.0,957000.0,0.0,0.0,0.0,2203000.0,3000.0,0.0,-2163000.0,0.0,-2203000.0,0.0,-26000.0,-2226000.0,0.0,0.0,-2226000.0,0.0,-0.03,-0.03,84683201,84683201,https://www.sedar.com/ModifyCompanyDocumentSearchForm.do?lang=EN&company_search=Helix Biopharma Corp&document_selection=0&industry_group=A&FromDate=13&FromMonth=05&FromYear=2000&ToDate=13&ToMonth=11&ToYear=2020&Variable=Issuer,https://www.sedar.com/ModifyCompanyDocumentSearchForm.do?lang=EN&company_search=Helix Biopharma Corp&document_selection=0&industry_group=A&FromDate=13&FromMonth=05&FromYear=2000&ToDate=13&ToMonth=11&ToYear=2020&Variable=Issuer
0,2015-10-31,HBP.TO,2015-10-31,2015-10-31,Q4,0.0,0.0,0.0,0.0,1339000.0,1259000.0,0.0,0.0,0.0,2598000.0,5000.0,0.0,-2551000.0,0.0,-2598000.0,0.0,0.0,-2592000.0,0.0,0.0,-2592000.0,0.0,-0.03,-0.03,84654815,84654815,https://www.sedar.com/ModifyCompanyDocumentSearchForm.do?lang=EN&company_search=Helix Biopharma Corp&document_selection=0&industry_group=A&FromDate=13&FromMonth=05&FromYear=2000&ToDate=13&ToMonth=11&ToYear=2020&Variable=Issuer,https://www.sedar.com/ModifyCompanyDocumentSearchForm.do?lang=EN&company_search=Helix Biopharma Corp&document_selection=0&industry_group=A&FromDate=13&FromMonth=05&FromYear=2000&ToDate=13&ToMonth=11&ToYear=2020&Variable=Issuer
0,2015-07-31,HBP.TO,2015-07-31,2015-07-31,Q3,0.0,0.0,0.0,0.0,983000.0,1138000.0,0.0,0.0,0.0,2121000.0,3000.0,0.0,-2075000.0,0.0,-2121000.0,0.0,-13000.0,-2119000.0,0.0,0.0,-2119000.0,0.0,-0.01622063132794558,-0.01622063132794558,130636099,130636099,https://www.sedar.com/ModifyCompanyDocumentSearchForm.do?lang=EN&company_search=Helix Biopharma Corp&document_selection=0&industry_group=A&FromDate=13&FromMonth=05&FromYear=2000&ToDate=13&ToMonth=11&ToYear=2020&Variable=Issuer,https://www.sedar.com/ModifyCompanyDocumentSearchForm.do?lang=EN&company_search=Helix Biopharma Corp&document_selection=0&industry_group=A&FromDate=13&FromMonth=05&FromYear=2000&ToDate=13&ToMonth=11&ToYear=2020&Variable=Issuer
0,2015-04-30,HBP.TO,2015-04-30,2015-04-30,Q2,0.0,0.0,0.0,0.0,1216000.0,687000.0,0.0,0.0,0.0,1903000.0,2000.0,0.0,-1857000.0,0.0,-1903000.0,0.0,23000.0,-1871000.0,0.0,0.0,-1821000.0,0.0,-0.03,-0.03,77812392,77812392,https://www.sedar.com/ModifyCompanyDocumentSearchForm.do?lang=EN&company_search=Helix Biopharma Corp&document_selection=0&industry_group=A&FromDate=13&FromMonth=05&FromYear=2000&ToDate=13&ToMonth=11&ToYear=2020&Variable=Issuer,https://www.sedar.com/ModifyCompanyDocumentSearchForm.do?lang=EN&company_search=Helix Biopharma Corp&document_selection=0&industry_group=A&FromDate=13&FromMonth=05&FromYear=2000&ToDate=13&ToMonth=11&ToYear=2020&Variable=Issuer
0,2015-01-31,HBP.TO,2015-01-31,2015-01-31,Q1,0.0,0.0,0.0,0.0,1442000.0,1181000.0,0.0,0.0,0.0,2623000.0,2000.0,0.0,-2578000.0,0.0,-2623000.0,0.0,-50000.0,-2665000.0,0.0,0.0,-2665000.0,0.0,-0.03,-0.03,75936750,75936750,https://www.sedar.com/ModifyCompanyDocumentSearchForm.do?lang=EN&company_search=Helix Biopharma Corp&document_selection=0&industry_group=A&FromDate=13&FromMonth=05&FromYear=2000&ToDate=13&ToMonth=11&ToYear=2020&Variable=Issuer,https://www.sedar.com/ModifyCompanyDocumentSearchForm.do?lang=EN&company_search=Helix Biopharma Corp&document_selection=0&industry_group=A&FromDate=13&FromMonth=05&FromYear=2000&ToDate=13&ToMonth=11&ToYear=2020&Variable=Issuer
0,2014-10-31,HBP.TO,2014-10-31,2014-10-31,Q4,0.0,0.0,0.0,0.0,1244000.0,886000.0,0.0,0.0,0.0,2130000.0,4000.0,0.0,-2079000.0,0.0,-2130000.0,0.0,-7000.0,-2125000.0,0.0,0.0,-2125000.0,0.0,-0.03,-0.03,75900337,75900337,https://www.sedar.com/ModifyCompanyDocumentSearchForm.do?lang=EN&company_search=Helix Biopharma Corp&document_selection=0&industry_group=A&FromDate=13&FromMonth=05&FromYear=2000&ToDate=13&ToMonth=11&ToYear=2020&Variable=Issuer,https://www.sedar.com/ModifyCompanyDocumentSearchForm.do?lang=EN&company_search=Helix Biopharma Corp&document_selection=0&industry_group=A&FromDate=13&FromMonth=05&FromYear=2000&ToDate=13&ToMonth=11&ToYear=2020&Variable=Issuer
0,2014-07-31,HBP.TO,2014-07-31,2014-07-31,Q3,0.0,0.0,0.0,0.0,973000.0,830000.0,0.0,0.0,0.0,1803000.0,6000.0,0.0,-1716000.0,0.0,-1803000.0,0.0,-5000.0,-1804000.0,0.0,0.0,-1804000.0,0.0,-0.01380935295687297,-0.01380935295687297,130636099,130636099,https://www.sedar.com/ModifyCompanyDocumentSearchForm.do?lang=EN&company_search=Helix Biopharma Corp&document_selection=0&industry_group=A&FromDate=13&FromMonth=05&FromYear=2000&ToDate=13&ToMonth=11&ToYear=2020&Variable=Issuer,https://www.sedar.com/ModifyCompanyDocumentSearchForm.do?lang=EN&company_search=Helix Biopharma Corp&document_selection=0&industry_group=A&FromDate=13&FromMonth=05&FromYear=2000&ToDate=13&ToMonth=11&ToYear=2020&Variable=Issuer
0,2014-04-30,HBP.TO,2014-04-30,2014-04-30,Q2,0.0,0.0,0.0,0.0,1285000.0,829000.0,0.0,0.0,0.0,2114000.0,3000.0,0.0,-2054000.0,0.0,-2114000.0,0.0,-1000.0,-2109000.0,0.0,0.0,-2109000.0,0.0,-0.03,-0.03,71904337,71904337,https://www.sedar.com/ModifyCompanyDocumentSearchForm.do?lang=EN&company_search=Helix Biopharma Corp&document_selection=0&industry_group=A&FromDate=13&FromMonth=05&FromYear=2000&ToDate=13&ToMonth=11&ToYear=2020&Variable=Issuer,https://www.sedar.com/ModifyCompanyDocumentSearchForm.do?lang=EN&company_search=Helix Biopharma Corp&document_selection=0&industry_group=A&FromDate=13&FromMonth=05&FromYear=2000&ToDate=13&ToMonth=11&ToYear=2020&Variable=Issuer
0,2014-01-31,HBP.TO,2014-01-31,2014-01-31,Q1,0.0,0.0,0.0,0.0,1649000.0,1011000.0,0.0,0.0,0.0,2660000.0,6000.0,0.0,-2595000.0,0.0,-2660000.0,0.0,19000.0,-2632000.0,0.0,0.0,-2632000.0,0.0,-0.04,-0.04,71904337,71904337,https://www.sedar.com/ModifyCompanyDocumentSearchForm.do?lang=EN&company_search=Helix Biopharma Corp&document_selection=0&industry_group=A&FromDate=13&FromMonth=05&FromYear=2000&ToDate=13&ToMonth=11&ToYear=2020&Variable=Issuer,https://www.sedar.com/ModifyCompanyDocumentSearchForm.do?lang=EN&company_search=Helix Biopharma Corp&document_selection=0&industry_group=A&FromDate=13&FromMonth=05&FromYear=2000&ToDate=13&ToMonth=11&ToYear=2020&Variable=Issuer
0,2013-10-31,HBP.TO,2013-10-31,2013-10-31,Q4,0.0,0.0,0.0,0.0,1332000.0,826000.0,0.0,0.0,0.0,2158000.0,4000.0,0.0,-2095000.0,0.0,-2158000.0,0.0,16000.0,-2137000.0,0.0,0.0,-2137000.0,0.0,-0.03,-0.03,67226337,67226337,https://www.sedar.com/ModifyCompanyDocumentSearchForm.do?lang=EN&company_search=Helix Biopharma Corp&document_selection=0&industry_group=A&FromDate=13&FromMonth=05&FromYear=2000&ToDate=13&ToMonth=11&ToYear=2020&Variable=Issuer,https://www.sedar.com/ModifyCompanyDocumentSearchForm.do?lang=EN&company_search=Helix Biopharma Corp&document_selection=0&industry_group=A&FromDate=13&FromMonth=05&FromYear=2000&ToDate=13&ToMonth=11&ToYear=2020&Variable=Issuer
0,2013-07-31,HBP.TO,2013-07-31,2013-07-31,Q3,0.0,0.0,0.0,0.0,1072000.0,817000.0,0.0,0.0,0.0,1889000.0,11000.0,0.0,-1783000.0,0.0,-1889000.0,0.0,-33000.0,-1913000.0,0.0,0.0,-1913000.0,0.0,-0.01464373182178381,-0.01464373182178381,130636099,130636099,https://www.sedar.com/ModifyCompanyDocumentSearchForm.do?lang=EN&company_search=Helix Biopharma Corp&document_selection=0&industry_group=A&FromDate=13&FromMonth=05&FromYear=2000&ToDate=13&ToMonth=11&ToYear=2020&Variable=Issuer,https://www.sedar.com/ModifyCompanyDocumentSearchForm.do?lang=EN&company_search=Helix Biopharma Corp&document_selection=0&industry_group=A&FromDate=13&FromMonth=05&FromYear=2000&ToDate=13&ToMonth=11&ToYear=2020&Variable=Issuer
0,2013-04-30,HBP.TO,2013-04-30,2013-04-30,Q2,0.0,0.0,0.0,0.0,1303000.0,911000.0,0.0,0.0,0.0,2214000.0,6000.0,0.0,-2096000.0,0.0,-2214000.0,0.0,51000.0,-2155000.0,0.0,0.0,-2224000.0,0.0,-0.03,-0.03,67226337,67226337,https://www.sedar.com/ModifyCompanyDocumentSearchForm.do?lang=EN&company_search=Helix Biopharma Corp&document_selection=0&industry_group=A&FromDate=13&FromMonth=05&FromYear=2000&ToDate=13&ToMonth=11&ToYear=2020&Variable=Issuer,https://www.sedar.com/ModifyCompanyDocumentSearchForm.do?lang=EN&company_search=Helix Biopharma Corp&document_selection=0&industry_group=A&FromDate=13&FromMonth=05&FromYear=2000&ToDate=13&ToMonth=11&ToYear=2020&Variable=Issuer
0,2013-01-31,HBP.TO,2013-01-31,2013-01-31,Q1,0.0,0.0,0.0,0.0,1049000.0,704000.0,0.0,0.0,0.0,1753000.0,4000.0,0.0,-1644000.0,0.0,-1753000.0,0.0,25000.0,-1726000.0,0.0,0.0,4669000.0,0.0,0.07,0.07,67226337,67226337,https://www.sedar.com/ModifyCompanyDocumentSearchForm.do?lang=EN&company_search=Helix Biopharma Corp&document_selection=0&industry_group=A&FromDate=13&FromMonth=05&FromYear=2000&ToDate=13&ToMonth=11&ToYear=2020&Variable=Issuer,https://www.sedar.com/ModifyCompanyDocumentSearchForm.do?lang=EN&company_search=Helix Biopharma Corp&document_selection=0&industry_group=A&FromDate=13&FromMonth=05&FromYear=2000&ToDate=13&ToMonth=11&ToYear=2020&Variable=Issuer
0,2012-10-31,HBP.TO,2012-10-31,2012-10-31,Q4,882000.0,355000.0,527000.0,0.5975056689342404,1608000.0,968000.0,204000.0,0.0,0.0,2931000.0,4000.0,0.0,-1936000.0,-2.195011337868481,-2049000.0,-2.354875283446712,-34000.0,-2077000.0,-2.354875283446712,0.0,-2077000.0,-2.354875283446712,-0.03,-0.03,67226337,67226337,https://www.sedar.com/ModifyCompanyDocumentSearchForm.do?lang=EN&company_search=Helix Biopharma Corp&document_selection=0&industry_group=A&FromDate=13&FromMonth=05&FromYear=2000&ToDate=13&ToMonth=11&ToYear=2020&Variable=Issuer,https://www.sedar.com/ModifyCompanyDocumentSearchForm.do?lang=EN&company_search=Helix Biopharma Corp&document_selection=0&industry_group=A&FromDate=13&FromMonth=05&FromYear=2000&ToDate=13&ToMonth=11&ToYear=2020&Variable=Issuer
0,2012-07-31,HBP.TO,2012-07-31,2012-07-31,Q3,1108000.0,475000.0,633000.0,0.5712996389891697,970000.0,1125000.0,247000.0,0.0,0.0,2570000.0,0.0,0.0,-7938000.0,-7.164259927797834,-1462000.0,-1.674187725631769,-407000.0,-1855000.0,-1.674187725631769,0.0,-1855000.0,-1.674187725631769,-0.014199750407427582,-0.014199750407427582,130636099,130636099,https://www.sedar.com/ModifyCompanyDocumentSearchForm.do?lang=EN&company_search=Helix Biopharma Corp&document_selection=0&industry_group=A&FromDate=13&FromMonth=05&FromYear=2000&ToDate=13&ToMonth=11&ToYear=2020&Variable=Issuer,https://www.sedar.com/ModifyCompanyDocumentSearchForm.do?lang=EN&company_search=Helix Biopharma Corp&document_selection=0&industry_group=A&FromDate=13&FromMonth=05&FromYear=2000&ToDate=13&ToMonth=11&ToYear=2020&Variable=Issuer
0,2012-04-30,HBP.TO,2012-04-30,2012-04-30,Q2,1004000.0,397000.0,607000.0,0.6045816733067729,2138000.0,1298000.0,239000.0,0.0,0.0,3833000.0,0.0,0.0,-2599000.0,-2.5886454183266934,-2829000.0,-2.856573705179283,-54000.0,-2868000.0,-2.856573705179283,0.0,-2868000.0,-2.856573705179283,-0.04,-0.04,67221877,67221877,https://www.sedar.com/ModifyCompanyDocumentSearchForm.do?lang=EN&company_search=Helix Biopharma Corp&document_selection=0&industry_group=A&FromDate=13&FromMonth=05&FromYear=2000&ToDate=13&ToMonth=11&ToYear=2020&Variable=Issuer,https://www.sedar.com/ModifyCompanyDocumentSearchForm.do?lang=EN&company_search=Helix Biopharma Corp&document_selection=0&industry_group=A&FromDate=13&FromMonth=05&FromYear=2000&ToDate=13&ToMonth=11&ToYear=2020&Variable=Issuer
0,2012-01-31,HBP.TO,2012-01-31,2012-01-31,Q1,1026000.0,413000.0,613000.0,0.5974658869395711,2231000.0,7832000.0,305000.0,0.0,0.0,10476000,0.0,0.0,-9235000.0,-9.000974658869396,-9450000.0,-9.216374269005849,-41000.0,-9456000.0,-9.216374269005849,0.0,-9456000.0,-9.216374269005849,-0.14,-0.14,67542857,67542857,https://www.sedar.com/ModifyCompanyDocumentSearchForm.do?lang=EN&company_search=Helix Biopharma Corp&document_selection=0&industry_group=A&FromDate=13&FromMonth=05&FromYear=2000&ToDate=13&ToMonth=11&ToYear=2020&Variable=Issuer,https://www.sedar.com/ModifyCompanyDocumentSearchForm.do?lang=EN&company_search=Helix Biopharma Corp&document_selection=0&industry_group=A&FromDate=13&FromMonth=05&FromYear=2000&ToDate=13&ToMonth=11&ToYear=2020&Variable=Issuer
0,2011-10-31,HBP.TO,2011-10-31,2011-10-31,Q4,1122000.0,456000.0,666000.0,0.5935828877005348,2111000.0,1818000.0,298000.0,0.0,0.0,4385000.0,0.0,0.0,-3108000.0,-2.770053475935829,-3263000.0,-2.89126559714795,19000.0,-3244000.0,-2.89126559714795,0.0,-3244000.0,-2.89126559714795,0.05,0.05,67193997,67193997,https://www.sedar.com/ModifyCompanyDocumentSearchForm.do?lang=EN&company_search=Helix Biopharma Corp&document_selection=0&industry_group=A&FromDate=13&FromMonth=05&FromYear=2000&ToDate=13&ToMonth=11&ToYear=2020&Variable=Issuer,https://www.sedar.com/ModifyCompanyDocumentSearchForm.do?lang=EN&company_search=Helix Biopharma Corp&document_selection=0&industry_group=A&FromDate=13&FromMonth=05&FromYear=2000&ToDate=13&ToMonth=11&ToYear=2020&Variable=Issuer
0,2011-07-31,HBP.TO,2011-07-31,2011-07-31,Q3,1050000.0,416000.0,634000.0,0.6038095238095238,49000.0,2741000.0,244000.0,0.0,0.0,3610000.0,0.0,0.0,-3847000.0,-3.663809523809524,-2560000.0,-1.1676190476190476,1285000.0,-1226000.0,-1.1676190476190476,1334000.0,-2560000.0,-2.4380952380952383,-0.01959642104744723,-0.01959642104744723,130636099,130636099,https://www.sedar.com/ModifyCompanyDocumentSearchForm.do?lang=EN&company_search=Helix Biopharma Corp&document_selection=0&industry_group=A&FromDate=13&FromMonth=05&FromYear=2000&ToDate=13&ToMonth=11&ToYear=2020&Variable=Issuer,https://www.sedar.com/ModifyCompanyDocumentSearchForm.do?lang=EN&company_search=Helix Biopharma Corp&document_selection=0&industry_group=A&FromDate=13&FromMonth=05&FromYear=2000&ToDate=13&ToMonth=11&ToYear=2020&Variable=Issuer
0,2011-04-30,HBP.TO,2011-04-30,2011-04-30,Q2,1089000.0,436000.0,653000.0,0.5996326905417815,1954000.0,1590000.0,270000.0,0.0,0.0,3980000.0,0.0,0.0,-2854000.0,-2.6207529843893482,-2891000.0,-2.647382920110193,-37000.0,-2883000.0,-2.647382920110193,0.0,-2883000.0,-2.647382920110193,-0.05,-0.05,65150835,65150835,https://www.sedar.com/ModifyCompanyDocumentSearchForm.do?lang=EN&company_search=Helix Biopharma Corp&document_selection=0&industry_group=A&FromDate=13&FromMonth=05&FromYear=2000&ToDate=13&ToMonth=11&ToYear=2020&Variable=Issuer,https://www.sedar.com/ModifyCompanyDocumentSearchForm.do?lang=EN&company_search=Helix Biopharma Corp&document_selection=0&industry_group=A&FromDate=13&FromMonth=05&FromYear=2000&ToDate=13&ToMonth=11&ToYear=2020&Variable=Issuer
0,2011-01-31,HBP.TO,2011-01-31,2011-01-31,Q1,1188000.0,376000.0,812000.0,0.6835016835016835,2474000.0,1993000.0,312000.0,0.0,0.0,4843000.0,0.0,0.0,-3647000.0,-3.06986531986532,-3655000.0,-3.0462962962962963,-8000.0,-3619000.0,-3.0462962962962963,333000.0,-2616000.0,-2.202020202020202,-0.03,-0.03,64507835,64507835,https://www.sedar.com/ModifyCompanyDocumentSearchForm.do?lang=EN&company_search=Helix Biopharma Corp&document_selection=0&industry_group=A&FromDate=13&FromMonth=05&FromYear=2000&ToDate=13&ToMonth=11&ToYear=2020&Variable=Issuer,https://www.sedar.com/ModifyCompanyDocumentSearchForm.do?lang=EN&company_search=Helix Biopharma Corp&document_selection=0&industry_group=A&FromDate=13&FromMonth=05&FromYear=2000&ToDate=13&ToMonth=11&ToYear=2020&Variable=Issuer
0,2010-10-31,HBP.TO,2010-10-31,2010-10-31,Q4,1205000.0,414000.0,791000.0,0.6564315352697095,2846000.0,1628000.0,298000.0,0.0,0.0,4888000.0,0.0,0.0,-3661000.0,-3.038174273858921,-3683000.0,-2.9858921161825727,85000.0,-3598000.0,-2.9858921161825727,3000.0,-3601000.0,-2.9883817427385893,0.06,0.06,64259139,64259139,https://www.sedar.com/ModifyCompanyDocumentSearchForm.do?lang=EN&company_search=Helix Biopharma Corp&document_selection=0&industry_group=A&FromDate=13&FromMonth=05&FromYear=2000&ToDate=13&ToMonth=11&ToYear=2020&Variable=Issuer,https://www.sedar.com/ModifyCompanyDocumentSearchForm.do?lang=EN&company_search=Helix Biopharma Corp&document_selection=0&industry_group=A&FromDate=13&FromMonth=05&FromYear=2000&ToDate=13&ToMonth=11&ToYear=2020&Variable=Issuer
