,date,symbol,fillingDate,acceptedDate,period,revenue,costOfRevenue,grossProfit,grossProfitRatio,researchAndDevelopmentExpenses,generalAndAdministrativeExpenses,sellingAndMarketingExpenses,otherExpenses,operatingExpenses,costAndExpenses,interestExpense,depreciationAndAmortization,ebitda,ebitdaratio,operatingIncome,operatingIncomeRatio,totalOtherIncomeExpensesNet,incomeBeforeTax,incomeBeforeTaxRatio,incomeTaxExpense,netIncome,netIncomeRatio,eps,epsdiluted,weightedAverageShsOut,weightedAverageShsOutDil,link,finalLink
0,2020-09-30,DVCR,2020-11-05,2020-11-05 16:31:19,Q3,117965000,0.0,117965000,1.0,0.0,-13638000,0.0,-1082000.0,-13638000,-13638000,1172000.0,2098000.0,11661000,0.09885135421523333,9563000.0,0.08106641800534056,9563000.0,3382000.0,0.028669520620523036,-209000.0,2799000.0,0.023727376764294494,0.68,0.68,6506000.0,6586000.0,https://www.sec.gov/Archives/edgar/data/919956/000091995620000047/0000919956-20-000047-index.htm,https://www.sec.gov/Archives/edgar/data/919956/000091995620000047/dvcr-20200930.htm
0,2020-06-30,DVCR,2020-08-06,2020-08-06 16:09:04,Q2,238230000,0.0,238230000,1.0,0.0,6880000.0,0.0,-800000.0,6880000.0,6880000.0,1209000.0,2277000.0,6694000.0,0.028098896024849936,4417000.0,0.018540905847290432,5033000.0,2021000.0,0.008483398396507576,-78000.0,1452000.0,0.006094950258153885,0.21,0.21,6506000.0,6586000.0,https://www.sec.gov/Archives/edgar/data/919956/000091995620000037/0000919956-20-000037-index.htm,https://www.sec.gov/Archives/edgar/data/919956/000091995620000037/dvcr-20200630.htm
0,2020-03-31,DVCR,2020-05-07,2020-05-07 16:03:31,Q1,119987000,94859000,25128000,0.20942268745780793,0.0,22109000,0.0,-1345000.0,24397000.000000007,6758000.0,1460000.0,2288000.0,2891000.0,0.024094,731000.0,0.006092,115000.0,-614000.0,-0.005117,-104000.0,-753000.0,-0.006276,-0.11574,-0.11574,6506000.0,6506000.0,https://www.sec.gov/Archives/edgar/data/919956/000091995620000025/0000919956-20-000025-index.htm,https://www.sec.gov/Archives/edgar/data/919956/000091995620000012/dvcr-2019123110k.htm
0,2019-12-31,DVCR,2020-03-05,2020-03-05 16:05:55,Q4,120875000,96227000,24648000,0.20391313340227507,0.0,22066000,0.0,-57073000,24375999.99999999,-84035000,-659000.0,2309999.9999999995,-1446000.0000000005,-0.011963,272000.0,0.00225,74000.0,-1224000.0,-0.010126,150000.0,-3247000.0,-0.026862,-0.50178,-0.50178,6471000.0,6471000.0,https://www.sec.gov/Archives/edgar/data/919956/000091995620000012/0000919956-20-000012-index.htm,https://www.sec.gov/Archives/edgar/data/919956/000091995620000012/dvcr-2019123110k.htm
0,2019-09-30,DVCR,2019-10-31,2019-10-31 16:07:05,Q3,118630000,95591000,23039000,0.19420888476776532,0.0,21890000,0.0,-1406000.0,24169000.00000001,6160000.0,1408000.0,1315999.9999999998,-2891000.0,-0.02437,-1130000.0,-0.009525,25000.0,-2659000.0,-0.022414,-741000.0,-4874000.0,-0.041086,-0.75332,-0.75332,6470000.0,6470000.0,https://www.sec.gov/Archives/edgar/data/919956/000091995619000051/0000919956-19-000051-index.htm,https://www.sec.gov/Archives/edgar/data/919956/000091995619000051/dvcr-20190930x10q.htm
0,2019-06-30,DVCR,2019-08-05,2019-08-05 16:11:00,Q2,235515000,189052000,46463000,0.19728255100524383,0.0,44039000,0.0,-1511000.0,51672000,15116000,1556000.0,3179000.0000000005,-6922000.0,-0.029391,-5209000.0,-0.022117,182000.0,-7897000.0,-0.033531,16285000,-27942000,-0.118642,-4.32371,-4.32371,6462500.0,6462500.0,https://www.sec.gov/Archives/edgar/data/919956/000091995619000039/0000919956-19-000039-index.htm,https://www.sec.gov/Archives/edgar/data/919956/000091995619000039/dvcr-20190630x10q.htm
0,2019-03-31,DVCR,2019-05-02,2019-05-02 16:06:11,Q1,117550000,94422000,23128000,0.19675031901318588,0.0,22179000,0.0,-1300000.0,24496000.00000001,-9000.0,1460000.0,2317000.0,-597000.0,-0.005079,-1368000.0,-0.011638,160000.0,-2602000.0,-0.022135,-1028000.0,-3346000.0,-0.028464,-0.52086,-0.52086,6424000.0,6424000.0,https://www.sec.gov/Archives/edgar/data/919956/000091995619000023/0000919956-19-000023-index.htm,https://www.sec.gov/Archives/edgar/data/919956/000091995619000007/dvcr-2018123110k.htm
0,2018-12-31,DVCR,2019-02-28,2019-02-28 16:04:37,Q4,118716000,96355000,22361000,0.18835708750294822,0.0,21917000,0.0,2085000.0,24488999.99999999,-2785000.0,284000.0,3511000.0,3632000.0,0.030594,-2128000.0,-0.017925,47000.0,-3467000.0,-0.029204,-578000.0,415000.0,0.003496,0.06482,0.06482,6402000.0,6402000.0,https://www.sec.gov/Archives/edgar/data/919956/000091995619000007/0000919956-19-000007-index.htm,https://www.sec.gov/Archives/edgar/data/919956/000091995619000007/dvcr-2018123110k.htm
0,2018-09-30,DVCR,2018-11-01,2018-11-01 16:05:18,Q3,119000000,95800000,23200000,0.1949579831932773,0.0,20500000,0.0,-1630000.0,29600000.00000001,24997000,1666000.0,1960000.0,-4074000.0,-0.034235,-6300000.0,-0.052941,36000.0,-7700000.0,-0.064706,-300000.0,-7400000.0,-0.062185,-1.15625,-1.15625,6400000.0,6400000.0,https://www.sec.gov/Archives/edgar/data/919956/000091995618000050/0000919956-18-000050-index.htm,https://www.sec.gov/Archives/edgar/data/919956/000091995618000050/dvcr-20180930x10q.htm
0,2018-06-30,DVCR,2018-08-02,2018-08-02 16:05:56,Q2,97100000,76800000,20300000,0.2090628218331617,0.0,18900000,0.0,-1325000.0,20700000.000000004,-8165000.0,1661000.0,2850000.0000000005,3611000.0000000005,0.037188,-400000.0,-0.004119,100000.0,-1400000.0,-0.014418,-600000.0,-300000.0,-0.00309,-0.04615,-0.04615,6500000.0,6500000.0,https://www.sec.gov/Archives/edgar/data/919956/000091995618000038/0000919956-18-000038-index.htm,https://www.sec.gov/Archives/edgar/data/919956/000091995618000038/dvcr-20180630x10q.htm
0,2018-03-31,DVCR,2018-05-03,2018-05-03 16:07:55,Q1,141300000,112300000,29000000,0.20523708421797593,0.0,24600000,0.0,-1618000.0,27500000.000000015,8139000.0,1669000.0,2880000.0,4449000.0,0.031486,1500000.0,0.010616,100000.0,-100000.0,-0.000708,38000.0,-100000.0,-0.000708,-0.01587,-0.01587,6300000.0,6300000.0,https://www.sec.gov/Archives/edgar/data/919956/000091995618000025/0000919956-18-000025-index.htm,https://www.sec.gov/Archives/edgar/data/919956/000091995618000015/dvcr-2017123110k.htm
0,2017-12-31,DVCR,2018-03-01,2018-03-01 16:12:53,Q4,144400000,116200000,28200000,0.19529085872576177,0.0,24500000,0.0,21624000,27299999.999999996,142584000,1567000.0,2800000.000000001,-932999.9999999993,-0.006461,900000.0,0.006233,900000.0,100000.0,0.000693,600000.0,-5900000.0,-0.040859,-1.05357,-1.05357,5600000.0,5600000.0,https://www.sec.gov/Archives/edgar/data/919956/000091995618000015/0000919956-18-000015-index.htm,https://www.sec.gov/Archives/edgar/data/919956/000091995618000015/dvcr-2017123110k.htm
0,2017-09-30,DVCR,2017-11-02,2017-11-02 16:07:20,Q3,146400000,118100000,28300000,0.19330601092896174,0.0,24500000,0.0,-1900000.0,27300000.00000001,25320000,1668000.0,2989999.999999999,3757999.999999999,0.025669,1000000.0,0.006831,-200000.0,-900000.0,-0.006148,-300000.0,-600000.0,-0.004098,-0.09524,-0.09524,6300000.0,6300000.0,https://www.sec.gov/Archives/edgar/data/919956/000091995617000055/0000919956-17-000055-index.htm,https://www.sec.gov/Archives/edgar/data/919956/000091995617000055/dvcr-20170930x10q.htm
0,2017-06-30,DVCR,2017-08-03,2017-08-03 16:07:03,Q2,142600000,113200000,29400000,0.2061711079943899,0.0,24700000,0.0,-1541000.0,27299999.999999996,-28000.0,1541000.0,2620000.0,4661000.0,0.032686,2100000.0,0.014727,0.0,500000.0,0.003506,100000.0,400000.0,0.002805,0.06154,0.06154,6500000.0,6500000.0,https://www.sec.gov/Archives/edgar/data/919956/000091995617000039/0000919956-17-000039-index.htm,https://www.sec.gov/Archives/edgar/data/919956/000091995617000039/dvcr-20170630x10q.htm
0,2017-03-31,DVCR,2017-05-04,2017-05-04 16:11:53,Q1,141500000,110700000,30800000,0.2176678445229682,0.0,25400000,0.0,-750000.0,27100000.00000001,-15000.0,1483000.0,2490000.0,6173000.0,0.043625,3700000.0,0.026148,0.0,2200000.0,0.015548,900000.0,1300000.0,0.009187,0.20313,0.20313,6400000.0,6400000.0,https://www.sec.gov/Archives/edgar/data/919956/000091995617000027/0000919956-17-000027-index.htm,https://www.sec.gov/Archives/edgar/data/919956/000091995617000013/dvcr-2016123110k.htm
0,2016-12-31,DVCR,2017-03-02,2017-03-02 16:08:11,Q4,135000000,106500000,28500000,0.2111111111111111,0.0,24100000,0.0,4674000.0,25000000,45159000,700000.0,2229999.9999999995,5129999.999999999,0.038,3500000.0,0.025926,0.0,2200000.0,0.016296,800000.0,1400000.0,0.01037,0.23729,0.23729,5900000.0,5900000.0,https://www.sec.gov/Archives/edgar/data/919956/000091995617000013/0000919956-17-000013-index.htm,https://www.sec.gov/Archives/edgar/data/919956/000091995617000013/dvcr-2016123110k.htm
0,2016-09-30,DVCR,2016-11-03,2016-11-03 16:05:56,Q3,97300000,79400000,17900000,0.18396711202466598,0.0,16300000,0.0,-1071000.0,18299999.999999996,7420000.0,1201000.0,2000000.0,1701000.0,0.017482,-400000.0,-0.004111,0.0,-1500000.0,-0.015416,-500000.0,-1000000.0,-0.010277,-0.16129,-0.16129,6200000.0,6200000.0,https://www.sec.gov/Archives/edgar/data/919956/000091995616000028/0000919956-16-000028-index.htm,https://www.sec.gov/Archives/edgar/data/919956/000091995616000028/dvcr-20160930x10q.htm
0,2016-06-30,DVCR,2016-08-04,2016-08-04 16:29:01,Q2,95800000,78400000,17400000,0.18162839248434237,0.0,15700000,0.0,-1130000.0,19699999.99999999,6881000.0,1158000.0,2059999.9999999995,-282000.0000000004,-0.002944,-2300000.0,-0.024008,0.0,-3400000.0,-0.035491,-1300000.0,-2200000.0,-0.022965,-0.35484,-0.35484,6200000.0,6200000.0,https://www.sec.gov/Archives/edgar/data/919956/000162828016018521/0001628280-16-018521-index.htm,https://www.sec.gov/Archives/edgar/data/919956/000162828016018521/dvcr-20160630x10q.htm
0,2016-03-31,DVCR,2016-05-05,2016-05-05 16:12:23,Q1,97900000,78600000,19300000,0.19713993871297242,0.0,16100000,0.0,-1388000.0,18400000.000000007,6734000.0,1070000.0,2000000.0,2970000.0,0.030337,900000.0,0.009193,0.0,-100000.0,-0.001021,42000.0,-100000.0,-0.001021,-0.01613,-0.01613,6200000.0,6200000.0,https://www.sec.gov/Archives/edgar/data/919956/000162828016015714/0001628280-16-015714-index.htm,https://www.sec.gov/Archives/edgar/data/919956/000162828016012237/dvcr-2015123110k.htm
0,2015-12-31,DVCR,2016-03-03,2016-03-03 16:13:21,Q4,98000000,78700000,19300000,0.19693877551020408,0.0,15200000,0.0,2539000.0,17099999.999999993,41981000,405000.0,1889999.9999999998,3094999.9999999995,0.031582,2200000.0,0.022449,0.0,1100000.0,0.011224,-100000.0,900000.0,0.009184,0.14286,0.14286,6300000.0,6300000.0,https://www.sec.gov/Archives/edgar/data/919956/000162828016012237/0001628280-16-012237-index.htm,https://www.sec.gov/Archives/edgar/data/919956/000162828016012237/dvcr-2015123110k.htm
0,2015-09-30,DVCR,2015-11-05,2015-11-05 16:06:55,Q3,98100000,78500000,19600000,0.199796126401631,0.0,15600000,0.0,0.0,17500000,6378000.0,998000.0,1889999.9999999998,3787999.9999999995,0.038614,2100000.0,0.021407,0.0,1200000.0,0.012232,500000.0,400000.0,0.004077,0.06349,0.06349,6300000.0,6300000.0,https://www.sec.gov/Archives/edgar/data/919956/000162828015008338/0001628280-15-008338-index.htm,https://www.sec.gov/Archives/edgar/data/919956/000162828015008338/dvcr-20150930x10q.htm
0,2015-06-30,DVCR,2015-08-06,2015-08-06 16:22:37,Q2,96300000,76700000,19600000,0.2035306334371755,0.0,15500000,0.0,0.0,17299999.999999996,6341000.0,1049000.0,1860000.0000000002,3909000.0000000005,0.040592,2300000.0,0.023884,0.0,1300000.0,0.013499,500000.0,500000.0,0.005192,0.07937,0.07937,6300000.0,6300000.0,https://www.sec.gov/Archives/edgar/data/919956/000162828015006232/0001628280-15-006232-index.htm,https://www.sec.gov/Archives/edgar/data/919956/000162828015006232/dvcr-20150630x10q.htm
0,2015-03-31,DVCR,2015-05-07,2015-05-07 16:04:45,Q1,95200000,77100000,18100000,0.19012605042016806,0.0,15400000,0.0,0.0,17300000.00000001,6051000.0,950000.0,1880000.0,2530000.0,0.026576,900000.0,0.009454,0.0,8000.0,8.401155158834339e-05,-3000.0,-300000.0,-0.003151,-0.05,-0.05,6000000.0,6000000.0,https://www.sec.gov/Archives/edgar/data/919956/000091995615000014/0000919956-15-000014-index.htm,https://www.sec.gov/Archives/edgar/data/919956/000091995615000010/dvcr-2014123110k.htm
0,2014-12-31,DVCR,2015-03-05,2015-03-05 16:10:02,Q4,93700000,75100000,18600000,0.19850586979722518,0.0,15000000,0.0,4609000.0,16800000.00000001,51605000,77000.0,1830000.0,2707000.0,0.02889,1900000.0,0.020277,2846000.0,1000000.0,0.010672,300000.0,500000.0,0.005336,0.07937,0.07937,6300000.0,6300000.0,https://www.sec.gov/Archives/edgar/data/919956/000091995615000010/0000919956-15-000010-index.htm,https://www.sec.gov/Archives/edgar/data/919956/000091995615000010/dvcr-2014123110k.htm
0,2014-09-30,DVCR,2014-11-06,2014-11-06 16:07:22,Q3,90300000,73000000,17300000,0.19158361018826134,0.0,14200000,0.0,-946000.0,16000000,5582000.0,916000.0,1810000.0,6926000.0,0.0767,1300000.0,0.014396,-946000.0,400000.0,0.00443,100000.0,4100000.0,0.045404,0.66129,0.66129,6200000.0,6200000.0,https://www.sec.gov/Archives/edgar/data/919956/000091995614000036/0000919956-14-000036-index.htm,https://www.sec.gov/Archives/edgar/data/919956/000091995614000036/dvcr-20140930x10q.htm
0,2014-06-30,DVCR,2014-08-07,2014-08-07 16:10:11,Q2,82300000,64700000,17600000,0.21385176184690158,0.0,13200000,0.0,-1900000.0,14899999.99999999,5381000.0,762000.0,1700000.0,4362000.0,0.053001,2700000.0,0.032807,-1900000.0,1700000.0,0.020656,800000.0,1100000.0,0.013366,0.18033,0.18033,6100000.0,6100000.0,https://www.sec.gov/Archives/edgar/data/919956/000091995614000029/0000919956-14-000029-index.htm,https://www.sec.gov/Archives/edgar/data/919956/000091995614000029/dvcr-20140630x10q.htm
0,2014-03-31,DVCR,2014-05-08,2014-05-08 16:16:27,Q1,77800000,62800000,15000000,0.1928020565552699,0.0,13100000,0.0,0.0,14900000.000000006,5114000.0,1079000.0,1740000.0,1419000.0,0.018239,100000.0,0.001285,0.0,-800000.0,-0.010283,-400000.0,-1000000.0,-0.012853,-0.16667,-0.16667,6000000.0,6000000.0,https://www.sec.gov/Archives/edgar/data/919956/000091995614000013/0000919956-14-000013-index.htm,https://www.sec.gov/Archives/edgar/data/919956/000091995614000007/dvcr-2013123110k.htm
0,2013-12-31,DVCR,2014-03-06,2014-03-06 16:18:31,Q4,75700000,61100000,14600000,0.1928665785997358,0.0,12600000,0.0,-2388000.0,14899999.999999998,-23369000,811000.0,1790000.0,1801000.0,0.023791,-300000.0,-0.003963,3054000.0,-1200000.0,-0.015852,-200000.0,-600000.0,-0.007926,-0.1,-0.1,6000000.0,6000000.0,https://www.sec.gov/Archives/edgar/data/919956/000091995614000007/0000919956-14-000007-index.htm,https://www.sec.gov/Archives/edgar/data/919956/000091995614000007/dvcr-2013123110k.htm
0,2013-09-30,DVCR,2013-11-07,2013-11-07 17:29:35,Q3,64600000,54200000,10400000,0.1609907120743034,0.0,10800000,0.0,-3054000.0,13299999.999999996,18579000,2582000.0,1630000.0000000002,-1987999.9999999998,-0.030774,-2900000.0,-0.044892,-3054000.0,-3700000.0,-0.057276,-1400000.0,-4800000.0,-0.074303,-0.81356,-0.81356,5900000.0,5900000.0,https://www.sec.gov/Archives/edgar/data/919956/000091995613000027/0000919956-13-000027-index.htm,https://www.sec.gov/Archives/edgar/data/919956/000091995613000027/dvcr-20130930x10q.htm
0,2013-06-30,DVCR,2013-08-08,2013-08-08 17:13:04,Q2,61500000,50300000,11200000,0.1821138211382114,0.0,12300000,0.0,-1191000.0,14200000.000000004,7001000.0,893000.0,1350000.0,-1257000.0,-0.020439,-3000000.0,-0.04878,-1191000.0,-3700000.0,-0.060163,-1300000.0,-2200000.0,-0.035772,-0.37288,-0.37288,5900000.0,5900000.0,https://www.sec.gov/Archives/edgar/data/919956/000091995613000010/0000919956-13-000010-index.htm,https://www.sec.gov/Archives/edgar/data/919956/000091995613000010/dvcr-20130630x10q.htm
0,2013-03-31,DVCR,2013-05-10,2013-05-09 17:34:19,Q1,58400000,47500000,10900000,0.18664383561643835,0.0,11300000,0.0,-924000.0,12700000.000000004,6341000.0,687000.0,1590000.0,-23000.0,-0.000394,-1800000.0,-0.030822,-924.0,-2600000.0,-0.044521,-1300000.0,-1000000.0,-0.017123,-0.16949,-0.16949,5900000.0,5900000.0,https://www.sec.gov/Archives/edgar/data/919956/000144530513001264/0001445305-13-001264-index.htm,https://www.sec.gov/Archives/edgar/data/919956/000144530513000523/avca-2012123110k.htm
0,2012-12-31,DVCR,2013-03-07,2013-03-07 16:24:28,Q4,48200000,41900000,6300000.0,0.13070539419087138,0.0,6500000.0,0.0,23930000,7500000.0,309947000,2809000.0,1040000.0,2349000.0,0.048734,-1200000.0,-0.024896,0.0,-1400000.0,-0.029046,-400000.0,-1100000.0,-0.022822,-0.18966,-0.18966,5800000.0,5800000.0,https://www.sec.gov/Archives/edgar/data/919956/000144530513000523/0001445305-13-000523-index.htm,https://www.sec.gov/Archives/edgar/data/919956/000144530513000523/avca-2012123110k.htm
0,2012-09-30,DVCR,2012-11-07,2012-11-07 17:16:39,Q3,61800000,48800000,13000000,0.21035598705501618,0.0,11700000,0.0,0.0,13300000.000000004,6055000.0,695000.0,1190000.0,1385000.0,0.022411,-200000.0,-0.003236,0.0,-1000000.0,-0.016181,-500000.0,20000.0,0.00026756568737625085,-0.1,-0.1,5800000.0,5800000.0,https://www.sec.gov/Archives/edgar/data/919956/000144530512003521/0001445305-12-003521-index.htm,https://www.sec.gov/Archives/edgar/data/919956/000144530512003521/avca-2012930x10q.htm
0,2012-06-30,DVCR,2012-08-08,2012-08-08 16:09:14,Q2,45200000,35900000,9300000.0,0.20575221238938052,0.0,8800000.0,0.0,0.0,10100000.000000002,6076000.0,0.0,1769999.9999999998,869999.9999999998,0.019248,-800000.0,-0.017699,0.0,-1500000.0,-0.033186,-500000.0,-400000.0,-0.00885,-0.0678,-0.0678,5900000.0,5900000.0,https://www.sec.gov/Archives/edgar/data/919956/000119312512344012/0001193125-12-344012-index.htm,https://www.sec.gov/Archives/edgar/data/919956/000119312512344012/d352728d10q.htm
0,2012-03-31,DVCR,2012-05-09,2012-05-09 16:34:06,Q1,75800000,60500000,15300000,0.20184696569920843,0.0,14900000,0.0,0.0,16599999.999999994,6822000.0,0.0,1760000.0,-440000.0,-0.005805,-1300000.0,-0.01715,0.0,-2000000.0,-0.026385,-700000.0,-1500000.0,-0.019789,-0.25862,-0.25862,5800000.0,5800000.0,https://www.sec.gov/Archives/edgar/data/919956/000119312512222199/0001193125-12-222199-index.htm,https://www.sec.gov/Archives/edgar/data/919956/000119312512101369/d267034d10k.htm
0,2011-12-31,DVCR,2012-03-07,2012-03-07 17:02:49,Q4,12800000,14800000,-2000000.0,-0.15625,0.0,-900000.0,0.0,0.0,199999.9999999993,25569637000,0.0,1020000.0000000005,-979999.9999999995,-0.076562,-2100000.0,-0.164063,0.0,-2800000.0,-0.21875,-900000.0,-1100000.0,-0.085938,-0.18966,-0.18966,5800000.0,5800000.0,https://www.sec.gov/Archives/edgar/data/919956/000119312512101369/0001193125-12-101369-index.htm,https://www.sec.gov/Archives/edgar/data/919956/000119312512101369/d267034d10k.htm
0,2011-09-30,DVCR,2011-11-07,2011-11-07 16:17:41,Q3,79200000,60700000,18500000,0.2335858585858586,0.0,17300000,0.0,0.0,19299999.999999996,7185000.0,0.0,1469999.9999999998,-30000.0000000002,-0.000379,-800000.0,-0.010101,0.0,-1500000.0,-0.018939,-600000.0,-900000.0,-0.011364,-0.15517,-0.15517,5800000.0,5800000.0,https://www.sec.gov/Archives/edgar/data/919956/000119312511299814/0001193125-11-299814-index.htm,https://www.sec.gov/Archives/edgar/data/919956/000119312511299814/d249286d10q.htm
0,2011-06-30,DVCR,2011-08-09,2011-08-09 16:05:40,Q2,76700000,57700000,19000000,0.24771838331160365,0.0,12800000,0.0,0.0,14299999.999999996,6124000.0,0.0,1560000.0,5860000.0,0.076402,4700000.0,0.061278,0.0,4200000.0,0.054759,1400000.0,2900000.0,0.03781,0.46032,0.46032,6300000.0,6300000.0,https://www.sec.gov/Archives/edgar/data/919956/000095012311075081/0000950123-11-075081-index.htm,https://www.sec.gov/Archives/edgar/data/919956/000095012311075081/g25836e10vq.htm
0,2011-03-31,DVCR,2011-05-10,2011-05-10 16:05:33,Q1,77100000,60900000,16200000,0.21011673151750973,0.0,13500000,0.0,0.0,15100000.000000002,6054000.0,454000.0,1560000.0,2614000.0,0.033904,1100000.0,0.014267,0.0,700000.0,0.009079,200000.0,400000.0,0.005188,0.0678,0.0678,5900000.0,5900000.0,https://www.sec.gov/Archives/edgar/data/919956/000095012311048299/0000950123-11-048299-index.htm,https://www.sec.gov/Archives/edgar/data/919956/000095012311022640/g26377e10vk.htm
0,2010-12-31,DVCR,2011-03-07,2011-03-07 16:12:22,Q4,75500000,58800000,16700000,0.22119205298013245,0.0,11900000,0.0,0.0,13400000.000000006,4961000.0,410000.0,1530000.0000000002,4440000.0,0.058808,3300000.0,0.043709,0.0,2900000.0,0.038411,800000.0,1700000.0,0.022517,0.2931,0.2931,5800000.0,5800000.0,https://www.sec.gov/Archives/edgar/data/919956/000095012311022640/0000950123-11-022640-index.htm,https://www.sec.gov/Archives/edgar/data/919956/000095012311022640/g26377e10vk.htm
0,2010-09-30,DVCR,2010-11-04,2010-11-04 16:06:09,Q3,73000000,58500000,14500000,0.19863013698630136,0.0,12300000,0.0,0.0,13799999.999999996,4954000.0,413000.0,1449999.9999999998,2162999.9999999995,0.02963,700000.0,0.009589,0.0,300000.0,0.00411,100000.0,200000.0,0.00274,0.03448,0.03448,5800000.0,5800000.0,https://www.sec.gov/Archives/edgar/data/919956/000095012310100894/0000950123-10-100894-index.htm,https://www.sec.gov/Archives/edgar/data/919956/000095012310100894/g25105e10vq.htm
0,2010-06-30,DVCR,2010-08-09,2010-08-09 16:05:45,Q2,71500000,56400000,15100000,0.2111888111888112,0.0,11700000,0.0,0.0,13100000.000000002,5063000.0,413000.0,1430000.0000000002,3443000.0,0.048154,2000000.0,0.027972,0.0,1600000.0,0.022378,600000.0,1000000.0,0.013986,0.16949,0.16949,5900000.0,5900000.0,https://www.sec.gov/Archives/edgar/data/919956/000095012310075004/0000950123-10-075004-index.htm,https://www.sec.gov/Archives/edgar/data/919956/000095012310075004/g24274e10vq.htm
0,2010-03-31,DVCR,2010-05-05,2010-05-05 16:35:32,Q1,70200000,55400000,14800000,0.21082621082621084,0.0,11700000,0.0,0.0,13300000.000000004,4702000.0,398000.0,1420000.0,3118000.0,0.044416,1500000.0,0.021368,0.0,1100000.0,0.01567,400000.0,900000.0,0.012821,0.15254,0.15254,5900000.0,5900000.0,https://www.sec.gov/Archives/edgar/data/919956/000095012310044546/0000950123-10-044546-index.htm,https://www.sec.gov/Archives/edgar/data/919956/000095012310022554/g22399e10vk.htm
0,2009-12-31,DVCR,2010-03-09,2010-03-09 16:02:23,Q4,69500000,55800000,13700000,0.1971223021582734,0.0,11800000,0.0,0.0,13200000.000000004,4504000.0,454000.0,1400000.0000000005,2054000.0000000005,0.029554,500000.0,0.007194,0.0,100000.0,0.001439,22000.0,200000.0,0.002878,0.03509,0.03509,5700000.0,5700000.0,https://www.sec.gov/Archives/edgar/data/919956/000095012310022554/0000950123-10-022554-index.htm,https://www.sec.gov/Archives/edgar/data/919956/000095012310022554/g22399e10vk.htm
0,2009-09-30,DVCR,2009-11-09,2009-11-09 16:05:41,Q3,70400000,56300000,14100000,0.2002840909090909,0.0,10700000,0.0,0.0,12100000.00000001,4618000.0,456000.0,1380000.0,3536000.0,0.050227,2000000.0,0.028409,0.0,1500000.0,0.021307,600000.0,1100000.0,0.015625,0.19298,0.19298,5700000.0,5700000.0,https://www.sec.gov/Archives/edgar/data/919956/000095012309060135/0000950123-09-060135-index.htm,https://www.sec.gov/Archives/edgar/data/919956/000095012309060135/g21135e10vq.htm
0,2009-06-30,DVCR,2009-08-06,2009-08-06 16:01:30,Q2,69300000,54100000,15200000,0.21933621933621933,0.0,12700000,0.0,0.0,13999999.999999993,4801000.0,485000.0,1350000.0,3135000.0,0.045238,1200000.0,0.017316,0.0,1000000.0,0.01443,400000.0,900000.0,0.012987,0.15789,0.15789,5700000.0,5700000.0,https://www.sec.gov/Archives/edgar/data/919956/000095012309031146/0000950123-09-031146-index.htm,https://www.sec.gov/Archives/edgar/data/919956/000095012309031146/g20025e10vq.htm
0,2009-03-31,DVCR,2009-05-06,2009-05-06 17:00:55,Q1,67700000,53300000,14400000,0.21270310192023634,0.0,12700000,0.0,0.0,14100000.00000001,4573000.0,482000.0,1320000.0,2402000.0,0.03548,400000.0,0.005908,500000.0,400000.0,0.005908,200000.0,400000.0,0.005908,0.07018,0.07018,5700000.0,5700000.0,https://www.sec.gov/Archives/edgar/data/919956/000095014409003973/0000950144-09-003973-index.htm,https://www.sec.gov/Archives/edgar/data/919956/000095014409002047/g17838e10vk.htm
0,2008-12-31,DVCR,2009-03-10,2009-03-10 16:01:19,Q4,74300000,58400000,15900000,0.21399730820995963,0.0,11400000,0.0,0.0,12800000.000000004,4638000.0,644000.0,1160000.0,3604000.0,0.048506,3100000.0,0.041723,0.0,1800000.0,0.024226,500000.0,1300000.0,0.017497,0.22414,0.22414,5800000.0,5800000.0,https://www.sec.gov/Archives/edgar/data/919956/000095014409002047/0000950144-09-002047-index.htm,https://www.sec.gov/Archives/edgar/data/919956/000095014409002047/g17838e10vk.htm
0,2008-09-30,DVCR,2008-11-06,2008-11-06 16:06:05,Q3,72200000,58300000,13900000,0.1925207756232687,0.0,10700000,0.0,0.0,12000000,4642000.0,692000.0,1350000.0,3242000.0,0.044903,1900000.0,0.026316,0.0,1200000.0,0.01662,500000.0,700000.0,0.009695,0.11864,0.11864,5900000.0,5900000.0,https://www.sec.gov/Archives/edgar/data/919956/000095014408008228/0000950144-08-008228-index.htm,https://www.sec.gov/Archives/edgar/data/919956/000095014408008228/g16397e10vq.htm
0,2008-06-30,DVCR,2008-08-06,2008-08-06 16:10:01,Q2,70800000,56000000,14800000,0.20903954802259886,0.0,11800000,0.0,0.0,13099999.999999994,4647000.0,703000.0,1320000.0,3223000.0,0.045523,1700000.0,0.024011,0.0,1200000.0,0.016949,500000.0,700000.0,0.009887,0.11864,0.11864,5900000.0,5900000.0,https://www.sec.gov/Archives/edgar/data/919956/000095014408006089/0000950144-08-006089-index.htm,https://www.sec.gov/Archives/edgar/data/919956/000095014408006089/g14517e10vq.htm
0,2008-03-31,DVCR,2008-05-07,2008-05-07 16:09:35,Q1,71500000,55500000,16000000,0.22377622377622378,0.0,9200000.0,0.0,0.0,10500000,4559000.0,831000.0,1240000.0,6671000.0,0.093301,5500000.0,0.076923,0.0,4600000.0,0.064336,1500000.0,3100000.0,0.043357,0.51667,0.51667,6000000.0,6000000.0,https://www.sec.gov/Archives/edgar/data/919956/000095014408003741/0000950144-08-003741-index.htm,https://www.sec.gov/Archives/edgar/data/919956/000095014408001816/g12052e10vk.htm
0,2007-12-31,DVCR,2008-03-11,2008-03-11 16:08:40,Q4,71200000,54600000,16600000,0.23314606741573032,0.0,11600000,0.0,0.0,12800000.000000004,5384000.0,1001000.0,1219999.9999999998,5321000.0,0.074733,3800000.0,0.053371,0.0,3200000.0,0.044944,1300000.0,1800000.0,0.025281,0.29508,0.29508,6100000.0,6100000.0,https://www.sec.gov/Archives/edgar/data/919956/000095014408001816/0000950144-08-001816-index.htm,https://www.sec.gov/Archives/edgar/data/919956/000095014408001816/g12052e10vk.htm
0,2007-09-30,DVCR,2007-11-06,2007-11-06 16:31:16,Q3,63900000,49300000,14600000,0.22848200312989045,0.0,9700000.0,0.0,0.0,10800000.000000004,4073000.0,956000.0,1030000.0,5286000.0,0.082723,3700000.0,0.057903,0.0,3400000.0,0.053208,1400000.0,1900000.0,0.029734,0.31148,0.31148,6100000.0,6100000.0,https://www.sec.gov/Archives/edgar/data/919956/000095014407009953/0000950144-07-009953-index.htm,https://www.sec.gov/Archives/edgar/data/919956/000095014407009953/g10315e10vq.htm
0,2007-06-30,DVCR,2007-08-08,2007-08-08 16:10:28,Q2,55400000,41900000,13500000,0.24368231046931407,0.0,5400000.0,0.0,0.0,6399999.999999999,4017000.0,776000.0,930000.0,8606000.0,0.155343,7100000.0,0.128159,0.0,7000000.0,0.126354,2700000.0,4200000.0,0.075812,0.68852,0.68852,6100000.0,6100000.0,https://www.sec.gov/Archives/edgar/data/919956/000095014407007497/0000950144-07-007497-index.htm,https://www.sec.gov/Archives/edgar/data/919956/000095014407007497/g08821e10vq.htm
0,2007-03-31,DVCR,2007-05-09,2007-05-09 16:05:23,Q1,54600000,41700000,12900000,0.23626373626373626,0.0,9200000.0,0.0,0.0,10099999.999999994,4078000.0,816000.0,910000.0,4026000.0,0.073736,2800000.0,0.051282,0.0,2300000.0,0.042125,900000.0,1400000.0,0.025641,0.22951,0.22951,6100000.0,6100000.0,https://www.sec.gov/Archives/edgar/data/919956/000095014407004501/0000950144-07-004501-index.htm,https://www.sec.gov/Archives/edgar/data/919956/000095014407002141/g05975e10vk.htm
0,2006-12-31,DVCR,2007-03-14,2007-03-13 19:27:00,Q4,55200000,41800000,13400000,0.2427536231884058,0.0,9500000.0,0.0,0.0,10400000.000000006,4872000.0,939000.0,859999.9999999999,3799000.0,0.068822,3000000.0,0.054348,0.0,2000000.0,0.036232,-400000.0,2400000.0,0.043478,0.39344,0.39344,6100000.0,6100000.0,https://www.sec.gov/Archives/edgar/data/919956/000095014407002141/0000950144-07-002141-index.htm,https://www.sec.gov/Archives/edgar/data/919956/000095014407002141/g05975e10vk.htm
0,2006-09-30,DVCR,2006-11-08,2006-11-08 16:36:07,Q3,53400000,41300000,12100000,0.22659176029962547,0.0,8600000.0,0.0,0.0,9800000.000000004,3906000.0,892000.0,899999.9999999999,3192000.0,0.059775,2300000.0,0.043071,0.0,1600000.0,0.029963,-8000000.0,9400000.0,0.17603,1.38235,1.38235,6800000.0,6800000.0,https://www.sec.gov/Archives/edgar/data/919956/000095014406010499/0000950144-06-010499-index.htm,https://www.sec.gov/Archives/edgar/data/919956/000095014406010499/g04009e10vq.htm
0,2006-06-30,DVCR,2006-08-09,2006-08-09 16:04:17,Q2,53400000,40200000,13200000,0.24719101123595505,0.0,8600000.0,0.0,0.0,9500000.0,3716000.0,877000.0,910000.0000000001,4787000.0,0.089644,3700000.0,0.069288,0.0,3300000.0,0.061798,-400000.0,3400000.0,0.06367,0.51515,0.51515,6600000.0,6600000.0,https://www.sec.gov/Archives/edgar/data/919956/000095014406007664/0000950144-06-007664-index.htm,https://www.sec.gov/Archives/edgar/data/919956/000095014406007664/g02644e10vq.htm
0,2006-03-31,DVCR,2006-05-11,2006-05-11 16:01:09,Q1,52600000,40100000,12500000,0.2376425855513308,0.0,5000000.0,0.0,0.0,6000000.0,3481000.0,999000.0,940000.0,7939000.0,0.150932,6600000.0,0.125475,200000.0,6000000.0,0.114068,-700000.0,6700000.0,0.127376,1.03077,1.03077,6500000.0,6500000.0,https://www.sec.gov/Archives/edgar/data/919956/000095014406004879/0000950144-06-004879-index.htm,https://www.sec.gov/Archives/edgar/data/919956/000095014406002868/g00369e10vk.htm
0,2005-12-31,DVCR,2006-03-29,2006-03-29 16:03:54,Q4,53700000,39700000,14000000,0.260707635009311,0.0,8200000.0,0.0,0.0,9099999.999999994,2734000.0,965000.0,880000.0000000003,1045000.0000000003,0.01946,5000000.0,0.09311,0.0,4200000.0,0.078212,-13700000,12900000,0.240223,1.98462,1.98462,6500000.0,6500000.0,https://www.sec.gov/Archives/edgar/data/919956/000095014406002868/0000950144-06-002868-index.htm,https://www.sec.gov/Archives/edgar/data/919956/000095014406002868/g00369e10vk.htm
0,2005-09-30,DVCR,2005-11-09,2005-11-09 10:28:36,Q3,51400000,40100000,11300000,0.2198443579766537,0.0,8100000.0,0.0,0.0,9000000.0,3391000.0,868000.0,879999.9999999999,3348000.0,0.065136,2300000.0,0.044747,0.0,1800000.0,0.035019,-200000.0,1800000.0,0.035019,0.27692,0.27692,6500000.0,6500000.0,https://www.sec.gov/Archives/edgar/data/919956/000095014405011444/0000950144-05-011444-index.htm,https://www.sec.gov/Archives/edgar/data/919956/000095014405011444/g98061e10vq.htm
0,2005-06-30,DVCR,2005-08-11,2005-08-11 09:33:06,Q2,49600000,37400000,12200000,0.24596774193548387,0.0,8900000.0,0.0,0.0,9700000.000000004,3573000.0,780000.0,830000.0,3310000.0,0.066734,2500000.0,0.050403,0.0,1800000.0,0.03629,100000.0,1600000.0,0.032258,0.24615,0.24615,6500000.0,6500000.0,https://www.sec.gov/Archives/edgar/data/919956/000095014405008591/0000950144-05-008591-index.htm,https://www.sec.gov/Archives/edgar/data/919956/000095014405008591/g96807e10vq.htm
0,2005-03-31,DVCR,2005-05-12,2005-05-12 09:23:24,Q1,48900000,38300000,10600000,0.2167689161554192,0.0,3613.0,0.0,0.0,900000.0000000057,3613000.0,769000.0,860000.0,10629000,0.217362,9700000.0,0.198364,0.0,9000000.0,0.184049,0.0,9000000.0,0.184049,1.38462,1.38462,6500000.0,6500000.0,https://www.sec.gov/Archives/edgar/data/919956/000095014405005399/0000950144-05-005399-index.htm,https://www.sec.gov/Archives/edgar/data/919956/000095014405003178/g93836e10vk.htm
0,2004-12-31,DVCR,2005-03-29,2005-03-29 13:13:14,Q4,42000000,30900000,11100000,0.2642857142857143,0.0,6200000.0,0.0,0.0,6399999.999999999,3227000.0,3069000.0,-310000.00000000006,-1341000.0,-0.031929,4700000.0,0.111905,-496.0,4300000.0,0.102381,100000.0,-4200000.0,-0.1,-0.73684,-0.73684,5700000.0,5700000.0,https://www.sec.gov/Archives/edgar/data/919956/000095014405003178/0000950144-05-003178-index.htm,https://www.sec.gov/Archives/edgar/data/919956/000095014405003178/g93836e10vk.htm
0,2004-09-30,DVCR,2004-11-12,2004-11-12 09:17:02,Q3,51700000,40300000,11400000,0.2205029013539652,0.0,9700000.0,0.0,0.0,10900000.000000006,3396000.0,0.0,1170000.0,970000.0,0.018762,600000.0,0.011605,303000.0,200000.0,0.003868,32000.0,-200000.0,-0.003868,-0.03509,-0.03509,5700000.0,5700000.0,https://www.sec.gov/Archives/edgar/data/919956/000095014404010944/0000950144-04-010944-index.htm,https://www.sec.gov/Archives/edgar/data/919956/000095014404010944/g91619e10vq.htm
0,2004-06-30,DVCR,2004-08-13,2004-08-13 14:38:52,Q2,49000000,38600000,10400000,0.21224489795918366,0.0,5000000.0,0.0,0.0,5399999.999999999,2867000.0,0.0,1170000.0000000002,3770000.0,0.076939,5000000.0,0.102041,193000.0,3700000.0,0.07551,100000.0,2500000.0,0.05102,0.32468,0.32468,7700000.0,7700000.0,https://www.sec.gov/Archives/edgar/data/919956/000095014404008269/0000950144-04-008269-index.htm,https://www.sec.gov/Archives/edgar/data/919956/000095014404008269/g90289e10vq.htm
0,2004-03-31,DVCR,2004-05-14,2004-05-14 11:03:42,Q1,48500000,38100000,10400000,0.21443298969072164,0.0,3900000.0,0.0,0.0,5799999.999999997,3053000.0,0.0,1200000.0,5900000.0,0.121649,4600000.0,0.094845,0.0,4600000.0,0.094845,32.0,4700000.0,0.096907,0.71212,0.71212,6600000.0,6600000.0,https://www.sec.gov/Archives/edgar/data/919956/000095014404005482/0000950144-04-005482-index.htm,https://www.sec.gov/Archives/edgar/data/919956/000095014404003095/g87913e10vk.htm
0,2003-12-31,DVCR,2004-03-26,2004-03-26 17:05:11,Q4,40400000,29100000,11300000,0.27970297029702973,0.0,5100000.0,0.0,0.0,8199999.999999996,954000.0,0.0,-500000.0,2000000.0,0.049505,3100000.0,0.076733,82.0,3100000.0,0.076733,-425.0,2500000.0,0.061881,0.45455,0.45455,5500000.0,5500000.0,https://www.sec.gov/Archives/edgar/data/919956/000095014404003095/0000950144-04-003095-index.htm,https://www.sec.gov/Archives/edgar/data/919956/000095014404003095/g87913e10vk.htm
0,2003-09-30,DVCR,2003-11-14,2003-11-14 10:16:02,Q3,50900000,41700000,9200000.0,0.1807465618860511,0.0,10600000,0.0,0.0,12599999.999999994,3781000.0,0.0,1230000.0,-1570000.0,-0.030845,-3400000.0,-0.066798,0.0,-3400000.0,-0.066798,150000.0,-2800000.0,-0.05501,-0.50909,-0.50909,5500000.0,5500000.0,https://www.sec.gov/Archives/edgar/data/919956/000095014403012889/0000950144-03-012889-index.htm,https://www.sec.gov/Archives/edgar/data/919956/000095014403012889/g85843e10vq.htm
0,2003-06-30,DVCR,2003-08-13,2003-08-13 16:54:32,Q2,49000000,39800000,9200000.0,0.18775510204081633,0.0,15200000,0.0,0.0,17600000,3228000.0,0.0,1210000.0,-6590000.0,-0.13449,-8300000.0,-0.169388,0.0,-8300000.0,-0.169388,145000.0,-7800000.0,-0.159184,-1.41818,-1.41818,5500000.0,5500000.0,https://www.sec.gov/Archives/edgar/data/919956/000095014403009879/0000950144-03-009879-index.htm,https://www.sec.gov/Archives/edgar/data/919956/000095014403009879/g84031e10vq.htm
0,2003-03-31,DVCR,2003-05-14,2003-05-14 08:35:01,Q1,43100000,34100000,9000000.0,0.2088167053364269,0.0,10600000,0.0,0.0,12600000.000000002,3208000.0,0.0,1230000.0,-1870000.0,-0.043387,-3500000.0,-0.081206,0.0,-3500000.0,-0.081206,130000.0,-3100000.0,-0.071926,-0.56364,-0.56364,5500000.0,5500000.0,https://www.sec.gov/Archives/edgar/data/919956/000095014403006605/0000950144-03-006605-index.htm,https://www.sec.gov/Archives/edgar/data/919956/000095014403004160/g81373e10vk.htm
0,2002-12-31,DVCR,2003-03-31,2003-03-31 09:12:58,Q4,49200000,43400000,5800000.0,0.11788617886178862,0.0,8300000.0,0.0,0.0,12399999.999999998,4449000.0,0.0,500000.0,-6100000.0,-0.123984,-6600000.0,-0.134146,0.0,-6600000.0,-0.134146,-300000.0,-6300000.0,-0.128049,-1.14545,-1.14545,5500000.0,5500000.0,https://www.sec.gov/Archives/edgar/data/919956/000095014403004160/0000950144-03-004160-index.htm,https://www.sec.gov/Archives/edgar/data/919956/000095014403004160/g81373e10vk.htm
0,2002-09-30,DVCR,2002-11-14,2002-11-14 14:20:07,Q3,48800000,40900000,7900000.0,0.16188524590163936,0.0,7300000.0,0.0,0.0,10100000.000000002,3473000.0,0.0,1370000.0,-830000.0,-0.017008,-2200000.0,-0.045082,0.0,-2200000.0,-0.045082,100000.0,-2300000.0,-0.047131,-0.41818,-0.41818,5500000.0,5500000.0,https://www.sec.gov/Archives/edgar/data/919956/000095014402011855/0000950144-02-011855-index.htm,https://www.sec.gov/Archives/edgar/data/919956/000095014402011855/g79189e10vq.htm
0,2002-06-30,DVCR,,,Q2,49500000,39600000,10000000,0.20202,0.0,7600000.0,0.0,0.0,11000000,0.0,0.0,1380000.0,280000.0,0.005657,-1100000.0,-0.022222,0.0,-1100000.0,-0.022222,100000.0,-1200000.0,-0.024242,-0.21818,-0.21818,5500000.0,5500000.0,,
0,2002-03-31,DVCR,,,Q1,51600000,43700000,7800000.0,0.151163,0.0,8300000.0,0.0,0.0,10799999.999999996,0.0,0.0,1390000.0,-1510000.0,-0.029264,-2900000.0,-0.056202,0.0,-2900000.0,-0.056202,100000.0,-3000000.0,-0.05814,-0.54545,-0.54545,5500000.0,5500000.0,,
0,2001-12-31,DVCR,,,Q4,53500000,45600000,7900000.0,0.147664,0.0,9000000.0,0.0,0.0,16299999.999999996,0.0,0.0,1019999.9999999997,-7480000.0,-0.139813,-8500000.0,-0.158879,0.0,-8500000.0,-0.158879,100000.0,-8600000.0,-0.160748,-1.56364,-1.56364,5500000.0,5500000.0,,
0,2001-09-30,DVCR,2001-11-14 00:00:00,2001-11-14 00:00:00,Q3,52800000,51200000,1700000.0,0.032197,0.0,8700000.0,0.0,0.0,11399999.999999998,0.0,0.0,1430000.0000000002,-8370000.0,-0.158523,-9700000.0,-0.183712,0.0,-9700000.0,-0.183712,100000.0,-9900000.0,-0.1875,-1.8,-1.8,5500000.0,5500000.0,https://www.sec.gov/Archives/edgar/data/919956/000095014401509045/0000950144-01-509045-index.html,https://www.sec.gov/Archives/edgar/data/919956/000095014401509045/g72702e10-q.txt
0,2001-06-30,DVCR,2001-08-14 00:00:00,2001-08-14 00:00:00,Q2,50200000,41100000,9000000.0,0.179283,0.0,8600000.0,0.0,0.0,11399999.999999998,0.0,0.0,1400000.0,-899999.9999999999,-0.017928,-2300000.0,-0.045817,0.0,-2300000.0,-0.045817,100000.0,-2400000.0,-0.047809,-0.43636,-0.43636,5500000.0,5500000.0,https://www.sec.gov/Archives/edgar/data/919956/000095014401505896/0000950144-01-505896-index.html,https://www.sec.gov/Archives/edgar/data/919956/000095014401505896/g71016e10-q.txt
0,2001-03-31,DVCR,,,Q1,49700000,39700000,10000000,0.201207,0.0,8400000.0,0.0,0.0,11399999.999999998,0.0,0.0,1410000.0,10000.0,0.000201,-1400000.0,-0.028169,0.0,-1400000.0,-0.028169,100000.0,-1500000.0,-0.030181,-0.27273,-0.27273,5500000.0,5500000.0,,
0,2000-12-31,DVCR,,,Q4,50100000,41500000,8600000.0,0.171657,0.0,8100000.0,0.0,0.0,12899999.999999998,0.0,0.0,1989999.9999999998,-2310000.0,-0.046108,-4200000.0,-0.083832,0.0,-4200000.0,-0.083832,-100000.0,-4200000.0,-0.083832,-0.76364,-0.76364,5500000.0,5500000.0,,
0,2000-09-30,DVCR,2000-11-14 00:00:00,2000-11-14 00:00:00,Q3,50300000,38600000,11700000,0.232604,0.0,8300000.0,0.0,0.0,11500000,0.0,0.0,1230000.0,1430000.0,0.028429,200000.0,0.003976,0.0,200000.0,0.003976,100000.0,100000.0,0.001988,0.01818,0.01818,5500000.0,5500000.0,https://www.sec.gov/Archives/edgar/data/919956/000095014400013781/0000950144-00-013781-index.html,https://www.sec.gov/Archives/edgar/data/919956/000095014400013781/g65389e10-q.txt
0,2000-06-30,DVCR,2000-08-14 00:00:00,2000-08-14 00:00:00,Q2,48300000,37200000,11100000,0.229814,0.0,8100000.0,0.0,0.0,10899999.999999998,0.0,0.0,1150000.0,1250000.0,0.02588,100000.0,0.00207,0.0,100000.0,0.00207,0.0,100000.0,0.00207,0.01818,0.01818,5500000.0,5500000.0,https://www.sec.gov/Archives/edgar/data/919956/000095014400010586/0000950144-00-010586-index.html,https://www.sec.gov/Archives/edgar/data/919956/000095014400010586/e10-q.txt
0,2000-03-31,DVCR,2000-05-15 00:00:00,2000-05-15 00:00:00,Q1,47300000,36400000,10900000,0.230444,0.0,8100000.0,0.0,0.0,10800000.000000004,0.0,0.0,1230000.0,1330000.0,0.028118,100000.0,0.002114,0.0,100000.0,0.002114,0.0,100000.0,0.002114,0.01818,0.01818,5500000.0,5500000.0,https://www.sec.gov/Archives/edgar/data/919956/000095014400006838/0000950144-00-006838-index.html,https://www.sec.gov/Archives/edgar/data/919956/0000950144-00-006838.txt
0,1999-12-31,DVCR,,,Q4,46200000,37100000,9100000.0,0.19697,0.0,7600000.0,0.0,0.0,11100000.000000002,0.0,0.0,1719999.9999999998,-380000.0000000002,-0.008225,-2000000.0,-0.04329,0.0,-2000000.0,-0.04329,11800000,-13900000,-0.300866,-2.57407,-2.57407,5400000.0,5400000.0,,
0,1999-09-30,DVCR,,,Q3,44500000,39700000,4800000.0,0.107865,0.0,8700000.0,0.0,0.0,11399999.999999998,0.0,0.0,1150000.0000000005,-5450000.0,-0.122472,-6600000.0,-0.148315,0.0,-6600000.0,-0.148315,-2400000.0,-4200000.0,-0.094382,-0.76364,-0.76364,5500000.0,5500000.0,,
0,1999-06-30,DVCR,,,Q2,44600000,38000000,6600000.0,0.147982,0.0,8200000.0,0.0,0.0,10700000.000000004,0.0,0.0,1150000.0,-2950000.0,-0.066143,-4100000.0,-0.091928,0.0,-4100000.0,-0.091928,-1500000.0,-2600000.0,-0.058296,-0.48148,-0.48148,5400000.0,5400000.0,,
0,1999-03-31,DVCR,,,Q1,46700000,37700000,9000000.0,0.192719,0.0,7600000.0,0.0,0.0,10099999.999999994,0.0,0.0,1150000.0,-250000.0,-0.005353,-1100000.0,-0.023555,0.0,-1100000.0,-0.023555,-400000.0,-1000000.0,-0.021413,-0.18519,-0.18519,5400000.0,5400000.0,,
0,1998-12-31,DVCR,,,Q4,49700000,41200000,8400000.0,0.169014,0.0,7500000.0,0.0,0.0,14599999.999999994,0.0,0.0,1020000.0,-5080000.0,-0.102213,-6100000.0,-0.122736,0.0,-6100000.0,-0.122736,-2200000.0,-3900000.0,-0.078471,-0.72222,-0.72222,5400000.0,5400000.0,,
0,1998-09-30,DVCR,,,Q3,51300000,40200000,11100000,0.216374,0.0,7500000.0,0.0,0.0,9899999.999999998,0.0,0.0,1019999.9999999998,2320000.0,0.045224,1300000.0,0.025341,0.0,1300000.0,0.025341,500000.0,800000.0,0.015595,0.14815,0.14815,5400000.0,5400000.0,,
0,1998-06-30,DVCR,,,Q2,52700000,42100000,10600000,0.201139,0.0,7500000.0,0.0,0.0,11100000.000000002,0.0,0.0,840000.0000000001,340000.0000000001,0.006452,-500000.0,-0.009488,0.0,-500000.0,-0.009488,-200000.0,-300000.0,-0.005693,-0.05556,-0.05556,5400000.0,5400000.0,,
0,1998-03-31,DVCR,,,Q1,51500000,41300000,10200000,0.198058,0.0,7500000.0,0.0,0.0,9600000.000000002,0.0,0.0,960000.0,1560000.0,0.030291,600000.0,0.01165,0.0,600000.0,0.01165,200000.0,400000.0,0.007767,0.07407,0.07407,5400000.0,5400000.0,,
0,1997-12-31,DVCR,,,Q4,50900000,41500000,9400000.0,0.184676,0.0,7200000.0,0.0,0.0,9299999.999999996,0.0,0.0,859999.9999999999,1060000.0,0.020825,200000.0,0.003929,0.0,200000.0,0.003929,100000.0,100000.0,0.001965,0.01852,0.01852,5400000.0,5400000.0,,
0,1997-09-30,DVCR,,,Q3,43700000,36100000,7500000.0,0.171625,0.0,5900000.0,0.0,0.0,7100000.000000001,0.0,0.0,669999.9999999999,1170000.0,0.026773,500000.0,0.011442,0.0,500000.0,0.011442,200000.0,300000.0,0.006865,0.05556,0.05556,5400000.0,5400000.0,,
0,1997-06-30,DVCR,,,Q2,44200000,34900000,9400000.0,0.21267,0.0,6200000.0,0.0,0.0,7300000.000000004,0.0,0.0,670000.0,2770000.0,0.06267,2100000.0,0.047511,0.0,2100000.0,0.047511,800000.0,1300000.0,0.029412,0.24528,0.24528,5300000.0,5300000.0,,
0,1997-03-31,DVCR,,,Q1,43400000,34100000,9400000.0,0.21659,0.0,6200000.0,0.0,0.0,7399999.999999999,0.0,0.0,660000.0,2660000.0,0.06129,2000000.0,0.046083,0.0,2000000.0,0.046083,700000.0,1300000.0,0.029954,0.24528,0.24528,5300000.0,5300000.0,,
0,1996-12-31,DVCR,,,Q4,44300000,34900000,9400000.0,0.21219,0.0,6000000.0,0.0,0.0,7000000.0,0.0,0.0,669999.9999999999,2970000.0,0.067043,2300000.0,0.051919,0.0,2300000.0,0.051919,800000.0,1500000.0,0.03386,0.28302,0.28302,5300000.0,5300000.0,,
0,1996-09-30,DVCR,,,Q3,42600000,33800000,8800000.0,0.206573,0.0,5800000.0,0.0,0.0,6900000.000000006,0.0,0.0,590000.0000000001,2590000.0,0.060798,2000000.0,0.046948,0.0,2000000.0,0.046948,700000.0,1300000.0,0.030516,0.24528,0.24528,5300000.0,5300000.0,,
0,1996-06-30,DVCR,,,Q2,39800000,31700000,8100000.0,0.203518,0.0,5600000.0,0.0,0.0,6400000.000000002,0.0,0.0,520000.0,2220000.0,0.055779,1600000.0,0.040201,0.0,1600000.0,0.040201,600000.0,1100000.0,0.027638,0.20755,0.20755,5300000.0,5300000.0,,
