,date,symbol,fillingDate,acceptedDate,period,revenue,costOfRevenue,grossProfit,grossProfitRatio,researchAndDevelopmentExpenses,generalAndAdministrativeExpenses,sellingAndMarketingExpenses,otherExpenses,operatingExpenses,costAndExpenses,interestExpense,depreciationAndAmortization,ebitda,ebitdaratio,operatingIncome,operatingIncomeRatio,totalOtherIncomeExpensesNet,incomeBeforeTax,incomeBeforeTaxRatio,incomeTaxExpense,netIncome,netIncomeRatio,eps,epsdiluted,weightedAverageShsOut,weightedAverageShsOutDil,link,finalLink
0,2020-09-30,MCK,2020-11-03,2020-11-03 09:07:59,Q2,5129000000,4829000000,300000000,0.05849093390524469,0.0,0.0,0.0,71000000,-271000000,4558000000,-10000000,79000000,35000000,0.006823942288945214,-44000000,-0.008578670306102555,44000000,10000000,0.0019496977968414895,122000000,133000000,0.025930980697991813,3.8466257668711656,3.8466257668711656,163000000,163000000,https://www.sec.gov/Archives/edgar/data/927653/000092765320000093/0000927653-20-000093-index.htm,https://www.sec.gov/Archives/edgar/data/927653/000092765320000093/mck-20200930.htm
0,2020-06-30,MCK,2020-08-03,2020-08-03 16:19:50,Q1,55679000000,52979000000,2700000000,0.048492250220011135,0.0,0.0,0.0,1966000000,2022000000,55001000000,60000000,217000000,871000000,0.015643,678000000,0.012177,27000000,645000000,0.011584,150000000,444000000,0.007974,2.72393,2.72393,163000000,163000000,https://www.sec.gov/Archives/edgar/data/927653/000092765320000061/0000927653-20-000061-index.htm,https://www.sec.gov/Archives/edgar/data/927653/000092765320000061/mck-20200630.htm
0,2020-03-31,MCK,2020-05-22,2020-05-22 08:38:58,Q4,58535000000,55199000000,3336000000,0.056992,0.0,0.0,-9168000000,2485000000,1743000000,56942000000,65000000,231000000,1446000000,0.024703,1593000000,0.027214,27000000,1201000000,0.020518,129000000,1021000000,0.017443,5.70391,5.70391,179000000,179000000,https://www.sec.gov/Archives/edgar/data/927653/000092765320000033/mck10k3312020.htm,https://www.sec.gov/Archives/edgar/data/927653/000092765320000033/mck10k3312020.htm
0,2019-12-31,MCK,2020-02-04 00:00:00,2020-02-04 16:08:50,Q3,59172000000,56139000000,3033000000,0.051257,0.0,0.0,0.0,2211000000,2690000000,58829000000,64000000,228000000,525000000,0.008872,343000000,0.005797,26000000,294000000,0.004969,47000000,186000000,0.003143,1.03333,1.03333,180000000,180000000,https://www.sec.gov/Archives/edgar/data/927653/000092765320000016/0000927653-20-000016-index.html,https://www.sec.gov/Archives/edgar/data/927653/000092765320000016/mck10q12312019.htm
0,2019-09-30,MCK,2019-10-30 00:00:00,2019-10-30 16:03:30,Q2,57616000000,54749000000,2867000000,0.04976,0.0,0.0,0.0,2180000000,2507000000,57256000000,64000000,234000000,-726000000,-0.012601,360000000,0.006248,-78000000,-970000000,-0.016836,-294000000,-730000000,-0.01267,-3.98907,-3.98907,183000000,183000000,https://www.sec.gov/Archives/edgar/data/927653/000092765319000021/0000927653-19-000021-index.html,https://www.sec.gov/Archives/edgar/data/927653/000092765319000021/mck10q09302019.htm
0,2019-06-30,MCK,2019-08-01 00:00:00,2019-07-31 18:13:10,Q1,55728000000,52941000000,2787000000,0.050011,0.0,0.0,0.0,2113000000,2180000000,55121000000,56000000,229000000,844000000,0.015145,607000000,0.010892,37000000,619000000,0.011108,136000000,423000000,0.00759,2.2381,2.2381,189000000,189000000,https://www.sec.gov/Archives/edgar/data/927653/000092765319000015/0000927653-19-000015-index.html,https://www.sec.gov/Archives/edgar/data/927653/000092765319000015/mck10q06302019.htm
0,2019-03-31,MCK,2019-05-15 00:00:00,2019-05-15 07:44:22,Q4,52429000000,49228000000,3201000000,0.061054,0.0,0.0,-8403000000,2221000000,3797000000,53025000000,70000000,235000000,-305000000,-0.005817,-596000000,-0.011368,38000000,-633000000,-0.012073,186000000,-796000000,-0.015182,-4.18947,-4.18947,190000000,190000000,https://www.sec.gov/Archives/edgar/data/927653/000092765319000009/0000927653-19-000009-index.html,https://www.sec.gov/Archives/edgar/data/927653/000092765319000009/mck_10kx3312019.htm
0,2018-12-31,MCK,2019-01-31 00:00:00,2019-01-31 16:27:43,Q3,56208000000,53238000000,2970000000,0.052839,0.0,0.0,0.0,2129000000,2312000000,55550000000,67000000,239000000,871000000,0.015496,658000000,0.011707,84000000,650000000,0.011564,96000000,469000000,0.008344,2.40513,2.40513,195000000,195000000,https://www.sec.gov/Archives/edgar/data/927653/000092765319000005/0000927653-19-000005-index.html,https://www.sec.gov/Archives/edgar/data/927653/000092765319000005/mck_10qx12312018.htm
0,2018-09-30,MCK,2018-10-25 00:00:00,2018-10-25 16:06:46,Q2,53075000000,50271000000,2804000000,0.052831,0.0,0.0,0.0,1996000000,2141000000,52412000000,66000000,240000000,858000000,0.016166,663000000,0.012492,20000000,587000000,0.01106,53000000,499000000,0.009402,2.50754,2.50754,199000000,199000000,https://www.sec.gov/Archives/edgar/data/927653/000092765318000020/0000927653-18-000020-index.html,https://www.sec.gov/Archives/edgar/data/927653/000092765318000020/mck_10qx09302018.htm
0,2018-06-30,MCK,2018-07-26 00:00:00,2018-07-26 16:09:30,Q1,52607000000,49828000000,2779000000,0.052826,0.0,0.0,0.0,2010000000,2728000000,52556000000,61000000,235000000,265000000,0.005037,51000000,0.000969,40000000,6000000.0,0.000114,107000000,-138000000,-0.002623,-0.68317,-0.68317,202000000,202000000,https://www.sec.gov/Archives/edgar/data/927653/000092765318000015/0000927653-18-000015-index.html,https://www.sec.gov/Archives/edgar/data/927653/000092765318000015/mck_10qx06302018.htm
0,2018-03-31,MCK,2018-05-24 00:00:00,2018-05-24 16:27:59,Q4,51628000000,48553000000,3075000000,0.059561,0.0,0.0,-8138000000,2257000000,4141000000,52694000000,79000000,254000000,-779000000,-0.015089,-1066000000,-0.020648,28000000,-1094000000,-0.02119,34000000,-1146000000,-0.022197,-5.59024,-5.59024,205000000,205000000,https://www.sec.gov/Archives/edgar/data/927653/000092765318000010/0000927653-18-000010-index.html,https://www.sec.gov/Archives/edgar/data/927653/000092765318000010/mck_10kx3312018.htm
0,2017-12-31,MCK,2018-02-01 00:00:00,2018-02-01 16:05:47,Q3,53617000000,50902000000,2715000000,0.050637,0.0,0.0,0.0,1960000000,1881000000,52783000000,67000000,234000000,1767000000,0.032956,834000000,0.015555,20000000,697000000,0.013,563000000,903000000,0.016842,4.34135,4.34135,208000000,208000000,https://www.sec.gov/Archives/edgar/data/927653/000092765318000005/0000927653-18-000005-index.html,https://www.sec.gov/Archives/edgar/data/927653/000092765318000005/mck_10qx12312017.htm
0,2017-09-30,MCK,2017-10-27 00:00:00,2017-10-27 07:11:33,Q2,52061000000,49227000000,2834000000,0.054436,0.0,0.0,0.0,2003000000,2595000000,51822000000,69000000,236000000,428000000,0.008221,239000000,0.004591,69000000,178000000,0.003419,122000000,1000000.0,1.9e-05,0.00476,0.00476,210000000,210000000,https://www.sec.gov/Archives/edgar/data/927653/000092765317000018/0000927653-17-000018-index.html,https://www.sec.gov/Archives/edgar/data/927653/000092765317000018/mck_10qx09302017.htm
0,2017-06-30,MCK,2017-07-27 00:00:00,2017-07-27 16:05:26,Q1,51051000000,48491000000,2560000000,0.050146,0.0,0.0,0.0,1938000000,1927000000,50418000000,68000000,227000000,699000000,0.013692,633000000,0.012399,13000000,458000000,0.008971,95000000,309000000,0.006053,1.4507,1.4507,213000000,213000000,https://www.sec.gov/Archives/edgar/data/927653/000092765317000011/0000927653-17-000011-index.html,https://www.sec.gov/Archives/edgar/data/927653/000092765317000011/mck_10qx06302017.htm
0,2017-03-31,MCK,2017-05-22 00:00:00,2017-05-22 16:43:21,Q4,48713000000,45917000000,2796000000,0.057397,0.0,0.0,-7466000000,2017000000,-1928000000,43989000000,77000000,247000000,4956000000,0.101739,4724000000,0.096976,27000000,4674000000,0.09595,1044000000,3588000000,0.073656,16.76636,16.76636,214000000,214000000,https://www.sec.gov/Archives/edgar/data/927653/000092765317000007/0000927653-17-000007-index.html,https://www.sec.gov/Archives/edgar/data/927653/000092765317000007/mck_10kx3312017.htm
0,2016-12-31,MCK,2017-01-26 00:00:00,2017-01-26 16:03:34,Q3,50130000000,47318000000,2812000000,0.056094,0.0,0.0,0.0,1909000000,1984000000,49302000000,74000000,204000000,1042000000,0.020786,828000000,0.016517,26000000,780000000,0.01556,131000000,633000000,0.012627,2.85135,2.85135,222000000,222000000,https://www.sec.gov/Archives/edgar/data/927653/000092765317000003/0000927653-17-000003-index.html,https://www.sec.gov/Archives/edgar/data/927653/000092765317000003/mck_10qx12312016.htm
0,2016-09-30,MCK,2016-10-27 00:00:00,2016-10-27 16:25:41,Q2,49957000000,47201000000,2756000000,0.055167,0.0,0.0,0.0,1886000000,2176000000,49377000000,78000000,217000000,802000000,0.016054,580000000,0.01161,23000000,525000000,0.010509,200000000,307000000,0.006145,1.34649,1.34649,228000000,228000000,https://www.sec.gov/Archives/edgar/data/927653/000092765316000031/0000927653-16-000031-index.html,https://www.sec.gov/Archives/edgar/data/927653/000092765316000031/mck_10qx09302016.htm
0,2016-06-30,MCK,2016-07-27 00:00:00,2016-07-27 16:29:38,Q1,49733000000,46826000000,2907000000,0.058452,0.0,0.0,0.0,1935000000,1935000000,48761000000,79000000,242000000,1102000000,0.022158,972000000,0.019544,19000000,912000000,0.018338,239000000,542000000,0.010898,2.37719,2.37719,228000000,228000000,https://www.sec.gov/Archives/edgar/data/927653/000092765316000024/0000927653-16-000024-index.html,https://www.sec.gov/Archives/edgar/data/927653/000092765316000024/mck_10qx06302016.htm
0,2016-03-31,MCK,2016-05-05 00:00:00,2016-05-05 16:12:14,Q4,46678000000,43826000000,2852000000,0.061099,0.0,0.0,-7276000000,2112000000,2112000000,45938000000,86000000,214000000,935000000,0.020031,740000000,0.015853,15000000,669000000,0.014332,204000000,431000000,0.009233,1.8821,1.8821,229000000,229000000,https://www.sec.gov/Archives/edgar/data/927653/000092765316000020/0000927653-16-000020-index.html,https://www.sec.gov/Archives/edgar/data/927653/000092765316000020/mck_10kx3312016.htm
0,2015-12-31,MCK,2016-01-27 00:00:00,2016-01-27 16:25:21,Q3,47899000000,45027000000,2872000000,0.059959,0.0,0.0,0.0,1952000000,1952000000,46979000000,87000000,220000000,1145000000,0.023904,920000000,0.019207,13000000,846000000,0.017662,204000000,634000000,0.013236,2.73276,2.73276,232000000,232000000,https://www.sec.gov/Archives/edgar/data/927653/000092765316000016/0000927653-16-000016-index.html,https://www.sec.gov/Archives/edgar/data/927653/000092765316000016/mck_10qx12312015.htm
0,2015-09-30,MCK,2015-10-29 00:00:00,2015-10-29 16:05:50,Q2,48761000000,45917000000,2844000000,0.058325,0.0,0.0,0.0,1890000000,1890000000,47807000000,91000000,222000000,1174000000,0.024077,954000000,0.019565,17000000,880000000,0.018047,244000000,617000000,0.012654,2.62553,2.62553,235000000,235000000,https://www.sec.gov/Archives/edgar/data/927653/000092765315000013/0000927653-15-000013-index.html,https://www.sec.gov/Archives/edgar/data/927653/000092765315000013/mck_10qx09302015.htm
0,2015-06-30,MCK,2015-07-29 00:00:00,2015-07-29 16:26:47,Q1,47546000000,44698000000,2848000000,0.0599,0.0,0.0,0.0,1917000000,1917000000,46615000000,89000000,229000000,1150000000,0.024187,931000000,0.019581,13000000,855000000,0.017983,256000000,576000000,0.012115,2.45106,2.45106,235000000,235000000,https://www.sec.gov/Archives/edgar/data/927653/000092765315000006/0000927653-15-000006-index.html,https://www.sec.gov/Archives/edgar/data/927653/000092765315000006/mck_10qx06302015.htm
0,2015-03-31,MCK,2015-05-12 00:00:00,2015-05-12 16:56:22,Q4,43224000000,40475000000,2749000000,0.063599,0.0,0.0,-7901000000,1887000000,2037000000,42512000000,77000000,224000000,661000000,0.015292,712000000,0.016472,6000000.0,641000000,0.01483,228000000,132000000,0.003054,0.5617,0.5617,235000000,235000000,https://www.sec.gov/Archives/edgar/data/927653/000162828015004098/0001628280-15-004098-index.html,https://www.sec.gov/Archives/edgar/data/927653/000162828015004098/mck_10kx3312015.htm
0,2014-12-31,MCK,2015-02-05,2015-02-05 16:43:42,Q3,47005000000,44063000000,2942000000,0.062589,0.0,0.0,0.0,2162000000,2162000000,46225000000,97000000,255000000,1007000000,0.021423,780000000,0.016594,13000000,696000000,0.014807,183000000,472000000,0.010041,2.0,2.0,236000000,236000000,https://www.sec.gov/Archives/edgar/data/927653/000162828015000491/mck_10qx12312014.htm,https://www.sec.gov/Archives/edgar/data/927653/000162828015000491/mck_10qx12312014.htm
0,2014-09-30,MCK,2014-10-28 00:00:00,2014-10-28 16:42:17,Q2,44160000000,41296000000,2864000000,0.064855,0.0,0.0,0.0,2077000000,2077000000,43373000000,99000000,258000000,1049000000,0.023755,787000000,0.017822,22000000,714000000,0.016168,223000000,469000000,0.01062,1.99574,1.99574,235000000,235000000,https://www.sec.gov/Archives/edgar/data/927653/000144530514004514/0001445305-14-004514-index.html,https://www.sec.gov/Archives/edgar/data/927653/000144530514004514/mck_10qx09302014.htm
0,2014-06-30,MCK,2014-07-31 00:00:00,2014-07-31 16:17:18,Q1,43476000000,40744000000,2732000000,0.062839,0.0,0.0,0.0,2051000000,2051000000,42795000000,101000000,280000000,969000000,0.022288,681000000,0.015664,19000000,604000000,0.013893,185000000,403000000,0.009269,1.73707,1.73707,232000000,232000000,https://www.sec.gov/Archives/edgar/data/927653/000144530514003299/0001445305-14-003299-index.html,https://www.sec.gov/Archives/edgar/data/927653/000144530514003299/mck_10qx06302014.htm
0,2014-03-31,MCK,2014-05-14 00:00:00,2014-05-13 21:41:08,Q4,37832000000,35281000000,2551000000,0.06743,0.0,0.0,-5418000000,1946000000,1946000000,37227000000,116000000,229000000,831000000,0.021966,605000000,0.015992,23000000,515000000,0.013613,116000000,370000000,0.00978,1.58798,1.58798,233000000,233000000,https://www.sec.gov/Archives/edgar/data/927653/000144530514002132/0001445305-14-002132-index.html,https://www.sec.gov/Archives/edgar/data/927653/000144530514002132/mck_10kx3312014.htm
0,2013-12-31,MCK,2014-01-30,2014-01-30 16:21:45,Q3,34336000000,32486000000,1850000000,0.053879,0.0,0.0,0.0,1339000000,1357000000,33843000000,69000000,143000000,531000000,0.015465,493000000,0.014358,-6000000.0,418000000,0.012174,254000000,65000000,0.001893,0.27778,0.27778,234000000,234000000,https://www.sec.gov/Archives/edgar/data/927653/000144530514000159/mck_10qx12312013.htm,https://www.sec.gov/Archives/edgar/data/927653/000144530514000159/mck_10qx12312013.htm
0,2013-09-30,MCK,2013-10-24 00:00:00,2013-10-24 16:40:22,Q2,32985000000,30964000000,2021000000,0.06127,0.0,0.0,0.0,1300000000,1335000000,32299000000,59000000,178000000,854000000,0.025891,686000000,0.020797,9000000.0,636000000,0.019281,213000000,404000000,0.012248,1.73391,1.73391,233000000,233000000,https://www.sec.gov/Archives/edgar/data/927653/000144530513002484/0001445305-13-002484-index.html,https://www.sec.gov/Archives/edgar/data/927653/000144530513002484/mck_10qx09302013.htm
0,2013-06-30,MCK,2013-07-25 00:00:00,2013-07-25 16:23:03,Q1,32239000000,30309000000,1930000000,0.059865,0.0,0.0,0.0,1260000000,1275000000,31584000000,59000000,154000000,811000000,0.025156,655000000,0.020317,6000000.0,602000000,0.018673,174000000,424000000,0.013152,1.82759,1.82759,232000000,232000000,https://www.sec.gov/Archives/edgar/data/927653/000156178713000013/0001561787-13-000013-index.html,https://www.sec.gov/Archives/edgar/data/927653/000156178713000013/mck_10qx06302013.htm
0,2013-03-31,MCK,2013-05-07 00:00:00,2013-05-07 16:33:17,Q4,30516000000,28557000000,1959000000,0.064196,0.0,0.0,805000000,1302000000,1505000000,30062000000,70000000,147000000,603000000,0.01976,454000000,0.014877,6000000.0,390000000,0.01278,127000000,259000000,0.008487,1.09746,1.09746,236000000,236000000,https://www.sec.gov/Archives/edgar/data/927653/000156178713000010/0001561787-13-000010-index.html,https://www.sec.gov/Archives/edgar/data/927653/000156178713000010/mck_10kx3312013.htm
0,2012-12-31,MCK,2013-01-31 00:00:00,2013-01-31 16:21:52,Q3,31099000000,29454000000,1645000000,0.052896,0.0,0.0,0.0,1080000000,1147000000,30601000000,59000000,131000000,631000000,0.02029,498000000,0.016013,10000000,449000000,0.014438,143000000,298000000,0.009582,1.24167,1.24167,240000000,240000000,https://www.sec.gov/Archives/edgar/data/927653/000156178713000004/0001561787-13-000004-index.html,https://www.sec.gov/Archives/edgar/data/927653/000156178713000004/mck_10qx12312012.htm
0,2012-09-30,MCK,2012-10-25 00:00:00,2012-10-25 16:12:17,Q2,29755000000,28072000000,1683000000,0.056562,0.0,0.0,0.0,1110000000,1077000000,29149000000,55000000,127000000,745000000,0.025038,606000000,0.020366,10000000,561000000,0.018854,162000000,401000000,0.013477,1.67083,1.67083,240000000,240000000,https://www.sec.gov/Archives/edgar/data/927653/000155880312000004/0001558803-12-000004-index.html,https://www.sec.gov/Archives/edgar/data/927653/000155880312000004/mck_10qx9302012.htm
0,2012-06-30,MCK,2012-07-26 00:00:00,2012-07-26 16:23:16,Q1,30699000000,29138000000,1561000000,0.050849,0.0,0.0,0.0,1129000000,985000000,30123000000,56000000,125000000,710000000,0.023128,576000000,0.018763,8000000.0,528000000,0.017199,149000000,380000000,0.012378,1.58333,1.58333,240000000,240000000,https://www.sec.gov/Archives/edgar/data/927653/000119312512316890/0001193125-12-316890-index.html,https://www.sec.gov/Archives/edgar/data/927653/000119312512316890/d371102d10q.htm
0,2012-03-31,MCK,2012-05-02,2012-05-02 16:33:22,Q4,31699000000,29849000000,1850000000,0.058361,0.0,0.0,764000000,1130000000,1143000000,30992000000,59000000,85000000,801000000,0.025269,707000000,0.022304,9000000.0,657000000,0.020726,136000000,521000000,0.016436,2.09237,2.09237,249000000,249000000,https://www.sec.gov/Archives/edgar/data/927653/000119312512204736/d318930d10k.htm,https://www.sec.gov/Archives/edgar/data/927653/000119312512204736/d318930d10k.htm
0,2011-12-31,MCK,2012-01-30 00:00:00,2012-01-30 16:47:07,Q3,30839000000,29247000000,1592000000,0.051623,0.0,0.0,0.0,1023000000,1100000000,30347000000,64000000,137000000,627000000,0.020331,492000000,0.015954,-2000000.0,426000000,0.013814,126000000,300000000,0.009728,1.19522,1.19522,251000000,251000000,https://www.sec.gov/Archives/edgar/data/927653/000119312512029656/0001193125-12-029656-index.html,https://www.sec.gov/Archives/edgar/data/927653/000119312512029656/d280827d10q.htm
0,2011-09-30,MCK,2011-10-25 00:00:00,2011-10-25 16:32:36,Q2,30216000000,28569000000,1647000000,0.054508,0.0,0.0,0.0,925000000,1169000000,29738000000,128000000,136000000,684000000,0.022637,478000000,0.015819,6000000.0,420000000,0.0139,124000000,296000000,0.009796,1.184,1.184,250000000,250000000,https://www.sec.gov/Archives/edgar/data/927653/000119312511280331/0001193125-11-280331-index.html,https://www.sec.gov/Archives/edgar/data/927653/000119312511280331/d241473d10q.htm
0,2011-06-30,MCK,2011-07-28 00:00:00,2011-07-28 16:24:57,Q1,29980000000,28471000000,1509000000,0.050334,0.0,0.0,0.0,1027000000,1037000000,29508000000,-64000000,135000000,487000000,0.016244,472000000,0.015744,8000000.0,416000000,0.013876,130000000,286000000,0.00954,1.12598,1.12598,254000000,254000000,https://www.sec.gov/Archives/edgar/data/927653/000095012311069615/0000950123-11-069615-index.html,https://www.sec.gov/Archives/edgar/data/927653/000095012311069615/f59251e10vq.htm
0,2011-03-31,MCK,2011-05-05 00:00:00,2011-05-05 16:02:58,Q4,28853000000,27102000000,1751000000,0.060687,0.0,0.0,767000000,1128000000,1128000000,28230000000,82000000,144000000,784000000,0.027172,623000000,0.021592,17000000,558000000,0.019339,136000000,422000000,0.014626,1.62308,1.62308,260000000,260000000,https://www.sec.gov/Archives/edgar/data/927653/000095012311045634/0000950123-11-045634-index.html,https://www.sec.gov/Archives/edgar/data/927653/000095012311045634/f56549e10vk.htm
0,2010-12-31,MCK,2011-02-01,2011-02-01 17:10:46,Q3,28247000000,26786000000,1461000000,0.051722,0.0,0.0,0.0,931000000,1154000000,27940000000,53000000,114000000,428000000,0.015152,307000000,0.010868,7000000.0,261000000,0.00924,106000000,155000000,0.005487,0.60078,0.60078,258000000,258000000,https://www.sec.gov/Archives/edgar/data/927653/000095012311007913/f57361e10vq.htm,https://www.sec.gov/Archives/edgar/data/927653/000095012311007913/f57361e10vq.htm
0,2010-09-30,MCK,2010-10-26 00:00:00,2010-10-26 16:24:48,Q2,27534000000,26168000000,1366000000,0.049611,0.0,0.0,0.0,925000000,949000000,27117000000,44000000,118000000,610000000,0.022154,417000000,0.015145,3000000.0,376000000,0.013656,121000000,327000000,0.011876,1.24809,1.24809,262000000,262000000,https://www.sec.gov/Archives/edgar/data/927653/000095012310096135/0000950123-10-096135-index.html,https://www.sec.gov/Archives/edgar/data/927653/000095012310096135/f56548e10vq.htm
0,2010-06-30,MCK,2010-07-30 00:00:00,2010-07-30 16:38:31,Q1,27450000000,26058000000,1392000000,0.05071,0.0,0.0,0.0,918000000,918000000,26976000000,43000000,120000000,603000000,0.021967,474000000,0.017268,9000000.0,440000000,0.016029,142000000,298000000,0.010856,1.09559,1.09559,272000000,272000000,https://www.sec.gov/Archives/edgar/data/927653/000095012310070537/0000950123-10-070537-index.html,https://www.sec.gov/Archives/edgar/data/927653/000095012310070537/f56102e10vq.htm
0,2010-03-31,MCK,2010-05-04 00:00:00,2010-05-04 16:25:08,Q4,26643000000,25060000000,1583000000,0.059415,0.0,0.0,746000000,1010000000,1010000000,26070000000,-45000000,124000000,611000000,0.022933,573000000,0.021507,4000000.0,532000000,0.019968,184000000,348000000,0.013062,1.26545,1.26545,275000000,275000000,https://www.sec.gov/Archives/edgar/data/927653/000095012310043581/0000950123-10-043581-index.html,https://www.sec.gov/Archives/edgar/data/927653/000095012310043581/f54765e10vk.htm
0,2009-12-31,MCK,2010-01-26 00:00:00,2010-01-26 16:42:35,Q3,28272000000,26817000000,1455000000,0.051464,0.0,0.0,0.0,946000000,946000000,27763000000,47000000,126000000,660000000,0.023345,509000000,0.018004,25000000,487000000,0.017226,161000000,326000000,0.011531,1.18978,1.18978,274000000,274000000,https://www.sec.gov/Archives/edgar/data/927653/000095012310005311/0000950123-10-005311-index.html,https://www.sec.gov/Archives/edgar/data/927653/000095012310005311/f54087e10vq.htm
0,2009-09-30,MCK,2009-10-27 00:00:00,2009-10-27 17:07:26,Q2,27130000000,25795000000,1335000000,0.049208,0.0,0.0,0.0,888000000,868000000,26663000000,47000000,113000000,584000000,0.021526,467000000,0.017213,4000000.0,424000000,0.015628,123000000,301000000,0.011095,1.1107,1.1107,271000000,271000000,https://www.sec.gov/Archives/edgar/data/927653/000095012309053715/0000950123-09-053715-index.html,https://www.sec.gov/Archives/edgar/data/927653/000095012309053715/f53314e10vq.htm
0,2009-06-30,MCK,2009-07-28 00:00:00,2009-07-28 16:45:15,Q1,26657000000,25354000000,1303000000,0.04888,0.0,0.0,0.0,844000000,844000000,26198000000,48000000,111000000,580000000,0.021758,459000000,0.017219,10000000,421000000,0.015793,133000000,288000000,0.010804,1.05882,1.05882,272000000,272000000,https://www.sec.gov/Archives/edgar/data/927653/000095012309026374/0000950123-09-026374-index.html,https://www.sec.gov/Archives/edgar/data/927653/000095012309026374/f53016e10vq.htm
0,2009-03-31,MCK,2009-05-05 00:00:00,2009-05-05 17:00:00,Q4,26224000000,24759000000,1465000000,0.055865,0.0,0.0,743000000,967000000,1027000000,25786000000,42000000,111000000,550000000,0.020973,438000000,0.016702,1000000.0,397000000,0.015139,116000000,281000000,0.010715,1.01444,1.01444,277000000,277000000,https://www.sec.gov/Archives/edgar/data/927653/000095013409009477/0000950134-09-009477-index.html,https://www.sec.gov/Archives/edgar/data/927653/000095013409009477/f52248e10vk.htm
0,2008-12-31,MCK,2009-01-27 00:00:00,2009-01-27 17:19:37,Q3,27130000000,25787000000,1343000000,0.049502,0.0,0.0,0.0,904000000,1397000000,27184000000,33000000,112000000,75000000,0.002764,-54000000,-0.00199,17000000,-70000000,-0.00258,-50000000,-20000000,-0.000737,-0.07299,-0.07299,274000000,274000000,https://www.sec.gov/Archives/edgar/data/927653/000089161809000020/0000891618-09-000020-index.html,https://www.sec.gov/Archives/edgar/data/927653/000089161809000020/f51204e10vq.htm
0,2008-09-30,MCK,2008-10-29 00:00:00,2008-10-29 17:12:55,Q2,26574000000,25272000000,1302000000,0.048995,0.0,0.0,0.0,921000000,921000000,26193000000,35000000,112000000,526000000,0.019794,381000000,0.014337,33000000,379000000,0.014262,52000000,327000000,0.012305,1.16786,1.16786,280000000,280000000,https://www.sec.gov/Archives/edgar/data/927653/000089161808000466/0000891618-08-000466-index.html,https://www.sec.gov/Archives/edgar/data/927653/000089161808000466/f50020e10vq.htm
0,2008-06-30,MCK,2008-07-24 00:00:00,2008-07-24 16:01:54,Q1,26704000000,25436000000,1268000000,0.047484,0.0,0.0,0.0,897000000,897000000,26333000000,34000000,106000000,498000000,0.018649,371000000,0.013893,21000000,358000000,0.013406,123000000,235000000,0.0088,0.83333,0.83333,282000000,282000000,https://www.sec.gov/Archives/edgar/data/927653/000095014908000084/0000950149-08-000084-index.html,https://www.sec.gov/Archives/edgar/data/927653/000095014908000084/f42380e10vq.htm
0,2008-03-31,MCK,2008-05-07 00:00:00,2008-05-07 16:04:13,Q4,26231000000,24784000000,1447000000,0.055164,0.0,0.0,744000000,966000000,966000000,25750000000,34000000,100000000,600000000,0.022874,481000000,0.018337,17000000,464000000,0.017689,159000000,307000000,0.011704,1.05498,1.05498,291000000,291000000,https://www.sec.gov/Archives/edgar/data/927653/000095014908000067/0000950149-08-000067-index.html,https://www.sec.gov/Archives/edgar/data/927653/000095014908000067/f39986e10vk.htm
0,2007-12-31,MCK,2008-02-01,2008-02-01 16:52:30,Q3,26494000000,25290000000,1204000000,0.045444,0.0,0.0,0.0,922000000,922000000,26212000000,36000000,93000000,406000000,0.015324,282000000,0.010644,31000000,277000000,0.010455,76000000,201000000,0.007587,0.67677,0.67677,297000000,297000000,https://www.sec.gov/Archives/edgar/data/927653/000095013408001520/f37535e10vq.htm,https://www.sec.gov/Archives/edgar/data/927653/000095013408001520/f37535e10vq.htm
0,2007-09-30,MCK,2007-10-31 00:00:00,2007-10-31 16:11:31,Q2,24450000000,23269000000,1181000000,0.048303,0.0,0.0,0.0,827000000,822000000,24091000000,36000000,89000000,484000000,0.019796,359000000,0.014683,36000000,359000000,0.014683,112000000,247000000,0.010102,0.82609,0.82609,299000000,299000000,https://www.sec.gov/Archives/edgar/data/927653/000095013407022397/0000950134-07-022397-index.html,https://www.sec.gov/Archives/edgar/data/927653/000095013407022397/f34826e10vq.htm
0,2007-06-30,MCK,2007-07-30 00:00:00,2007-07-30 17:16:01,Q1,24528000000,23351000000,1177000000,0.047986,0.0,0.0,0.0,821000000,821000000,24172000000,36000000,89000000,481000000,0.01961,356000000,0.014514,37000000,357000000,0.014555,121000000,235000000,0.009581,0.77303,0.77303,304000000,304000000,https://www.sec.gov/Archives/edgar/data/927653/000095013407016188/0000950134-07-016188-index.html,https://www.sec.gov/Archives/edgar/data/927653/000095013407016188/f32249e10vq.htm
0,2007-03-31,MCK,2007-05-09 00:00:00,2007-05-09 16:36:15,Q4,24165000000,22914000000,1251000000,0.051769,0.0,0.0,673000000,883000000,883000000,23797000000,31000000,87000000,481000000,0.019905,368000000,0.015229,26000000,363000000,0.015022,106000000,257000000,0.010635,0.84539,0.84539,304000000,304000000,https://www.sec.gov/Archives/edgar/data/927653/000095013407010894/0000950134-07-010894-index.html,https://www.sec.gov/Archives/edgar/data/927653/000095013407010894/f29988e10vk.htm
0,2006-12-31,MCK,2007-01-30,2007-01-30 16:07:03,Q3,23111000000,22050000000,1061000000,0.045909,0.0,0.0,0.0,743000000,743000000,22793000000,23000000,69000000,429000000,0.018563,318000000,0.01376,39000000,334000000,0.014452,94000000,243000000,0.010514,0.80464,0.80464,302000000,302000000,https://www.sec.gov/Archives/edgar/data/927653/000095013407001610/f26770e10vq.htm,https://www.sec.gov/Archives/edgar/data/927653/000095013407001610/f26770e10vq.htm
0,2006-09-30,MCK,2006-11-01,2006-11-01 16:24:59,Q2,22386000000,21362000000,1024000000,0.045743,0.0,0.0,0.0,724000000,718000000,22080000000,23000000,70000000,351000000,0.015679,306000000,0.013669,32000000,316000000,0.014116,29000000,229000000,0.01023,0.75082,0.75082,305000000,305000000,https://www.sec.gov/Archives/edgar/data/927653/000095014906000508/f24507e10vq.htm,https://www.sec.gov/Archives/edgar/data/927653/000095014906000508/f24507e10vq.htm
0,2006-06-30,MCK,2006-07-31,2006-07-31 16:23:37,Q1,23315000000,22319000000,996000000,0.042719,0.0,0.0,0.0,724000000,724000000,23043000000,22000000,69000000,376000000,0.016127,272000000,0.011666,35000000,285000000,0.012224,101000000,184000000,0.007892,0.59547,0.59547,309000000,309000000,https://www.sec.gov/Archives/edgar/data/927653/000095014906000282/f20234e10vk.htm,https://www.sec.gov/Archives/edgar/data/927653/000095014906000282/f20234e10vk.htm
0,2006-03-31,MCK,2006-05-16,2006-05-16 16:16:01,Q4,22790000000,21751000000,1039000000,0.04559,0.0,0.0,611000000,709000000,701000000,22452000000,24000000,68000000,444000000,0.019482,338000000,0.014831,42000000,355000000,0.015577,132000000,220000000,0.009653,0.70064,0.70064,314000000,314000000,https://www.sec.gov/Archives/edgar/data/927653/000095014906000282/f20234e10vk.htm,https://www.sec.gov/Archives/edgar/data/927653/000095014906000282/f20234e10vk.htm
0,2005-12-31,MCK,2006-02-01,2006-01-31 19:22:19,Q3,22240000000,21266000000,974000000,0.043795,0.0,0.0,0.0,665000000,666000000,21932000000,23000000,69000000,402000000,0.018076,308000000,0.013849,35000000,321000000,0.014433,117000000,193000000,0.008678,0.61076,0.61076,316000000,316000000,https://www.sec.gov/Archives/edgar/data/927653/000095013406001550/f16322e10vq.htm,https://www.sec.gov/Archives/edgar/data/927653/000095013406001550/f16322e10vq.htm
0,2005-09-30,MCK,2005-11-09,2005-11-09 16:18:40,Q2,21253000000,20385000000,868000000,0.040841,0.0,0.0,0.0,642000000,642000000,21027000000,22000000,61000000,337000000,0.015857,226000000,0.010634,35000000,239000000,0.011245,87000000,167000000,0.007858,0.52848,0.52848,316000000,316000000,https://www.sec.gov/Archives/edgar/data/927653/000095013405021052/f14301e10vq.htm,https://www.sec.gov/Archives/edgar/data/927653/000095013405021052/f14301e10vq.htm
0,2005-06-30,MCK,2005-08-01,2005-08-01 17:31:02,Q1,20700000000,19804000000,896000000,0.043285,0.0,0.0,0.0,590000000,642000000,20446000000,25000000,64000000,350000000,0.016908,254000000,0.012271,27000000,256000000,0.012367,90000000,171000000,0.008261,0.54286,0.54286,315000000,315000000,https://www.sec.gov/Archives/edgar/data/927653/000095013405009971/f08078e10vk.htm,https://www.sec.gov/Archives/edgar/data/927653/000095013405009971/f08078e10vk.htm
0,2005-03-31,MCK,2005-05-13,2005-05-12 20:34:43,Q4,19230000000,18304000000,926000000,0.048154,0.0,0.0,550000000,563000000,563000000,18867000000,28000000,61000000,460000000,0.023921,363000000,0.018877,22000000,357000000,0.018565,112000000,259000000,0.013469,0.86913,0.86913,298000000,298000000,https://www.sec.gov/Archives/edgar/data/927653/000095013405009971/f08078e10vk.htm,https://www.sec.gov/Archives/edgar/data/927653/000095013405009971/f08078e10vk.htm
0,2004-12-31,MCK,2005-02-01,2005-02-01 16:00:42,Q3,20769000000,19933000000,836000000,0.040252,0.0,0.0,0.0,603000000,1803000000,21736000000,31000000,62000000,-887000000,-0.042708,-967000000,-0.04656,16000000,-981000000,-0.047234,-314000000,-666000000,-0.032067,-2.26531,-2.26531,294000000,294000000,https://www.sec.gov/Archives/edgar/data/927653/000095013405001798/f04975e10vq.htm,https://www.sec.gov/Archives/edgar/data/927653/000095013405001798/f04975e10vq.htm
0,2004-09-30,MCK,2004-11-02,2004-11-01 18:07:46,Q2,19922000000,19191000000,731000000,0.036693,0.0,0.0,0.0,603000000,603000000,19794000000,30000000,61000000,204000000,0.01024,128000000,0.006425,15000000,113000000,0.005672,27000000,86000000,0.004317,0.28667,0.28667,300000000,300000000,https://www.sec.gov/Archives/edgar/data/927653/000095013404016095/f02820e10vq.htm,https://www.sec.gov/Archives/edgar/data/927653/000095013404016095/f02820e10vq.htm
0,2004-06-30,MCK,2004-07-29,2004-07-29 16:06:57,Q1,19175000000,18326000000,849000000,0.044276,0.0,0.0,0.0,589000000,589000000,18915000000,29000000,61000000,336000000,0.017523,260000000,0.013559,15000000,245000000,0.012777,82000000,164000000,0.008553,0.54667,0.54667,300000000,300000000,https://www.sec.gov/Archives/edgar/data/927653/000095014904001115/f99032e10vk.htm,https://www.sec.gov/Archives/edgar/data/927653/000095014904001115/f99032e10vk.htm
0,2004-03-31,MCK,2004-06-10,2004-06-10 17:29:01,Q4,17940000000,17045000000,895000000,0.049889,0.0,574000000,513000000,-1692000000,575000000,17620000000,33000000,156200000,490200000,0.027324,320000000,0.017837,12000000,302000000,0.016834,87000000,214000000,0.011929,0.72054,0.72054,297000000,297000000,https://www.sec.gov/Archives/edgar/data/927653/000095014904001115/f99032e10vk.htm,https://www.sec.gov/Archives/edgar/data/927653/000095014904001115/f99032e10vk.htm
0,2003-12-31,MCK,2004-01-29,2004-01-29 16:41:33,Q3,18232000000,17476000000,756000000,0.041466,0.0,571000000,0.0,571000000,571000000,18047000000,34000000,57400000,255400000,0.014008,185000000,0.010147,10000000,164000000,0.008995,44000000,120000000,0.006582,0.40134,0.40134,299000000,299000000,https://www.sec.gov/Archives/edgar/data/927653/000095014904000228/f95994e10vq.htm,https://www.sec.gov/Archives/edgar/data/927653/000095014904000228/f95994e10vq.htm
0,2003-09-30,MCK,2003-10-30,2003-10-30 16:05:22,Q2,16810000000,15998000000,812000000,0.048305,0.0,585000000,0.0,586000000,585000000,16583000000,27000000,54900000,294900000,0.017543,227000000,0.013504,15000000,212000000,0.012612,56000000,157000000,0.00934,0.52333,0.52333,300000000,300000000,https://www.sec.gov/Archives/edgar/data/927653/000095014903002451/f93287e10vq.htm,https://www.sec.gov/Archives/edgar/data/927653/000095014903002451/f93287e10vq.htm
0,2003-06-30,MCK,2003-07-31,2003-07-31 16:05:09,Q1,16524000000,15738000000,787000000,0.047628,0.0,535000000,0.0,535000000,535000000,16273000000,26000000,53000000,313000000,0.018942,252000000,0.015251,12000000,234000000,0.014161,78000000,156000000,0.009441,0.52349,0.52349,298000000,298000000,https://www.sec.gov/Archives/edgar/data/927653/000095014903001297/f90251e10vk.htm,https://www.sec.gov/Archives/edgar/data/927653/000095014903001297/f90251e10vk.htm
0,2003-03-31,MCK,2003-06-06,2003-06-05 19:14:06,Q4,14886000000,14002000000,885000000,0.059452,0.0,589000000,499000000,-1583000000,588000000,14590000000,26000000,52900000.00000001,350900000,0.023572,296000000,0.019884,8000000.0,275000000,0.018474,93000000,179000000,0.012025,0.60067,0.60067,298000000,298000000,https://www.sec.gov/Archives/edgar/data/927653/000095014903001297/f90251e10vk.htm,https://www.sec.gov/Archives/edgar/data/927653/000095014903001297/f90251e10vk.htm
0,2002-12-31,MCK,2003-02-13,2003-02-13 13:43:59,Q3,14921000000,14193000000,728000000,0.04879,0.0,518000000,0.0,518000000,518000000,14711000000,28000000,49999999.99999999,281000000,0.018833,210000000,0.014074,24000000,204000000,0.013672,69000000,134000000,0.008981,0.44966,0.44966,298000000,298000000,https://www.sec.gov/Archives/edgar/data/927653/000095014903000297/f87627e10vq.htm,https://www.sec.gov/Archives/edgar/data/927653/000095014903000297/f87627e10vq.htm
0,2002-09-30,MCK,2002-11-13,2002-11-12 22:00:37,Q2,13690000000,12951000000,739000000,0.053981,0.0,519000000,0.0,517000000,519000000,13470000000,30000000,50300000.00000001,265300000,0.019379,220000000,0.01607,4000000.0,189000000,0.013806,62000000,123000000,0.008985,0.41,0.41,300000000,300000000,https://www.sec.gov/Archives/edgar/data/927653/000095014902002266/f85481e10vq.htm,https://www.sec.gov/Archives/edgar/data/927653/000095014902002266/f85481e10vq.htm
0,2002-06-30,MCK,2002-08-09,2002-08-09 12:07:03,Q1,13623000000,12872000000,751000000,0.055127,0.0,546000000,0.0,548000000,547000000,13419000000,30000000,50500000,263500000,0.019342,205000000,0.015048,10000000,184000000,0.013507,64000000,119000000,0.008735,0.39535,0.39535,301000000,301000000,https://www.sec.gov/Archives/edgar/data/927653/000095014902001196/f82011e10vk.htm,https://www.sec.gov/Archives/edgar/data/927653/000095014902001196/f82011e10vk.htm
0,2002-03-31,MCK,2002-06-12,2002-06-12 17:20:03,Q4,12987000000,12204000000,783000000,0.060291,0.0,581000000,-1091000000,0.0,562000000,12766000000,31000000,53700000,274700000,0.021152,221000000,0.017017,3000000.0,192000000,0.014784,63000000,127000000,0.009779,0.42475,0.42475,299000000,299000000,https://www.sec.gov/Archives/edgar/data/927653/000095014902001196/f82011e10vk.htm,https://www.sec.gov/Archives/edgar/data/927653/000095014902001196/f82011e10vk.htm
0,2001-12-31,MCK,2002-02-14,2002-02-14 00:00:00,Q3,13195000000,12508000000,687000000,0.052065,0.0,497000000,498000000,0.0,497000000,13005000000,27000000,50000000,247000000,0.018719,190000000,0.014399,9000000.0,172000000,0.013035,60000000,110000000,0.008336,0.36789,0.36789,299000000,299000000,https://www.sec.gov/Archives/edgar/data/927653/000095014902000289/f78929e10-q.htm,https://www.sec.gov/Archives/edgar/data/927653/000095014902000289/f78929e10-q.htm
0,2001-09-30,MCK,2001-11-02 00:00:00,2001-11-02 00:00:00,Q2,12156000000,11494000000,662000000,0.054459,0.0,513000000,0.0,0.0,514000000,12008000000,-27000000,51599999.99999999,152600000,0.012553,149000000,0.012257,7000000.0,128000000,0.01053,47000000,81000000,0.006663,0.2709,0.2709,299000000,299000000,https://www.sec.gov/Archives/edgar/data/927653/000095014901501609/0000950149-01-501609-index.html,https://www.sec.gov/Archives/edgar/data/927653/000095014901501609/f76619e10-q.htm
0,2001-06-30,MCK,2001-08-10 00:00:00,2001-08-10 00:00:00,Q1,11650000000,10993000000,657000000,0.056395,0.0,499000000,0.0,0.0,518000000,11511000000,-27000000,51200000,145200000,0.012464,140000000,0.012017,8000000.0,120000000,0.0103,14000000,107000000,0.009185,0.36149,0.36149,296000000,296000000,https://www.sec.gov/Archives/edgar/data/927653/000095014901501161/0000950149-01-501161-index.html,https://www.sec.gov/Archives/edgar/data/927653/000095014901501161/f74659e10-q.htm
0,2001-03-31,MCK,,,Q4,11409000000,10718000000,691000000,0.060566,0.0,854000000,0.0,0.0,854000000,11572000000,-57000000,67600000,-200400000,-0.017565,-163000000,-0.014287,9000000.0,-211000000,-0.018494,-37000000,-174000000,-0.015251,-0.61484,-0.61484,283000000,283000000,,
0,2000-12-31,MCK,,,Q3,11018000000,10416000000,602000000,0.054638,0.0,471000000,0.0,0.0,472000000,10888000000,-127000000,61300000.00000001,-56699999.99999999,-0.005146,130000000,0.011799,11000000,14000000,0.001271,6000000.0,3000000.0,0.000272,0.01017,0.01017,295000000,295000000,,
0,2000-09-30,MCK,2000-11-06 00:00:00,2000-11-06 00:00:00,Q2,9866000000,9294000000,571000000,0.057876,0.0,454000000,0.0,0.0,455000000,9749000000,-21000000,58800000,143800000,0.014575,117000000,0.011859,9000000.0,105000000,0.010643,42000000,64000000,0.006487,0.21918,0.21918,292000000,292000000,https://www.sec.gov/Archives/edgar/data/927653/000092962400001526/0000929624-00-001526-index.html,https://www.sec.gov/Archives/edgar/data/927653/000092962400001526/0000929624-00-001526-0001.txt
0,2000-06-30,MCK,2000-08-03 00:00:00,2000-08-03 00:00:00,Q1,9718000000,9151000000,567000000,0.058345,0.0,444000000,0.0,0.0,443000000,9594000000,-27000000,57700000,137700000,0.01417,123000000,0.012657,11000000,107000000,0.01101,42000000,65000000,0.006689,0.22414,0.22414,290000000,290000000,https://www.sec.gov/Archives/edgar/data/927653/000092962400001056/0000929624-00-001056-index.html,https://www.sec.gov/Archives/edgar/data/927653/000092962400001056/0000929624-00-001056-0001.txt
0,2000-03-31,MCK,2000-06-13 00:00:00,2000-06-13 00:00:00,Q4,9258000000,8744000000,514000000,0.05552,0.0,674000000,0.0,0.0,674000000,9418000000,-27000000,62200000,417200000,0.045064,-160000000,-0.017282,53000000,-134000000,-0.014474,-47000000,429000000,0.046338,1.52128,1.52128,282000000,282000000,https://www.sec.gov/Archives/edgar/data/927653/000092962400000832/0000929624-00-000832-index.html,https://www.sec.gov/Archives/edgar/data/927653/000092962400000832/0000929624-00-000832-0001.txt
0,1999-12-31,MCK,,,Q3,9891000000,9326000000,565000000,0.057123,0.0,539000000,0.0,0.0,539000000,9865000000,234000000,57699999.99999999,558700000,0.056486,26000000,0.002629,0.0,261000000,0.026388,99000000,168000000,0.016985,0.58131,0.58131,289000000,289000000,,
0,1999-09-30,MCK,,,Q2,8939000000,8370000000,570000000,0.063766,0.0,461000000,0.0,0.0,460000000,8830000000,-27000000,53500000,118500000,0.013257,109000000,0.012194,0.0,82000000,0.009173,31000000,61000000,0.006824,0.20962,0.20962,291000000,291000000,,
0,1999-06-30,MCK,,,Q1,8599000000,8023000000,576000000,0.066985,0.0,441000000,0.0,0.0,440000000,8463000000,-31000000,49200000,130200000,0.015141,136000000,0.015816,0.0,104000000,0.012094,40000000,72000000,0.008373,0.24828,0.24828,290000000,290000000,,
0,1999-03-31,MCK,,,Q4,8309000000,7624000000,684000000,0.08232,0.0,702000000,0.0,0.0,703000000,8327000000,-29000000,49000000.000000015,-25999999.999999985,-0.003129,-18000000,-0.002166,0.0,-47000000,-0.005657,14000000,-60000000,-0.007221,-0.21505,-0.21505,279000000,279000000,,
0,1998-12-31,MCK,,,Q3,8288000000,7677000000,611000000,0.073721,0.0,500000000,0.0,0.0,500000000,8177000000,-31000000,31799999.999999996,85800000,0.010352,111000000,0.013393,0.0,80000000,0.009653,33000000,52000000,0.006274,0.17931,0.17931,290000000,290000000,,
0,1998-09-30,MCK,,,Q2,7149000000,6658000000,492000000,0.068821,0.0,446000000,0.0,0.0,446000000,7104000000,-27000000,51900000.00000001,61900000.00000001,0.008659,46000000,0.006434,0.0,19000000,0.002658,9000000.0,28000000,0.003917,0.09655,0.09655,290000000,290000000,,
0,1998-06-30,MCK,,,Q1,6283000000,5670000000,613000000,0.097565,0.0,465000000,0.0,0.0,466000000,6136000000,-31000000,47900000,133900000,0.021311,148000000,0.023556,0.0,117000000,0.018622,46000000,71000000,0.0113,0.24653,0.24653,288000000,288000000,,
0,1998-03-31,MCK,,,Q4,5361000000,4949000000,412000000,0.076851,0.0,323000000,0.0,0.0,323000000,5272000000,-28000000,81800000,114800000,0.021414,89000000,0.016601,0.0,62000000,0.011565,24000000,37000000,0.006902,0.33036,0.33036,112000000,112000000,,
0,1997-12-31,MCK,,,Q3,5374000000,4997000000,377000000,0.070153,0.0,282000000,0.0,0.0,281000000,5278000000,-27000000,22299999.999999996,64300000,0.011965,95000000,0.017678,0.0,69000000,0.01284,25000000,44000000,0.008188,0.43137,0.43137,102000000,102000000,,
0,1997-09-30,MCK,,,Q2,5147000000,4779000000,368000000,0.071498,0.0,276000000,0.0,0.0,277000000,5056000000,-25000000,20500000,61500000,0.011949,91000000,0.01768,0.0,66000000,0.012823,25000000,41000000,0.007966,0.40594,0.40594,101000000,101000000,,
0,1997-06-30,MCK,,,Q1,4976000000,4611000000,365000000,0.073352,0.0,279000000,0.0,0.0,278000000,4889000000,-23000000,21300000,61300000,0.012319,86000000,0.017283,0.0,63000000,0.012661,24000000,39000000,0.007838,0.39,0.39,100000000,100000000,,
0,1997-03-31,MCK,,,Q4,3999000000,3668000000,331000000,0.082771,0.0,297000000,0.0,0.0,248000000,3916000000,-22000000,88300000,127300000,0.031833,82000000,0.020505,0.0,60000000,0.015004,23000000,38000000,0.009502,0.4,0.4,95000000,95000000,,
0,1996-12-31,MCK,,,Q3,3487000000,3243000000,244000000,0.069974,0.0,291000000,0.0,0.0,291000000,3534000000,-13000000,16800000,65800000,0.01887,-48000000,-0.013765,0.0,-60000000,-0.017207,-24000000,86000000,0.024663,1.02381,1.02381,84000000,84000000,,
0,1996-09-30,MCK,,,Q2,2731000000,2500000000,231000000,0.084584,0.0,179000000,0.0,0.0,179000000,2679000000,-10000000,18600000,52600000,0.01926,52000000,0.019041,0.0,42000000,0.015379,16000000,28000000,0.010253,0.31818,0.31818,88000000,88000000,,
0,1996-06-30,MCK,,,Q1,2671000000,2439000000,232000000,0.086859,0.0,178000000,0.0,0.0,225000000,2664000000,-11000000,17600000,5600000.0,0.002097,6000000.0,0.002246,0.0,-5000000.0,-0.001872,17000000,-18000000,-0.006739,-0.20455,-0.20455,88000000,88000000,,
0,1996-03-31,MCK,,,Q4,2582000000,2343000000,239000000,0.092564,0.0,172000000,0.0,0.0,172000000,2515000000,-10000000,17300000,66300000,0.025678,67000000,0.025949,0.0,57000000,0.022076,21000000,38000000,0.014717,0.4086,0.4086,93000000,93000000,,
0,1995-12-31,MCK,,,Q3,2581000000,2355000000,226000000,0.087563,0.0,169000000,0.0,0.0,168000000,2523000000,-11000000,12500000.000000004,52500000.00000001,0.020341,58000000,0.022472,0.0,46000000,0.017823,18000000,33000000,0.012786,0.35484,0.35484,93000000,93000000,,
0,1995-09-30,MCK,1995-11-13 00:00:00,1995-11-13 00:00:00,Q2,1455000000,1287000000,168000000,0.115464,0.0,122000000,0.0,0.0,122000000,1409000000,-11000000,17700000,52700000,0.03622,46000000,0.031615,0.0,36000000,0.024742,14000000,32000000,0.021993,0.34409,0.34409,93000000,93000000,https://www.sec.gov/Archives/edgar/data/927653/000092765395000011/0000927653-95-000011-index.html,https://www.sec.gov/Archives/edgar/data/927653/0000927653-95-000011.txt
0,1995-06-30,MCK,1995-08-04 00:00:00,1995-08-04 00:00:00,Q1,3336000000,3054000000,282000000,0.084532,0.0,212000000,0.0,0.0,212000000,3266000000,-12000000,16700000,60700000,0.018195,70000000,0.020983,0.0,58000000,0.017386,23000000,33000000,0.009892,0.35106,0.35106,94000000,94000000,https://www.sec.gov/Archives/edgar/data/927653/000092765395000010/0000927653-95-000010-index.html,https://www.sec.gov/Archives/edgar/data/927653/0000927653-95-000010.txt
0,1995-03-31,MCK,,,Q4,3348000000,3035000000,313000000,0.093489,0.0,230000000,0.0,0.0,229000000,3264000000,-12000000,6000000.000000001,64000000,0.019116,84000000,0.02509,2000000.0,74000000,0.022103,30000000,40000000,0.011947,0.43011,0.43011,93000000,93000000,,
