,date,symbol,fillingDate,acceptedDate,period,revenue,costOfRevenue,grossProfit,grossProfitRatio,researchAndDevelopmentExpenses,generalAndAdministrativeExpenses,sellingAndMarketingExpenses,otherExpenses,operatingExpenses,costAndExpenses,interestExpense,depreciationAndAmortization,ebitda,ebitdaratio,operatingIncome,operatingIncomeRatio,totalOtherIncomeExpensesNet,incomeBeforeTax,incomeBeforeTaxRatio,incomeTaxExpense,netIncome,netIncomeRatio,eps,epsdiluted,weightedAverageShsOut,weightedAverageShsOutDil,link,finalLink
0,2019-09-31,ALIMP.PA,,2019-09-31,Q3,1851750.0,908000.0,943750.0,1.9621192052980132,108750.0,716750.0,461750.0,42750.0,104500.0,2755750.0,197250.0,79000.0,-705500.0,-2.6247342310418142,-904000.0,-2.048396017699115,0.0,-911250.0,-2.0320987654320986,0.0,-911250.0,-2.0320987654320986,-0.7675,-0.7675,1187059.0,1187059.0,https://www.infogreffe.com/recherche-entreprise-dirigeants/resultats-entreprise-dirigeants.html?ga_cat=globale&ga_q=A.L.I.M.P#phrase=A.L.I.M.P,https://www.infogreffe.com/recherche-entreprise-dirigeants/resultats-entreprise-dirigeants.html?ga_cat=globale&ga_q=A.L.I.M.P#phrase=A.L.I.M.P
0,2019-06-31,ALIMP.PA,,2019-06-31,Q2,1851750.0,908000.0,943750.0,1.9621192052980132,108750.0,716750.0,461750.0,42750.0,104500.0,2755750.0,197250.0,79000.0,-705500.0,-2.6247342310418142,-904000.0,-2.048396017699115,0.0,-911250.0,-2.0320987654320986,0.0,-911250.0,-2.0320987654320986,-0.7675,-0.7675,1187059.0,1187059.0,https://www.infogreffe.com/recherche-entreprise-dirigeants/resultats-entreprise-dirigeants.html?ga_cat=globale&ga_q=A.L.I.M.P#phrase=A.L.I.M.P,https://www.infogreffe.com/recherche-entreprise-dirigeants/resultats-entreprise-dirigeants.html?ga_cat=globale&ga_q=A.L.I.M.P#phrase=A.L.I.M.P
0,2019-03-31,ALIMP.PA,,2019-03-31,Q1,1851750.0,908000.0,943750.0,1.9621192052980132,108750.0,716750.0,461750.0,42750.0,104500.0,2755750.0,197250.0,79000.0,-705500.0,-2.6247342310418142,-904000.0,-2.048396017699115,0.0,-911250.0,-2.0320987654320986,0.0,-911250.0,-2.0320987654320986,-0.7675,-0.7675,1187059.0,1187059.0,https://www.infogreffe.com/recherche-entreprise-dirigeants/resultats-entreprise-dirigeants.html?ga_cat=globale&ga_q=A.L.I.M.P#phrase=A.L.I.M.P,https://www.infogreffe.com/recherche-entreprise-dirigeants/resultats-entreprise-dirigeants.html?ga_cat=globale&ga_q=A.L.I.M.P#phrase=A.L.I.M.P
0,2019-01-31,ALIMP.PA,,2019-01-31,Q1,1851750.0,908000.0,943750.0,1.9621192052980132,108750.0,716750.0,461750.0,42750.0,104500.0,2755750.0,197250.0,79000.0,-705500.0,-2.6247342310418142,-904000.0,-2.048396017699115,0.0,-911250.0,-2.0320987654320986,0.0,-911250.0,-2.0320987654320986,-0.7675,-0.7675,1187059.0,1187059.0,https://www.infogreffe.com/recherche-entreprise-dirigeants/resultats-entreprise-dirigeants.html?ga_cat=globale&ga_q=A.L.I.M.P#phrase=A.L.I.M.P,https://www.infogreffe.com/recherche-entreprise-dirigeants/resultats-entreprise-dirigeants.html?ga_cat=globale&ga_q=A.L.I.M.P#phrase=A.L.I.M.P
0,2018-09-31,ALIMP.PA,,2018-09-31,Q3,1680000.0,860250.0,819750.0,2.049405306495883,30250.0,832750.0,528250.0,-52500.0,71000.0,2921250.0,160250.0,53250.0,-1159750.0,-1.4485880577710712,-1241250.0,-1.353474320241692,0.0,-1387750.0,-1.210592686002522,0.0,-1387750.0,-1.210592686002522,-1.9,-1.9,746892.0,746892.0,https://www.infogreffe.com/recherche-entreprise-dirigeants/resultats-entreprise-dirigeants.html?ga_cat=globale&ga_q=A.L.I.M.P#phrase=A.L.I.M.P,https://www.infogreffe.com/recherche-entreprise-dirigeants/resultats-entreprise-dirigeants.html?ga_cat=globale&ga_q=A.L.I.M.P#phrase=A.L.I.M.P
0,2018-06-31,ALIMP.PA,,2018-06-31,Q2,1680000.0,860250.0,819750.0,2.049405306495883,30250.0,832750.0,528250.0,-52500.0,71000.0,2921250.0,160250.0,53250.0,-1159750.0,-1.4485880577710712,-1241250.0,-1.353474320241692,0.0,-1387750.0,-1.210592686002522,0.0,-1387750.0,-1.210592686002522,-1.9,-1.9,746892.0,746892.0,https://www.infogreffe.com/recherche-entreprise-dirigeants/resultats-entreprise-dirigeants.html?ga_cat=globale&ga_q=A.L.I.M.P#phrase=A.L.I.M.P,https://www.infogreffe.com/recherche-entreprise-dirigeants/resultats-entreprise-dirigeants.html?ga_cat=globale&ga_q=A.L.I.M.P#phrase=A.L.I.M.P
0,2018-03-31,ALIMP.PA,,2018-03-31,Q1,1680000.0,860250.0,819750.0,2.049405306495883,30250.0,832750.0,528250.0,-52500.0,71000.0,2921250.0,160250.0,53250.0,-1159750.0,-1.4485880577710712,-1241250.0,-1.353474320241692,0.0,-1387750.0,-1.210592686002522,0.0,-1387750.0,-1.210592686002522,-1.9,-1.9,746892.0,746892.0,https://www.infogreffe.com/recherche-entreprise-dirigeants/resultats-entreprise-dirigeants.html?ga_cat=globale&ga_q=A.L.I.M.P#phrase=A.L.I.M.P,https://www.infogreffe.com/recherche-entreprise-dirigeants/resultats-entreprise-dirigeants.html?ga_cat=globale&ga_q=A.L.I.M.P#phrase=A.L.I.M.P
0,2018-01-31,ALIMP.PA,,2018-01-31,Q1,1680000.0,860250.0,819750.0,2.049405306495883,30250.0,832750.0,528250.0,-52500.0,71000.0,2921250.0,160250.0,53250.0,-1159750.0,-1.4485880577710712,-1241250.0,-1.353474320241692,0.0,-1387750.0,-1.210592686002522,0.0,-1387750.0,-1.210592686002522,-1.9,-1.9,746892.0,746892.0,https://www.infogreffe.com/recherche-entreprise-dirigeants/resultats-entreprise-dirigeants.html?ga_cat=globale&ga_q=A.L.I.M.P#phrase=A.L.I.M.P,https://www.infogreffe.com/recherche-entreprise-dirigeants/resultats-entreprise-dirigeants.html?ga_cat=globale&ga_q=A.L.I.M.P#phrase=A.L.I.M.P
0,2017-09-31,ALIMP.PA,,2017-09-31,Q3,1960250.0,1105500.0,854750.0,2.2933606317636737,64500.0,900750.0,564750.0,-114250.0,52500.0,3408500.0,135250.0,76250.0,-1358750.0,-1.4426862925482982,-1448250.0,-1.3535301225617125,0.0,-1653000.0,-1.1858741681790683,0.0,-1653000.0,-1.1858741681790683,-2.8,-2.8,581534.0,581534.0,https://www.infogreffe.com/recherche-entreprise-dirigeants/resultats-entreprise-dirigeants.html?ga_cat=globale&ga_q=A.L.I.M.P#phrase=A.L.I.M.P,https://www.infogreffe.com/recherche-entreprise-dirigeants/resultats-entreprise-dirigeants.html?ga_cat=globale&ga_q=A.L.I.M.P#phrase=A.L.I.M.P
0,2017-06-31,ALIMP.PA,,2017-06-31,Q2,1960250.0,1105500.0,854750.0,2.2933606317636737,64500.0,900750.0,564750.0,-114250.0,52500.0,3408500.0,135250.0,76250.0,-1358750.0,-1.4426862925482982,-1448250.0,-1.3535301225617125,0.0,-1653000.0,-1.1858741681790683,0.0,-1653000.0,-1.1858741681790683,-2.8,-2.8,581534.0,581534.0,https://www.infogreffe.com/recherche-entreprise-dirigeants/resultats-entreprise-dirigeants.html?ga_cat=globale&ga_q=A.L.I.M.P#phrase=A.L.I.M.P,https://www.infogreffe.com/recherche-entreprise-dirigeants/resultats-entreprise-dirigeants.html?ga_cat=globale&ga_q=A.L.I.M.P#phrase=A.L.I.M.P
0,2017-03-31,ALIMP.PA,,2017-03-31,Q1,1960250.0,1105500.0,854750.0,2.2933606317636737,64500.0,900750.0,564750.0,-114250.0,52500.0,3408500.0,135250.0,76250.0,-1358750.0,-1.4426862925482982,-1448250.0,-1.3535301225617125,0.0,-1653000.0,-1.1858741681790683,0.0,-1653000.0,-1.1858741681790683,-2.8,-2.8,581534.0,581534.0,https://www.infogreffe.com/recherche-entreprise-dirigeants/resultats-entreprise-dirigeants.html?ga_cat=globale&ga_q=A.L.I.M.P#phrase=A.L.I.M.P,https://www.infogreffe.com/recherche-entreprise-dirigeants/resultats-entreprise-dirigeants.html?ga_cat=globale&ga_q=A.L.I.M.P#phrase=A.L.I.M.P
0,2017-01-31,ALIMP.PA,,2017-01-31,Q1,1960250.0,1105500.0,854750.0,2.2933606317636737,64500.0,900750.0,564750.0,-114250.0,52500.0,3408500.0,135250.0,76250.0,-1358750.0,-1.4426862925482982,-1448250.0,-1.3535301225617125,0.0,-1653000.0,-1.1858741681790683,0.0,-1653000.0,-1.1858741681790683,-2.8,-2.8,581534.0,581534.0,https://www.infogreffe.com/recherche-entreprise-dirigeants/resultats-entreprise-dirigeants.html?ga_cat=globale&ga_q=A.L.I.M.P#phrase=A.L.I.M.P,https://www.infogreffe.com/recherche-entreprise-dirigeants/resultats-entreprise-dirigeants.html?ga_cat=globale&ga_q=A.L.I.M.P#phrase=A.L.I.M.P
0,2016-09-31,ALIMP.PA,,2016-09-31,Q3,1956234.5,961020.75,995213.75,1.9656425566869429,285343.75,1963830.75,1251664.75,-0.25,499863.75,3676408.25,0.0,0.0,-1772882.25,-1.1034204330265025,-1720173.75,-1.1372307593927649,0.0,-1821976.0,-1.0736884020426174,0.0,-1821976.0,-1.0736884020426174,-3.9,-3.9,463550.0,463550.0,https://www.infogreffe.com/recherche-entreprise-dirigeants/resultats-entreprise-dirigeants.html?ga_cat=globale&ga_q=A.L.I.M.P#phrase=A.L.I.M.P,https://www.infogreffe.com/recherche-entreprise-dirigeants/resultats-entreprise-dirigeants.html?ga_cat=globale&ga_q=A.L.I.M.P#phrase=A.L.I.M.P
0,2016-06-31,ALIMP.PA,,2016-06-31,Q2,1956234.5,961020.75,995213.75,1.9656425566869429,285343.75,1963830.75,1251664.75,-0.25,499863.75,3676408.25,0.0,0.0,-1772882.25,-1.1034204330265025,-1720173.75,-1.1372307593927649,0.0,-1821976.0,-1.0736884020426174,0.0,-1821976.0,-1.0736884020426174,-3.9,-3.9,463550.0,463550.0,https://www.infogreffe.com/recherche-entreprise-dirigeants/resultats-entreprise-dirigeants.html?ga_cat=globale&ga_q=A.L.I.M.P#phrase=A.L.I.M.P,https://www.infogreffe.com/recherche-entreprise-dirigeants/resultats-entreprise-dirigeants.html?ga_cat=globale&ga_q=A.L.I.M.P#phrase=A.L.I.M.P
0,2016-03-31,ALIMP.PA,,2016-03-31,Q1,1956234.5,961020.75,995213.75,1.9656425566869429,285343.75,1963830.75,1251664.75,-0.25,499863.75,3676408.25,0.0,0.0,-1772882.25,-1.1034204330265025,-1720173.75,-1.1372307593927649,0.0,-1821976.0,-1.0736884020426174,0.0,-1821976.0,-1.0736884020426174,-3.9,-3.9,463550.0,463550.0,https://www.infogreffe.com/recherche-entreprise-dirigeants/resultats-entreprise-dirigeants.html?ga_cat=globale&ga_q=A.L.I.M.P#phrase=A.L.I.M.P,https://www.infogreffe.com/recherche-entreprise-dirigeants/resultats-entreprise-dirigeants.html?ga_cat=globale&ga_q=A.L.I.M.P#phrase=A.L.I.M.P
0,2016-01-31,ALIMP.PA,,2016-01-31,Q1,1956234.5,961020.75,995213.75,1.9656425566869429,285343.75,1963830.75,1251664.75,-0.25,499863.75,3676408.25,0.0,0.0,-1772882.25,-1.1034204330265025,-1720173.75,-1.1372307593927649,0.0,-1821976.0,-1.0736884020426174,0.0,-1821976.0,-1.0736884020426174,-3.9,-3.9,463550.0,463550.0,https://www.infogreffe.com/recherche-entreprise-dirigeants/resultats-entreprise-dirigeants.html?ga_cat=globale&ga_q=A.L.I.M.P#phrase=A.L.I.M.P,https://www.infogreffe.com/recherche-entreprise-dirigeants/resultats-entreprise-dirigeants.html?ga_cat=globale&ga_q=A.L.I.M.P#phrase=A.L.I.M.P
0,2015-09-31,ALIMP.PA,,2015-09-31,Q3,1663343.5,1017515.75,645827.75,2.575521878705274,231844.25,1902738.5,1088928.5,-0.25,432792.0,3571381.0,0.0,0.0,-1916981.0,-0.8676890902935397,-1908037.5,-0.8717561892782506,0.0,-2001890.5,-0.8308863546732451,0.0,-2001890.5,-0.8308863546732451,-8.3,-8.3,242305.0,242305.0,https://www.infogreffe.com/recherche-entreprise-dirigeants/resultats-entreprise-dirigeants.html?ga_cat=globale&ga_q=A.L.I.M.P#phrase=A.L.I.M.P,https://www.infogreffe.com/recherche-entreprise-dirigeants/resultats-entreprise-dirigeants.html?ga_cat=globale&ga_q=A.L.I.M.P#phrase=A.L.I.M.P
0,2015-06-31,ALIMP.PA,,2015-06-31,Q2,1663343.5,1017515.75,645827.75,2.575521878705274,231844.25,1902738.5,1088928.5,-0.25,432792.0,3571381.0,0.0,0.0,-1916981.0,-0.8676890902935397,-1908037.5,-0.8717561892782506,0.0,-2001890.5,-0.8308863546732451,0.0,-2001890.5,-0.8308863546732451,-8.3,-8.3,242305.0,242305.0,https://www.infogreffe.com/recherche-entreprise-dirigeants/resultats-entreprise-dirigeants.html?ga_cat=globale&ga_q=A.L.I.M.P#phrase=A.L.I.M.P,https://www.infogreffe.com/recherche-entreprise-dirigeants/resultats-entreprise-dirigeants.html?ga_cat=globale&ga_q=A.L.I.M.P#phrase=A.L.I.M.P
0,2015-03-31,ALIMP.PA,,2015-03-31,Q1,1663343.5,1017515.75,645827.75,2.575521878705274,231844.25,1902738.5,1088928.5,-0.25,432792.0,3571381.0,0.0,0.0,-1916981.0,-0.8676890902935397,-1908037.5,-0.8717561892782506,0.0,-2001890.5,-0.8308863546732451,0.0,-2001890.5,-0.8308863546732451,-8.3,-8.3,242305.0,242305.0,https://www.infogreffe.com/recherche-entreprise-dirigeants/resultats-entreprise-dirigeants.html?ga_cat=globale&ga_q=A.L.I.M.P#phrase=A.L.I.M.P,https://www.infogreffe.com/recherche-entreprise-dirigeants/resultats-entreprise-dirigeants.html?ga_cat=globale&ga_q=A.L.I.M.P#phrase=A.L.I.M.P
0,2015-01-31,ALIMP.PA,,2015-01-31,Q1,1663343.5,1017515.75,645827.75,2.575521878705274,231844.25,1902738.5,1088928.5,-0.25,432792.0,3571381.0,0.0,0.0,-1916981.0,-0.8676890902935397,-1908037.5,-0.8717561892782506,0.0,-2001890.5,-0.8308863546732451,0.0,-2001890.5,-0.8308863546732451,-8.3,-8.3,242305.0,242305.0,https://www.infogreffe.com/recherche-entreprise-dirigeants/resultats-entreprise-dirigeants.html?ga_cat=globale&ga_q=A.L.I.M.P#phrase=A.L.I.M.P,https://www.infogreffe.com/recherche-entreprise-dirigeants/resultats-entreprise-dirigeants.html?ga_cat=globale&ga_q=A.L.I.M.P#phrase=A.L.I.M.P
0,2014-09-31,ALIMP.PA,,2014-09-31,Q3,1759604.0,1024876.0,734728.0,2.394905325508215,369887.25,1552767.5,743913.25,0.0,333098.0,3418685.5,0.0,0.0,-1676658.5,-1.049470718097931,-1659081.5,-1.0605892477253227,0.0,-1717896.5,-1.024278237949725,0.0,-1717896.5,-1.024278237949725,-12.7,-12.7,134988.0,134988.0,https://www.infogreffe.com/recherche-entreprise-dirigeants/resultats-entreprise-dirigeants.html?ga_cat=globale&ga_q=A.L.I.M.P#phrase=A.L.I.M.P,https://www.infogreffe.com/recherche-entreprise-dirigeants/resultats-entreprise-dirigeants.html?ga_cat=globale&ga_q=A.L.I.M.P#phrase=A.L.I.M.P
0,2014-06-31,ALIMP.PA,,2014-06-31,Q2,1759604.0,1024876.0,734728.0,2.394905325508215,369887.25,1552767.5,743913.25,0.0,333098.0,3418685.5,0.0,0.0,-1676658.5,-1.049470718097931,-1659081.5,-1.0605892477253227,0.0,-1717896.5,-1.024278237949725,0.0,-1717896.5,-1.024278237949725,-12.7,-12.7,134988.0,134988.0,https://www.infogreffe.com/recherche-entreprise-dirigeants/resultats-entreprise-dirigeants.html?ga_cat=globale&ga_q=A.L.I.M.P#phrase=A.L.I.M.P,https://www.infogreffe.com/recherche-entreprise-dirigeants/resultats-entreprise-dirigeants.html?ga_cat=globale&ga_q=A.L.I.M.P#phrase=A.L.I.M.P
0,2014-03-31,ALIMP.PA,,2014-03-31,Q1,1759604.0,1024876.0,734728.0,2.394905325508215,369887.25,1552767.5,743913.25,0.0,333098.0,3418685.5,0.0,0.0,-1676658.5,-1.049470718097931,-1659081.5,-1.0605892477253227,0.0,-1717896.5,-1.024278237949725,0.0,-1717896.5,-1.024278237949725,-12.7,-12.7,134988.0,134988.0,https://www.infogreffe.com/recherche-entreprise-dirigeants/resultats-entreprise-dirigeants.html?ga_cat=globale&ga_q=A.L.I.M.P#phrase=A.L.I.M.P,https://www.infogreffe.com/recherche-entreprise-dirigeants/resultats-entreprise-dirigeants.html?ga_cat=globale&ga_q=A.L.I.M.P#phrase=A.L.I.M.P
0,2014-01-31,ALIMP.PA,,2014-01-31,Q1,1759604.0,1024876.0,734728.0,2.394905325508215,369887.25,1552767.5,743913.25,0.0,333098.0,3418685.5,0.0,0.0,-1676658.5,-1.049470718097931,-1659081.5,-1.0605892477253227,0.0,-1717896.5,-1.024278237949725,0.0,-1717896.5,-1.024278237949725,-12.7,-12.7,134988.0,134988.0,https://www.infogreffe.com/recherche-entreprise-dirigeants/resultats-entreprise-dirigeants.html?ga_cat=globale&ga_q=A.L.I.M.P#phrase=A.L.I.M.P,https://www.infogreffe.com/recherche-entreprise-dirigeants/resultats-entreprise-dirigeants.html?ga_cat=globale&ga_q=A.L.I.M.P#phrase=A.L.I.M.P
0,2013-09-31,ALIMP.PA,,2013-09-31,Q3,1672595.5,1045061.25,627534.25,2.665345357643826,301283.0,1192933.0,578901.5,0.0,858236.75,3296561.5,0.0,0.0,-1657787.5,-1.0089323872933051,-1623966.0,-1.0299449003242678,0.0,-1710864.0,-0.9776320619289435,0.0,-1710864.0,-0.9776320619289435,-12.72888525,-12.72888525,134408.0,134408.0,https://www.infogreffe.com/recherche-entreprise-dirigeants/resultats-entreprise-dirigeants.html?ga_cat=globale&ga_q=A.L.I.M.P#phrase=A.L.I.M.P,https://www.infogreffe.com/recherche-entreprise-dirigeants/resultats-entreprise-dirigeants.html?ga_cat=globale&ga_q=A.L.I.M.P#phrase=A.L.I.M.P
0,2013-06-31,ALIMP.PA,,2013-06-31,Q2,1672595.5,1045061.25,627534.25,2.665345357643826,301283.0,1192933.0,578901.5,0.0,858236.75,3296561.5,0.0,0.0,-1657787.5,-1.0089323872933051,-1623966.0,-1.0299449003242678,0.0,-1710864.0,-0.9776320619289435,0.0,-1710864.0,-0.9776320619289435,-12.72888525,-12.72888525,134408.0,134408.0,https://www.infogreffe.com/recherche-entreprise-dirigeants/resultats-entreprise-dirigeants.html?ga_cat=globale&ga_q=A.L.I.M.P#phrase=A.L.I.M.P,https://www.infogreffe.com/recherche-entreprise-dirigeants/resultats-entreprise-dirigeants.html?ga_cat=globale&ga_q=A.L.I.M.P#phrase=A.L.I.M.P
0,2013-03-31,ALIMP.PA,,2013-03-31,Q1,1672595.5,1045061.25,627534.25,2.665345357643826,301283.0,1192933.0,578901.5,0.0,858236.75,3296561.5,0.0,0.0,-1657787.5,-1.0089323872933051,-1623966.0,-1.0299449003242678,0.0,-1710864.0,-0.9776320619289435,0.0,-1710864.0,-0.9776320619289435,-12.72888525,-12.72888525,134408.0,134408.0,https://www.infogreffe.com/recherche-entreprise-dirigeants/resultats-entreprise-dirigeants.html?ga_cat=globale&ga_q=A.L.I.M.P#phrase=A.L.I.M.P,https://www.infogreffe.com/recherche-entreprise-dirigeants/resultats-entreprise-dirigeants.html?ga_cat=globale&ga_q=A.L.I.M.P#phrase=A.L.I.M.P
0,2013-01-31,ALIMP.PA,,2013-01-31,Q1,1672595.5,1045061.25,627534.25,2.665345357643826,301283.0,1192933.0,578901.5,0.0,858236.75,3296561.5,0.0,0.0,-1657787.5,-1.0089323872933051,-1623966.0,-1.0299449003242678,0.0,-1710864.0,-0.9776320619289435,0.0,-1710864.0,-0.9776320619289435,-12.72888525,-12.72888525,134408.0,134408.0,https://www.infogreffe.com/recherche-entreprise-dirigeants/resultats-entreprise-dirigeants.html?ga_cat=globale&ga_q=A.L.I.M.P#phrase=A.L.I.M.P,https://www.infogreffe.com/recherche-entreprise-dirigeants/resultats-entreprise-dirigeants.html?ga_cat=globale&ga_q=A.L.I.M.P#phrase=A.L.I.M.P
0,2012-09-31,ALIMP.PA,,2012-09-31,Q3,1661697.0,1116547.5,545149.5,3.0481491774274763,175201.0,1148314.5,665447.5,0.0,316526.0,2698353.5,0.0,0.0,-1036656.5,-1.6029388712654578,-1036656.5,-1.6029388712654578,0.0,-1069158.75,-1.5542097934474184,0.0,-1069158.75,-1.5542097934474184,-1.44696,-1.44696,738900.0,738900.0,https://www.infogreffe.com/recherche-entreprise-dirigeants/resultats-entreprise-dirigeants.html?ga_cat=globale&ga_q=A.L.I.M.P#phrase=A.L.I.M.P,https://www.infogreffe.com/recherche-entreprise-dirigeants/resultats-entreprise-dirigeants.html?ga_cat=globale&ga_q=A.L.I.M.P#phrase=A.L.I.M.P
0,2012-06-31,ALIMP.PA,,2012-06-31,Q2,1661697.0,1116547.5,545149.5,3.0481491774274763,175201.0,1148314.5,665447.5,0.0,316526.0,2698353.5,0.0,0.0,-1036656.5,-1.6029388712654578,-1036656.5,-1.6029388712654578,0.0,-1069158.75,-1.5542097934474184,0.0,-1069158.75,-1.5542097934474184,-1.44696,-1.44696,738900.0,738900.0,https://www.infogreffe.com/recherche-entreprise-dirigeants/resultats-entreprise-dirigeants.html?ga_cat=globale&ga_q=A.L.I.M.P#phrase=A.L.I.M.P,https://www.infogreffe.com/recherche-entreprise-dirigeants/resultats-entreprise-dirigeants.html?ga_cat=globale&ga_q=A.L.I.M.P#phrase=A.L.I.M.P
0,2012-03-31,ALIMP.PA,,2012-03-31,Q1,1661697.0,1116547.5,545149.5,3.0481491774274763,175201.0,1148314.5,665447.5,0.0,316526.0,2698353.5,0.0,0.0,-1036656.5,-1.6029388712654578,-1036656.5,-1.6029388712654578,0.0,-1069158.75,-1.5542097934474184,0.0,-1069158.75,-1.5542097934474184,-1.44696,-1.44696,738900.0,738900.0,https://www.infogreffe.com/recherche-entreprise-dirigeants/resultats-entreprise-dirigeants.html?ga_cat=globale&ga_q=A.L.I.M.P#phrase=A.L.I.M.P,https://www.infogreffe.com/recherche-entreprise-dirigeants/resultats-entreprise-dirigeants.html?ga_cat=globale&ga_q=A.L.I.M.P#phrase=A.L.I.M.P
0,2012-01-31,ALIMP.PA,,2012-01-31,Q1,1661697.0,1116547.5,545149.5,3.0481491774274763,175201.0,1148314.5,665447.5,0.0,316526.0,2698353.5,0.0,0.0,-1036656.5,-1.6029388712654578,-1036656.5,-1.6029388712654578,0.0,-1069158.75,-1.5542097934474184,0.0,-1069158.75,-1.5542097934474184,-1.44696,-1.44696,738900.0,738900.0,https://www.infogreffe.com/recherche-entreprise-dirigeants/resultats-entreprise-dirigeants.html?ga_cat=globale&ga_q=A.L.I.M.P#phrase=A.L.I.M.P,https://www.infogreffe.com/recherche-entreprise-dirigeants/resultats-entreprise-dirigeants.html?ga_cat=globale&ga_q=A.L.I.M.P#phrase=A.L.I.M.P
