,date,symbol,fillingDate,acceptedDate,period,revenue,costOfRevenue,grossProfit,grossProfitRatio,researchAndDevelopmentExpenses,generalAndAdministrativeExpenses,sellingAndMarketingExpenses,otherExpenses,operatingExpenses,costAndExpenses,interestExpense,depreciationAndAmortization,ebitda,ebitdaratio,operatingIncome,operatingIncomeRatio,totalOtherIncomeExpensesNet,incomeBeforeTax,incomeBeforeTaxRatio,incomeTaxExpense,netIncome,netIncomeRatio,eps,epsdiluted,weightedAverageShsOut,weightedAverageShsOutDil,link,finalLink
0,2020-09-30,XBIT,2020-11-09,2020-11-09 17:28:53,Q3,10549000,9426000.0,1123000.0,0.10645558820741302,2346000.0,3447000.0,0.0,0.0,0.0,15219000,0.0,0.0,-5474000.0,-0.5189117451891174,-4670000.0,-0.3027775144563466,1352000.0,-3194000.0,-0.3027775144563466,-668000.0,-2526000.0,-0.23945397668025406,-0.09,-0.09,29037074,29037074,https://www.sec.gov/Archives/edgar/data/1626878/000117184320007826/0001171843-20-007826-index.htm,https://www.sec.gov/Archives/edgar/data/1626878/000117184320007826/xbit20200930_10q.htm
0,2020-06-30,XBIT,2020-08-10,2020-08-10 17:24:16,Q2,15498000,13201000,2297000.0,0.1482126726029165,2565000.0,6246000.0,0.0,-503000.0,0.0,22012000,0.0,0.0,-5503000.0,-0.3550780745902697,-6514000.0,-0.4630274874177313,-968000.0,-7176000.0,-0.4630274874177313,-332000.0,-6844000.0,-0.4416053684346367,-0.24,-0.24,28856085,28856085,https://www.sec.gov/Archives/edgar/data/1626878/000117184320005794/0001171843-20-005794-index.htm,https://www.sec.gov/Archives/edgar/data/1626878/000117184320005794/xbit20200630_10q.htm
0,2020-03-31,XBIT,2020-05-11,2020-05-11 17:23:16,Q1,12681000,9674000.0,3007000.0,0.23712640958914913,1155000.0,4023000.0,0.0,0.0,0.0,14852000,0.0,0.0,-1520000.0,-0.11986436400914754,-2171000.0,-0.028862077123255264,-93000.0,-366000.0,-0.028862077123255264,-352000.0,-14000.0,-0.001104013879031622,-0.000387,-0.000387,36169493,36169493,https://www.sec.gov/Archives/edgar/data/1626878/000117184320003601/0001171843-20-003601-index.htm,https://www.sec.gov/Archives/edgar/data/1626878/000117184320001761/f10k_031620p.htm
0,2019-12-31,XBIT,2020-03-16,2020-03-16 17:24:37,Q4,0.0,0.0,0.0,0.0,10337000,2974000.0,0.0,750000000,0.0,13311000,0.0,0.0,-12190000,0.0,-13311000,0.0,749445000,736319000,0.0,0.0,686495000,0.0,0.0,0.0,0.0,0.0,https://www.sec.gov/Archives/edgar/data/1626878/000117184320001761/0001171843-20-001761-index.htm,https://www.sec.gov/Archives/edgar/data/1626878/000117184320001761/f10k_031620p.htm
0,2019-09-30,XBIT,2019-11-12,2019-11-12 11:47:10,Q3,0.0,0.0,0.0,0.0,4533000.0,1578000.0,0.0,0.0,0.0,6111000.0,0.0,0.0,-5226000.0,0.0,-6111000.0,0.0,-289000.0,-6150000.0,0.0,0.0,-6150000.0,0.0,-0.15,-0.15,41019230,41019230,https://www.sec.gov/Archives/edgar/data/1626878/000117184319007437/0001171843-19-007437-index.htm,https://www.sec.gov/Archives/edgar/data/1626878/000117184319007437/f10q_111219p.htm
0,2019-06-30,XBIT,2019-08-09,2019-08-09 15:01:15,Q2,0.0,0.0,0.0,0.0,4693000.0,1313000.0,0.0,1000.0,0.0,6006000.0,0.0,0.0,-5511000.0,0.0,-6006000.0,0.0,103000.0,-5852000.0,0.0,0.0,-5852000.0,0.0,-0.16,-0.16,37519697,37519697,https://www.sec.gov/Archives/edgar/data/1626878/000117184319005378/0001171843-19-005378-index.htm,https://www.sec.gov/Archives/edgar/data/1626878/000117184319005378/f10q_080919p.htm
0,2019-03-31,XBIT,2019-05-09,2019-05-09 14:37:37,Q1,0.0,0.0,0.0,0.0,4527000.0,1278000.0,0.0,9000.0,0.0,5805000.0,0.0,0.0,-5057000.0,0.0,-5805000.0,0.0,-137000.0,-5864000.0,0.0,0.0,-5864000.0,0.0,-0.16,-0.16,35977422,35977422,https://www.sec.gov/Archives/edgar/data/1626878/000117184319003199/0001171843-19-003199-index.htm,https://www.sec.gov/Archives/edgar/data/1626878/000117184319001708/f10k_031319p.htm
0,2018-12-31,XBIT,2019-03-14,2019-03-13 20:00:03,Q4,0.0,0.0,0.0,0.0,4843000.0,1265000.0,0.0,0.0,0.0,6108000.0,0.0,0.0,-5354000.0,0.0,-6108000.0,0.0,-133000.0,-6111000.0,0.0,0.0,-6111000.0,0.0,0.0,0.0,0.0,0.0,https://www.sec.gov/Archives/edgar/data/1626878/000117184319001708/0001171843-19-001708-index.htm,https://www.sec.gov/Archives/edgar/data/1626878/000117184319001708/f10k_031319p.htm
0,2018-09-30,XBIT,2018-10-31,2018-10-31 15:48:26,Q3,0.0,0.0,0.0,0.0,3940000.0,1175000.0,0.0,0.0,0.0,5115000.0,0.0,0.0,-4461000.0,0.0,-5115000.0,0.0,-36000.0,-5051000.0,0.0,0.0,-5051000.0,0.0,-0.14,-0.14,35819772,35819772,https://www.sec.gov/Archives/edgar/data/1626878/000117184318007413/0001171843-18-007413-index.htm,https://www.sec.gov/Archives/edgar/data/1626878/000117184318007413/f10q_103118p.htm
0,2018-06-30,XBIT,2018-08-09,2018-08-09 12:46:24,Q2,0.0,0.0,0.0,0.0,3949000.0,1672000.0,0.0,0.0,0.0,5621000.0,0.0,0.0,-4618000.0,0.0,-5621000.0,0.0,-393000.0,-5907000.0,0.0,0.0,-5907000.0,0.0,-0.16,-0.16,35819772,35819772,https://www.sec.gov/Archives/edgar/data/1626878/000117184318005920/0001171843-18-005920-index.htm,https://www.sec.gov/Archives/edgar/data/1626878/000117184318005920/f10q_080818p.htm
0,2018-03-31,XBIT,2018-05-08,2018-05-08 15:23:27,Q1,0.0,0.0,0.0,0.0,2993000.0,1157000.0,0.0,0.0,0.0,4150000.0,0.0,0.0,-3579000.0,0.0,-4150000.0,0.0,17000.0,-4069000.0,0.0,0.0,-4069000.0,0.0,-0.11,-0.11,35447304,35447304,https://www.sec.gov/Archives/edgar/data/1626878/000117184318003654/0001171843-18-003654-index.htm,https://www.sec.gov/Archives/edgar/data/1626878/000117184318002043/f10k_031618p.htm
0,2017-12-31,XBIT,2018-03-16,2018-03-16 16:15:17,Q4,0.0,0.0,0.0,0.0,5906000.0,1600000.0,0.0,0.0,0.0,7506000.0,0.0,0.0,-7101000.0,0.0,-7506000.0,0.0,190000.0,-7249000.0,0.0,0.0,-7249000.0,0.0,0.0,0.0,0.0,0.0,https://www.sec.gov/Archives/edgar/data/1626878/000117184318002043/0001171843-18-002043-index.htm,https://www.sec.gov/Archives/edgar/data/1626878/000117184318002043/f10k_031618p.htm
0,2017-11-02,XBIT,2017-11-09,2017-11-09 15:37:34,Q3,0.0,0.0,0.0,0.0,20518000,6035000.0,0.0,0.0,26553000,26553000,0.0,-592000.0,19104000,0.0,19959000,0.0,652000.0,19696000,0.0,0.0,19696000,0.0,0.57403,0.57403,34311690,34311690,https://www.sec.gov/Archives/edgar/data/1626878/000117184317006828/0001171843-17-006828-index.htm,https://www.sec.gov/Archives/edgar/data/1626878/000117184317006828/f10q_110917p.htm
0,2017-09-30,XBIT,2017-11-09 00:00:00,2017-11-09 15:37:34,Q3,0.0,0.0,0.0,0.0,4930000.0,1663000.0,0.0,0.0,0.0,6593000.0,0.0,0.0,-6561000.0,0.0,-6593000.0,0.0,265000.0,-6205000.0,0.0,0.0,-6205000.0,0.0,-0.18,-0.18,35423105,35423105,https://www.sec.gov/Archives/edgar/data/1626878/000117184317006828/0001171843-17-006828-index.html,https://www.sec.gov/Archives/edgar/data/1626878/000117184317006828/f10q_110917p.htm
0,2017-06-30,XBIT,2017-08-08,2017-08-08 16:51:40,Q2,0.0,0.0,0.0,0.0,7399000.0,2289000.0,0.0,0.0,0.0,9688000.0,0.0,0.0,-9833000.0,0.0,-9688000.0,0.0,441000.0,-9133000.0,0.0,0.0,-9133000.0,0.0,-0.26,-0.26,35320499,35320499,https://www.sec.gov/Archives/edgar/data/1626878/000117184317004856/0001171843-17-004856-index.htm,https://www.sec.gov/Archives/edgar/data/1626878/000117184317004856/f10q_080817p.htm
0,2017-03-31,XBIT,2017-05-10,2017-05-10 16:35:48,Q1,0.0,0.0,0.0,0.0,8188000.0,2083000.0,0.0,0.0,0.0,10271000,0.0,0.0,-9634000.0,0.0,-10271000,0.0,-341000.0,-10563000,0.0,0.0,-10563000,0.0,-0.32,-0.32,33291672,33291672,https://www.sec.gov/Archives/edgar/data/1626878/000117184317002928/0001171843-17-002928-index.htm,https://www.sec.gov/Archives/edgar/data/1626878/000117184317001571/f10k_031517p.htm
0,2016-12-31,XBIT,2017-03-16,2017-03-16 16:11:28,Q4,0.0,0.0,0.0,0.0,13685000,2756000.0,0.0,0.0,0.0,16441000,0.0,0.0,-16262000,0.0,-16441000,0.0,-6000.0,-16398000,0.0,0.0,-16398000,0.0,0.0,0.0,0.0,0.0,https://www.sec.gov/Archives/edgar/data/1626878/000117184317001571/0001171843-17-001571-index.htm,https://www.sec.gov/Archives/edgar/data/1626878/000117184317001571/f10k_031517p.htm
0,2016-09-30,XBIT,2016-11-14,2016-11-14 15:32:11,Q3,0.0,0.0,0.0,0.0,9774000.0,2685000.0,0.0,0.0,0.0,12459000,0.0,0.0,-12259000,0.0,-12459000,0.0,-25000.0,-12484000,0.0,0.0,-12484000,0.0,-0.38,-0.38,32436207,32436207,https://www.sec.gov/Archives/edgar/data/1626878/000117184316013213/0001171843-16-013213-index.htm,https://www.sec.gov/Archives/edgar/data/1626878/000117184316013213/f10q_111416p.htm
0,2016-06-30,XBIT,2016-08-12,2016-08-12 17:26:17,Q2,0.0,0.0,0.0,0.0,11216000,2399000.0,0.0,0.0,0.0,13615000,0.0,0.0,-13437000,0.0,-13615000,0.0,-7000.0,-13622000,0.0,0.0,-13622000,0.0,-0.42,-0.42,32378412,32378412,https://www.sec.gov/Archives/edgar/data/1626878/000117184316011750/0001171843-16-011750-index.htm,https://www.sec.gov/Archives/edgar/data/1626878/000117184316011750/f10q_081216p.htm
0,2016-03-31,XBIT,2016-05-13,2016-05-13 17:15:26,Q1,0.0,0.0,0.0,0.0,7812000.0,2436000.0,0.0,0.0,0.0,10248000,0.0,0.0,-10060000,0.0,-10248000,0.0,-9000.0,-10257000,0.0,0.0,-10257000,0.0,-0.32,-0.32,32292106,32292106,https://www.sec.gov/Archives/edgar/data/1626878/000117184316010052/0001171843-16-010052-index.htm,https://www.sec.gov/Archives/edgar/data/1626878/000117184316008925/f10k_033016p.htm
0,2015-12-31,XBIT,2016-03-30,2016-03-30 17:42:19,Q4,0.0,0.0,0.0,0.0,10413000,1658000.0,0.0,0.0,0.0,12071000,0.0,0.0,-12043000,0.0,-12071000,0.0,182000.0,-11889000,0.0,0.0,-11889000,0.0,0.0,0.0,0.0,0.0,https://www.sec.gov/Archives/edgar/data/1626878/000117184316008925/0001171843-16-008925-index.htm,https://www.sec.gov/Archives/edgar/data/1626878/000117184316008925/f10k_033016p.htm
0,2015-09-30,XBIT,2015-11-13,2015-11-13 12:34:37,Q3,0.0,0.0,0.0,0.0,9731000.0,1083000.0,0.0,0.0,0.0,10814000,0.0,0.0,-10723000,0.0,-10814000,0.0,78000.0,-10736000,0.0,0.0,-10736000,0.0,-0.33,-0.33,32050565,32050565,https://www.sec.gov/Archives/edgar/data/1626878/000117184315006315/0001171843-15-006315-index.htm,https://www.sec.gov/Archives/edgar/data/1626878/000117184315006315/gff10q_111615p.htm
0,2015-06-30,XBIT,2015-08-14,2015-08-14 16:29:54,Q2,0.0,0.0,0.0,0.0,4382000.0,2039000.0,0.0,0.0,0.0,6421000.0,0.0,0.0,-5922000.0,0.0,-6421000.0,0.0,-323000.0,-6744000.0,0.0,0.0,-6744000.0,0.0,-0.22,-0.22,31287855,31287855,https://www.sec.gov/Archives/edgar/data/1626878/000117184315004723/0001171843-15-004723-index.htm,https://www.sec.gov/Archives/edgar/data/1626878/000117184315004723/gff10q_081415.htm
