,date,symbol,fillingDate,acceptedDate,period,revenue,costOfRevenue,grossProfit,grossProfitRatio,researchAndDevelopmentExpenses,generalAndAdministrativeExpenses,sellingAndMarketingExpenses,otherExpenses,operatingExpenses,costAndExpenses,interestExpense,depreciationAndAmortization,ebitda,ebitdaratio,operatingIncome,operatingIncomeRatio,totalOtherIncomeExpensesNet,incomeBeforeTax,incomeBeforeTaxRatio,incomeTaxExpense,netIncome,netIncomeRatio,eps,epsdiluted,weightedAverageShsOut,weightedAverageShsOutDil,link,finalLink
0,2019-12-31,CORV,2020-01-28 00:00:00,2020-01-28 13:00:11,Q4,11325000,2899000.0,8426000.0,0.744018,0.0,11327000,0.0,0.0,12324000.000000002,15223000.000000002,-781000.0,996999.9999999999,-4618000.0,-0.40777,-3898000.0,-0.344194,-155000.0,-4834000.0,-0.426843,107000.0,-4941000.0,-0.436291,-0.09672,-0.09672,51083150,51083150,https://www.sec.gov/Archives/edgar/data/1036141/000127956920000110/0001279569-20-000110-index.html,https://www.sec.gov/Archives/edgar/data/1036141/000127956920000110/correvio6k.htm
0,2019-09-30,CORV,2019-11-04 00:00:00,2019-11-04 16:47:51,Q3,6669000.0,2274000.0,4395000.0,0.659019,0.0,11186000,0.0,0.0,12170000.000000002,14444000.000000002,-2947000.0,984000.0,-12726000,-1.908232,-7775000.0,-1.165842,-41000.0,-10763000,-1.613885,15000.0,-10778000,-1.616134,-0.23024,-0.23024,46811920,46811920,https://www.sec.gov/Archives/edgar/data/1036141/000127956919002248/0001279569-19-002248-index.html,https://www.sec.gov/Archives/edgar/data/1036141/000127956919002248/correvio6k.htm
0,2019-06-30,CORV,2019-07-25 00:00:00,2019-07-25 13:20:28,Q2,7389000.0,2413000.0,4976000.0,0.673433,0.0,12615000,0.0,0.0,13591000.000000002,16004000.000000002,-1815000.0,976000.0,-11278000,-1.526323,-8615000.0,-1.165922,-9000.0,-10439000,-1.412776,30000.0,-10469000,-1.416836,-0.25977,-0.25977,40301290,40301290,https://www.sec.gov/Archives/edgar/data/1036141/000127956919001582/0001279569-19-001582-index.html,https://www.sec.gov/Archives/edgar/data/1036141/000127956919001582/correvio6k.htm
0,2019-03-31,CORV,2019-04-02 00:00:00,2019-04-02 13:02:23,Q1,7251000.0,2241000.0,5010000.0,0.690939,0.0,11191000,0.0,0.0,12175000,14416000,-1706000.0,984000.0,-9691000.0,-1.336505,-7165000.0,-0.98814,-98000.0,-8969000.0,-1.236933,27000.0,-8996000.0,-1.240656,-0.23174,-0.23174,38819000,38819000,https://www.sec.gov/Archives/edgar/data/1036141/000127956919000803/0001279569-19-000803-index.html,https://www.sec.gov/Archives/edgar/data/1036141/000127956919000803/correvio6k.htm
0,2018-12-31,CORV,2019-01-02 00:00:00,2019-01-02 13:03:43,Q4,8946000.0,1896000.0,7050000.0,0.788062,0.0,9859000.0,0.0,0.0,10841000.000000002,12737000.000000002,-2456000.0,981999.9999999998,-8018000.0,-0.896266,-3791000.0,-0.423765,-297000.0,-6544000.0,-0.7315,-102000.0,-6442000.0,-0.720098,-0.17841,-0.17841,36106930,36106930,https://www.sec.gov/Archives/edgar/data/1036141/000127956919000006/0001279569-19-000006-index.html,https://www.sec.gov/Archives/edgar/data/1036141/000127956919000006/correvio6k.htm
0,2018-09-30,CORV,2018-10-23 00:00:00,2018-10-23 13:14:34,Q3,7007000.0,2135000.0,4872000.0,0.695305,0.0,9186000.0,0.0,0.0,10175000,12310000,-1634000.0,991000.0000000001,-7709000.0,-1.100186,-5303000.0,-0.756815,-129000.0,-7066000.0,-1.00842,39000.0,-7105000.0,-1.013986,-0.20324,-0.20324,34958010,34958010,https://www.sec.gov/Archives/edgar/data/1036141/000127956918002082/0001279569-18-002082-index.html,https://www.sec.gov/Archives/edgar/data/1036141/000127956918002082/correvio6k.htm
0,2018-06-30,CORV,2018-07-10 00:00:00,2018-07-10 09:27:34,Q2,6180000.0,1960000.0,4220000.0,0.682848,0.0,12630000,0.0,0.0,-4640000.000000001,-2680000.000000001,-3340000.0,1210000.0,3350000.0,0.542071,8860000.0,1.433657,-40000.0,5470000.0,0.885113,50000.0,5430000.0,0.878641,0.15523,0.15523,34980000,34980000,https://www.sec.gov/Archives/edgar/data/1036141/000127956918001444/0001279569-18-001444-index.html,https://www.sec.gov/Archives/edgar/data/1036141/000127956918001444/tv498235_6k.htm
0,2018-03-31,CORV,2018-04-02 00:00:00,2018-04-02 12:13:33,Q1,6540000.0,2300000.0,4240000.0,0.648318,0.0,10900000,0.0,0.0,11860000,14160000,-680000.0,960000.0,-8120000.0,-1.24159,-7620000.0,-1.165138,-110000.0,-8410000.0,-1.285933,60000.0,-8460000.0,-1.293578,-0.24416,-0.24416,34650000,34650000,https://www.sec.gov/Archives/edgar/data/1036141/000127956918000640/0001279569-18-000640-index.html,https://www.sec.gov/Archives/edgar/data/1036141/000127956918000640/cardiome6k.htm
0,2017-12-31,CORV,2018-01-10 00:00:00,2018-01-10 14:03:17,Q4,7030000.0,1930000.0,5100000.0,0.725462,0.0,10420000,0.0,0.0,11370000.000000002,13300000.000000002,-1590000.0,950000.0000000002,-16320000,-2.321479,-6260000.0,-0.890469,-230000.0,-8090000.0,-1.150782,-7340000.0,-8340000.0,-1.186344,-0.24118,-0.24118,34580000,34580000,https://www.sec.gov/Archives/edgar/data/1036141/000127956918000047/0001279569-18-000047-index.html,https://www.sec.gov/Archives/edgar/data/1036141/000127956918000047/cardiome6k.htm
0,2017-09-30,CORV,2017-10-30 00:00:00,2017-10-30 12:18:44,Q3,6020000.0,1490000.0,4530000.0,0.752492,0.0,8480000.0,0.0,0.0,9370000.0,10860000,-1510000.0,889999.9999999999,-7170000.0,-1.19103,-4840000.0,-0.803987,-200000.0,-6550000.0,-1.08804,70000.0,-6620000.0,-1.099668,-0.19563,-0.19563,33840000,33840000,https://www.sec.gov/Archives/edgar/data/1036141/000127956917002024/0001279569-17-002024-index.html,https://www.sec.gov/Archives/edgar/data/1036141/000127956917002024/cardiome6k.htm
0,2017-06-30,CORV,2017-07-05 00:00:00,2017-07-05 07:22:48,Q2,5750000.0,1720000.0,4030000.0,0.70087,0.0,9580000.0,0.0,0.0,10420000,12140000,-690000.0,840000.0,-8370000.0,-1.455652,-6390000.0,-1.111304,-1450000.0,-8520000.0,-1.481739,-10000.0,-8510000.0,-1.48,-0.26233,-0.26233,32440000,32440000,https://www.sec.gov/Archives/edgar/data/1036141/000127956917001364/0001279569-17-001364-index.html,https://www.sec.gov/Archives/edgar/data/1036141/000127956917001364/cardiome6k.htm
0,2017-03-31,CORV,2017-04-03 00:00:00,2017-04-03 15:21:01,Q1,5200000.0,1640000.0,3560000.0,0.684615,0.0,8220000.0,0.0,0.0,9049999.999999998,10689999.999999998,-720000.0,840000.0,-6170000.0,-1.186538,-5490000.0,-1.055769,-80000.0,-6290000.0,-1.209615,40000.0,-6330000.0,-1.217308,-0.19849,-0.19849,31890000,31890000,https://www.sec.gov/Archives/edgar/data/1036141/000127956917000676/0001279569-17-000676-index.html,https://www.sec.gov/Archives/edgar/data/1036141/000127956917000676/cardiome6k.htm
0,2016-12-31,CORV,2017-02-27 00:00:00,2017-02-27 13:38:33,Q4,7020000.0,1860000.0,5160000.0,0.735043,0.0,9100000.0,0.0,0.0,9950000.000000002,11810000.000000002,-850000.0,850000.0000000001,-5660000.0,-0.806268,-4790000.0,-0.682336,-20000.0,-5660000.0,-0.806268,-70000.0,-5590000.0,-0.796296,-0.17513,-0.17513,31920000,31920000,https://www.sec.gov/Archives/edgar/data/1036141/000127956917000339/0001279569-17-000339-index.html,https://www.sec.gov/Archives/edgar/data/1036141/000127956917000339/cardiome6k.htm
0,2016-09-30,CORV,2016-10-14 00:00:00,2016-10-14 14:37:25,Q3,5240000.0,1340000.0,3900000.0,0.744275,0.0,7170000.0,0.0,0.0,8030000.0,9370000.0,-1070000.0,849999.9999999999,-5410000.0,-1.032443,-4130000.0,-0.788168,10000.0,-5200000.0,-0.992366,90000.0,-5280000.0,-1.007634,-0.18605,-0.18605,28380000,28380000,https://www.sec.gov/Archives/edgar/data/1036141/000127956916004492/0001279569-16-004492-index.html,https://www.sec.gov/Archives/edgar/data/1036141/000127956916004492/cardiome6k.htm
0,2016-06-30,CORV,2016-07-25 00:00:00,2016-07-25 17:02:48,Q2,5910000.0,1690000.0,4230000.0,0.715736,0.0,7980000.0,0.0,0.0,10120000.000000002,11810000.000000002,-1410000.0,750000.0,-8080000.0,-1.367174,-5900000.0,-0.998308,-110000.0,-7420000.0,-1.255499,90000.0,-7510000.0,-1.270728,-0.36886,-0.36886,20360000,20360000,https://www.sec.gov/Archives/edgar/data/1036141/000127956916003939/0001279569-16-003939-index.html,https://www.sec.gov/Archives/edgar/data/1036141/000127956916003939/cardiome6k.htm
0,2016-03-31,CORV,2016-04-01 00:00:00,2016-03-31 19:28:42,Q1,7090000.0,1430000.0,5670000.0,0.799718,0.0,6270000.0,0.0,0.0,6790000.000000001,8220000.000000001,170000.0,530000.0,-480000.0,-0.067701,-1130000.0,-0.159379,-220000.0,-1190000.0,-0.167842,50000.0,-1230000.0,-0.173484,-0.06059,-0.06059,20300000,20300000,https://www.sec.gov/Archives/edgar/data/1036141/000127956916003088/0001279569-16-003088-index.html,https://www.sec.gov/Archives/edgar/data/1036141/000127956916003088/cardiome6k.htm
0,2015-12-31,CORV,2016-01-05 00:00:00,2016-01-05 13:32:19,Q4,4720000.0,2820000.0,1900000.0,0.402542,60000.0,8270000.0,0.0,0.0,8870000.0,11690000,-740000.0,550000.0000000003,-7950000.0,-1.684322,-6980000.0,-1.478814,-50000.0,-7760000.0,-1.644068,-360000.0,-7400000.0,-1.567797,-0.36688,-0.36688,20170000,20170000,https://www.sec.gov/Archives/edgar/data/1036141/000127956916002440/0001279569-16-002440-index.html,https://www.sec.gov/Archives/edgar/data/1036141/000127956916002440/cardiome6k.htm
0,2015-09-30,CORV,2015-11-06 00:00:00,2015-11-06 16:24:45,Q3,4960000.0,1390000.0,3570000.0,0.719758,20000.0,8030000.0,0.0,0.0,8590000.0,9980000.0,-580000.0,539999.9999999998,-5680000.0,-1.145161,-5020000.0,-1.012097,-40000.0,-5640000.0,-1.137097,170000.0,-5810000.0,-1.171371,-0.30954,-0.30954,18770000,18770000,https://www.sec.gov/Archives/edgar/data/1036141/000127956915002147/0001279569-15-002147-index.html,https://www.sec.gov/Archives/edgar/data/1036141/000127956915002147/cardiome6k.htm
0,2015-06-30,CORV,2015-07-10 00:00:00,2015-07-10 14:56:44,Q2,5740000.0,1150000.0,4580000.0,0.797909,3080000.0,8380000.0,0.0,0.0,12010000,13160000,160000.0,550000.0,-6580000.0,-1.146341,-7430000.0,-1.294425,-20000.0,-7290000.0,-1.270035,70000.0,-7360000.0,-1.28223,-0.4289,-0.4289,17160000,17160000,https://www.sec.gov/Archives/edgar/data/1036141/000127956915001402/0001279569-15-001402-index.html,https://www.sec.gov/Archives/edgar/data/1036141/000127956915001402/cardiome6k.htm
0,2015-03-31,CORV,2015-04-09 00:00:00,2015-04-09 16:22:33,Q1,5500000.0,1220000.0,4270000.0,0.776364,60000.0,6330000.0,0.0,0.0,6930000.000000001,8150000.000000001,-1050000.0,540000.0,-4290000.0,-0.78,-2660000.0,-0.483636,-70000.0,-3780000.0,-0.687273,110000.0,-3890000.0,-0.707273,-0.23335,-0.23335,16670000,16670000,https://www.sec.gov/Archives/edgar/data/1036141/000127956915000684/0001279569-15-000684-index.html,https://www.sec.gov/Archives/edgar/data/1036141/000127956915000684/cardiome6k.htm
0,2014-12-31,CORV,2015-03-27 00:00:00,2015-03-27 16:53:37,Q4,6980000.0,3620000.0,3360000.0,0.481375,100000.0,9140000.0,0.0,0.0,9780000.000000002,13400000.000000002,-360000.0,539999.9999999998,-6650000.0,-0.952722,-6420000.0,-0.919771,-40000.0,-6820000.0,-0.977077,-340000.0,-6490000.0,-0.929799,-0.39262,-0.39262,16530000,16530000,https://www.sec.gov/Archives/edgar/data/1036141/000127956915000562/0001279569-15-000562-index.html,https://www.sec.gov/Archives/edgar/data/1036141/000127956915000562/v404240_40f.htm
0,2014-09-30,CORV,2014-11-03 00:00:00,2014-10-31 17:41:50,Q3,7810000.0,2670000.0,5130000.0,0.65685,230000.0,7860000.0,0.0,0.0,8610000.0,11280000,-560000.0,510000.0,-4310000.0,-0.551857,-3470000.0,-0.444302,-220000.0,-4250000.0,-0.544174,110000.0,-4370000.0,-0.559539,-0.26453,-0.26453,16520000,16520000,https://www.sec.gov/Archives/edgar/data/1036141/000127956914001752/0001279569-14-001752-index.html,https://www.sec.gov/Archives/edgar/data/1036141/000127956914001752/cardiome6k.htm
0,2014-06-30,CORV,2014-07-21 00:00:00,2014-07-18 18:39:03,Q2,7670000.0,2240000.0,5420000.0,0.706649,60000.0,8810000.0,0.0,0.0,9430000.0,11670000,-100000.0,560000.0,-3620000.0,-0.471969,-4010000.0,-0.522816,20000.0,-4080000.0,-0.531943,160000.0,-4240000.0,-0.552803,-0.25666,-0.25666,16520000,16520000,https://www.sec.gov/Archives/edgar/data/1036141/000127956914001172/0001279569-14-001172-index.html,https://www.sec.gov/Archives/edgar/data/1036141/000127956914001172/cardiome6k.htm
0,2014-03-31,CORV,2014-04-07 00:00:00,2014-04-07 11:49:27,Q1,7590000.0,1490000.0,6100000.0,0.803689,250000.0,8000000.0,0.0,0.0,8780000.0,10270000,-440000.0,540000.0,-2910000.0,-0.383399,-2680000.0,-0.353096,100000.0,-3020000.0,-0.397892,120000.0,-3130000.0,-0.412385,-0.20404,-0.20404,15340000,15340000,https://www.sec.gov/Archives/edgar/data/1036141/000127956914000587/0001279569-14-000587-index.html,https://www.sec.gov/Archives/edgar/data/1036141/000127956914000587/cardiome6k.htm
0,2013-12-31,CORV,,,Q4,3870000.0,890000.0,2980000.0,0.770026,40000.0,7280000.0,0.0,0.0,10479999.999999998,11369999.999999998,230000.0,330000.0,-6570000.0,-1.697674,-7500000.0,-1.937984,140000.0,-7130000.0,-1.842377,100000.0,-7230000.0,-1.868217,-0.5289,-0.5289,13670000,13670000,,
0,2013-09-30,CORV,2013-10-07 00:00:00,2013-10-07 16:35:49,Q3,480000.0,50000.0,430000.0,0.895833,30000.0,3950000.0,0.0,0.0,4090000.0,4140000.0,-110000.0,100000.0,-3620000.0,-7.541667,-3660000.0,-7.625,160000.0,-3610000.0,-7.520833,0.0,-3610000.0,-7.520833,-0.28949,-0.28949,12470000,12470000,https://www.sec.gov/Archives/edgar/data/1036141/000127956913001346/0001279569-13-001346-index.html,https://www.sec.gov/Archives/edgar/data/1036141/000127956913001346/cardiome6k.htm
0,2013-06-30,CORV,2013-07-03 00:00:00,2013-07-03 12:19:26,Q2,110000.0,0.0,0.0,0.0,40000.0,2970000.0,0.0,0.0,3060000.0,3060000.0,0.0,110000.0,-2660000.0,-24.181818,-2950000.0,-26.818182,180000.0,-2770000.0,-25.181818,0.0,-2770000.0,-25.181818,-0.22213,-0.22213,12470000,12470000,https://www.sec.gov/Archives/edgar/data/1036141/000127956913000922/0001279569-13-000922-index.html,https://www.sec.gov/Archives/edgar/data/1036141/000127956913000922/cardiome6k.htm
0,2013-03-31,CORV,2013-04-02 00:00:00,2013-04-02 12:37:43,Q1,60000.0,0.0,0.0,0.0,370000.0,2240000.0,0.0,0.0,-18190000,-18190000,-10000.0,110000.0,18490000,308.166667,18250000,304.166667,150000.0,18390000,306.5,0.0,18390000,306.5,1.47002,1.47002,12510000,12510000,https://www.sec.gov/Archives/edgar/data/1036141/000127956913000422/0001279569-13-000422-index.html,https://www.sec.gov/Archives/edgar/data/1036141/000127956913000422/cardiome6k.htm
0,2012-12-31,CORV,2013-02-05 00:00:00,2013-02-04 18:30:59,Q4,80000.0,0.0,0.0,0.0,390000.0,2360000.0,0.0,0.0,-8340000.0,-8340000.0,-840000.0,250000.0,7150000.0,89.375,8430000.0,105.375,160000.0,7740000.0,96.75,0.0,7740000.0,96.75,0.62723,0.62723,12340000,12340000,https://www.sec.gov/Archives/edgar/data/1036141/000127956913000127/0001279569-13-000127-index.html,https://www.sec.gov/Archives/edgar/data/1036141/000127956913000127/cardiome6k.htm
0,2012-09-30,CORV,2012-10-25 00:00:00,2012-10-25 16:16:27,Q3,60000.0,0.0,0.0,0.0,450000.0,2500000.0,0.0,0.0,12490000,12490000,-1170000.0,510000.0,-14070000,-234.5,-12430000,-207.166667,180000.0,-13410000,-223.5,0.0,-13410000,-223.5,-1.09648,-1.09648,12230000,12230000,https://www.sec.gov/Archives/edgar/data/1036141/000117184312003786/0001171843-12-003786-index.html,https://www.sec.gov/Archives/edgar/data/1036141/000117184312003786/document.htm
0,2012-06-30,CORV,2012-07-03 00:00:00,2012-07-03 13:47:58,Q2,210000.0,0.0,0.0,0.0,2260000.0,2210000.0,0.0,0.0,4860000.0,4860000.0,-1180000.0,229999.99999999997,-6630000.0,-31.571429,-4650000.0,-22.142857,150000.0,-5680000.0,-27.047619,0.0,-5680000.0,-27.047619,-0.46443,-0.46443,12230000,12230000,https://www.sec.gov/Archives/edgar/data/1036141/000117184312002462/0001171843-12-002462-index.html,https://www.sec.gov/Archives/edgar/data/1036141/000117184312002462/f6k_070312.htm
0,2012-03-31,CORV,,,Q1,430000.0,0.0,0.0,0.0,2930000.0,2550000.0,0.0,0.0,6520000.0,6520000.0,-1040000.0,240000.0,-7770000.0,-18.069767,-6090000.0,-14.162791,150000.0,-6970000.0,-16.209302,0.0,-6970000.0,-16.209302,-0.56991,-0.56991,12230000,12230000,,
0,2011-12-31,CORV,2012-03-20 00:00:00,2012-03-20 13:14:35,Q4,400000.0,0.0,0.0,0.0,3440000.0,2100000.0,0.0,0.0,5900000.0,5900000.0,-550000.0,270000.0000000001,-6180000.0,-15.45,-5500000.0,-13.75,150000.0,-5900000.0,-14.75,0.0,-5900000.0,-14.75,-0.48242,-0.48242,12230000,12230000,https://www.sec.gov/Archives/edgar/data/1036141/000117184312000962/0001171843-12-000962-index.html,https://www.sec.gov/Archives/edgar/data/1036141/000117184312000962/f6k_032012.htm
0,2011-09-30,CORV,2011-11-03 00:00:00,2011-11-03 17:19:14,Q3,270000.0,0.0,0.0,0.0,3900000.0,2760000.0,0.0,0.0,6940000.0,6940000.0,-720000.0,279999.9999999999,-7590000.0,-28.111111,-6660000.0,-24.666667,230000.0,-7150000.0,-26.481481,0.0,-7150000.0,-26.481481,-0.58463,-0.58463,12230000,12230000,https://www.sec.gov/Archives/edgar/data/1036141/000117184311003310/0001171843-11-003310-index.html,https://www.sec.gov/Archives/edgar/data/1036141/000117184311003310/document.htm
0,2011-06-30,CORV,2011-07-26 00:00:00,2011-07-26 10:52:38,Q2,440000.0,0.0,0.0,0.0,4070000.0,3470000.0,0.0,0.0,7820000.0,7820000.0,-560000.0,280000.0,-8000000.0,-18.181818,-7380000.0,-16.772727,210000.0,-7720000.0,-17.545455,0.0,-7720000.0,-17.545455,-0.63123,-0.63123,12230000,12230000,https://www.sec.gov/Archives/edgar/data/1036141/000117184311002137/0001171843-11-002137-index.html,https://www.sec.gov/Archives/edgar/data/1036141/000117184311002137/f6k_072611.htm
0,2011-03-31,CORV,2011-05-11 00:00:00,2011-05-11 15:15:54,Q1,390000.0,0.0,0.0,0.0,3810000.0,3220000.0,0.0,0.0,7300000.0,7300000.0,-410000.0,270000.0,-7290000.0,-18.692308,-6920000.0,-17.74359,180000.0,-7150000.0,-18.333333,0.0,-7150000.0,-18.333333,-0.58511,-0.58511,12220000,12220000,https://www.sec.gov/Archives/edgar/data/1036141/000095012311048846/0000950123-11-048846-index.html,https://www.sec.gov/Archives/edgar/data/1036141/000095012311048846/c16921e6vk.htm
0,2010-12-31,CORV,2011-03-16 00:00:00,2011-03-16 17:06:48,Q4,370000.0,0.0,0.0,0.0,4420000.0,2740000.0,0.0,0.0,7450000.0,7450000.0,-440000.0,259999.9999999999,-7480000.0,-20.216216,-7070000.0,-19.108108,210000.0,-7300000.0,-19.72973,0.0,-7300000.0,-19.72973,-0.59787,-0.59787,12210000,12210000,https://www.sec.gov/Archives/edgar/data/1036141/000127956911000345/0001279569-11-000345-index.html,https://www.sec.gov/Archives/edgar/data/1036141/000127956911000345/cardiome6k.htm
0,2010-09-30,CORV,2010-10-22 00:00:00,2010-10-22 15:00:30,Q3,30220000,0.0,0.0,0.0,3490000.0,3510000.0,0.0,0.0,7280000.0,7280000.0,-360000.0,290000.00000000006,22700000,0.751158,22940000,0.7591,190000.0,22770000,0.753475,0.0,22770000,0.753475,1.84372,1.84372,12350000,12350000,https://www.sec.gov/Archives/edgar/data/1036141/000127956910001196/0001279569-10-001196-index.html,https://www.sec.gov/Archives/edgar/data/1036141/000127956910001196/cardiome6k.htm
0,2010-06-30,CORV,2010-08-11 00:00:00,2010-08-11 10:41:48,Q2,12420000,0.0,0.0,0.0,3680000.0,3270000.0,0.0,0.0,7250000.0,7250000.0,-800000.0,300000.0,4060000.0,0.326892,5180000.0,0.417069,190000.0,4560000.0,0.36715,0.0,4560000.0,0.36715,0.36953,0.36953,12340000,12340000,https://www.sec.gov/Archives/edgar/data/1036141/000127956910000938/0001279569-10-000938-index.html,https://www.sec.gov/Archives/edgar/data/1036141/000127956910000938/cardiome6k.htm
0,2010-03-31,CORV,2010-04-28 00:00:00,2010-04-27 18:00:03,Q1,23050000,0.0,0.0,0.0,3750000.0,3360000.0,0.0,0.0,7420000.0,7420000.0,-310000.0,300000.0,15460000,0.670716,15630000,0.678091,160000.0,15470000,0.67115,0.0,15470000,0.67115,1.27746,1.27746,12110000,12110000,https://www.sec.gov/Archives/edgar/data/1036141/000095012310038964/0000950123-10-038964-index.html,https://www.sec.gov/Archives/edgar/data/1036141/000095012310038964/o61338e6vk.htm
0,2009-12-31,CORV,2010-02-18 00:00:00,2010-02-18 11:50:42,Q4,22850000,0.0,0.0,0.0,5640000.0,3280000.0,0.0,0.0,9220000.0,9220000.0,-1940000.0,-1040000.0,8820000.0,0.385996,13620000,0.596061,110000.0,11800000,0.516411,0.0,11800000,0.516411,0.95779,0.95779,12320000,12320000,https://www.sec.gov/Archives/edgar/data/1036141/000127956910000171/0001279569-10-000171-index.html,https://www.sec.gov/Archives/edgar/data/1036141/000127956910000171/cardiome6k.htm
0,2009-09-30,CORV,2009-10-14 00:00:00,2009-10-14 14:30:50,Q3,19190000,0.0,0.0,0.0,9360000.0,4240000.0,0.0,0.0,14340000,14340000,-5190000.0,730000.0,-4790000.0,-0.249609,4850000.0,0.252736,0.0,-330000.0,-0.017196,0.0,-330000.0,-0.017196,-0.02574,-0.02574,12820000,12820000,https://www.sec.gov/Archives/edgar/data/1036141/000127956909001260/0001279569-09-001260-index.html,https://www.sec.gov/Archives/edgar/data/1036141/000127956909001260/cardiome6k.htm
0,2009-06-30,CORV,2009-07-29 00:00:00,2009-07-29 14:43:31,Q2,7340000.0,0.0,0.0,0.0,5430000.0,4260000.0,0.0,0.0,10390000,10390000,1810000.0,700000.0000000001,1280000.0,0.174387,-3040000.0,-0.414169,0.0,-1230000.0,-0.167575,0.0,-1230000.0,-0.167575,-0.09639,-0.09639,12760000,12760000,https://www.sec.gov/Archives/edgar/data/1036141/000127956909000966/0001279569-09-000966-index.html,https://www.sec.gov/Archives/edgar/data/1036141/000127956909000966/cardiome6k.htm
0,2009-03-31,CORV,2009-04-08 00:00:00,2009-04-08 15:53:58,Q1,220000.0,0.0,0.0,0.0,6210000.0,3330000.0,0.0,0.0,10200000,10200000,300000.0,670000.0,-8710000.0,-39.590909,-9980000.0,-45.363636,0.0,-9680000.0,-44.0,0.0,-9680000.0,-44.0,-0.75922,-0.75922,12750000,12750000,https://www.sec.gov/Archives/edgar/data/1036141/000127956909000491/0001279569-09-000491-index.html,https://www.sec.gov/Archives/edgar/data/1036141/000127956909000491/cardiome6k.htm
0,2008-12-31,CORV,2009-03-30 00:00:00,2009-03-30 16:39:17,Q4,340000.0,0.0,0.0,0.0,7890000.0,3160000.0,0.0,0.0,12340000,12340000,5200000.0,690000.0,-920000.0,-2.705882,-12000000,-35.294118,0.0,-6810000.0,-20.029412,0.0,-6810000.0,-20.029412,-0.53412,-0.53412,12750000,12750000,https://www.sec.gov/Archives/edgar/data/1036141/000127956909000430/0001279569-09-000430-index.html,https://www.sec.gov/Archives/edgar/data/1036141/000127956909000430/cardiome40f.htm
0,2008-09-30,CORV,2008-10-09 00:00:00,2008-10-09 12:39:35,Q3,520000.0,0.0,0.0,0.0,8190000.0,4630000.0,0.0,0.0,13670000,13670000,1840000.0,840000.0000000001,-8640000.0,-16.615385,-13160000,-25.307692,0.0,-11320000,-21.769231,0.0,-11320000,-21.769231,-0.88784,-0.88784,12750000,12750000,https://www.sec.gov/Archives/edgar/data/1036141/000127956908001104/0001279569-08-001104-index.html,https://www.sec.gov/Archives/edgar/data/1036141/000127956908001104/cardiome6k.htm
0,2008-06-30,CORV,2008-07-14 00:00:00,2008-07-14 12:37:34,Q2,200000.0,0.0,0.0,0.0,12740000,4360000.0,0.0,0.0,18080000,18080000,-30000.0,980000.0,-16960000,-84.8,-17880000,-89.4,0.0,-17910000,-89.55,0.0,-17910000,-89.55,-1.40471,-1.40471,12750000,12750000,https://www.sec.gov/Archives/edgar/data/1036141/000127956908000821/0001279569-08-000821-index.html,https://www.sec.gov/Archives/edgar/data/1036141/000127956908000821/cardiome6k.htm
0,2008-03-31,CORV,2008-05-14 00:00:00,2008-05-13 19:06:57,Q1,450000.0,0.0,0.0,0.0,18120000,4090000.0,0.0,0.0,23220000,23220000,630000.0,1010000.0,-20500000,-45.555556,-22770000,-50.6,0.0,-22140000,-49.2,0.0,-22140000,-49.2,-1.73647,-1.73647,12750000,12750000,https://www.sec.gov/Archives/edgar/data/1036141/000127956908000612/0001279569-08-000612-index.html,https://www.sec.gov/Archives/edgar/data/1036141/000127956908000612/cardiome6k.htm
0,2007-12-31,CORV,,,Q4,1130000.0,0.0,0.0,0.0,20580000,5000000.0,0.0,0.0,26630000,26630000,-330000.0,1029999.9999999998,-25130000,-22.238938,-25500000,-22.566372,0.0,-25830000,-22.858407,0.0,-25830000,-22.858407,-2.02588,-2.02588,12750000,12750000,,
0,2007-09-30,CORV,2007-11-13 00:00:00,2007-11-13 16:18:22,Q3,920000.0,0.0,0.0,0.0,14370000,4010000.0,0.0,0.0,19370000,19370000,-11730000,960000.0000000002,-40950000,-44.51087,-18450000,-20.054348,0.0,-30180000,-32.804348,0.0,-30180000,-32.804348,-2.37078,-2.37078,12730000,12730000,https://www.sec.gov/Archives/edgar/data/1036141/000127956907001660/0001279569-07-001660-index.html,https://www.sec.gov/Archives/edgar/data/1036141/000127956907001660/cardiome6k18467.htm
0,2007-06-30,CORV,2007-08-09 00:00:00,2007-08-08 19:13:02,Q2,1000000.0,0.0,0.0,0.0,8890000.0,4400000.0,0.0,0.0,14040000,14040000,-230000.0,739999.9999999999,-12760000,-12.76,-13040000,-13.04,0.0,-13270000,-13.27,0.0,-13270000,-13.27,-1.04736,-1.04736,12670000,12670000,https://www.sec.gov/Archives/edgar/data/1036141/000127956907001160/0001279569-07-001160-index.html,https://www.sec.gov/Archives/edgar/data/1036141/000127956907001160/cardiome6k.htm
0,2007-03-31,CORV,2007-05-10 00:00:00,2007-05-10 14:46:12,Q1,1460000.0,0.0,0.0,0.0,10100000,3940000.0,0.0,0.0,14440000,14440000,1000000.0,400000.0,-10580000,-7.246575,-12980000,-8.890411,0.0,-11980000,-8.205479,0.0,-11980000,-8.205479,-0.9852,-0.9852,12160000,12160000,https://www.sec.gov/Archives/edgar/data/1036141/000127956907000684/0001279569-07-000684-index.html,https://www.sec.gov/Archives/edgar/data/1036141/000127956907000684/cardiome6k.htm
0,2006-12-31,CORV,,,Q4,11480000,0.0,0.0,0.0,10820000,3450000.0,0.0,0.0,14640000,14640000,1910000.0,359999.9999999999,1029999.9999999999,0.089721,-3160000.0,-0.275261,0.0,-1240000.0,-0.108014,-90000.0,-1150000.0,-0.100174,-0.10829,-0.10829,10620000,10620000,,
0,2006-09-30,CORV,,,Q3,2140000.0,0.0,0.0,0.0,9690000.0,3470000.0,0.0,0.0,13570000,13570000,710000.0,410000.00000000006,-9600000.0,-4.485981,-11430000,-5.341121,0.0,-10720000,-5.009346,-40000.0,-10680000,-4.990654,-1.00376,-1.00376,10640000,10640000,,
0,2006-06-30,CORV,,,Q2,1900000.0,0.0,0.0,0.0,9970000.0,2890000.0,0.0,0.0,13210000,13210000,-1880000.0,350000.00000000006,-14720000,-7.747368,-11310000,-5.952632,0.0,-13190000,-6.942105,-50000.0,-13140000,-6.915789,-1.23962,-1.23962,10600000,10600000,,
0,2006-03-31,CORV,,,Q1,2640000.0,0.0,0.0,0.0,7840000.0,2480000.0,0.0,0.0,10630000,10630000,890000.0,320000.0,-5890000.0,-2.231061,-7990000.0,-3.026515,0.0,-7100000.0,-2.689394,-70000.0,-7030000.0,-2.662879,-0.66889,-0.66889,10510000,10510000,,
0,2005-12-31,CORV,,,Q4,2590000.0,0.0,0.0,0.0,7590000.0,2750000.0,0.0,0.0,10620000,10620000,550000.0,290000.00000000006,-6640000.0,-2.563707,-8030000.0,-3.100386,0.0,-7480000.0,-2.888031,-120000.0,-7360000.0,-2.841699,-0.70229,-0.70229,10480000,10480000,,
0,2005-09-30,CORV,,,Q3,3880000.0,0.0,0.0,0.0,7580000.0,1590000.0,0.0,0.0,28740000,28740000,-2220000.0,189999.99999999994,-29120000,-7.505155,-24870000,-6.409794,0.0,-27090000,-6.981959,-2580000.0,-24510000,-6.31701,-2.39824,-2.39824,10220000,10220000,,
0,2005-06-30,CORV,,,Q2,3060000.0,0.0,0.0,0.0,9600000.0,1760000.0,0.0,0.0,12220000,12220000,1190000.0,860000.0,-5920000.0,-1.934641,-9160000.0,-2.993464,0.0,-7970000.0,-2.604575,-1810000.0,-6160000.0,-2.013072,-0.6057,-0.6057,10170000,10170000,,
0,2005-03-31,CORV,,,Q1,3760000.0,0.0,0.0,0.0,9390000.0,1570000.0,0.0,0.0,11850000,11850000,470000.0,890000.0,-6260000.0,-1.664894,-8090000.0,-2.151596,0.0,-7620000.0,-2.026596,-1410000.0,-6210000.0,-1.651596,-0.7446,-0.7446,8340000.0,8340000.0,,
0,2004-12-31,CORV,2005-02-18 00:00:00,2005-02-18 13:30:09,Q4,9550000.0,0.0,0.0,0.0,7310000.0,1770000.0,0.0,0.0,9960000.0,9960000.0,-580000.0,880000.0000000003,-689999.9999999997,-0.072251,-410000.0,-0.042932,0.0,-990000.0,-0.103665,-2460000.0,1470000.0,0.153927,0.18216,0.18216,8070000.0,8070000.0,https://www.sec.gov/Archives/edgar/data/1036141/000106299305000309/0001062993-05-000309-index.html,https://www.sec.gov/Archives/edgar/data/1036141/000106299305000309/form6k.htm
0,2004-09-30,CORV,,,Q3,3450000.0,0.0,0.0,0.0,7450000.0,1080000.0,0.0,0.0,18200000,18200000,-380000.0,859999.9999999999,-14660000,-4.249275,-14760000,-4.278261,0.0,-15140000,-4.388406,-3680000.0,-11460000,-3.321739,-1.44697,-1.44697,7920000.0,7920000.0,,
0,2004-06-30,CORV,2004-09-14 00:00:00,2004-09-14 17:11:30,Q2,3880000.0,0.0,0.0,0.0,9160000.0,1610000.0,0.0,0.0,11850000,11850000,360000.0,1090000.0,-6160000.0,-1.587629,-7970000.0,-2.054124,0.0,-7610000.0,-1.96134,-360000.0,-7250000.0,-1.868557,-0.92005,-0.92005,7880000.0,7880000.0,https://www.sec.gov/Archives/edgar/data/1036141/000106299304001445/0001062993-04-001445-index.html,https://www.sec.gov/Archives/edgar/data/1036141/000106299304001445/form6k.htm
0,2004-03-31,CORV,2004-04-09 00:00:00,2004-04-08 17:52:22,Q1,3790000.0,0.0,0.0,0.0,5750000.0,1170000.0,0.0,0.0,7990000.0,7990000.0,240000.0,1060000.0,-2660000.0,-0.701847,-4200000.0,-1.108179,0.0,-3960000.0,-1.044855,-370000.0,-3590000.0,-0.94723,-0.47803,-0.47803,7510000.0,7510000.0,https://www.sec.gov/Archives/edgar/data/1036141/000106299304000477/0001062993-04-000477-index.html,https://www.sec.gov/Archives/edgar/data/1036141/000106299304000477/form6k.htm
0,2003-08-31,CORV,,,Q4,260000.0,0.0,0.0,0.0,2510000.0,850000.0,0.0,0.0,4370000.0,4370000.0,70000.0,1000000.0,-2960000.0,-11.384615,-4100000.0,-15.769231,0.0,-4030000.0,-15.5,-350000.0,-3680000.0,-14.153846,-0.58228,-0.58228,6320000.0,6320000.0,,
0,2003-05-31,CORV,2003-07-16 00:00:00,2003-07-16 14:01:26,Q3,250000.0,0.0,0.0,0.0,1740000.0,980000.0,0.0,0.0,3720000.0,3720000.0,80000.0,989999.9999999999,-2310000.0,-9.24,-3460000.0,-13.84,0.0,-3380000.0,-13.52,-340000.0,-3040000.0,-12.16,-0.5371,-0.5371,5660000.0,5660000.0,https://www.sec.gov/Archives/edgar/data/1036141/000106299303000595/0001062993-03-000595-index.html,https://www.sec.gov/Archives/edgar/data/1036141/000106299303000595/form6k.htm
0,2003-02-28,CORV,2003-05-08 00:00:00,2003-05-08 14:31:51,Q2,260000.0,0.0,0.0,0.0,2080000.0,660000.0,0.0,0.0,3640000.0,3640000.0,90000.0,890000.0,-2320000.0,-8.923077,-3380000.0,-13.0,0.0,-3290000.0,-12.653846,-320000.0,-2980000.0,-11.461538,-0.5265,-0.5265,5660000.0,5660000.0,https://www.sec.gov/Archives/edgar/data/1036141/000104746903017525/0001047469-03-017525-index.html,https://www.sec.gov/Archives/edgar/data/1036141/000104746903017525/a2110251z20-f.htm
0,2002-11-30,CORV,2002-12-11 00:00:00,2002-12-11 14:03:24,Q1,240000.0,0.0,0.0,0.0,2160000.0,750000.0,0.0,0.0,4550000.0,4550000.0,160000.0,1650000.0,-2350000.0,-9.791667,-4310000.0,-17.958333,0.0,-4150000.0,-17.291667,-910000.0,-3250000.0,-13.541667,-0.54077,-0.54077,6010000.0,6010000.0,https://www.sec.gov/Archives/edgar/data/1036141/000106299302000680/0001062993-02-000680-index.html,https://www.sec.gov/Archives/edgar/data/1036141/000106299302000680/form6k.htm
0,2002-08-31,CORV,,,Q4,850000.0,0.0,0.0,0.0,1760000.0,610000.0,0.0,0.0,2950000.0,2950000.0,100000.0,580000.0,-1320000.0,-1.552941,-2110000.0,-2.482353,0.0,-2000000.0,-2.352941,0.0,-2000000.0,-2.352941,-0.35336,-0.35336,5660000.0,5660000.0,,
0,2002-05-31,CORV,2002-06-24 00:00:00,2002-06-24 13:35:08,Q3,20000.0,0.0,0.0,0.0,1560000.0,710000.0,0.0,0.0,2800000.0,2800000.0,130000.0,530000.0,-1990000.0,-99.5,-2780000.0,-139.0,0.0,-2650000.0,-132.5,-60000.0,-2590000.0,-129.5,-0.47005,-0.47005,5510000.0,5510000.0,https://www.sec.gov/Archives/edgar/data/1036141/000106299302000284/0001062993-02-000284-index.html,https://www.sec.gov/Archives/edgar/data/1036141/000106299302000284/form6k.txt
0,2002-02-28,CORV,2002-04-08 00:00:00,2002-04-08 00:00:00,Q2,20000.0,0.0,0.0,0.0,740000.0,330000.0,0.0,0.0,1140000.0,1140000.0,10000.0,70000.0,-1030000.0,-51.5,-1120000.0,-56.0,0.0,-1110000.0,-55.5,0.0,-1110000.0,-55.5,-0.53365,-0.53365,2080000.0,2080000.0,https://www.sec.gov/Archives/edgar/data/1036141/000106299302000131/0001062993-02-000131-index.html,https://www.sec.gov/Archives/edgar/data/1036141/000106299302000131/form6k.txt
0,2001-11-30,CORV,2002-02-15 00:00:00,2002-02-15 00:00:00,Q1,50000.0,0.0,0.0,0.0,870000.0,320000.0,0.0,0.0,1280000.0,1280000.0,0.0,99999.99999999999,-1130000.0,-22.6,-1230000.0,-24.6,0.0,-1230000.0,-24.6,0.0,-1230000.0,-24.6,-0.59709,-0.59709,2060000.0,2060000.0,https://www.sec.gov/Archives/edgar/data/1036141/000106299302000047/0001062993-02-000047-index.html,https://www.sec.gov/Archives/edgar/data/1036141/000106299302000047/form6k.txt
0,2001-08-31,CORV,,,Q4,80000.0,0.0,0.0,0.0,840000.0,270000.0,0.0,0.0,1190000.0,1190000.0,0.0,80000.00000000001,-1030000.0,-12.875,-1110000.0,-13.875,0.0,-1110000.0,-13.875,0.0,-1110000.0,-13.875,-0.53883,-0.53883,2060000.0,2060000.0,,
0,2001-05-31,CORV,2001-06-07 00:00:00,2001-06-07 00:00:00,Q3,110000.0,0.0,0.0,0.0,1070000.0,310000.0,0.0,0.0,1470000.0,1470000.0,0.0,90000.0,-1260000.0,-11.454545,-1350000.0,-12.272727,0.0,-1350000.0,-12.272727,0.0,-1350000.0,-12.272727,-0.65534,-0.65534,2060000.0,2060000.0,https://www.sec.gov/Archives/edgar/data/1036141/000106299301500117/0001062993-01-500117-index.html,https://www.sec.gov/Archives/edgar/data/1036141/000106299301500117/form6k.txt
0,2001-02-28,CORV,2001-05-31 00:00:00,2001-05-31 00:00:00,Q2,170000.0,0.0,0.0,0.0,780000.0,230000.0,0.0,0.0,1100000.0,1100000.0,0.0,90000.0,-850000.0,-5.0,-940000.0,-5.529412,0.0,-940000.0,-5.529412,0.0,-940000.0,-5.529412,-0.45631,-0.45631,2060000.0,2060000.0,https://www.sec.gov/Archives/edgar/data/1036141/000106299301500108/0001062993-01-500108-index.html,https://www.sec.gov/Archives/edgar/data/1036141/000106299301500108/form20f.txt
0,2000-11-30,CORV,2001-01-04 00:00:00,2001-01-04 00:00:00,Q1,1460000.0,0.0,0.0,0.0,960000.0,320000.0,0.0,0.0,1580000.0,1580000.0,0.0,310000.0,180000.0,0.123288,-130000.0,-0.089041,0.0,-130000.0,-0.089041,0.0,-130000.0,-0.089041,-0.05936,-0.05936,2190000.0,2190000.0,https://www.sec.gov/Archives/edgar/data/1036141/000106299301000001/0001062993-01-000001-index.html,https://www.sec.gov/Archives/edgar/data/1036141/000106299301000001/0001062993-01-000001-0001.txt
0,2000-08-31,CORV,2000-11-14 00:00:00,2000-11-14 00:00:00,Q4,160000.0,0.0,0.0,0.0,1020000.0,220000.0,0.0,0.0,1350000.0,1350000.0,0.0,109999.99999999999,-1080000.0,-6.75,-1190000.0,-7.4375,0.0,-1190000.0,-7.4375,0.0,-1190000.0,-7.4375,-0.6134,-0.6134,1940000.0,1940000.0,https://www.sec.gov/Archives/edgar/data/1036141/000106299300000172/0001062993-00-000172-index.html,https://www.sec.gov/Archives/edgar/data/1036141/000106299300000172/0001062993-00-000172-0001.txt
0,2000-05-31,CORV,2000-07-18 00:00:00,2000-07-18 00:00:00,Q3,80000.0,0.0,0.0,0.0,620000.0,300000.0,0.0,0.0,1030000.0,1030000.0,0.0,110000.00000000001,-840000.0,-10.5,-950000.0,-11.875,0.0,-950000.0,-11.875,0.0,-950000.0,-11.875,-0.54286,-0.54286,1750000.0,1750000.0,https://www.sec.gov/Archives/edgar/data/1036141/000106299300000087/0001062993-00-000087-index.html,https://www.sec.gov/Archives/edgar/data/1036141/000106299300000087/0001062993-00-000087-0001.txt
