,date,symbol,fillingDate,acceptedDate,period,revenue,costOfRevenue,grossProfit,grossProfitRatio,researchAndDevelopmentExpenses,generalAndAdministrativeExpenses,sellingAndMarketingExpenses,otherExpenses,operatingExpenses,costAndExpenses,interestExpense,depreciationAndAmortization,ebitda,ebitdaratio,operatingIncome,operatingIncomeRatio,totalOtherIncomeExpensesNet,incomeBeforeTax,incomeBeforeTaxRatio,incomeTaxExpense,netIncome,netIncomeRatio,eps,epsdiluted,weightedAverageShsOut,weightedAverageShsOutDil,link,finalLink
0,2020-09-30,BNGO,2020-11-13,2020-11-12 19:29:56,Q3,2196000.0,1460000.0,736000.0,0.33515482695810567,2304000.0,8659000.0,0.0,54000.0,0.0,12423000,589000.0,0.0,-9855000.0,-4.487704918032787,-10227000,-4.900728597449909,54000.0,-10762000,-4.900728597449909,30000.0,-10792000,-4.9143897996357016,-0.08,-0.08,132942000,132942000,https://www.sec.gov/Archives/edgar/data/1411690/000141169020000022/0001411690-20-000022-index.htm,https://www.sec.gov/Archives/edgar/data/1411690/000141169020000022/bngo-20200930.htm
0,2020-06-30,BNGO,2020-08-13,2020-08-13 16:10:24,Q2,1182000.0,603000.0,579000.0,0.48984771573604063,2401000.0,5613000.0,0.0,-73000.0,0.0,8617000.0,561000.0,0.0,-7213000.0,-6.102368866328257,-7435000.0,-6.826565143824027,-73000.0,-8069000.0,-6.826565143824027,5000.0,-8074000.0,-6.830795262267343,-0.09,-0.09,90907000,90907000,https://www.sec.gov/Archives/edgar/data/1411690/000141169020000017/0001411690-20-000017-index.htm,https://www.sec.gov/Archives/edgar/data/1411690/000141169020000017/bngo-20200630.htm
0,2020-03-31,BNGO,2020-06-18,2020-06-18 16:05:23,Q1,1136000.0,856000.0,280000.0,0.24647887323943662,2674000.0,7368000.0,0.0,18000.0,0.0,10898000,761000.0,0.0,-9448000.0,-8.316901408450704,-9762000.0,-9.247359154929578,18000.0,-10505000,-9.247359154929578,5000.0,-10510000,-9.251760563380282,-0.3,-0.3,35569000,35569000,https://www.sec.gov/Archives/edgar/data/1411690/000141169020000011/0001411690-20-000011-index.htm,https://www.sec.gov/Archives/edgar/data/1411690/000141169020000006/bngo10k-20191231.htm
0,2019-12-31,BNGO,2020-03-10,2020-03-10 17:31:00,Q4,2789130.0,1690759.0,1098371.0,0.39380416115419503,2399183.0,5859681.0,0.0,549247.0,0.0,9949623.0,869759.0,0.0,-6298380.0,-2.2581880371298575,-7160493.0,-2.829916497259002,137247.0,-7893005.0,-2.829916497259002,7590.0,-7900595.0,-2.8326377759372994,-0.23051,-0.23051,34274469,34274469,https://www.sec.gov/Archives/edgar/data/1411690/000141169020000006/0001411690-20-000006-index.htm,https://www.sec.gov/Archives/edgar/data/1411690/000141169020000006/bngo10k-20191231.htm
0,2019-09-30,BNGO,2019-11-07,2019-11-07 16:15:20,Q3,3312997.0,2375100.0,937897.0,0.28309624186197574,2173905.0,4449088.0,0.0,-130539.0,0.0,8998093.0,578045.0,0.0,-5537453.0,-1.6714331464833805,-5685096.0,-1.92987799264533,-130539.0,-6393680.0,-1.92987799264533,4486.0,-6398166.0,-1.9312320536360281,-0.59,-0.59,10897522,10897522,https://www.sec.gov/Archives/edgar/data/1411690/000141169019000016/0001411690-19-000016-index.htm,https://www.sec.gov/Archives/edgar/data/1411690/000141169019000016/bngo-20190930x10q.htm
0,2019-06-30,BNGO,2019-08-08,2019-08-08 16:04:15,Q2,2174635.0,1555246.0,619389.0,0.2848243498334203,2407692.0,5056005.0,0.0,-249884.0,0.0,9018943.0,565888.0,0.0,-6827229.0,-3.1394827177894222,-6844308.0,-3.5224669887130484,-249884.0,-7660080.0,-3.5224669887130484,4486.0,-7664566.0,-3.5245298636322877,-0.71,-0.71,10860055,10860055,https://www.sec.gov/Archives/edgar/data/1411690/000162828019010447/0001628280-19-010447-index.htm,https://www.sec.gov/Archives/edgar/data/1411690/000162828019010447/bngo-20190630x10q.htm
0,2019-03-31,BNGO,2019-05-09,2019-05-09 16:24:07,Q1,1852746.0,1147042.0,705704.0,0.38089624805558886,2100111.0,4790602.0,0.0,-468248.0,0.0,8037755.0,272504.0,0.0,-6383418.0,-3.445382151681882,-6185009.0,-4.235473723867168,-1389744.0,-7847257.0,-4.235473723867168,4486.0,-7851743.0,-4.23789499478072,-0.77,-0.77,10210755,10210755,https://www.sec.gov/Archives/edgar/data/1411690/000162828019006447/0001628280-19-006447-index.htm,https://www.sec.gov/Archives/edgar/data/1411690/000162828019002959/bngo10k-20181231.htm
0,2018-12-31,BNGO,2019-03-14,2019-03-14 16:08:37,Q4,4013537.0,2988115.0,1025422.0,0.25549085507371677,2521467.0,4602517.0,0.0,-36716.0,0.0,10112099,266971.0,0.0,-5984558.0,-1.491093267609094,-6098562.0,-1.595163816852816,-36716.0,-6402249.0,-1.595163816852816,9207.0,-6411456.0,-1.5974578034287463,-0.637634,-0.637634,10055072,10055072,https://www.sec.gov/Archives/edgar/data/1411690/000162828019002959/0001628280-19-002959-index.htm,https://www.sec.gov/Archives/edgar/data/1411690/000162828019002959/bngo10k-20181231.htm
