,date,symbol,fillingDate,acceptedDate,period,revenue,costOfRevenue,grossProfit,grossProfitRatio,researchAndDevelopmentExpenses,generalAndAdministrativeExpenses,sellingAndMarketingExpenses,otherExpenses,operatingExpenses,costAndExpenses,interestExpense,depreciationAndAmortization,ebitda,ebitdaratio,operatingIncome,operatingIncomeRatio,totalOtherIncomeExpensesNet,incomeBeforeTax,incomeBeforeTaxRatio,incomeTaxExpense,netIncome,netIncomeRatio,eps,epsdiluted,weightedAverageShsOut,weightedAverageShsOutDil,link,finalLink
0,2020-09-30,LIFE,2020-11-13,2020-11-13 17:24:18,Q3,148000.0,0.0,148000.0,1.0,4616000.0,2044000.0,0.0,-88000.0,6660000.0,6660000.0,0.0,128000.0,-6384000.0,-43.13513513513514,-6512000.0,-44.0,0.0,0.0,0.0,0.0,0.0,0.0,-0.68,-0.68,9357430.0,9357430.0,https://www.sec.gov/Archives/edgar/data/1339970/000156459020053928/0001564590-20-053928-index.htm,https://www.sec.gov/Archives/edgar/data/1339970/000156459020053928/life-10q_20200930.htm
0,2020-06-30,LIFE,2020-08-13,2020-08-13 16:40:44,Q2,189000.0,0.0,189000.0,1.0,4361000.0,2146000.0,0.0,549000.0,6507000.0,6507000.0,0.0,156000.0,-6290000.0,-33.280423,-6318000.0,-33.428571,-129000.0,-6447000.0,-34.111111,0.0,-6446000.0,-34.10582,-0.68886,-0.68886,9357430.0,9357430.0,https://www.sec.gov/Archives/edgar/data/1339970/000156459020040057/0001564590-20-040057-index.htm,https://www.sec.gov/Archives/edgar/data/1339970/000156459020040057/life-10q_20200630.htm
0,2020-03-31,LIFE,2020-05-12 00:00:00,2020-05-12 17:06:31,Q1,8065000.0,0.0,0.0,0.0204587724737,3616000.0,2590000.0,0.0,0.0,6206000.0,6206000.0,0.0,157000.0,1910000.0,0.236826,1859000.0,0.230502,-107000.0,1752000.0,0.217235,0.0,1753000.0,0.217359,0.25462,0.25462,6884800.0,6884800.0,https://www.sec.gov/Archives/edgar/data/1339970/000156459020024729/0001564590-20-024729-index.htm,https://www.sec.gov/Archives/edgar/data/1339970/000156459020024729/life-10q_20200331.htm
0,2019-12-31,LIFE,2020-03-26 00:00:00,2020-03-26 16:16:54,Q4,144000.0,0.0,0.0,1.0,3590000.0,2516000.0,0.0,0.0,6106000.0,6106000.0,0.0,157000.00000000003,-5816000.0,-40.388889,-5962000.0,-41.402778,-171000.0,-6133000.0,-42.590278,0.0,-5973000.0,-41.479167,-1.53277,-1.53277,3896870.0,3896870.0,https://www.sec.gov/Archives/edgar/data/1339970/000156459020013208/0001564590-20-013208-index.html,https://www.sec.gov/Archives/edgar/data/1339970/000156459020013208/life-10k_20191231.htm
0,2019-09-30,LIFE,2019-11-14 00:00:00,2019-11-14 16:16:55,Q3,184000.0,0.0,0.0,1.0,3799000.0,1883000.0,0.0,0.0,5682000.0,5682000.0,0.0,153999.99999999997,-5491000.0,-29.842391,-5498000.0,-29.880435,-147000.0,-5645000.0,-30.679348,0.0,-5645000.0,-30.679348,-1.46766,-1.46766,3846250.0,3846250.0,https://www.sec.gov/Archives/edgar/data/1339970/000156459019043524/0001564590-19-043524-index.html,https://www.sec.gov/Archives/edgar/data/1339970/000156459019043524/life-10q_20190930.htm
0,2019-06-30,LIFE,,Not found...,Q2,94000.0,0.0,0.0,1.0,3314000.0,2421000.0,0.0,0.0,5735000.0,5735000.0,0.0,157000.0,-5691000.0,-60.542553,-5641000.0,-60.010638,-207000.0,-5848000.0,-62.212766,0.0,-5848000.0,-62.212766,-1.8022,-1.8022,3244920.0,3244920.0,,
0,2019-03-31,LIFE,2019-05-14 00:00:00,2019-05-14 16:06:27,Q1,0.0,0.0,0.0,0.0,3350000.0,2530000.0,0.0,0.0,5880000.0,5880000.0,0.0,167000.0,-5973000.0,0.0,-5880000.0,0.0,-260000.0,-6140000.0,0.0,0.0,-6140000.0,0.0,-2.53719,-2.53719,2420000.0,2420000.0,https://www.sec.gov/Archives/edgar/data/1339970/000156459019019133/0001564590-19-019133-index.html,https://www.sec.gov/Archives/edgar/data/1339970/000156459019019133/life-10q_20190331.htm
0,2018-12-31,LIFE,2019-03-26 00:00:00,2019-03-26 17:28:49,Q4,0.0,0.0,0.0,0.0,3550000.0,2410000.0,0.0,0.0,5960000.0,5960000.0,0.0,179000.00000000006,-6141000.0,0.0,-5960000.0,0.0,-360000.0,-6320000.0,0.0,0.0,-6320000.0,0.0,-2.91244,-2.91244,2170000.0,2170000.0,https://www.sec.gov/Archives/edgar/data/1339970/000156459019009381/0001564590-19-009381-index.html,https://www.sec.gov/Archives/edgar/data/1339970/000156459019009381/life-10k_20181231.htm
0,2018-09-30,LIFE,2018-11-14 00:00:00,2018-11-14 16:07:17,Q3,0.0,0.0,0.0,0.0,4200000.0,2480000.0,0.0,0.0,6680000.0,6680000.0,0.0,186999.99999999994,-6923000.0,0.0,-6680000.0,0.0,-440000.0,-7110000.0,0.0,0.0,-7110000.0,0.0,-3.33803,-3.33803,2130000.0,2130000.0,https://www.sec.gov/Archives/edgar/data/1339970/000156459018029559/0001564590-18-029559-index.html,https://www.sec.gov/Archives/edgar/data/1339970/000156459018029559/life-10q_20180930.htm
0,2018-06-30,LIFE,2018-08-14 00:00:00,2018-08-14 16:17:11,Q2,0.0,0.0,0.0,0.0,6480000.0,3480000.0,0.0,0.0,9960000.0,9960000.0,0.0,200000.0,-10210000,0.0,-9960000.0,0.0,-450000.0,-10410000,0.0,0.0,-10410000,0.0,-4.88732,-4.88732,2130000.0,2130000.0,https://www.sec.gov/Archives/edgar/data/1339970/000156459018021715/0001564590-18-021715-index.html,https://www.sec.gov/Archives/edgar/data/1339970/000156459018021715/life-10q_20180630.htm
0,2018-03-31,LIFE,2018-05-15 00:00:00,2018-05-15 16:06:41,Q1,0.0,0.0,0.0,0.0,6150000.0,4070000.0,0.0,0.0,10220000,10220000,0.0,180000.0,-10490000,0.0,-10220000,0.0,-450000.0,-10670000,0.0,0.0,-10670000,0.0,-5.00939,-5.00939,2130000.0,2130000.0,https://www.sec.gov/Archives/edgar/data/1339970/000156459018013628/0001564590-18-013628-index.html,https://www.sec.gov/Archives/edgar/data/1339970/000156459018013628/life-10q_20180331.htm
0,2017-12-31,LIFE,2018-03-20 00:00:00,2018-03-20 16:50:25,Q4,0.0,0.0,0.0,0.0,5310000.0,5890000.0,0.0,0.0,11200000,11200000,0.0,159999.9999999999,-11310000,0.0,-11200000,0.0,-270000.0,-11470000,0.0,0.0,-11470000,0.0,-5.38498,-5.38498,2130000.0,2130000.0,https://www.sec.gov/Archives/edgar/data/1339970/000156459018006333/0001564590-18-006333-index.html,https://www.sec.gov/Archives/edgar/data/1339970/000156459018006333/life-10k_20171231.htm
0,2017-09-30,LIFE,2017-11-14 00:00:00,2017-11-14 16:17:24,Q3,0.0,0.0,0.0,0.0,7130000.0,3690000.0,0.0,0.0,10830000,10830000,0.0,150000.00000000003,-11040000,0.0,-10830000,0.0,-360000.0,-11190000,0.0,0.0,-11190000,0.0,-6.08152,-6.08152,1840000.0,1840000.0,https://www.sec.gov/Archives/edgar/data/1339970/000156459017023776/0001564590-17-023776-index.html,https://www.sec.gov/Archives/edgar/data/1339970/000156459017023776/life-10q_20170930.htm
0,2017-06-30,LIFE,2017-08-14 00:00:00,2017-08-14 17:10:45,Q2,0.0,0.0,0.0,0.0,8420000.0,3490000.0,0.0,0.0,11910000,11910000,0.0,170000.0,-11970000,0.0,-11910000,0.0,-230000.0,-12140000,0.0,0.0,-12140000,0.0,-7.14118,-7.14118,1700000.0,1700000.0,https://www.sec.gov/Archives/edgar/data/1339970/000156459017017690/0001564590-17-017690-index.html,https://www.sec.gov/Archives/edgar/data/1339970/000156459017017690/life-10q_20170630.htm
0,2017-03-31,LIFE,2017-05-11 00:00:00,2017-05-11 16:16:35,Q1,0.0,0.0,0.0,0.0,9200000.0,4010000.0,0.0,0.0,13210000,13210000,0.0,230000.0,-13180000,0.0,-13210000,0.0,-190000.0,-13410000,0.0,0.0,-13410000,0.0,-7.88824,-7.88824,1700000.0,1700000.0,https://www.sec.gov/Archives/edgar/data/1339970/000156459017010548/0001564590-17-010548-index.html,https://www.sec.gov/Archives/edgar/data/1339970/000156459017010548/life-10q_20170331.htm
0,2016-12-31,LIFE,2017-03-16 00:00:00,2017-03-16 16:16:52,Q4,0.0,0.0,0.0,0.0,9140000.0,3380000.0,0.0,0.0,12560000,12560000,-60000.0,219999.99999999997,-12460000,0.0,-12560000,0.0,0.0,-12620000,0.0,-50000.0,-12570000,0.0,-7.43787,-7.43787,1690000.0,1690000.0,https://www.sec.gov/Archives/edgar/data/1339970/000156459017004631/0001564590-17-004631-index.html,https://www.sec.gov/Archives/edgar/data/1339970/000156459017004631/life-10k_20161231.htm
0,2016-09-30,LIFE,2016-11-14 00:00:00,2016-11-14 15:41:47,Q3,0.0,0.0,0.0,0.0,10400000,3470000.0,0.0,0.0,13870000,13870000,0.0,220000.00000000003,-13600000,0.0,-13870000,0.0,50000.0,-13820000,0.0,0.0,-13820000,0.0,-8.17751,-8.17751,1690000.0,1690000.0,https://www.sec.gov/Archives/edgar/data/1339970/000156459016029228/0001564590-16-029228-index.html,https://www.sec.gov/Archives/edgar/data/1339970/000156459016029228/life-10q_20160930.htm
0,2016-06-30,LIFE,,,Q2,0.0,0.0,0.0,0.0,11310000,4130000.0,0.0,0.0,15430000,15430000,0.0,230000.0,-15150000,0.0,-15430000,0.0,50000.0,-15380000,0.0,0.0,-15380000,0.0,-9.10059,-9.10059,1690000.0,1690000.0,,
0,2016-03-31,LIFE,2016-05-11 00:00:00,2016-05-11 16:11:28,Q1,0.0,0.0,0.0,0.0,12000000,4120000.0,0.0,0.0,16120000,16120000,0.0,230000.0,-15860000,0.0,-16120000,0.0,30000.0,-16090000,0.0,0.0,-16090000,0.0,-9.52071,-9.52071,1690000.0,1690000.0,https://www.sec.gov/Archives/edgar/data/1339970/000156459016019103/0001564590-16-019103-index.html,https://www.sec.gov/Archives/edgar/data/1339970/000156459016019103/life-10q_20160331.htm
0,2015-12-31,LIFE,2016-03-30 00:00:00,2016-03-30 16:13:31,Q4,0.0,0.0,0.0,0.0,12670000,3810000.0,0.0,0.0,16450000,16450000,-40000.0,229999.99999999997,-16300000,0.0,-16450000,0.0,0.0,-16490000,0.0,0.0,-16490000,0.0,-9.7,-9.7,1700000.0,1700000.0,https://www.sec.gov/Archives/edgar/data/1339970/000156459016015652/0001564590-16-015652-index.html,https://www.sec.gov/Archives/edgar/data/1339970/000156459016015652/life-10k_20151231.htm
0,2015-09-30,LIFE,2015-11-10 00:00:00,2015-11-10 16:38:23,Q3,0.0,0.0,0.0,0.0,7740000.0,3570000.0,0.0,0.0,11310000,11310000,0.0,220000.00000000003,-11110000,0.0,-11310000,0.0,-20000.0,-11330000,0.0,0.0,-11330000,0.0,-6.70414,-6.70414,1690000.0,1690000.0,https://www.sec.gov/Archives/edgar/data/1339970/000156459015010357/0001564590-15-010357-index.html,https://www.sec.gov/Archives/edgar/data/1339970/000156459015010357/life-10q_20150930.htm
0,2015-06-30,LIFE,2015-08-12 00:00:00,2015-08-12 16:18:55,Q2,0.0,0.0,0.0,0.0,7500000.0,3400000.0,0.0,0.0,10900000,10900000,0.0,210000.0,-10870000,0.0,-10900000,0.0,-180000.0,-11080000,0.0,0.0,-11080000,0.0,-6.55621,-6.55621,1690000.0,1690000.0,https://www.sec.gov/Archives/edgar/data/1339970/000119312515288119/0001193125-15-288119-index.html,https://www.sec.gov/Archives/edgar/data/1339970/000119312515288119/d59201d10q.htm
