,date,symbol,fillingDate,acceptedDate,period,revenue,costOfRevenue,grossProfit,grossProfitRatio,researchAndDevelopmentExpenses,generalAndAdministrativeExpenses,sellingAndMarketingExpenses,otherExpenses,operatingExpenses,costAndExpenses,interestExpense,depreciationAndAmortization,ebitda,ebitdaratio,operatingIncome,operatingIncomeRatio,totalOtherIncomeExpensesNet,incomeBeforeTax,incomeBeforeTaxRatio,incomeTaxExpense,netIncome,netIncomeRatio,eps,epsdiluted,weightedAverageShsOut,weightedAverageShsOutDil,link,finalLink
0,2020-07-31,STRM,2020-09-10 00:00:00,2020-09-10 16:30:48,Q2,2887000.0,1352000.0,1535000.0,0.531694,509000.0,2284000.0,0.0,0.0,2792999.999999999,4144999.999999999,13000.0,503000.0,-791000.0,-0.273987,-1258000.0,-0.435746,-64000.0,-1335000.0,-0.462418,-172000.0,-1135000.0,-0.393142,-0.0378,-0.0378,30026660,30026660,https://www.sec.gov/Archives/edgar/data/1008586/000149315220017564/0001493152-20-017564-index.htm,https://www.sec.gov/Archives/edgar/data/1008586/000149315220017564/form10-q.htm
0,2020-04-30,STRM,2020-06-11 00:00:00,2020-06-11 16:31:57,Q1,2844000.0,1270000.0,1574000.0,0.553446,684000.0,2291000.0,0.0,105000.0,3079999.9999999995,4350000.0,14000.0,426000.0,3552000.0,1.248945,-1506000.0,-0.529536,-18000.0,-1538000.0,-0.540788,-561000.0,3673000.0,1.291491,0.12339,0.12339,29767810,29767810,https://www.sec.gov/Archives/edgar/data/1008586/000149315220011010/0001493152-20-011010-index.html,https://www.sec.gov/Archives/edgar/data/1008586/000149315220011010/form10-q.htm
0,2020-01-31,STRM,2020-04-22 00:00:00,2020-04-22 16:32:07,Q4,4805000.0,2313000.0,2492000.0,0.518626,1170000.0,2066000.0,0.0,0.0,4802999.999999999,7115999.999999999,70000.0,968000.0,-1360000.0,-0.283039,-2311000.0,-0.480957,-17000.0,-2398000.0,-0.499063,6000.0,-2404000.0,-0.500312,-0.08107,-0.08107,29653550,29653550,https://www.sec.gov/Archives/edgar/data/1008586/000149315220006930/0001493152-20-006930-index.html,https://www.sec.gov/Archives/edgar/data/1008586/000149315220006930/form10-k.htm
0,2019-10-31,STRM,2020-01-07 00:00:00,2020-01-07 17:26:35,Q3,5788000.0,1762000.0,4026000.0,0.695577,726000.0,2800000.0,0.0,0.0,4007000.0,5769000.0,91000.0,403000.0000000001,342000.0000000001,0.059088,19000.0,0.003283,-80000.0,-152000.0,-0.026261,12000.0,-164000.0,-0.028334,-0.00759,-0.00759,21598150,21598150,https://www.sec.gov/Archives/edgar/data/1008586/000155837020000067/0001558370-20-000067-index.html,https://www.sec.gov/Archives/edgar/data/1008586/000155837020000067/strm-20191031x10q.htm
0,2019-07-31,STRM,2019-09-12,2019-09-12 16:06:17,Q2,4793000.0,1758000.0,3035000.0,0.633215,867000.0,2461000.0,0.0,0.0,3468000.0,5226000.0,70000.0,500999.9999999999,-35000.0000000001,-0.007302,-433000.0,-0.09034,-103000.0,-606000.0,-0.126434,2000.0,-608000.0,-0.126852,-0.03053,-0.03053,19913660,19913660,https://www.sec.gov/Archives/edgar/data/1008586/000155837019008592/strm-20190731x10q.htm,https://www.sec.gov/Archives/edgar/data/1008586/000155837019008592/strm-20190731x10q.htm
0,2019-04-30,STRM,2019-06-13 00:00:00,2019-06-13 16:16:27,Q1,3164000.0,1027000.0,2137000.0,0.675411,589000.0,2421000.0,0.0,0.0,3010000.0,4037000.0,78000.0,277000.0,343000.0,0.108407,-873000.0,-0.275917,-16000.0,-967000.0,-0.305626,-325000.0,313000.0,0.098925,0.01581,0.01581,19793360,19793360,https://www.sec.gov/Archives/edgar/data/1008586/000155837019005680/0001558370-19-005680-index.html,https://www.sec.gov/Archives/edgar/data/1008586/000155837019005680/strm-20190430x10q.htm
0,2019-01-31,STRM,2019-04-22 00:00:00,2019-04-22 16:20:51,Q4,5464520.0,1752260.0,3712260.0,0.679339,959410.0,2394180.0,0.0,-334060.0,6700530.000000001,8452790.0,51613.0,535999.9999999999,-2513107.0,-0.459895,-2988270.0,-0.546849,-60840.0,-3100720.0,-0.567428,-5140.0,-3095580.0,-0.566487,-0.16775,-0.16775,18453330,18453330,https://www.sec.gov/Archives/edgar/data/1008586/000155837019003142/0001558370-19-003142-index.html,https://www.sec.gov/Archives/edgar/data/1008586/000155837019003142/strm-20190131x10k.htm
0,2018-10-31,STRM,2018-12-14 00:00:00,2018-12-14 12:04:54,Q3,5369000.0,1934000.0,3435000.0,0.639784,1026000.0,2392000.0,0.0,562000.0,3979999.9999999995,5913999.999999999,105784.0,560999.9999999999,-9216.0000000001,-0.001717,-545000.0,-0.101509,-25000.0,-676000.0,-0.125908,2000.0,-678000.0,-0.12628,-0.03449,-0.03449,19655880,19655880,https://www.sec.gov/Archives/edgar/data/1008586/000155837018009709/0001558370-18-009709-index.html,https://www.sec.gov/Archives/edgar/data/1008586/000155837018009709/strm-20181031x10q.htm
0,2018-07-31,STRM,2018-09-12 00:00:00,2018-09-12 16:58:27,Q2,5268905.0,289890.0,4979015.0,0.94498097802105,1212845.0,2518893.0,0.0,2941721000,3731738.0,6673459.0,110385.0,719412.0,-1519775588,-0.2884518681155162,-1520495000,-0.2885884117848469,0.0,-1520495000,-0.2885884117848469,1713.0,-1522208000,-0.28891353745075665,-76.19133,-76.19133,19978757,19978757,https://www.sec.gov/Archives/edgar/data/1008586/000155837018007448/0001558370-18-007448-index.html,https://www.sec.gov/Archives/edgar/data/1008586/000155837018007448/strm-20180731x10q.htm
0,2018-04-30,STRM,2018-06-13 00:00:00,2018-06-13 16:17:01,Q1,6263000.0,249984.0,6013016.0,0.9600855819894619,1062319.0,3249057.0,0.0,2314919000,4311376.0,6626295.0,116218.0,721574.0,358452.0,0.0572332747884,-566985000,-0.09052679847738518,0.0,-566985000,-0.09052679847738518,1714.0,-568699000,-0.09080046168292014,-28.45426,-28.45426,19986425,19986425,https://www.sec.gov/Archives/edgar/data/1008586/000162828018007833/0001628280-18-007833-index.html,https://www.sec.gov/Archives/edgar/data/1008586/000162828018007833/strm2018043010q.htm
0,2018-01-31,STRM,2018-04-25 00:00:00,2018-04-25 16:56:57,Q4,6098936.0,349359.0,5749577.0,0.9427180413108123,1367028.0,2451028.0,0.0,2369000000,3818056.0,6187056.0,113934.0,956012.0,867892.0,0.142302198285,-649512000,-0.10649595273667407,0.0,-53782000,-0.008818259447221614,7822000.0,37870.0,0.00620927978257,0.00191,0.00191,19876383,19876383,https://www.sec.gov/Archives/edgar/data/1008586/000162828018004993/0001628280-18-004993-index.html,https://www.sec.gov/Archives/edgar/data/1008586/000162828018004993/strm2018013110-k.htm
0,2017-10-31,STRM,2017-12-12 00:00:00,2017-12-12 16:32:38,Q3,6399299.0,434138.0,5965161.0,0.932158506736441,932251.0,2819549.0,0.0,2351043000,3751800.0,6102843.0,113078.0,879993.0,1176449.0,0.183840292507,296456.0,0.0463263241802,0.0,6096.0,0.000952604339944,2607.0,3489.0,0.000545215968187,0.00018,0.00018,19838691,19838691,https://www.sec.gov/Archives/edgar/data/1008586/000162828017012298/0001628280-17-012298-index.html,https://www.sec.gov/Archives/edgar/data/1008586/000162828017012298/strm2017103110q.htm
0,2017-07-31,STRM,2017-09-13 00:00:00,2017-09-13 16:10:15,Q2,5916159.0,596799.0,5319360.0,0.8991239079274238,1495972.0,2790171.0,0.0,2585416000,4286143.0,6871559.0,120377.0,1105561.0,150161.0,0.025381501748,-1095458000,-0.1851637185545554,0.0,-1095458000,-0.1851637185545554,2607.0,-1098065000,-0.18560437608252245,-55.55568,-55.55568,19765125,19765125,https://www.sec.gov/Archives/edgar/data/1008586/000162828017009262/0001628280-17-009262-index.html,https://www.sec.gov/Archives/edgar/data/1008586/000162828017009262/strm2017073110q.htm
0,2017-04-30,STRM,2017-06-12 00:00:00,2017-06-12 16:34:10,Q1,5923681.0,566051.0,5357630.0,0.9044426936561911,1556938.0,3373528.0,0.0,2867803000,4930466.0,7798269.0,127268.0,1107267.0,-2038792733,-0.344176658567536,-2039900000,-0.34436358068572565,0.0,-2039900000,-0.34436358068572565,2608.0,-2042508000,-0.34480384747254283,-103.70488,-103.70488,19695390,19695390,https://www.sec.gov/Archives/edgar/data/1008586/000162828017006370/0001628280-17-006370-index.html,https://www.sec.gov/Archives/edgar/data/1008586/000162828017006370/strm2017043010q.htm
0,2017-01-31,STRM,2017-04-10 00:00:00,2017-04-10 16:11:53,Q4,6383133.0,632400.0,5750733.0,0.9009263946090423,1653831.0,2934934.0,0.0,2848254000,4588765.0,7436657.0,127962.0,1197830.0,144306.0,0.0226073935793,-1036313000,-0.16235177929082786,0.0,-1036313000,-0.16235177929082786,17128000,-1019185000,-0.15966845748004937,-52.19005,-52.19005,19528341,19528341,https://www.sec.gov/Archives/edgar/data/1008586/000162828017003513/0001628280-17-003513-index.html,https://www.sec.gov/Archives/edgar/data/1008586/000162828017003513/strm-2017013110xk.htm
0,2016-10-31,STRM,2016-12-07 00:00:00,2016-12-07 16:05:22,Q3,6635488.0,663148.0,5972340.0,0.9000604024903669,1969415.0,3212350.0,0.0,3223067000,5181765.0,8404832.0,98871.0,1310590.0,-1927459410,-0.2904774162804605,-1928770000,-0.29067492850563514,0.0,-1928770000,-0.29067492850563514,1702.0,-1930472000,-0.29093142810295186,-99.11273,-99.11273,19477538,19477538,https://www.sec.gov/Archives/edgar/data/1008586/000162828016021866/0001628280-16-021866-index.html,https://www.sec.gov/Archives/edgar/data/1008586/000162828016021866/strm2016103110q.htm
0,2016-07-31,STRM,2016-09-07,2016-09-07 16:08:47,Q2,7374063.0,671631.0,6702432.0,0.9089198180162008,2108567.0,3341949.0,0.0,2491378000,5450516.0,7941894.0,120014.0,1345677.0,777846.0,0.105484045905,-732601000,-0.09934835110576083,0.0,-732601000,-0.09934835110576083,1701.0,-734302000,-0.09957902448080522,-37.86321,-37.86321,19393547,19393547,https://www.sec.gov/Archives/edgar/data/1008586/000162828016019437/0001628280-16-019437-index.htm,https://www.sec.gov/Archives/edgar/data/1008586/000162828016019437/strm2016073110q.htm
0,2016-04-30,STRM,2016-06-08 00:00:00,2016-06-08 16:08:54,Q1,6667221.0,745484.0,5921737.0,0.8881866972761215,1722187.0,3598841.0,0.0,2726309000,5321028.0,8047337.0,162012.0,1361883.0,-1474544117,-0.22116322782760614,-1475906000,-0.2213674932929327,0.0,-1475906000,-0.2213674932929327,1701.0,-1477607000,-0.22162262207897412,-77.78808,-77.78808,18995289,18995289,https://www.sec.gov/Archives/edgar/data/1008586/000162828016017030/0001628280-16-017030-index.html,https://www.sec.gov/Archives/edgar/data/1008586/000162828016017030/strm2016043010q.htm
0,2016-01-31,STRM,2016-04-20 00:00:00,2016-04-20 17:06:18,Q4,6370848.0,660632.0,5710216.0,0.8963039143297721,2377359.0,2806429.0,0.0,2683647000,5183788.0,7867788.0,185824.0,1389036.0,-1396494964,-0.21920079775879128,-1397884000,-0.21941882776044885,0.0,-1397884000,-0.21941882776044885,5358.0,-1403242000,-0.22025984609898086,-75.08042,-75.08042,18689854,18689854,https://www.sec.gov/Archives/edgar/data/1008586/000162828016014497/0001628280-16-014497-index.html,https://www.sec.gov/Archives/edgar/data/1008586/000162828016014497/strm-2016013110xk.htm
0,2015-10-31,STRM,2015-12-10 00:00:00,2015-12-10 16:44:25,Q3,7155069.0,695824.0,6459245.0,0.9027509028913627,2258092.0,2351082.0,0.0,2903540000,4609174.0,7512714.0,206286.0,1416978.0,1059333.0,0.148053498855,-453548000,-0.06338834747785102,0.0,-453548000,-0.06338834747785102,3113.0,-456661000,-0.06382342364553019,-24.47452,-24.47452,18658626,18658626,https://www.sec.gov/Archives/edgar/data/1008586/000100858615000004/0001008586-15-000004-index.html,https://www.sec.gov/Archives/edgar/data/1008586/000100858615000004/strm2015103110q.htm
0,2015-07-31,STRM,2015-09-03 00:00:00,2015-09-03 16:27:55,Q2,8619099.0,694794.0,7924305.0,0.9193890219847806,2233356.0,3779114.0,0.0,2759405000,6012470.0,8771875.0,248175.0,1423434.0,1270658.0,0.14742353,-560765000,-0.06506074474837799,0.0,-560765000,-0.06506074474837799,3414.0,-564179000,-0.06545684183462795,-30.30838,-30.30838,18614622,18614622,https://www.sec.gov/Archives/edgar/data/1008586/000100858615000002/0001008586-15-000002-index.html,https://www.sec.gov/Archives/edgar/data/1008586/000100858615000002/strm2015073110q.htm
0,2015-04-30,STRM,2015-06-09 00:00:00,2015-06-09 16:18:41,Q1,6169442.0,726791.0,5442651.0,0.8821950186094626,2224193.0,4506174.0,0.0,3054023000,6730367.0,9784390.0,243941.0,1434023.0,-1868480977,-0.3028606115431509,-1869915000,-0.30309305120300994,0.0,-1869915000,-0.30309305120300994,3882000.0,-1866033000,-0.3024638208771555,-100.31919,-100.31919,18600957,18600957,https://www.sec.gov/Archives/edgar/data/1008586/000162828015004805/0001628280-15-004805-index.html,https://www.sec.gov/Archives/edgar/data/1008586/000162828015004805/strm2015043010q.htm
0,2015-01-31,STRM,2015-04-16 00:00:00,2015-04-16 16:33:46,Q4,6595523.0,1031305.0,5564218.0,0.8436355994816483,2905233.0,3299977.0,0.0,14956000,6205210.0,11542708,225370.0,-5686809.0,-17697809,-0.640644669683258,-12011000,-0.4347873303167421,415000.0,-12011000,-0.4347873303167421,-889299.0,-12011000,-0.4347873303167421,-0.65771,-0.65771,18261800,18261800,https://www.sec.gov/Archives/edgar/data/1008586/000162828015002328/0001628280-15-002328-index.html,https://www.sec.gov/Archives/edgar/data/1008586/000162828015002328/strm-2015013110xk.htm
0,2014-10-31,STRM,2014-12-09 00:00:00,2014-12-09 16:28:37,Q3,6836641.0,835398.0,6001243.0,0.8778057821084945,2275409.0,4230347.0,0.0,3043563000,6505756.0,9549319.0,180582.0,1561404.0,-1545728596,-0.22609474389543052,-1547290000,-0.22632313149103486,0.0,-2255563000,-0.329922691567394,0.0,-2255563000,-0.329922691567394,-123.86374,-123.86374,18210034,18210034,https://www.sec.gov/Archives/edgar/data/1008586/000100858614000011/0001008586-14-000011-index.html,https://www.sec.gov/Archives/edgar/data/1008586/000100858614000011/strm-2014103110xq.htm
0,2014-07-31,STRM,2014-09-15 00:00:00,2014-09-15 16:17:04,Q2,7242073.0,834324.0,6407749.0,0.8847948646747968,2225121.0,4054794.0,0.0,3021005000,6279915.0,9300920.0,173539.0,3303895.0,1245048.0,0.171918731004,-2982140000,-0.41177988678103633,0.0,-2273867000,-0.3139801269608854,1145.0,-2275012000,-0.3141382308629035,-125.27452,-125.27452,18160213,18160213,https://www.sec.gov/Archives/edgar/data/1008586/000100858614000008/0001008586-14-000008-index.html,https://www.sec.gov/Archives/edgar/data/1008586/000100858614000008/strm-2014073110xq.htm
0,2014-04-30,STRM,2014-06-13 00:00:00,2014-06-13 17:16:49,Q1,6951170.0,835468.0,6115702.0,0.8798090105694437,2350443.0,4640456.0,0.0,3553658000,6990899.0,10544557,169478.0,-407329.0,-2670501329,-0.38418012061278894,-2670094000,-0.3841215219883847,0.0,-2670094000,-0.3841215219883847,1145.0,-2671239000,-0.38428624245990245,-147.20626,-147.20626,18146232,18146232,https://www.sec.gov/Archives/edgar/data/1008586/000100858614000003/0001008586-14-000003-index.html,https://www.sec.gov/Archives/edgar/data/1008586/000100858614000003/strm-2014013110xk.htm
0,2014-01-31,STRM,2014-06-13,2014-06-13 17:16:49,Q4,6516472.0,1230916.0,5285556.0,0.811106991635965,3460741.0,4184089.0,0.0,13179000,7644830.0,11274609,31050.0,-477385.0,-12194385,-0.427948236532725,-11717000,-0.4111949464818389,-5499000.0,-11717000,-0.4111949464818389,-259402.0,-11717000,-0.4111949464818389,-0.85229,-0.85229,13747700,13747700,https://www.sec.gov/Archives/edgar/data/1008586/000100858614000003/0001008586-14-000003-index.htm,https://www.sec.gov/Archives/edgar/data/1008586/000100858614000003/strm-2014013110xk.htm
0,2013-10-31,STRM,2013-12-17 00:00:00,2013-12-16 17:44:30,Q3,6731532.0,611887.0,6119645.0,0.9091013754372704,1370179.0,3373226.0,0.0,3134396000,4743405.0,7877801.0,580390.0,-221580.0,-1146490580,-0.1703164420818322,-1146269000,-0.1702835253550009,0.0,-6237098000,-0.9265495581095061,4680000.0,-6241778000,-0.927244793607161,-484.43291,-484.43291,12884711,12884711,https://www.sec.gov/Archives/edgar/data/1008586/000100858613000008/0001008586-13-000008-index.html,https://www.sec.gov/Archives/edgar/data/1008586/000100858613000008/strm-2013103110xq.htm
0,2013-07-31,STRM,2013-09-13 00:00:00,2013-09-13 16:19:19,Q2,8773361.0,661125.0,8112236.0,0.9246440446255432,1160147.0,3408153.0,0.0,3237420000,4568300.0,7805720.0,587808.0,-220276.0,747365.0,0.0851857116104,967641.0,0.110293079243,0.0,-684330000,-0.07800089384216607,143874.0,-540456000,-0.06160193339815836,-42.56198,-42.56198,12698094,12698094,https://www.sec.gov/Archives/edgar/data/1008586/000100858613000006/0001008586-13-000006-index.html,https://www.sec.gov/Archives/edgar/data/1008586/000100858613000006/strm-2013073110xq.htm
0,2013-04-30,STRM,2013-06-14 00:00:00,2013-06-14 16:02:49,Q1,6473338.0,638597.0,5834741.0,0.9013496591712035,1097010.0,3580867.0,0.0,3176727000,4677877.0,7854604.0,566565.0,-208758.0,-1381474758,-0.21340995294854062,-1381266000,-0.21337770405314846,0.0,-2690096000,-0.41556550886111615,19750.0,-2670346000,-0.4125145326877725,-213.04013,-213.04013,12534474,12534474,https://www.sec.gov/Archives/edgar/data/1008586/000100858613000003/0001008586-13-000003-index.html,https://www.sec.gov/Archives/edgar/data/1008586/000100858613000003/strm-2013043010xq.htm
0,2013-01-31,STRM,2013-04-26 00:00:00,2013-04-26 14:51:11,Q4,23766803,2747230.0,21019573,0.8844089379627542,2948313.0,10060469,0.0,5970002.0,18978784,24601734,1957010.0,-1237841.0,-1182640841,-0.1755114925189066,-1181403000,-0.17532778896844628,0.0,-7175382000,-1.0648727496578119,-631342000,-6544040000,-0.9711775440904341,-562.46659,-562.46659,11634540,11634540,https://www.sec.gov/Archives/edgar/data/1008586/000144530513000932/0001445305-13-000932-index.html,https://www.sec.gov/Archives/edgar/data/1008586/000144530513000932/strm-2013013110xk.htm
0,2012-10-31,STRM,2012-12-14 00:00:00,2012-12-14 17:14:23,Q3,6534363000,3042522000,3491841000,0.534381239609737,866660000,2926829000,0.0,3042522000,6836011000,9878533000,0.0,1237322000,2288862.0,0.14319284067934396,2288862.0,-0.046163336808806,0.0,2288862.0,-0.17648897069232303,3552879000,2288862.0,-0.7202112891493785,0.18433,0.18433,11346428,12417256,https://www.sec.gov/Archives/edgar/data/1008586/000119312512503513/0001193125-12-503513-index.html,https://www.sec.gov/Archives/edgar/data/1008586/000119312512503513/d399088d10q.htm
0,2012-07-31,STRM,2012-09-14 00:00:00,2012-09-14 17:11:55,Q2,5049054000,2358300000,2690754000,0.5329224048702985,510842000,2204205000,0.0,2358300000,5073347000,7431647000,0.0,764924000,740631000,0.14668708237226222,-24293000,-0.004811396352663291,0.0,-439269000,-0.08700025787008814,-24000000,-415269000,-0.08224689219010135,-37.97005,-37.97005,10817214,10936752,https://www.sec.gov/Archives/edgar/data/1008586/000119312512392707/0001193125-12-392707-index.html,https://www.sec.gov/Archives/edgar/data/1008586/000119312512392707/d371079d10q.htm
0,2012-04-30,STRM,2012-06-08,2012-06-08 15:59:38,Q1,5445133000,2646597000,2798536000,0.5139518171548794,456363000,1669760000,0.0,2646597000,4772720000,7419317000,0.0,845419000,1517832000,0.2787502160185986,672413000,0.12348881101710463,0.0,500628000,0.09194045397972832,-9000000.0,509628000,0.09359330616901369,46.59775,46.59775,10817214,10936752,https://www.sec.gov/Archives/edgar/data/1008586/000119312512265124/0001193125-12-265124-index.htm,https://www.sec.gov/Archives/edgar/data/1008586/000119312512180747/d284757d10k.htm
0,2012-01-31,STRM,2012-04-25,2012-04-25 10:10:18,Q4,4518162000,2221993000,2296169000,0.5082086476757585,344846000,1835017000,0.0,2221993000,4401856000,6623849000,0.0,727794000,634633000,0.14046264830698854,-93161000,-0.020619225251330076,0.0,16523000,0.003657018052916208,-12000000,28523000,0.006312965316427344,2.608,2.608,10817214,10936752,https://www.sec.gov/Archives/edgar/data/1008586/000119312512180747/0001193125-12-180747-index.htm,https://www.sec.gov/Archives/edgar/data/1008586/000119312512180747/d284757d10k.htm
0,2011-10-31,STRM,2011-12-06 00:00:00,2011-12-06 08:45:41,Q3,4312091000,2149678000,2162413000,0.5014766617865903,303972000,1494891000,0.0,2149678000,3948541000,6098219000,0.0,-1391822000,-1028272000,-0.23846249997970823,363550000,0.08430944523202316,0.0,300765000,0.06974922375246718,-5000000.0,320395000,0.07430153955470792,29.29526,29.29526,10817214,10936752,https://www.sec.gov/Archives/edgar/data/1008586/000095012311102035/0000950123-11-102035-index.html,https://www.sec.gov/Archives/edgar/data/1008586/000095012311102035/c25530e10vq.htm
0,2011-07-31,STRM,2011-09-13 00:00:00,2011-09-13 11:23:23,Q2,4145933000,2201085000,1944848000,0.4690977881215157,342157000,1582532000,0.0,2201085000,4125774000,6326859000,-12842000,700477000,745433000,5.94801980198,44956000,4.45090759076,0.0,-1943000.0,4.45090759076,-5000000.0,-6943000.0,3.38551980198,-0.63483,-0.63483,10817214,10936752,https://www.sec.gov/Archives/edgar/data/1008586/000095012311084194/0000950123-11-084194-index.html,https://www.sec.gov/Archives/edgar/data/1008586/000095012311084194/c20337e10vq.htm
0,2011-04-30,STRM,2011-06-08 00:00:00,2011-06-08 09:39:51,Q1,4140022000,2311246000,1828776000,0.44173098597060595,417774000,1664661000,0.0,2311246000,4393681000,6704927000,19842000,691345000,412889000,0.09973111253998167,-278456000,-0.0672595459637654,0.0,-278456000,-0.0672595459637654,-2315000.0,-280771000,-0.0678187217362613,-29.09692,-29.09692,9649508.0,9649508.0,https://www.sec.gov/Archives/edgar/data/1008586/000095012311057439/0000950123-11-057439-index.html,https://www.sec.gov/Archives/edgar/data/1008586/000095012311057439/c18517e10vq.htm
0,2011-01-31,STRM,2011-04-13 00:00:00,2011-04-13 17:29:43,Q4,4914622000,3518136000,1396486000,0.2841492183936018,322243000,1841093000,0.0,3518136000,5681472000,9199608000,28471000,720124000,-1213493000,-0.2469148186778149,-1933617000,-0.39344165227763195,4452000.0,-1933617000,-0.39344165227763195,-1017000000,-916617000,-0.18650813836750824,-96.43539,-96.43539,9504986.0,9504986.0,https://www.sec.gov/Archives/edgar/data/1008586/000095012311035327/0000950123-11-035327-index.html,https://www.sec.gov/Archives/edgar/data/1008586/000095012311035327/l42390e10vk.htm
0,2010-10-31,STRM,2010-12-09 00:00:00,2010-12-09 17:09:37,Q3,4470876000,2564767000,1906109000,0.4263390440710053,400133000,1361657000,0.0,2564767000,4326557000,6891324000,31585000,842072000,2094396000,0.46845316219908584,1252324000,0.28010707521300077,-13158000,1252324000,0.28010707521300077,0.0,1252324000,0.28010707521300077,132.01489,132.01489,9486233.0,9486233.0,https://www.sec.gov/Archives/edgar/data/1008586/000095012310112491/0000950123-10-112491-index.html,https://www.sec.gov/Archives/edgar/data/1008586/000095012310112491/c09501e10vq.htm
0,2010-07-31,STRM,2010-09-09 00:00:00,2010-09-09 15:00:53,Q2,4676477000,2631382000,2045095000,0.43731531236013776,567147000,1505863000,0.0,2631382000,4704392000,7335774000,34001000,871687000,-380637000,-0.08139396387494262,-1252324000,-0.26779218629750556,-9023000.0,-1252324000,-0.26779218629750556,0.0,-1252324000,-0.26779218629750556,-132.36823,-132.36823,9460911.0,9460911.0,https://www.sec.gov/Archives/edgar/data/1008586/000095012310084874/0000950123-10-084874-index.html,https://www.sec.gov/Archives/edgar/data/1008586/000095012310084874/c05768e10vq.htm
0,2010-04-30,STRM,2010-06-09 00:00:00,2010-06-09 14:23:18,Q1,3544016000,2577127000,966889000,0.27282297822583196,470171000,1697577000,0.0,2577127000,4744875000,7322002000,22335000,837019000,837019000,0.23617810980537335,0.0,0.0,51809000,0.0,0.0,0.0,0.0,0.0,-0.13,-0.13,9413367.0,9413367.0,https://www.sec.gov/Archives/edgar/data/1008586/000095012310056884/0000950123-10-056884-index.html,https://www.sec.gov/Archives/edgar/data/1008586/000095012310056884/c02225e10vq.htm
0,2010-01-31,STRM,2010-04-16 00:00:00,2010-04-16 17:16:16,Q4,6281861000,2674833000,3607028000,0.57419735966778,486128000,1492703000,0.0,9647773000,11646994000,14321827000,13569000,829765000,2432888000,0.3872877798474051,1603123000,0.2551987380809604,-1641000.0,1612987000,0.25676897339816973,-40500000,1653487000,0.26321610745605484,176.25379,176.25379,9381285.0,9381285.0,https://www.sec.gov/Archives/edgar/data/1008586/000095012310035637/0000950123-10-035637-index.html,https://www.sec.gov/Archives/edgar/data/1008586/000095012310035637/l39393e10vk.htm
0,2009-10-31,STRM,2009-12-10 00:00:00,2009-12-10 15:12:04,Q3,4106045000,2383866000,1722179000,0.4194252620222136,466455000,1540745000,0.0,-4589074000,-2602264000,-218398000,12137000,700579000,415558000,0.10120639203905461,-285021000,-0.06941497231520843,1387000.0,-282771000,-0.06886699975280348,0.0,-282771000,-0.06886699975280348,-30.12699,-30.12699,9385969.0,9385969.0,https://www.sec.gov/Archives/edgar/data/1008586/000095012309069836/0000950123-09-069836-index.html,https://www.sec.gov/Archives/edgar/data/1008586/000095012309069836/c93545e10vq.htm
0,2009-07-31,STRM,2009-09-10 00:00:00,2009-09-10 09:42:00,Q2,4069493000,2447869000,1621624000,0.3984830542772773,383943000,1255162000,0.0,2447869000,4086974000,6534843000,10651000,713906000,696425000,0.1711331116677188,-17481000,-0.0042956211007120545,16183000,-1608000.0,-0.00039513521708969644,0.0,-1608000.0,-0.00039513521708969644,-0.17166,-0.17166,9367144.0,9367144.0,https://www.sec.gov/Archives/edgar/data/1008586/000095012309042276/0000950123-09-042276-index.html,https://www.sec.gov/Archives/edgar/data/1008586/000095012309042276/c90055e10vq.htm
0,2009-04-30,STRM,2009-06-10 00:00:00,2009-06-10 15:19:48,Q1,3750799000,2161595000,1589204000,0.4236974575283826,346247000,1214970000,0.0,2161595000,3722812000,5884407000,7466000.0,624747000,652734000,0.1740253210049379,27987000,0.007461610179591068,2820000.0,0.0,0.0,0.0,0.0,0.0,0.0,0.0,9354782.0,9404364.0,https://www.sec.gov/Archives/edgar/data/1008586/000095012309012940/0000950123-09-012940-index.html,https://www.sec.gov/Archives/edgar/data/1008586/000095012309012940/l36735ae10vq.htm
0,2009-01-31,STRM,2009-04-17 00:00:00,2009-04-17 15:27:56,Q4,3865324000,2771229000,1094095000,0.28305389147196974,1038438000,866892000,0.0,1448864000,3354194000,582965000,17678000,289325000,779980000,0.20178903502009146,490655000,0.1269376124744006,-16510000,-724162000,-0.18734833095492123,-11400000,-712762000,-0.18439903097385885,-77.18625,-77.18625,9234313.0,9234313.0,https://www.sec.gov/Archives/edgar/data/1008586/000095015209003851/0000950152-09-003851-index.html,https://www.sec.gov/Archives/edgar/data/1008586/000095015209003851/l36125ae10vk.htm
0,2008-10-31,STRM,2008-12-15 00:00:00,2008-12-15 16:31:24,Q3,4378972000,2290472000,2088500000,0.47693842299060146,364002000,1698828000,0.0,2290472000,4353302000,6643774000,7658000.0,685430000,714226000,0.16310357773468293,28796000,0.006575972625538597,0.0,1243613000,0.2839965635770222,0.0,1243613000,0.2839965635770222,134.01469,134.01469,9279677.0,9279677.0,https://www.sec.gov/Archives/edgar/data/1008586/000095015208010267/0000950152-08-010267-index.html,https://www.sec.gov/Archives/edgar/data/1008586/000095015208010267/l34827ae10vq.htm
0,2008-07-31,STRM,2008-09-08 00:00:00,2008-09-08 15:49:30,Q2,4836601000,2369665000,2466936000,0.5100557188819173,1011114000,1883071000,0.0,2369665000,5263850000,7633515000,447000.0,705306000,269815000,0.055786077867494135,-435491000,-0.09004071247555877,0.0,-435491000,-0.09004071247555877,6500000.0,-428991000,-0.08869679347128283,-46.28778,-46.28778,9267910.0,9267910.0,https://www.sec.gov/Archives/edgar/data/1008586/000095015208007060/0000950152-08-007060-index.html,https://www.sec.gov/Archives/edgar/data/1008586/000095015208007060/l33128ae10vq.htm
0,2008-04-30,STRM,2008-06-06 00:00:00,2008-06-06 11:23:44,Q1,3603750000,2098310000,1505440000,0.4177426292056885,719255000,1599423000,0.0,2098310000,4416988000,6515298000,438000.0,689609000,-118513000,-0.032886021505376346,-808122000,-0.22424474505723205,0.0,-808122000,-0.22424474505723205,-6500000.0,-814622000,-0.22604842178286508,-87.9691,-87.9691,9260320.0,9260320.0,https://www.sec.gov/Archives/edgar/data/1008586/000095015208004471/0000950152-08-004471-index.html,https://www.sec.gov/Archives/edgar/data/1008586/000095015208004471/l31854ae10vq.htm
0,2008-01-31,STRM,2008-04-07 00:00:00,2008-04-07 15:03:38,Q4,5636611000,2372195000,3264416000,0.5791451636453181,766354000,1717199000,0.0,2372195000,4855748000,7227943000,2373000.0,541536000,1301924000,0.23097637924632372,760388000,0.1349016279462961,-16510000,-724162000,-0.12847471645639552,-11400000,-712762000,-0.12645222457253125,-77.18625,-77.18625,9234313.0,9234313.0,https://www.sec.gov/Archives/edgar/data/1008586/000095015208002610/0000950152-08-002610-index.html,https://www.sec.gov/Archives/edgar/data/1008586/000095015208002610/l30710ae10vk.htm
0,2007-10-31,STRM,2007-12-07 00:00:00,2007-12-07 09:18:38,Q3,3944074000,1807800000,2136274000,0.541641460074025,610554000,1509344000,0.0,1807800000,3927698000,5735498000,4472000.0,534726000,551102000,0.13972912272944168,16376000,0.004152051913833259,0.0,0.0,0.0,0.0,0.0,0.0,-0.16,-0.16,9227526.0,9227526.0,https://www.sec.gov/Archives/edgar/data/1008586/000095015207009488/0000950152-07-009488-index.html,https://www.sec.gov/Archives/edgar/data/1008586/000095015207009488/l29101ae10vq.htm
0,2007-07-31,STRM,2007-09-12 00:00:00,2007-09-12 15:12:34,Q2,3203215000,1903645000,1299570000,0.4057080152284502,949446000,1404337000,0.0,1903645000,4257428000,6161073000,8687000.0,558507000,-499107000,-0.1558143927273068,-1057614000,-0.33017265466102025,0.0,443312000,0.13839595531364582,0.0,443312000,0.13839595531364582,48.08948,48.08948,9218482.0,9218482.0,https://www.sec.gov/Archives/edgar/data/1008586/000095015207007500/0000950152-07-007500-index.html,https://www.sec.gov/Archives/edgar/data/1008586/000095015207007500/l27954ae10vq.htm
0,2007-04-30,STRM,2007-06-04 00:00:00,2007-06-04 16:19:56,Q1,3779400000,2002324000,1777076000,0.47020056093559826,806455000,1417334000,0.0,2002324000,4226113000,6228437000,10689000,555212000,111900000,0.029607874265756468,-443312000,-0.1172969254379002,0.0,-443312000,-0.1172969254379002,0.0,-443312000,-0.1172969254379002,-48.12575,-48.12575,9211534.0,9211534.0,https://www.sec.gov/Archives/edgar/data/1008586/000095015207004896/0000950152-07-004896-index.html,https://www.sec.gov/Archives/edgar/data/1008586/000095015207004896/l26480ae10vq.htm
0,2007-01-31,STRM,2007-04-10 00:00:00,2007-04-10 09:51:05,Q4,3843731000,1612383000,2231348000,0.5805161703563543,489398000,1432992000,0.0,1612383000,3534773000,5147156000,23879000,432587000,687596000,0.17888764848528682,255009000,0.06634413282303055,0.0,127641000,0.033207578782178046,-31180000,158821000,0.0413194887987739,17.27176,17.27176,9195415.0,9195415.0,https://www.sec.gov/Archives/edgar/data/1008586/000095015207003118/0000950152-07-003118-index.html,https://www.sec.gov/Archives/edgar/data/1008586/000095015207003118/l25295ae10vk.htm
0,2006-10-31,STRM,2006-12-08 00:00:00,2006-12-08 10:23:49,Q3,3592113000,1728552000,1863561000,0.5187924210624777,708399000,1452044000,0.0,1728552000,3888995000,5617547000,24242000,453475000,156593000,0.043593561783830295,-296882000,-0.08264829085276548,0.0,0.0,0.0,0.0,0.0,0.0,-0.02,-0.02,9190028.0,9190028.0,https://www.sec.gov/Archives/edgar/data/1008586/000095015206009968/0000950152-06-009968-index.html,https://www.sec.gov/Archives/edgar/data/1008586/000095015206009968/l23410ae10vq.htm
0,2006-07-31,STRM,2006-09-08,2006-09-08 13:37:19,Q2,4582706000,2080320000,2502386000,0.5460498666071967,758687000,1502742000,0.0,2080320000,4341749000,6422069000,41739000,469261000,718653000,0.15681848235518492,249392000,0.05442024864785129,0.0,79878000,0.017430313007205787,0.0,79878000,0.017430313007205787,8.18776,8.18776,9179165.0,9755786.0,https://www.sec.gov/Archives/edgar/data/1008586/000095015206007514/0000950152-06-007514-index.htm,https://www.sec.gov/Archives/edgar/data/1008586/000095015206007514/l21823ae10vq.htm
0,2006-04-30,STRM,2006-06-06,2006-06-06 11:45:52,Q1,3848423000,1745309000,2103114000,0.5464872234678985,759679000,1414878000,0.0,1745309000,3919866000,5665175000,41426000,463910000,384032000,0.09978944622251763,-79878000,-0.020756034354851325,0.0,-79878000,-0.020756034354851325,0.0,-79878000,-0.020756034354851325,-8.71238,-8.71238,9168335.0,9168335.0,https://www.sec.gov/Archives/edgar/data/1008586/000095015206004949/0000950152-06-004949-index.htm,https://www.sec.gov/Archives/edgar/data/1008586/000095015206003039/l19228ae10vk.htm
0,2006-01-31,STRM,2006-04-10,2006-04-10 08:38:23,Q4,3376150000,384775000,2991375000,0.8860314263288065,672086000,1516860000,0.0,384775000,2573721000,2958496000,-756381000,323510000,1905298000,0.564340446958814,1581788000,0.46851828265924206,0.0,1581788000,0.46851828265924206,-455753000,2037541000,0.6035102113353968,223.38105,223.38105,9121369.0,9121369.0,https://www.sec.gov/Archives/edgar/data/1008586/000095015206003039/0000950152-06-003039-index.htm,https://www.sec.gov/Archives/edgar/data/1008586/000095015205003028/l13167ae10vk.htm
0,2005-01-31,STRM,2005-04-08,2005-04-08 08:27:02,Q4,12750658000,6052115000,6698543000,0.525348809449677,2061207000,3701443000,0.0,6052115000,11814765000,17866880000,904314000,112650000,214573000,0.016828386425233897,101923000,0.007993548254529295,0.0,101923000,0.007993548254529295,455753000,-353830000,-0.027749940434446597,-39.02042,-39.02042,9067816.0,9067816.0,https://www.sec.gov/Archives/edgar/data/1008586/000095015205003028/0000950152-05-003028-index.htm,https://www.sec.gov/Archives/edgar/data/1008586/000095015204002747/l06687ae10vk.htm
0,2004-01-31,STRM,2004-04-08 00:00:00,2004-04-08 12:41:27,Q4,12803534000,5237742000,7565792000,0.5909143522405611,2053901000,3158239000,0.0,5237742000,10449882000,15687624000,1852926000,250693000,812862000,0.06348731529904166,562169000,0.04390733058544617,0.0,562169000,0.04390733058544617,456997000,105172000,0.008214294584604532,11.69002,11.69002,8996734.0,8996734.0,https://www.sec.gov/Archives/edgar/data/1008586/000095015204002747/0000950152-04-002747-index.html,https://www.sec.gov/Archives/edgar/data/1008586/000095015204002747/l06687ae10vk.htm
