,date,symbol,fillingDate,acceptedDate,period,revenue,costOfRevenue,grossProfit,grossProfitRatio,researchAndDevelopmentExpenses,generalAndAdministrativeExpenses,sellingAndMarketingExpenses,otherExpenses,operatingExpenses,costAndExpenses,interestExpense,depreciationAndAmortization,ebitda,ebitdaratio,operatingIncome,operatingIncomeRatio,totalOtherIncomeExpensesNet,incomeBeforeTax,incomeBeforeTaxRatio,incomeTaxExpense,netIncome,netIncomeRatio,eps,epsdiluted,weightedAverageShsOut,weightedAverageShsOutDil,link,finalLink
0,2019-09-31,ALMED.PA,,2019-09-31,Q3,8180351.25,1813478.5,6366872.75,1.2848303352693833,737467.0,7233773.0,5308187.75,0.0,68258.25,10352889.25,1023715.25,0.0,-325341.5,-25.14389111133993,-2172538.0,-3.765343229899776,0.0,-3352573.0,-2.4400218130969855,535024.75,-3887597.75,-2.104217508099957,-0.24,-0.24,16198324,16198324,https://www.infogreffe.com/recherche-entreprise-dirigeants/resultats-entreprise-dirigeants.html?ga_cat=globale&ga_q=A.L.M.E.D#phrase=A.L.M.E.D,https://www.infogreffe.com/recherche-entreprise-dirigeants/resultats-entreprise-dirigeants.html?ga_cat=globale&ga_q=A.L.M.E.D#phrase=A.L.M.E.D
0,2019-06-31,ALMED.PA,,2019-06-31,Q2,8180351.25,1813478.5,6366872.75,1.2848303352693833,737467.0,7233773.0,5308187.75,0.0,68258.25,10352889.25,1023715.25,0.0,-325341.5,-25.14389111133993,-2172538.0,-3.765343229899776,0.0,-3352573.0,-2.4400218130969855,535024.75,-3887597.75,-2.104217508099957,-0.24,-0.24,16198324,16198324,https://www.infogreffe.com/recherche-entreprise-dirigeants/resultats-entreprise-dirigeants.html?ga_cat=globale&ga_q=A.L.M.E.D#phrase=A.L.M.E.D,https://www.infogreffe.com/recherche-entreprise-dirigeants/resultats-entreprise-dirigeants.html?ga_cat=globale&ga_q=A.L.M.E.D#phrase=A.L.M.E.D
0,2019-03-31,ALMED.PA,,2019-03-31,Q1,8180351.25,1813478.5,6366872.75,1.2848303352693833,737467.0,7233773.0,5308187.75,0.0,68258.25,10352889.25,1023715.25,0.0,-325341.5,-25.14389111133993,-2172538.0,-3.765343229899776,0.0,-3352573.0,-2.4400218130969855,535024.75,-3887597.75,-2.104217508099957,-0.24,-0.24,16198324,16198324,https://www.infogreffe.com/recherche-entreprise-dirigeants/resultats-entreprise-dirigeants.html?ga_cat=globale&ga_q=A.L.M.E.D#phrase=A.L.M.E.D,https://www.infogreffe.com/recherche-entreprise-dirigeants/resultats-entreprise-dirigeants.html?ga_cat=globale&ga_q=A.L.M.E.D#phrase=A.L.M.E.D
0,2019-01-31,ALMED.PA,,2019-01-31,Q1,8180351.25,1813478.5,6366872.75,1.2848303352693833,737467.0,7233773.0,5308187.75,0.0,68258.25,10352889.25,1023715.25,0.0,-325341.5,-25.14389111133993,-2172538.0,-3.765343229899776,0.0,-3352573.0,-2.4400218130969855,535024.75,-3887597.75,-2.104217508099957,-0.24,-0.24,16198324,16198324,https://www.infogreffe.com/recherche-entreprise-dirigeants/resultats-entreprise-dirigeants.html?ga_cat=globale&ga_q=A.L.M.E.D#phrase=A.L.M.E.D,https://www.infogreffe.com/recherche-entreprise-dirigeants/resultats-entreprise-dirigeants.html?ga_cat=globale&ga_q=A.L.M.E.D#phrase=A.L.M.E.D
0,2018-09-31,ALMED.PA,,2018-09-31,Q3,8069755.25,2320737.75,5749017.5,1.4036755410815849,136932.0,6957771.5,5062310.0,0.0,22595.75,10249797,598038.75,629740.5,-639131.25,-12.626131565308377,-2180041.75,-3.7016517000190476,0.0,-2835076.5,-2.846397707433997,117455.5,-2952532.0,-2.7331643653650493,-0.19,-0.19,15539642,15539642,https://www.infogreffe.com/recherche-entreprise-dirigeants/resultats-entreprise-dirigeants.html?ga_cat=globale&ga_q=A.L.M.E.D#phrase=A.L.M.E.D,https://www.infogreffe.com/recherche-entreprise-dirigeants/resultats-entreprise-dirigeants.html?ga_cat=globale&ga_q=A.L.M.E.D#phrase=A.L.M.E.D
0,2018-06-31,ALMED.PA,,2018-06-31,Q2,8069755.25,2320737.75,5749017.5,1.4036755410815849,136932.0,6957771.5,5062310.0,0.0,22595.75,10249797,598038.75,629740.5,-639131.25,-12.626131565308377,-2180041.75,-3.7016517000190476,0.0,-2835076.5,-2.846397707433997,117455.5,-2952532.0,-2.7331643653650493,-0.19,-0.19,15539642,15539642,https://www.infogreffe.com/recherche-entreprise-dirigeants/resultats-entreprise-dirigeants.html?ga_cat=globale&ga_q=A.L.M.E.D#phrase=A.L.M.E.D,https://www.infogreffe.com/recherche-entreprise-dirigeants/resultats-entreprise-dirigeants.html?ga_cat=globale&ga_q=A.L.M.E.D#phrase=A.L.M.E.D
0,2018-03-31,ALMED.PA,,2018-03-31,Q1,8069755.25,2320737.75,5749017.5,1.4036755410815849,136932.0,6957771.5,5062310.0,0.0,22595.75,10249797,598038.75,629740.5,-639131.25,-12.626131565308377,-2180041.75,-3.7016517000190476,0.0,-2835076.5,-2.846397707433997,117455.5,-2952532.0,-2.7331643653650493,-0.19,-0.19,15539642,15539642,https://www.infogreffe.com/recherche-entreprise-dirigeants/resultats-entreprise-dirigeants.html?ga_cat=globale&ga_q=A.L.M.E.D#phrase=A.L.M.E.D,https://www.infogreffe.com/recherche-entreprise-dirigeants/resultats-entreprise-dirigeants.html?ga_cat=globale&ga_q=A.L.M.E.D#phrase=A.L.M.E.D
0,2018-01-31,ALMED.PA,,2018-01-31,Q1,8069755.25,2320737.75,5749017.5,1.4036755410815849,136932.0,6957771.5,5062310.0,0.0,22595.75,10249797,598038.75,629740.5,-639131.25,-12.626131565308377,-2180041.75,-3.7016517000190476,0.0,-2835076.5,-2.846397707433997,117455.5,-2952532.0,-2.7331643653650493,-0.19,-0.19,15539642,15539642,https://www.infogreffe.com/recherche-entreprise-dirigeants/resultats-entreprise-dirigeants.html?ga_cat=globale&ga_q=A.L.M.E.D#phrase=A.L.M.E.D,https://www.infogreffe.com/recherche-entreprise-dirigeants/resultats-entreprise-dirigeants.html?ga_cat=globale&ga_q=A.L.M.E.D#phrase=A.L.M.E.D
0,2017-09-31,ALMED.PA,,2017-09-31,Q3,6786957.75,1828907.25,4958050.5,1.3688762851447358,504220.0,6458108.5,4504168.75,0.0,30072.5,8893142.75,560185.25,0.0,-901700.75,-7.526840528856164,-2106185.0,-3.2223939255098673,0.0,-2807987.25,-2.417018720437566,-126164.25,-2681823.0,-2.5307254617474757,-0.2325,-0.2325,11534723,11534723,https://www.infogreffe.com/recherche-entreprise-dirigeants/resultats-entreprise-dirigeants.html?ga_cat=globale&ga_q=A.L.M.E.D#phrase=A.L.M.E.D,https://www.infogreffe.com/recherche-entreprise-dirigeants/resultats-entreprise-dirigeants.html?ga_cat=globale&ga_q=A.L.M.E.D#phrase=A.L.M.E.D
0,2017-06-31,ALMED.PA,,2017-06-31,Q2,6786957.75,1828907.25,4958050.5,1.3688762851447358,504220.0,6458108.5,4504168.75,0.0,30072.5,8893142.75,560185.25,0.0,-901700.75,-7.526840528856164,-2106185.0,-3.2223939255098673,0.0,-2807987.25,-2.417018720437566,-126164.25,-2681823.0,-2.5307254617474757,-0.2325,-0.2325,11534723,11534723,https://www.infogreffe.com/recherche-entreprise-dirigeants/resultats-entreprise-dirigeants.html?ga_cat=globale&ga_q=A.L.M.E.D#phrase=A.L.M.E.D,https://www.infogreffe.com/recherche-entreprise-dirigeants/resultats-entreprise-dirigeants.html?ga_cat=globale&ga_q=A.L.M.E.D#phrase=A.L.M.E.D
0,2017-03-31,ALMED.PA,,2017-03-31,Q1,6786957.75,1828907.25,4958050.5,1.3688762851447358,504220.0,6458108.5,4504168.75,0.0,30072.5,8893142.75,560185.25,0.0,-901700.75,-7.526840528856164,-2106185.0,-3.2223939255098673,0.0,-2807987.25,-2.417018720437566,-126164.25,-2681823.0,-2.5307254617474757,-0.2325,-0.2325,11534723,11534723,https://www.infogreffe.com/recherche-entreprise-dirigeants/resultats-entreprise-dirigeants.html?ga_cat=globale&ga_q=A.L.M.E.D#phrase=A.L.M.E.D,https://www.infogreffe.com/recherche-entreprise-dirigeants/resultats-entreprise-dirigeants.html?ga_cat=globale&ga_q=A.L.M.E.D#phrase=A.L.M.E.D
0,2017-01-31,ALMED.PA,,2017-01-31,Q1,6786957.75,1828907.25,4958050.5,1.3688762851447358,504220.0,6458108.5,4504168.75,0.0,30072.5,8893142.75,560185.25,0.0,-901700.75,-7.526840528856164,-2106185.0,-3.2223939255098673,0.0,-2807987.25,-2.417018720437566,-126164.25,-2681823.0,-2.5307254617474757,-0.2325,-0.2325,11534723,11534723,https://www.infogreffe.com/recherche-entreprise-dirigeants/resultats-entreprise-dirigeants.html?ga_cat=globale&ga_q=A.L.M.E.D#phrase=A.L.M.E.D,https://www.infogreffe.com/recherche-entreprise-dirigeants/resultats-entreprise-dirigeants.html?ga_cat=globale&ga_q=A.L.M.E.D#phrase=A.L.M.E.D
0,2016-09-31,ALMED.PA,,2016-09-31,Q3,7343856.5,1735316.0,5608540.5,1.3094059853896036,266091.5,6453674.0,4897686.5,-35016.25,227297.75,8753237.75,268434.5,0.0,-298145.75,-24.63176651017162,-1409381.25,-5.210695473634264,0.0,-1958117.75,-3.750467253565318,-65811.5,-1892306.25,-3.880902734427897,-0.2,-0.2,9461531.0,9461531.0,https://www.infogreffe.com/recherche-entreprise-dirigeants/resultats-entreprise-dirigeants.html?ga_cat=globale&ga_q=A.L.M.E.D#phrase=A.L.M.E.D,https://www.infogreffe.com/recherche-entreprise-dirigeants/resultats-entreprise-dirigeants.html?ga_cat=globale&ga_q=A.L.M.E.D#phrase=A.L.M.E.D
0,2016-06-31,ALMED.PA,,2016-06-31,Q2,7343856.5,1735316.0,5608540.5,1.3094059853896036,266091.5,6453674.0,4897686.5,-35016.25,227297.75,8753237.75,268434.5,0.0,-298145.75,-24.63176651017162,-1409381.25,-5.210695473634264,0.0,-1958117.75,-3.750467253565318,-65811.5,-1892306.25,-3.880902734427897,-0.2,-0.2,9461531.0,9461531.0,https://www.infogreffe.com/recherche-entreprise-dirigeants/resultats-entreprise-dirigeants.html?ga_cat=globale&ga_q=A.L.M.E.D#phrase=A.L.M.E.D,https://www.infogreffe.com/recherche-entreprise-dirigeants/resultats-entreprise-dirigeants.html?ga_cat=globale&ga_q=A.L.M.E.D#phrase=A.L.M.E.D
0,2016-03-31,ALMED.PA,,2016-03-31,Q1,7343856.5,1735316.0,5608540.5,1.3094059853896036,266091.5,6453674.0,4897686.5,-35016.25,227297.75,8753237.75,268434.5,0.0,-298145.75,-24.63176651017162,-1409381.25,-5.210695473634264,0.0,-1958117.75,-3.750467253565318,-65811.5,-1892306.25,-3.880902734427897,-0.2,-0.2,9461531.0,9461531.0,https://www.infogreffe.com/recherche-entreprise-dirigeants/resultats-entreprise-dirigeants.html?ga_cat=globale&ga_q=A.L.M.E.D#phrase=A.L.M.E.D,https://www.infogreffe.com/recherche-entreprise-dirigeants/resultats-entreprise-dirigeants.html?ga_cat=globale&ga_q=A.L.M.E.D#phrase=A.L.M.E.D
0,2016-01-31,ALMED.PA,,2016-01-31,Q1,7343856.5,1735316.0,5608540.5,1.3094059853896036,266091.5,6453674.0,4897686.5,-35016.25,227297.75,8753237.75,268434.5,0.0,-298145.75,-24.63176651017162,-1409381.25,-5.210695473634264,0.0,-1958117.75,-3.750467253565318,-65811.5,-1892306.25,-3.880902734427897,-0.2,-0.2,9461531.0,9461531.0,https://www.infogreffe.com/recherche-entreprise-dirigeants/resultats-entreprise-dirigeants.html?ga_cat=globale&ga_q=A.L.M.E.D#phrase=A.L.M.E.D,https://www.infogreffe.com/recherche-entreprise-dirigeants/resultats-entreprise-dirigeants.html?ga_cat=globale&ga_q=A.L.M.E.D#phrase=A.L.M.E.D
0,2015-09-31,ALMED.PA,,2015-09-31,Q3,6939325.0,1488522.75,5450802.25,1.273083242012678,245973.0,5570692.75,4081699.25,0.0,21288.75,7337781.75,78268.5,0.0,406252.0,17.081331291907485,-398456.75,-17.415503690174656,0.0,-455789.25,-15.22485446947246,-76962.75,-378826.5,-18.31795030178723,-0.0425,-0.0425,8737373.0,8995862.0,https://www.infogreffe.com/recherche-entreprise-dirigeants/resultats-entreprise-dirigeants.html?ga_cat=globale&ga_q=A.L.M.E.D#phrase=A.L.M.E.D,https://www.infogreffe.com/recherche-entreprise-dirigeants/resultats-entreprise-dirigeants.html?ga_cat=globale&ga_q=A.L.M.E.D#phrase=A.L.M.E.D
0,2015-06-31,ALMED.PA,,2015-06-31,Q2,6939325.0,1488522.75,5450802.25,1.273083242012678,245973.0,5570692.75,4081699.25,0.0,21288.75,7337781.75,78268.5,0.0,406252.0,17.081331291907485,-398456.75,-17.415503690174656,0.0,-455789.25,-15.22485446947246,-76962.75,-378826.5,-18.31795030178723,-0.0425,-0.0425,8737373.0,8995862.0,https://www.infogreffe.com/recherche-entreprise-dirigeants/resultats-entreprise-dirigeants.html?ga_cat=globale&ga_q=A.L.M.E.D#phrase=A.L.M.E.D,https://www.infogreffe.com/recherche-entreprise-dirigeants/resultats-entreprise-dirigeants.html?ga_cat=globale&ga_q=A.L.M.E.D#phrase=A.L.M.E.D
0,2015-03-31,ALMED.PA,,2015-03-31,Q1,6939325.0,1488522.75,5450802.25,1.273083242012678,245973.0,5570692.75,4081699.25,0.0,21288.75,7337781.75,78268.5,0.0,406252.0,17.081331291907485,-398456.75,-17.415503690174656,0.0,-455789.25,-15.22485446947246,-76962.75,-378826.5,-18.31795030178723,-0.0425,-0.0425,8737373.0,8995862.0,https://www.infogreffe.com/recherche-entreprise-dirigeants/resultats-entreprise-dirigeants.html?ga_cat=globale&ga_q=A.L.M.E.D#phrase=A.L.M.E.D,https://www.infogreffe.com/recherche-entreprise-dirigeants/resultats-entreprise-dirigeants.html?ga_cat=globale&ga_q=A.L.M.E.D#phrase=A.L.M.E.D
0,2015-01-31,ALMED.PA,,2015-01-31,Q1,6939325.0,1488522.75,5450802.25,1.273083242012678,245973.0,5570692.75,4081699.25,0.0,21288.75,7337781.75,78268.5,0.0,406252.0,17.081331291907485,-398456.75,-17.415503690174656,0.0,-455789.25,-15.22485446947246,-76962.75,-378826.5,-18.31795030178723,-0.0425,-0.0425,8737373.0,8995862.0,https://www.infogreffe.com/recherche-entreprise-dirigeants/resultats-entreprise-dirigeants.html?ga_cat=globale&ga_q=A.L.M.E.D#phrase=A.L.M.E.D,https://www.infogreffe.com/recherche-entreprise-dirigeants/resultats-entreprise-dirigeants.html?ga_cat=globale&ga_q=A.L.M.E.D#phrase=A.L.M.E.D
0,2014-09-31,ALMED.PA,,2014-09-31,Q3,6051063.75,1140673.0,4910390.75,1.2322978064423895,344923.0,4598224.25,3349861.25,0.0,17992.5,6121668.25,43038.25,0.0,494146.75,12.245479202281508,-70604.5,-85.7036555743614,0.0,-175044.0,-34.568815554946184,87428.25,-255730.75,-23.661854313570036,-0.03,-0.03,8474764.0,8723482.0,https://www.infogreffe.com/recherche-entreprise-dirigeants/resultats-entreprise-dirigeants.html?ga_cat=globale&ga_q=A.L.M.E.D#phrase=A.L.M.E.D,https://www.infogreffe.com/recherche-entreprise-dirigeants/resultats-entreprise-dirigeants.html?ga_cat=globale&ga_q=A.L.M.E.D#phrase=A.L.M.E.D
0,2014-06-31,ALMED.PA,,2014-06-31,Q2,6051063.75,1140673.0,4910390.75,1.2322978064423895,344923.0,4598224.25,3349861.25,0.0,17992.5,6121668.25,43038.25,0.0,494146.75,12.245479202281508,-70604.5,-85.7036555743614,0.0,-175044.0,-34.568815554946184,87428.25,-255730.75,-23.661854313570036,-0.03,-0.03,8474764.0,8723482.0,https://www.infogreffe.com/recherche-entreprise-dirigeants/resultats-entreprise-dirigeants.html?ga_cat=globale&ga_q=A.L.M.E.D#phrase=A.L.M.E.D,https://www.infogreffe.com/recherche-entreprise-dirigeants/resultats-entreprise-dirigeants.html?ga_cat=globale&ga_q=A.L.M.E.D#phrase=A.L.M.E.D
0,2014-03-31,ALMED.PA,,2014-03-31,Q1,6051063.75,1140673.0,4910390.75,1.2322978064423895,344923.0,4598224.25,3349861.25,0.0,17992.5,6121668.25,43038.25,0.0,494146.75,12.245479202281508,-70604.5,-85.7036555743614,0.0,-175044.0,-34.568815554946184,87428.25,-255730.75,-23.661854313570036,-0.03,-0.03,8474764.0,8723482.0,https://www.infogreffe.com/recherche-entreprise-dirigeants/resultats-entreprise-dirigeants.html?ga_cat=globale&ga_q=A.L.M.E.D#phrase=A.L.M.E.D,https://www.infogreffe.com/recherche-entreprise-dirigeants/resultats-entreprise-dirigeants.html?ga_cat=globale&ga_q=A.L.M.E.D#phrase=A.L.M.E.D
0,2014-01-31,ALMED.PA,,2014-01-31,Q1,6051063.75,1140673.0,4910390.75,1.2322978064423895,344923.0,4598224.25,3349861.25,0.0,17992.5,6121668.25,43038.25,0.0,494146.75,12.245479202281508,-70604.5,-85.7036555743614,0.0,-175044.0,-34.568815554946184,87428.25,-255730.75,-23.661854313570036,-0.03,-0.03,8474764.0,8723482.0,https://www.infogreffe.com/recherche-entreprise-dirigeants/resultats-entreprise-dirigeants.html?ga_cat=globale&ga_q=A.L.M.E.D#phrase=A.L.M.E.D,https://www.infogreffe.com/recherche-entreprise-dirigeants/resultats-entreprise-dirigeants.html?ga_cat=globale&ga_q=A.L.M.E.D#phrase=A.L.M.E.D
0,2013-09-31,ALMED.PA,,2013-09-31,Q3,5714055.5,1142166.75,4571888.75,1.2498238282810359,316696.25,3872340.0,2791263.0,0.0,42.75,5354321.75,0.0,0.0,952904.5,5.996461869998515,359733.75,15.884124022280368,0.0,321969.75,17.74718121811133,223656.75,117668.75,48.560518404419184,0.015,0.0125,8452505.0,8849376.0,https://www.infogreffe.com/recherche-entreprise-dirigeants/resultats-entreprise-dirigeants.html?ga_cat=globale&ga_q=A.L.M.E.D#phrase=A.L.M.E.D,https://www.infogreffe.com/recherche-entreprise-dirigeants/resultats-entreprise-dirigeants.html?ga_cat=globale&ga_q=A.L.M.E.D#phrase=A.L.M.E.D
0,2013-06-31,ALMED.PA,,2013-06-31,Q2,5714055.5,1142166.75,4571888.75,1.2498238282810359,316696.25,3872340.0,2791263.0,0.0,42.75,5354321.75,0.0,0.0,952904.5,5.996461869998515,359733.75,15.884124022280368,0.0,321969.75,17.74718121811133,223656.75,117668.75,48.560518404419184,0.015,0.0125,8452505.0,8849376.0,https://www.infogreffe.com/recherche-entreprise-dirigeants/resultats-entreprise-dirigeants.html?ga_cat=globale&ga_q=A.L.M.E.D#phrase=A.L.M.E.D,https://www.infogreffe.com/recherche-entreprise-dirigeants/resultats-entreprise-dirigeants.html?ga_cat=globale&ga_q=A.L.M.E.D#phrase=A.L.M.E.D
0,2013-03-31,ALMED.PA,,2013-03-31,Q1,5714055.5,1142166.75,4571888.75,1.2498238282810359,316696.25,3872340.0,2791263.0,0.0,42.75,5354321.75,0.0,0.0,952904.5,5.996461869998515,359733.75,15.884124022280368,0.0,321969.75,17.74718121811133,223656.75,117668.75,48.560518404419184,0.015,0.0125,8452505.0,8849376.0,https://www.infogreffe.com/recherche-entreprise-dirigeants/resultats-entreprise-dirigeants.html?ga_cat=globale&ga_q=A.L.M.E.D#phrase=A.L.M.E.D,https://www.infogreffe.com/recherche-entreprise-dirigeants/resultats-entreprise-dirigeants.html?ga_cat=globale&ga_q=A.L.M.E.D#phrase=A.L.M.E.D
0,2013-01-31,ALMED.PA,,2013-01-31,Q1,5714055.5,1142166.75,4571888.75,1.2498238282810359,316696.25,3872340.0,2791263.0,0.0,42.75,5354321.75,0.0,0.0,952904.5,5.996461869998515,359733.75,15.884124022280368,0.0,321969.75,17.74718121811133,223656.75,117668.75,48.560518404419184,0.015,0.0125,8452505.0,8849376.0,https://www.infogreffe.com/recherche-entreprise-dirigeants/resultats-entreprise-dirigeants.html?ga_cat=globale&ga_q=A.L.M.E.D#phrase=A.L.M.E.D,https://www.infogreffe.com/recherche-entreprise-dirigeants/resultats-entreprise-dirigeants.html?ga_cat=globale&ga_q=A.L.M.E.D#phrase=A.L.M.E.D
0,2012-09-31,ALMED.PA,,2012-09-31,Q3,5169954.0,1142430.75,4027523.25,1.2836559044072557,331598.25,3734275.25,2698245.0,0.0,94473.0,5368351.25,0.0,0.0,398284.75,12.980547209000596,-198397.25,-26.058597082368834,0.0,-226012.0,-22.874688069660017,75918.75,-287766.75,-17.965779576688412,-0.035,-0.035,8372214.0,8781094.0,https://www.infogreffe.com/recherche-entreprise-dirigeants/resultats-entreprise-dirigeants.html?ga_cat=globale&ga_q=A.L.M.E.D#phrase=A.L.M.E.D,https://www.infogreffe.com/recherche-entreprise-dirigeants/resultats-entreprise-dirigeants.html?ga_cat=globale&ga_q=A.L.M.E.D#phrase=A.L.M.E.D
0,2012-06-31,ALMED.PA,,2012-06-31,Q2,5169954.0,1142430.75,4027523.25,1.2836559044072557,331598.25,3734275.25,2698245.0,0.0,94473.0,5368351.25,0.0,0.0,398284.75,12.980547209000596,-198397.25,-26.058597082368834,0.0,-226012.0,-22.874688069660017,75918.75,-287766.75,-17.965779576688412,-0.035,-0.035,8372214.0,8781094.0,https://www.infogreffe.com/recherche-entreprise-dirigeants/resultats-entreprise-dirigeants.html?ga_cat=globale&ga_q=A.L.M.E.D#phrase=A.L.M.E.D,https://www.infogreffe.com/recherche-entreprise-dirigeants/resultats-entreprise-dirigeants.html?ga_cat=globale&ga_q=A.L.M.E.D#phrase=A.L.M.E.D
0,2012-03-31,ALMED.PA,,2012-03-31,Q1,5169954.0,1142430.75,4027523.25,1.2836559044072557,331598.25,3734275.25,2698245.0,0.0,94473.0,5368351.25,0.0,0.0,398284.75,12.980547209000596,-198397.25,-26.058597082368834,0.0,-226012.0,-22.874688069660017,75918.75,-287766.75,-17.965779576688412,-0.035,-0.035,8372214.0,8781094.0,https://www.infogreffe.com/recherche-entreprise-dirigeants/resultats-entreprise-dirigeants.html?ga_cat=globale&ga_q=A.L.M.E.D#phrase=A.L.M.E.D,https://www.infogreffe.com/recherche-entreprise-dirigeants/resultats-entreprise-dirigeants.html?ga_cat=globale&ga_q=A.L.M.E.D#phrase=A.L.M.E.D
0,2012-01-31,ALMED.PA,,2012-01-31,Q1,5169954.0,1142430.75,4027523.25,1.2836559044072557,331598.25,3734275.25,2698245.0,0.0,94473.0,5368351.25,0.0,0.0,398284.75,12.980547209000596,-198397.25,-26.058597082368834,0.0,-226012.0,-22.874688069660017,75918.75,-287766.75,-17.965779576688412,-0.035,-0.035,8372214.0,8781094.0,https://www.infogreffe.com/recherche-entreprise-dirigeants/resultats-entreprise-dirigeants.html?ga_cat=globale&ga_q=A.L.M.E.D#phrase=A.L.M.E.D,https://www.infogreffe.com/recherche-entreprise-dirigeants/resultats-entreprise-dirigeants.html?ga_cat=globale&ga_q=A.L.M.E.D#phrase=A.L.M.E.D
0,2011-09-31,ALMED.PA,,2011-09-31,Q3,4763869.25,1388630.0,3375239.25,1.4114167610488648,326787.75,3534464.5,2530943.25,0.0,-55995.0,5304935.5,0.0,0.0,902.25,5279.9880853422,-541066.25,-8.804595093484393,0.0,-585656.75,-8.134234344605437,15380.25,-598699.25,-7.957032266200434,-0.075,-0.075,8014097.0,8395668.0,https://www.infogreffe.com/recherche-entreprise-dirigeants/resultats-entreprise-dirigeants.html?ga_cat=globale&ga_q=A.L.M.E.D#phrase=A.L.M.E.D,https://www.infogreffe.com/recherche-entreprise-dirigeants/resultats-entreprise-dirigeants.html?ga_cat=globale&ga_q=A.L.M.E.D#phrase=A.L.M.E.D
0,2011-06-31,ALMED.PA,,2011-06-31,Q2,4763869.25,1388630.0,3375239.25,1.4114167610488648,326787.75,3534464.5,2530943.25,0.0,-55995.0,5304935.5,0.0,0.0,902.25,5279.9880853422,-541066.25,-8.804595093484393,0.0,-585656.75,-8.134234344605437,15380.25,-598699.25,-7.957032266200434,-0.075,-0.075,8014097.0,8395668.0,https://www.infogreffe.com/recherche-entreprise-dirigeants/resultats-entreprise-dirigeants.html?ga_cat=globale&ga_q=A.L.M.E.D#phrase=A.L.M.E.D,https://www.infogreffe.com/recherche-entreprise-dirigeants/resultats-entreprise-dirigeants.html?ga_cat=globale&ga_q=A.L.M.E.D#phrase=A.L.M.E.D
0,2011-03-31,ALMED.PA,,2011-03-31,Q1,4763869.25,1388630.0,3375239.25,1.4114167610488648,326787.75,3534464.5,2530943.25,0.0,-55995.0,5304935.5,0.0,0.0,902.25,5279.9880853422,-541066.25,-8.804595093484393,0.0,-585656.75,-8.134234344605437,15380.25,-598699.25,-7.957032266200434,-0.075,-0.075,8014097.0,8395668.0,https://www.infogreffe.com/recherche-entreprise-dirigeants/resultats-entreprise-dirigeants.html?ga_cat=globale&ga_q=A.L.M.E.D#phrase=A.L.M.E.D,https://www.infogreffe.com/recherche-entreprise-dirigeants/resultats-entreprise-dirigeants.html?ga_cat=globale&ga_q=A.L.M.E.D#phrase=A.L.M.E.D
0,2011-01-31,ALMED.PA,,2011-01-31,Q1,4763869.25,1388630.0,3375239.25,1.4114167610488648,326787.75,3534464.5,2530943.25,0.0,-55995.0,5304935.5,0.0,0.0,902.25,5279.9880853422,-541066.25,-8.804595093484393,0.0,-585656.75,-8.134234344605437,15380.25,-598699.25,-7.957032266200434,-0.075,-0.075,8014097.0,8395668.0,https://www.infogreffe.com/recherche-entreprise-dirigeants/resultats-entreprise-dirigeants.html?ga_cat=globale&ga_q=A.L.M.E.D#phrase=A.L.M.E.D,https://www.infogreffe.com/recherche-entreprise-dirigeants/resultats-entreprise-dirigeants.html?ga_cat=globale&ga_q=A.L.M.E.D#phrase=A.L.M.E.D
0,2010-09-31,ALMED.PA,,2010-09-31,Q3,4540920.0,1155482.0,3385438.0,1.3413094553791858,213797.25,3421368.75,2508237.75,0.0,71375.5,4964744.25,0.0,0.0,-133256.0,-34.076664465389925,-423824.25,-10.714158050182357,0.0,-485970.5,-9.344023968533069,130154.5,-626943.5,-7.242949324779665,-0.0825,-0.0825,7707334.0,8120202.0,https://www.infogreffe.com/recherche-entreprise-dirigeants/resultats-entreprise-dirigeants.html?ga_cat=globale&ga_q=A.L.M.E.D#phrase=A.L.M.E.D,https://www.infogreffe.com/recherche-entreprise-dirigeants/resultats-entreprise-dirigeants.html?ga_cat=globale&ga_q=A.L.M.E.D#phrase=A.L.M.E.D
0,2010-06-31,ALMED.PA,,2010-06-31,Q2,4540920.0,1155482.0,3385438.0,1.3413094553791858,213797.25,3421368.75,2508237.75,0.0,71375.5,4964744.25,0.0,0.0,-133256.0,-34.076664465389925,-423824.25,-10.714158050182357,0.0,-485970.5,-9.344023968533069,130154.5,-626943.5,-7.242949324779665,-0.0825,-0.0825,7707334.0,8120202.0,https://www.infogreffe.com/recherche-entreprise-dirigeants/resultats-entreprise-dirigeants.html?ga_cat=globale&ga_q=A.L.M.E.D#phrase=A.L.M.E.D,https://www.infogreffe.com/recherche-entreprise-dirigeants/resultats-entreprise-dirigeants.html?ga_cat=globale&ga_q=A.L.M.E.D#phrase=A.L.M.E.D
0,2010-03-31,ALMED.PA,,2010-03-31,Q1,4540920.0,1155482.0,3385438.0,1.3413094553791858,213797.25,3421368.75,2508237.75,0.0,71375.5,4964744.25,0.0,0.0,-133256.0,-34.076664465389925,-423824.25,-10.714158050182357,0.0,-485970.5,-9.344023968533069,130154.5,-626943.5,-7.242949324779665,-0.0825,-0.0825,7707334.0,8120202.0,https://www.infogreffe.com/recherche-entreprise-dirigeants/resultats-entreprise-dirigeants.html?ga_cat=globale&ga_q=A.L.M.E.D#phrase=A.L.M.E.D,https://www.infogreffe.com/recherche-entreprise-dirigeants/resultats-entreprise-dirigeants.html?ga_cat=globale&ga_q=A.L.M.E.D#phrase=A.L.M.E.D
0,2010-01-31,ALMED.PA,,2010-01-31,Q1,4540920.0,1155482.0,3385438.0,1.3413094553791858,213797.25,3421368.75,2508237.75,0.0,71375.5,4964744.25,0.0,0.0,-133256.0,-34.076664465389925,-423824.25,-10.714158050182357,0.0,-485970.5,-9.344023968533069,130154.5,-626943.5,-7.242949324779665,-0.0825,-0.0825,7707334.0,8120202.0,https://www.infogreffe.com/recherche-entreprise-dirigeants/resultats-entreprise-dirigeants.html?ga_cat=globale&ga_q=A.L.M.E.D#phrase=A.L.M.E.D,https://www.infogreffe.com/recherche-entreprise-dirigeants/resultats-entreprise-dirigeants.html?ga_cat=globale&ga_q=A.L.M.E.D#phrase=A.L.M.E.D
0,2009-09-31,ALMED.PA,,2009-09-31,Q3,3272629.0,1017207.75,2255421.25,1.451005660250829,158674.25,2683293.5,1944660.75,0.0,21590.75,3938058.0,0.0,0.0,-311305.25,-10.512604589867983,-665429.0,-4.918073904203153,0.0,-719400.25,-4.549107398836739,-18687.0,-694726.75,-4.710670778115281,-0.098134,-0.098134,7017172.0,7138390.0,https://www.infogreffe.com/recherche-entreprise-dirigeants/resultats-entreprise-dirigeants.html?ga_cat=globale&ga_q=A.L.M.E.D#phrase=A.L.M.E.D,https://www.infogreffe.com/recherche-entreprise-dirigeants/resultats-entreprise-dirigeants.html?ga_cat=globale&ga_q=A.L.M.E.D#phrase=A.L.M.E.D
0,2009-06-31,ALMED.PA,,2009-06-31,Q2,3272629.0,1017207.75,2255421.25,1.451005660250829,158674.25,2683293.5,1944660.75,0.0,21590.75,3938058.0,0.0,0.0,-311305.25,-10.512604589867983,-665429.0,-4.918073904203153,0.0,-719400.25,-4.549107398836739,-18687.0,-694726.75,-4.710670778115281,-0.098134,-0.098134,7017172.0,7138390.0,https://www.infogreffe.com/recherche-entreprise-dirigeants/resultats-entreprise-dirigeants.html?ga_cat=globale&ga_q=A.L.M.E.D#phrase=A.L.M.E.D,https://www.infogreffe.com/recherche-entreprise-dirigeants/resultats-entreprise-dirigeants.html?ga_cat=globale&ga_q=A.L.M.E.D#phrase=A.L.M.E.D
0,2009-03-31,ALMED.PA,,2009-03-31,Q1,3272629.0,1017207.75,2255421.25,1.451005660250829,158674.25,2683293.5,1944660.75,0.0,21590.75,3938058.0,0.0,0.0,-311305.25,-10.512604589867983,-665429.0,-4.918073904203153,0.0,-719400.25,-4.549107398836739,-18687.0,-694726.75,-4.710670778115281,-0.098134,-0.098134,7017172.0,7138390.0,https://www.infogreffe.com/recherche-entreprise-dirigeants/resultats-entreprise-dirigeants.html?ga_cat=globale&ga_q=A.L.M.E.D#phrase=A.L.M.E.D,https://www.infogreffe.com/recherche-entreprise-dirigeants/resultats-entreprise-dirigeants.html?ga_cat=globale&ga_q=A.L.M.E.D#phrase=A.L.M.E.D
0,2009-01-31,ALMED.PA,,2009-01-31,Q1,3272629.0,1017207.75,2255421.25,1.451005660250829,158674.25,2683293.5,1944660.75,0.0,21590.75,3938058.0,0.0,0.0,-311305.25,-10.512604589867983,-665429.0,-4.918073904203153,0.0,-719400.25,-4.549107398836739,-18687.0,-694726.75,-4.710670778115281,-0.098134,-0.098134,7017172.0,7138390.0,https://www.infogreffe.com/recherche-entreprise-dirigeants/resultats-entreprise-dirigeants.html?ga_cat=globale&ga_q=A.L.M.E.D#phrase=A.L.M.E.D,https://www.infogreffe.com/recherche-entreprise-dirigeants/resultats-entreprise-dirigeants.html?ga_cat=globale&ga_q=A.L.M.E.D#phrase=A.L.M.E.D
0,2008-09-31,ALMED.PA,,2008-09-31,Q3,2258227.75,1456599.0,801628.75,2.8170493510867716,0.0,0.0,0.0,0.0,447874.5,3138234.0,0.0,302024.25,-449592.25,-5.022835135614549,-880006.25,-2.5661496722324415,0.0,-1011901.75,-2.231667007197092,84029.0,-1232321.75,-1.8324984931897859,-0.1938145,-0.1938145,6589797.0,6589797.0,https://www.infogreffe.com/recherche-entreprise-dirigeants/resultats-entreprise-dirigeants.html?ga_cat=globale&ga_q=A.L.M.E.D#phrase=A.L.M.E.D,https://www.infogreffe.com/recherche-entreprise-dirigeants/resultats-entreprise-dirigeants.html?ga_cat=globale&ga_q=A.L.M.E.D#phrase=A.L.M.E.D
0,2008-06-31,ALMED.PA,,2008-06-31,Q2,2258227.75,1456599.0,801628.75,2.8170493510867716,0.0,0.0,0.0,0.0,447874.5,3138234.0,0.0,302024.25,-449592.25,-5.022835135614549,-880006.25,-2.5661496722324415,0.0,-1011901.75,-2.231667007197092,84029.0,-1232321.75,-1.8324984931897859,-0.1938145,-0.1938145,6589797.0,6589797.0,https://www.infogreffe.com/recherche-entreprise-dirigeants/resultats-entreprise-dirigeants.html?ga_cat=globale&ga_q=A.L.M.E.D#phrase=A.L.M.E.D,https://www.infogreffe.com/recherche-entreprise-dirigeants/resultats-entreprise-dirigeants.html?ga_cat=globale&ga_q=A.L.M.E.D#phrase=A.L.M.E.D
0,2008-03-31,ALMED.PA,,2008-03-31,Q1,2258227.75,1456599.0,801628.75,2.8170493510867716,0.0,0.0,0.0,0.0,447874.5,3138234.0,0.0,302024.25,-449592.25,-5.022835135614549,-880006.25,-2.5661496722324415,0.0,-1011901.75,-2.231667007197092,84029.0,-1232321.75,-1.8324984931897859,-0.1938145,-0.1938145,6589797.0,6589797.0,https://www.infogreffe.com/recherche-entreprise-dirigeants/resultats-entreprise-dirigeants.html?ga_cat=globale&ga_q=A.L.M.E.D#phrase=A.L.M.E.D,https://www.infogreffe.com/recherche-entreprise-dirigeants/resultats-entreprise-dirigeants.html?ga_cat=globale&ga_q=A.L.M.E.D#phrase=A.L.M.E.D
0,2008-01-31,ALMED.PA,,2008-01-31,Q1,2258227.75,1456599.0,801628.75,2.8170493510867716,0.0,0.0,0.0,0.0,447874.5,3138234.0,0.0,302024.25,-449592.25,-5.022835135614549,-880006.25,-2.5661496722324415,0.0,-1011901.75,-2.231667007197092,84029.0,-1232321.75,-1.8324984931897859,-0.1938145,-0.1938145,6589797.0,6589797.0,https://www.infogreffe.com/recherche-entreprise-dirigeants/resultats-entreprise-dirigeants.html?ga_cat=globale&ga_q=A.L.M.E.D#phrase=A.L.M.E.D,https://www.infogreffe.com/recherche-entreprise-dirigeants/resultats-entreprise-dirigeants.html?ga_cat=globale&ga_q=A.L.M.E.D#phrase=A.L.M.E.D
0,2007-09-31,ALMED.PA,,2007-09-31,Q3,1757150.5,1347650.5,409500.0,4.290965811965812,0.0,0.0,0.0,0.0,443499.0,2966675.5,0.0,267213.5,-788783.75,-2.2276707652762875,-1209525.0,-1.452760794526777,0.0,-1388799.75,-1.265229562433317,-497371.75,-1008887.5,-1.741671395472736,-0.20608125,-0.20608125,6367766.0,6367766.0,https://www.infogreffe.com/recherche-entreprise-dirigeants/resultats-entreprise-dirigeants.html?ga_cat=globale&ga_q=A.L.M.E.D#phrase=A.L.M.E.D,https://www.infogreffe.com/recherche-entreprise-dirigeants/resultats-entreprise-dirigeants.html?ga_cat=globale&ga_q=A.L.M.E.D#phrase=A.L.M.E.D
0,2007-06-31,ALMED.PA,,2007-06-31,Q2,1757150.5,1347650.5,409500.0,4.290965811965812,0.0,0.0,0.0,0.0,443499.0,2966675.5,0.0,267213.5,-788783.75,-2.2276707652762875,-1209525.0,-1.452760794526777,0.0,-1388799.75,-1.265229562433317,-497371.75,-1008887.5,-1.741671395472736,-0.20608125,-0.20608125,6367766.0,6367766.0,https://www.infogreffe.com/recherche-entreprise-dirigeants/resultats-entreprise-dirigeants.html?ga_cat=globale&ga_q=A.L.M.E.D#phrase=A.L.M.E.D,https://www.infogreffe.com/recherche-entreprise-dirigeants/resultats-entreprise-dirigeants.html?ga_cat=globale&ga_q=A.L.M.E.D#phrase=A.L.M.E.D
0,2007-03-31,ALMED.PA,,2007-03-31,Q1,1757150.5,1347650.5,409500.0,4.290965811965812,0.0,0.0,0.0,0.0,443499.0,2966675.5,0.0,267213.5,-788783.75,-2.2276707652762875,-1209525.0,-1.452760794526777,0.0,-1388799.75,-1.265229562433317,-497371.75,-1008887.5,-1.741671395472736,-0.20608125,-0.20608125,6367766.0,6367766.0,https://www.infogreffe.com/recherche-entreprise-dirigeants/resultats-entreprise-dirigeants.html?ga_cat=globale&ga_q=A.L.M.E.D#phrase=A.L.M.E.D,https://www.infogreffe.com/recherche-entreprise-dirigeants/resultats-entreprise-dirigeants.html?ga_cat=globale&ga_q=A.L.M.E.D#phrase=A.L.M.E.D
0,2007-01-31,ALMED.PA,,2007-01-31,Q1,1757150.5,1347650.5,409500.0,4.290965811965812,0.0,0.0,0.0,0.0,443499.0,2966675.5,0.0,267213.5,-788783.75,-2.2276707652762875,-1209525.0,-1.452760794526777,0.0,-1388799.75,-1.265229562433317,-497371.75,-1008887.5,-1.741671395472736,-0.20608125,-0.20608125,6367766.0,6367766.0,https://www.infogreffe.com/recherche-entreprise-dirigeants/resultats-entreprise-dirigeants.html?ga_cat=globale&ga_q=A.L.M.E.D#phrase=A.L.M.E.D,https://www.infogreffe.com/recherche-entreprise-dirigeants/resultats-entreprise-dirigeants.html?ga_cat=globale&ga_q=A.L.M.E.D#phrase=A.L.M.E.D
