,date,symbol,fillingDate,acceptedDate,period,revenue,costOfRevenue,grossProfit,grossProfitRatio,researchAndDevelopmentExpenses,generalAndAdministrativeExpenses,sellingAndMarketingExpenses,otherExpenses,operatingExpenses,costAndExpenses,interestExpense,depreciationAndAmortization,ebitda,ebitdaratio,operatingIncome,operatingIncomeRatio,totalOtherIncomeExpensesNet,incomeBeforeTax,incomeBeforeTaxRatio,incomeTaxExpense,netIncome,netIncomeRatio,eps,epsdiluted,weightedAverageShsOut,weightedAverageShsOutDil,link,finalLink
0,2020-07-31,CSBR,2020-09-14 00:00:00,2020-09-14 16:45:35,Q1,9547000.0,5336000.0,4211000.0,0.441081,1597000.0,2590000.0,1208000.0,0.0,4186999.999999999,9522999.999999998,0.0,277000.0,365000.0,0.038232,24000.0,0.002514,64000.0,88000.0,0.009218,13000.0,75000.0,0.007856,0.00527,0.00527,14231640,14231640,https://www.sec.gov/Archives/edgar/data/771856/000162828020013559/0001628280-20-013559-index.htm,https://www.sec.gov/Archives/edgar/data/771856/000162828020013559/csbr10-q7312020.htm
0,2020-04-30,CSBR,2020-07-28 00:00:00,2020-07-28 17:29:06,Q4,8748000.0,4924000.0,3824000.0,0.437128,1818000.0,3583000.0,1087000.0,5259000.0,5736000.0,10660000,0.0,246000.0,-1709000.0,-0.195359,-1912000.0,-0.218564,-43000.0,-1955000.0,-0.22348,92000.0,-2047000.0,-0.233996,-0.16489,-0.16489,12414510,12414510,https://www.sec.gov/Archives/edgar/data/771856/000162828020010734/0001628280-20-010734-index.htm,https://www.sec.gov/Archives/edgar/data/771856/000162828020010734/csbr10-k4302020.htm
0,2020-01-31,CSBR,2020-03-16 00:00:00,2020-03-16 16:30:46,Q3,9012000.0,4325000.0,4687000.0,0.520084,1391000.0,2863000.0,1308000.0,4325000.0,4254000.0,8579000.0,0.0,218999.99999999997,638000.0,0.070794,433000.0,0.048047,-14000.0,419000.0,0.046494,12000.0,407000.0,0.045162,0.02977,0.02977,13673670,13673670,https://www.sec.gov/Archives/edgar/data/771856/000162828020003637/0001628280-20-003637-index.html,https://www.sec.gov/Archives/edgar/data/771856/000162828020003637/csbr10-q1312020.htm
0,2019-10-31,CSBR,2019-12-16 00:00:00,2019-12-16 16:33:15,Q2,7625000.0,3881000.0,3744000.0,0.491016,1341000.0,2112000.0,977000.0,3881000.0,3453000.0,7334000.0,0.0,178000.0,496000.0,0.065049,291000.0,0.038164,27000.0,318000.0,0.041705,11000.0,307000.0,0.040262,0.02368,0.02368,12964790,12964790,https://www.sec.gov/Archives/edgar/data/771856/000162828019015106/0001628280-19-015106-index.html,https://www.sec.gov/Archives/edgar/data/771856/000162828019015106/csbr10-q10312019.htm
0,2019-07-31,CSBR,2019-09-16,2019-09-16 16:59:30,Q1,6737000.0,3752000.0,2985000.0,0.443076,1303000.0,2296000.0,870000.0,3752000.0,3599000.0,7351000.0,0.0,182000.0,-444000.0,-0.065905,-614000.0,-0.091138,-12000.0,-626000.0,-0.09292,15000.0,-641000.0,-0.095146,-0.05517,-0.05517,11619540,11619540,https://www.sec.gov/Archives/edgar/data/771856/000162828019011753/csbr10-q7312019.htm,https://www.sec.gov/Archives/edgar/data/771856/000162828019011753/csbr10-q7312019.htm
0,2019-04-30,CSBR,2019-07-29 00:00:00,2019-07-29 16:25:22,Q4,7719000.0,4302000.0,3417000.0,0.442674,1248000.0,2285000.0,918000.0,4302000.0,3533000.0000000005,7835000.0,0.0,173000.0,23000.0,0.00298,-116000.0,-0.015028,-34000.0,-150000.0,-0.019433,103000.0,-253000.0,-0.032776,-0.02183,-0.02183,11588790,11588790,https://www.sec.gov/Archives/edgar/data/771856/000162828019009139/0001628280-19-009139-index.html,https://www.sec.gov/Archives/edgar/data/771856/000162828019009139/csbr10-k4302019.htm
0,2019-01-31,CSBR,2019-03-18 00:00:00,2019-03-18 17:01:15,Q3,6430000.0,3429000.0,3001000.0,0.466719,1269000.0,2102000.0,879000.0,3430000.0,3371000.0,6800000.0,0.0,163999.99999999997,-205000.00000000003,-0.031882,-370000.0,-0.057543,1000.0,-369000.0,-0.057387,0.0,-369000.0,-0.057387,-0.03206,-0.03206,11508180,11508180,https://www.sec.gov/Archives/edgar/data/771856/000162828019003086/0001628280-19-003086-index.html,https://www.sec.gov/Archives/edgar/data/771856/000162828019003086/csbr10-q1312019.htm
0,2018-10-31,CSBR,2018-12-17 00:00:00,2018-12-17 16:58:45,Q2,6693000.0,3451000.0,3242000.0,0.484387,1193000.0,1774000.0,741000.0,3450000.0,2967000.0,6418000.0,0.0,149000.00000000003,417000.0,0.062304,275000.0,0.041088,-7000.0,268000.0,0.040042,1000.0,267000.0,0.039892,0.01902,0.01902,14037090,14037090,https://www.sec.gov/Archives/edgar/data/771856/000162828018015187/0001628280-18-015187-index.html,https://www.sec.gov/Archives/edgar/data/771856/000162828018015187/csbr10-q10312018.htm
0,2018-07-31,CSBR,2018-09-14 00:00:00,2018-09-14 16:12:01,Q1,6230000.0,3080000.0,3140000.0,0.504013,1090000.0,1570000.0,518000.0,3083000.0,2660000.0,5740000.0,0.0,120000.0,600000.0,0.096308,480000.0,0.077047,0.0,480000.0,0.077047,0.0,480000.0,0.077047,0.03803,0.03803,12620000,12620000,https://www.sec.gov/Archives/edgar/data/771856/000162828018011874/0001628280-18-011874-index.html,https://www.sec.gov/Archives/edgar/data/771856/000162828018011874/csbr10-q7312018.htm
0,2018-04-30,CSBR,2018-07-30 00:00:00,2018-07-30 17:14:05,Q4,4920000.0,2820000.0,2110000.0,0.428862,1090000.0,1610000.0,708000.0,2816000.0,2699999.9999999995,5520000.0,0.0,109999.99999999999,-500000.0,-0.101626,-600000.0,-0.121951,-20000.0,-620000.0,-0.126016,20000.0,-630000.0,-0.128049,-0.05727,-0.05727,11000000,11000000,https://www.sec.gov/Archives/edgar/data/771856/000162828018009773/0001628280-18-009773-index.html,https://www.sec.gov/Archives/edgar/data/771856/000162828018009773/csbr10-k4302018.htm
0,2018-01-31,CSBR,2018-03-19 00:00:00,2018-03-19 16:30:05,Q3,5080000.0,2470000.0,2610000.0,0.51378,1050000.0,1630000.0,627000.0,2443000.0,2680000.0,5150000.0,0.0,120000.0,40000.0,0.007874,-70000.0,-0.01378,-10000.0,-70000.0,-0.01378,0.0,-80000.0,-0.015748,-0.00728,-0.00728,10990000,10990000,https://www.sec.gov/Archives/edgar/data/771856/000162828018003346/0001628280-18-003346-index.html,https://www.sec.gov/Archives/edgar/data/771856/000162828018003346/csbr10-q1312018.htm
0,2017-10-31,CSBR,2017-12-15 00:00:00,2017-12-15 12:05:50,Q2,5200000.0,2650000.0,2550000.0,0.490385,1120000.0,1510000.0,552000.0,2652000.0,2619999.9999999995,5270000.0,0.0,90000.0,10000.0,0.001923,-70000.0,-0.013462,-10000.0,-80000.0,-0.015385,10000.0,-90000.0,-0.017308,-0.00819,-0.00819,10990000,10990000,https://www.sec.gov/Archives/edgar/data/771856/000162828017012357/0001628280-17-012357-index.html,https://www.sec.gov/Archives/edgar/data/771856/000162828017012357/csbr10-q10312017.htm
0,2017-07-31,CSBR,2017-09-14 00:00:00,2017-09-14 17:22:19,Q1,5030000.0,2640000.0,2390000.0,0.475149,1120000.0,1890000.0,683000.0,2642000.0,3010000.0,5650000.0,0.0,40000.0,-630000.0,-0.125249,-620000.0,-0.12326,-50000.0,-670000.0,-0.133201,0.0,-670000.0,-0.133201,-0.06102,-0.06102,10980000,10980000,https://www.sec.gov/Archives/edgar/data/771856/000162828017009317/0001628280-17-009317-index.html,https://www.sec.gov/Archives/edgar/data/771856/000162828017009317/csbr10-q7312017.htm
0,2017-04-30,CSBR,2017-07-28 00:00:00,2017-07-28 16:01:24,Q4,3720000.0,2570000.0,1150000.0,0.30914,1080000.0,2460000.0,892000.0,2571000.0,3540000.0000000005,6110000.000000001,0.0,40000.00000000001,-2370000.0,-0.637097,-2390000.0,-0.642473,-20000.0,-2410000.0,-0.647849,10000.0,-2420000.0,-0.650538,-0.19595,-0.19595,12350000,12350000,https://www.sec.gov/Archives/edgar/data/771856/000162828017007429/0001628280-17-007429-index.html,https://www.sec.gov/Archives/edgar/data/771856/000162828017007429/csbr10-k4302017.htm
0,2017-01-31,CSBR,2017-03-17 00:00:00,2017-03-17 13:54:13,Q3,3570000.0,2410000.0,1160000.0,0.32493,1000000.0,1560000.0,726000.0,2406000.0,2559999.9999999995,4970000.0,0.0,40000.00000000001,-1370000.0,-0.383754,-1400000.0,-0.392157,-10000.0,-1410000.0,-0.394958,0.0,-1410000.0,-0.394958,-0.12853,-0.12853,10970000,10970000,https://www.sec.gov/Archives/edgar/data/771856/000162828017002681/0001628280-17-002681-index.html,https://www.sec.gov/Archives/edgar/data/771856/000162828017002681/csbr10-q1312017.htm
0,2016-10-31,CSBR,2016-12-14 00:00:00,2016-12-14 16:05:20,Q2,4460000.0,2200000.0,2250000.0,0.504484,1010000.0,1740000.0,718000.0,2203000.0,2750000.0,4950000.0,0.0,39999.99999999999,-470000.0,-0.105381,-490000.0,-0.109865,-20000.0,-510000.0,-0.11435,-10000.0,-500000.0,-0.112108,-0.04558,-0.04558,10970000,10970000,https://www.sec.gov/Archives/edgar/data/771856/000162828016022031/0001628280-16-022031-index.html,https://www.sec.gov/Archives/edgar/data/771856/000162828016022031/csbr10-q10312016.htm
0,2016-07-31,CSBR,2016-09-14,2016-09-14 15:07:13,Q1,3670000.0,2520000.0,1150000.0,0.313351,1210000.0,2460000.0,925000.0,2523000.0,3670000.0000000005,6190000.0,0.0,50000.0,-2490000.0,-0.678474,-2520000.0,-0.686649,-10000.0,-2530000.0,-0.689373,10000.0,-2550000.0,-0.694823,-0.25915,-0.25915,9840000.0,9840000.0,https://www.sec.gov/Archives/edgar/data/771856/000162828016019568/csbr10-q7312016.htm,https://www.sec.gov/Archives/edgar/data/771856/000162828016019568/csbr10-q7312016.htm
0,2016-04-30,CSBR,2016-07-29,2016-07-29 13:09:21,Q4,2840000.0,2340000.0,500000.0,0.176056,1180000.0,1870000.0,757000.0,2342000.0,3050000.0,5390000.0,0.0,50000.0,-2500000.0,-0.880282,-2550000.0,-0.897887,-10000.0,-2560000.0,-0.901408,20000.0,-2570000.0,-0.90493,-0.29642,-0.29642,8670000.0,8670000.0,https://www.sec.gov/Archives/edgar/data/771856/000162828016017936/csbr10-k4302016.htm,https://www.sec.gov/Archives/edgar/data/771856/000162828016017936/csbr10-k4302016.htm
0,2016-01-31,CSBR,2016-03-16 00:00:00,2016-03-16 10:01:15,Q3,2550000.0,2110000.0,450000.0,0.176471,1000000.0,1820000.0,825000.0,2060000.0,2820000.0,4930000.0,0.0,30000.0,-2350000.0,-0.921569,-2370000.0,-0.929412,-10000.0,-2380000.0,-0.933333,30000.0,-2410000.0,-0.945098,-0.27701,-0.27701,8700000.0,8700000.0,https://www.sec.gov/Archives/edgar/data/771856/000114420416088331/0001144204-16-088331-index.html,https://www.sec.gov/Archives/edgar/data/771856/000114420416088331/v433237_10q.htm
0,2015-10-31,CSBR,2015-12-15 00:00:00,2015-12-15 17:21:20,Q2,2970000.0,2010000.0,960000.0,0.323232,920000.0,2530000.0,834000.0,2011000.0,3450000.0,5460000.0,0.0,40000.0,-2470000.0,-0.83165,-2490000.0,-0.838384,-10000.0,-2510000.0,-0.845118,40000.0,-2550000.0,-0.858586,-0.2931,-0.2931,8700000.0,8700000.0,https://www.sec.gov/Archives/edgar/data/771856/000114420415071025/0001144204-15-071025-index.html,https://www.sec.gov/Archives/edgar/data/771856/000114420415071025/v426010_10q.htm
0,2015-07-31,CSBR,2015-09-11 00:00:00,2015-09-11 16:02:21,Q1,2820000.0,2270000.0,550000.0,0.195035,1100000.0,2350000.0,1029000.0,2273000.0,3449999.9999999995,5720000.0,0.0,40000.0,-2860000.0,-1.014184,-2900000.0,-1.028369,-10000.0,-2910000.0,-1.031915,10000.0,-2910000.0,-1.031915,-0.33448,-0.33448,8700000.0,8700000.0,https://www.sec.gov/Archives/edgar/data/771856/000114420415054634/0001144204-15-054634-index.html,https://www.sec.gov/Archives/edgar/data/771856/000114420415054634/v419058_10q.htm
0,2015-04-30,CSBR,2015-07-29 00:00:00,2015-07-29 16:09:30,Q4,3240000.0,2220000.0,1020000.0,0.314815,1090000.0,2340000.0,943000.0,2218000.0,3430000.0,5650000.0,-1010000.0,39999.99999999998,-4550000.0,-1.404321,-2400000.0,-0.740741,-170000.0,-3580000.0,-1.104938,100000.0,-3680000.0,-1.135802,-0.5097,-0.5097,7220000.0,7220000.0,https://www.sec.gov/Archives/edgar/data/771856/000114420415044834/0001144204-15-044834-index.html,https://www.sec.gov/Archives/edgar/data/771856/000114420415044834/v415746_10k.htm
0,2015-01-31,CSBR,2015-03-17,2015-03-17 17:25:55,Q3,1830000.0,1300000.0,530000.0,0.289617,1090000.0,2850000.0,1094000.0,1975000.0,3950000.0,5250000.0,620000.0,60000.00000000001,-2130000.0,-1.163934,-3420000.0,-1.868852,-10000.0,-2800000.0,-1.530055,10000.0,-2820000.0,-1.540984,-0.50628,-0.50628,5570000.0,5570000.0,https://www.sec.gov/Archives/edgar/data/771856/000114420415016811/v403533_10q.htm,https://www.sec.gov/Archives/edgar/data/771856/000114420415016811/v403533_10q.htm
0,2014-10-31,CSBR,2014-12-15 00:00:00,2014-12-15 08:33:15,Q2,1880000.0,970000.0,910000.0,0.484043,1240000.0,3350000.0,1212000.0,1718000.0,4600000.000000001,5570000.000000001,630000.0,50000.0,-2410000.0,-1.281915,-3690000.0,-1.962766,-30000.0,-3090000.0,-1.643617,10000.0,-3100000.0,-1.648936,-0.54965,-0.54965,5640000.0,5640000.0,https://www.sec.gov/Archives/edgar/data/771856/000114420414073848/0001144204-14-073848-index.html,https://www.sec.gov/Archives/edgar/data/771856/000114420414073848/v395777_10q.htm
0,2014-07-31,CSBR,2014-09-12 00:00:00,2014-09-12 16:01:50,Q1,1910000.0,970000.0,940000.0,0.492147,1420000.0,3250000.0,1034000.0,1722000.0,4670000.0,5640000.0,160000.0,60000.0,-3320000.0,-1.73822,-3730000.0,-1.95288,30000.0,-3540000.0,-1.853403,10000.0,-3550000.0,-1.858639,-0.63734,-0.63734,5570000.0,5570000.0,https://www.sec.gov/Archives/edgar/data/771856/000114420414055655/0001144204-14-055655-index.html,https://www.sec.gov/Archives/edgar/data/771856/000114420414055655/v388153_10q.htm
0,2014-04-30,CSBR,2014-07-28 00:00:00,2014-07-28 16:38:06,Q4,2460000.0,950000.0,1510000.0,0.613821,650000.0,3240000.0,995000.0,1539000.0,3889999.9999999995,4840000.0,240000.0,49999.99999999999,-1980000.0,-0.804878,-2380000.0,-0.96748,-130000.0,-2270000.0,-0.922764,0.0,-2270000.0,-0.922764,-0.40754,-0.40754,5570000.0,5570000.0,https://www.sec.gov/Archives/edgar/data/771856/000114420414045199/0001144204-14-045199-index.html,https://www.sec.gov/Archives/edgar/data/771856/000114420414045199/v383674_10k.htm
0,2014-01-31,CSBR,2014-03-14,2014-03-14 17:01:30,Q3,3690000.0,1010000.0,2680000.0,0.726287,540000.0,3550000.0,820000.0,1623000.0,4090000.0,5100000.0,850000.0,60000.0,350000.0,0.094851,-1410000.0,-0.382114,-10000.0,-570000.0,-0.154472,10000.0,-570000.0,-0.154472,-0.10233,-0.10233,5570000.0,5570000.0,https://www.sec.gov/Archives/edgar/data/771856/000114420414015818/v370638_10q.htm,https://www.sec.gov/Archives/edgar/data/771856/000114420414015818/v370638_10q.htm
0,2013-10-31,CSBR,2013-12-13 00:00:00,2013-12-13 08:01:03,Q2,2380000.0,700000.0,1680000.0,0.705882,680000.0,2700000.0,698000.0,1430000.0,3380000.0,4080000.0,-590000.0,50000.0,-2860000.0,-1.201681,-1700000.0,-0.714286,-30000.0,-2320000.0,-0.97479,0.0,-2320000.0,-0.97479,-0.41208,-0.41208,5630000.0,5630000.0,https://www.sec.gov/Archives/edgar/data/771856/000114420413067068/0001144204-13-067068-index.html,https://www.sec.gov/Archives/edgar/data/771856/000114420413067068/v361946_10q.htm
0,2013-07-31,CSBR,2013-09-13 00:00:00,2013-09-13 16:01:33,Q1,3020000.0,930000.0,2090000.0,0.692053,400000.0,2460000.0,642000.0,1671000.0,2860000.0,3790000.0,-1460000.0,50000.0,-3650000.0,-1.208609,-770000.0,-0.254967,0.0,-2240000.0,-0.741722,0.0,-2240000.0,-0.741722,-0.40215,-0.40215,5570000.0,5570000.0,https://www.sec.gov/Archives/edgar/data/771856/000114420413050707/0001144204-13-050707-index.html,https://www.sec.gov/Archives/edgar/data/771856/000114420413050707/v354375_10q.htm
0,2013-04-30,CSBR,2013-07-26 00:00:00,2013-07-26 16:03:02,Q4,1840000.0,1560000.0,280000.0,0.152174,510000.0,1770000.0,618000.0,1558000.0,2270000.0,3830000.0,-50000.0,50000.00000000002,-2050000.0,-1.11413,-1990000.0,-1.081522,0.0,-2040000.0,-1.108696,0.0,-2050000.0,-1.11413,-0.37071,-0.37071,5530000.0,5530000.0,https://www.sec.gov/Archives/edgar/data/771856/000114420413041406/0001144204-13-041406-index.html,https://www.sec.gov/Archives/edgar/data/771856/000114420413041406/v349967_10k.htm
0,2013-01-31,CSBR,2013-03-13 00:00:00,2013-03-13 16:20:53,Q3,2920000.0,1240000.0,1680000.0,0.575342,590000.0,1800000.0,658000.0,1242000.0,2400000.0000000005,3640000.0000000005,-260000.0,49999.99999999999,-1190000.0,-0.407534,-720000.0,-0.246575,-10000.0,-990000.0,-0.339041,10000.0,-990000.0,-0.339041,-0.24874,-0.24874,3980000.0,3980000.0,https://www.sec.gov/Archives/edgar/data/771856/000114420413014818/0001144204-13-014818-index.html,https://www.sec.gov/Archives/edgar/data/771856/000114420413014818/v336385_10q.htm
0,2012-10-31,CSBR,2012-12-13 00:00:00,2012-12-13 14:52:43,Q2,1460000.0,1060000.0,400000.0,0.273973,440000.0,1880000.0,680000.0,1057000.0,2310000.0,3370000.0,-50000.0,50000.0,-1970000.0,-1.349315,-1920000.0,-1.315068,-10000.0,-1970000.0,-1.349315,0.0,-1970000.0,-1.349315,-0.48762,-0.48762,4040000.0,4040000.0,https://www.sec.gov/Archives/edgar/data/771856/000114420412067797/0001144204-12-067797-index.html,https://www.sec.gov/Archives/edgar/data/771856/000114420412067797/v328777_10q.htm
0,2012-07-31,CSBR,2012-09-12 00:00:00,2012-09-12 14:46:10,Q1,2110000.0,1470000.0,640000.0,0.303318,390000.0,1850000.0,709000.0,1471000.0,2240000.0,3710000.0,290000.0,50000.0,-980000.0,-0.464455,-1600000.0,-0.758294,-10000.0,-1320000.0,-0.625592,0.0,-1320000.0,-0.625592,-0.33673,-0.33673,3920000.0,3920000.0,https://www.sec.gov/Archives/edgar/data/771856/000114420412050849/0001144204-12-050849-index.html,https://www.sec.gov/Archives/edgar/data/771856/000114420412050849/v320404_10q.htm
0,2012-04-30,CSBR,2012-07-18 00:00:00,2012-07-18 17:16:00,Q4,1380000.0,1530000.0,-150000.0,-0.108696,380000.0,2070000.0,1043000.0,144000.0,2450000.0,3980000.0,60000.0,39999.99999999999,-2450000.0,-1.775362,-2600000.0,-1.884058,-10000.0,-2550000.0,-1.847826,0.0,-2550000.0,-1.847826,-0.88542,-0.88542,2880000.0,2880000.0,https://www.sec.gov/Archives/edgar/data/771856/000114420412040031/0001144204-12-040031-index.html,https://www.sec.gov/Archives/edgar/data/771856/000114420412040031/v316311_10k.htm
0,2012-01-31,CSBR,2012-03-14 00:00:00,2012-03-14 14:58:50,Q3,2400000.0,1380000.0,1020000.0,0.425,930000.0,1860000.0,623000.0,1318000.0,2790000.0,4170000.0,70000.0,20000.000000000004,-1630000.0,-0.679167,-1770000.0,-0.7375,-10000.0,-1720000.0,-0.716667,0.0,-1720000.0,-0.716667,-0.44216,-0.44216,3890000.0,3890000.0,https://www.sec.gov/Archives/edgar/data/771856/000114420412014815/0001144204-12-014815-index.html,https://www.sec.gov/Archives/edgar/data/771856/000114420412014815/v304999_10q.htm
0,2011-10-31,CSBR,2011-12-14 00:00:00,2011-12-14 14:49:10,Q2,1740000.0,1080000.0,660000.0,0.37931,1010000.0,2120000.0,574000.0,1147000.0,3130000.0,4210000.0,110000.0,20000.000000000004,-2220000.0,-1.275862,-2470000.0,-1.41954,10000.0,-2350000.0,-1.350575,0.0,-2350000.0,-1.350575,-0.60256,-0.60256,3900000.0,3900000.0,https://www.sec.gov/Archives/edgar/data/771856/000114420411069762/0001144204-11-069762-index.html,https://www.sec.gov/Archives/edgar/data/771856/000114420411069762/v242153_10q.htm
0,2011-07-31,CSBR,2011-09-13 00:00:00,2011-09-13 14:08:59,Q1,1630000.0,900000.0,730000.0,0.447853,540000.0,2410000.0,688000.0,902000.0,2950000.0,3850000.0,180000.0,30000.0,-1830000.0,-1.122699,-2210000.0,-1.355828,0.0,-2040000.0,-1.251534,0.0,-2040000.0,-1.251534,-0.52713,-0.52713,3870000.0,3870000.0,https://www.sec.gov/Archives/edgar/data/771856/000114420411052645/0001144204-11-052645-index.html,https://www.sec.gov/Archives/edgar/data/771856/000114420411052645/v234451_10q.htm
0,2011-04-30,CSBR,2011-07-15 00:00:00,2011-07-15 14:24:20,Q4,1540000.0,900000.0,650000.0,0.422078,790000.0,2690000.0,1413000000,3142000000,3480000.0,4380000.0,-40000.0,10000.000000000002,-2760000.0,-1.792208,-2840000.0,-1.844156,140000.0,-2730000.0,-1.772727,10000.0,-2740000.0,-1.779221,-0.97163,-0.97163,2820000.0,2820000.0,https://www.sec.gov/Archives/edgar/data/771856/000114420411040755/0001144204-11-040755-index.html,https://www.sec.gov/Archives/edgar/data/771856/000114420411040755/v228749_10k.htm
0,2011-01-31,CSBR,2011-03-08,2011-03-08 13:32:24,Q3,2810000.0,1460000.0,1340000.0,0.476868,430000.0,1690000.0,0.0,-993000000,2130000.0,3590000.0,0.0,9999.999999999998,-410000.0,-0.145907,-790000.0,-0.281139,370000.0,-420000.0,-0.149466,0.0,-420000.0,-0.149466,-0.14141,-0.14141,2970000.0,2970000.0,https://www.sec.gov/Archives/edgar/data/771856/000095012311023025/c13732e10vq.htm,https://www.sec.gov/Archives/edgar/data/771856/000095012311023025/c13732e10vq.htm
0,2010-10-31,CSBR,2010-12-13 00:00:00,2010-12-13 16:09:17,Q2,930000.0,560000.0,370000.0,0.397849,850000.0,530000.0,0.0,447000000,1390000.0,1950000.0,0.0,10000.0,-40000.0,-0.043011,-1020000.0,-1.096774,960000.0,-50000.0,-0.053763,0.0,-50000.0,-0.053763,-0.01661,-0.01661,3010000.0,3010000.0,https://www.sec.gov/Archives/edgar/data/771856/000095012310113141/0000950123-10-113141-index.html,https://www.sec.gov/Archives/edgar/data/771856/000095012310113141/c09238e10vq.htm
0,2010-07-31,CSBR,2010-09-10 00:00:00,2010-09-10 16:05:40,Q1,1600000.0,640000.0,960000.0,0.6,830000.0,730000.0,0.0,546000000,1560000.0,2200000.0,0.0,10000.0,-580000.0,-0.3625,-600000.0,-0.375,0.0,-590000.0,-0.36875,0.0,-590000.0,-0.36875,-0.19799,-0.19799,2980000.0,2980000.0,https://www.sec.gov/Archives/edgar/data/771856/000095012310085237/0000950123-10-085237-index.html,https://www.sec.gov/Archives/edgar/data/771856/000095012310085237/c05616e10vq.htm
0,2010-04-30,CSBR,2010-07-28 00:00:00,2010-07-28 16:05:50,Q4,1900000.0,610000.0,1290000.0,0.678947,990000.0,850000.0,0.0,610000000,1840000.0000000002,2450000.0000000005,0.0,9999.999999999998,-540000.0,-0.284211,-550000.0,-0.289474,0.0,-550000.0,-0.289474,0.0,-550000.0,-0.289474,-0.18581,-0.18581,2960000.0,2960000.0,https://www.sec.gov/Archives/edgar/data/771856/000095012310069041/0000950123-10-069041-index.html,https://www.sec.gov/Archives/edgar/data/771856/000095012310069041/c03306e10vk.htm
0,2010-01-31,CSBR,2010-03-17 00:00:00,2010-03-17 16:02:13,Q3,740000.0,360000.0,380000.0,0.513514,570000.0,600000.0,0.0,364000000,1170000.0,1530000.0,0.0,0.0,-780000.0,-1.054054,-780000.0,-1.054054,0.0,-780000.0,-1.054054,0.0,-780000.0,-1.054054,-0.27465,-0.27465,2840000.0,2840000.0,https://www.sec.gov/Archives/edgar/data/771856/000095012310025556/0000950123-10-025556-index.html,https://www.sec.gov/Archives/edgar/data/771856/000095012310025556/c97863e10vq.htm
0,2009-10-31,CSBR,2009-12-15 00:00:00,2009-12-15 16:28:21,Q2,1290000.0,340000.0,950000.0,0.736434,650000.0,890000.0,0.0,337000000,1530000.0,1870000.0,0.0,10000.0,-570000.0,-0.44186,-580000.0,-0.449612,0.0,-580000.0,-0.449612,0.0,-580000.0,-0.449612,-0.21245,-0.21245,2730000.0,2730000.0,https://www.sec.gov/Archives/edgar/data/771856/000095012309070898/0000950123-09-070898-index.html,https://www.sec.gov/Archives/edgar/data/771856/000095012309070898/c93448e10vq.htm
0,2009-07-31,CSBR,2009-08-27 00:00:00,2009-08-27 16:12:00,Q1,960000.0,670000.0,290000.0,0.302083,500000.0,810000.0,0.0,668000000,1299999.9999999998,1969999.9999999998,10000.0,10000.0,-980000.0,-1.020833,-1010000.0,-1.052083,0.0,-1000000.0,-1.041667,0.0,-1000000.0,-1.041667,-0.3663,-0.3663,2730000.0,2730000.0,https://www.sec.gov/Archives/edgar/data/771856/000095012309038702/0000950123-09-038702-index.html,https://www.sec.gov/Archives/edgar/data/771856/000095012309038702/c89311e10vk.htm
0,2009-04-30,CSBR,2009-08-27,2009-08-27 16:12:00,Q4,1010000.0,520000.0,490000.0,0.485149,650000.0,960000.0,0.0,439911000,1900000.0,2420000.0,20000.0,0.0,-1370000.0,-1.356436,-1410000.0,-1.39604,0.0,-1390000.0,-1.376238,0.0,-1390000.0,-1.376238,-0.50181,-0.50181,2770000.0,2770000.0,https://www.sec.gov/Archives/edgar/data/771856/000095012309038702/c89311e10vk.htm,https://www.sec.gov/Archives/edgar/data/771856/000095012309038702/c89311e10vk.htm
0,2009-01-31,CSBR,2009-03-17 00:00:00,2009-03-17 16:52:33,Q3,980000.0,670000.0,310000.0,0.316327,440000.0,460000.0,0.0,1105903000,900000.0,1570000.0,20000.0,0.0,-540000.0,-0.55102,-580000.0,-0.591837,0.0,-560000.0,-0.571429,0.0,-560000.0,-0.571429,-0.20217,-0.20217,2770000.0,2770000.0,https://www.sec.gov/Archives/edgar/data/771856/000129707709000007/0001297077-09-000007-index.html,https://www.sec.gov/Archives/edgar/data/771856/000129707709000007/cbi10q_13109v94.htm
0,2008-10-31,CSBR,2008-12-15 00:00:00,2008-12-15 17:26:54,Q2,1040000.0,460000.0,590000.0,0.567308,410000.0,370000.0,0.0,458586000,770000.0,1230000.0,30000.0,0.0,-130000.0,-0.125,-190000.0,-0.182692,0.0,-160000.0,-0.153846,0.0,-160000.0,-0.153846,-0.05714,-0.05714,2800000.0,2800000.0,https://www.sec.gov/Archives/edgar/data/771856/000129707708000109/0001297077-08-000109-index.html,https://www.sec.gov/Archives/edgar/data/771856/000129707708000109/cbi10q_103108v2.htm
0,2008-07-31,CSBR,2008-09-15 00:00:00,2008-09-15 17:06:02,Q1,670000.0,260000.0,410000.0,0.61194,230000.0,330000.0,0.0,259600000,570000.0,830000.0,20000.0,0.0,-110000.0,-0.164179,-150000.0,-0.223881,0.0,-130000.0,-0.19403,0.0,-130000.0,-0.19403,-0.04693,-0.04693,2770000.0,2770000.0,https://www.sec.gov/Archives/edgar/data/771856/000129707708000102/0001297077-08-000102-index.html,https://www.sec.gov/Archives/edgar/data/771856/000129707708000102/cbi10q073108-3.htm
0,2008-04-30,CSBR,2008-07-29,2008-07-29 17:23:40,Q4,530000.0,210000.0,320000.0,0.603774,90000.0,420000.0,0.0,151173000,510000.0,720000.0,10000.0,0.0,-170000.0,-0.320755,-200000.0,-0.377358,0.0,-180000.0,-0.339623,0.0,-180000.0,-0.339623,-0.06792,-0.06792,2650000.0,2650000.0,https://www.sec.gov/Archives/edgar/data/771856/000129707708000084/cbio0729.htm,https://www.sec.gov/Archives/edgar/data/771856/000129707708000084/cbio0729.htm
0,2008-01-31,CSBR,2008-03-06,2008-03-05 18:07:09,Q3,630000.0,200000.0,420000.0,0.666667,0.0,110000.0,0.0,264262000,109999.99999999999,310000.0,10000.0,0.0,330000.0,0.52381,310000.0,0.492063,0.0,320000.0,0.507937,0.0,320000.0,0.507937,0.12121,0.12121,2640000.0,2640000.0,https://www.sec.gov/Archives/edgar/data/771856/000129707708000022/cbi10qsb_013108.htm,https://www.sec.gov/Archives/edgar/data/771856/000129707708000022/cbi10qsb_013108.htm
0,2007-10-31,CSBR,2007-12-17,2007-12-17 15:58:51,Q2,0.0,0.0,0.0,1.0,30000.0,470000.0,0.0,75000000,500000.0,500000.0,10000.0,0.0,-480000.0,-0.436456,-500000.0,-0.582252,0.0,-490000.0,-0.582252,0.0,-490000.0,-0.582252,-0.18561,-0.18561,2640000.0,2640000.0,https://www.sec.gov/Archives/edgar/data/771856/000129707707000070/champs10qsbfinal2.htm,https://www.sec.gov/Archives/edgar/data/771856/000129707707000070/champs10qsbfinal2.htm
0,2007-07-31,CSBR,2007-09-13,2007-09-13 15:18:03,Q1,250000.0,80000.0,170000.0,0.68,80000.0,150000.0,0.0,0.0,229999.99999999997,310000.0,10000.0,0.0,-40000.0,-0.16,-60000.0,-0.24,0.0,-50000.0,-0.2,0.0,-50000.0,-0.2,-0.01946,-0.01946,2570000.0,2570000.0,https://www.sec.gov/Archives/edgar/data/771856/000129707707000038/cbi10q-07312007final091307.htm,https://www.sec.gov/Archives/edgar/data/771856/000129707707000038/cbi10q-07312007final091307.htm
0,2007-04-30,CSBR,2007-08-14,2007-08-14 15:56:43,Q4,0.0,0.0,0.0,0.0,0.0,100000.0,0.0,0.0,100000.0,100000.0,0.0,0.0,-100000.0,0.0,-100000.0,0.0,0.0,-100000.0,0.0,0.0,-100000.0,0.0,-0.04016,-0.04016,2490000.0,2490000.0,https://www.sec.gov/Archives/edgar/data/771856/000129707707000030/cbi10ksb2007-081207.htm,https://www.sec.gov/Archives/edgar/data/771856/000129707707000030/cbi10ksb2007-081207.htm
0,2007-01-31,CSBR,2007-03-19,2007-03-19 15:02:02,Q3,0.0,0.0,0.0,0.0,0.0,40000.0,0.0,74086000,40000.0,40000.0,0.0,0.0,-40000.0,0.0,-40000.0,0.0,0.0,-40000.0,0.0,0.0,-40000.0,0.0,-0.02649,-0.02649,1510000.0,1510000.0,https://www.sec.gov/Archives/edgar/data/771856/000129707707000012/cbi10qsb_013107.htm,https://www.sec.gov/Archives/edgar/data/771856/000129707707000012/cbi10qsb_013107.htm
0,2006-10-31,CSBR,2006-12-15,2006-12-15 13:10:18,Q2,0.0,0.0,0.0,0.0,0.0,20000.0,0.0,0.0,20000.0,20000.0,0.0,0.0,-20000.0,0.0,-20000.0,0.0,0.0,-20000.0,0.0,0.0,-20000.0,0.0,-0.01408,-0.01408,1420000.0,1420000.0,https://www.sec.gov/Archives/edgar/data/771856/000129707706000096/csports10qsb-103106.htm,https://www.sec.gov/Archives/edgar/data/771856/000129707706000096/csports10qsb-103106.htm
0,2006-07-31,CSBR,2006-09-13,2006-09-13 13:55:42,Q1,0.0,0.0,0.0,0.0,0.0,20000.0,0.0,-17320000,20000.0,20000.0,0.0,0.0,-20000.0,0.0,-20000.0,0.0,0.0,-20000.0,0.0,0.0,-20000.0,0.0,-0.01429,-0.01429,1400000.0,1400000.0,https://www.sec.gov/Archives/edgar/data/771856/000129707706000062/champions10qsb_073106.htm,https://www.sec.gov/Archives/edgar/data/771856/000129707706000062/champions10qsb_073106.htm
0,2006-04-30,CSBR,2006-07-28,2006-07-28 13:14:48,Q4,0.0,0.0,0.0,0.0,0.0,0.0,0.0,0.0,0.0,0.0,0.0,0.0,0.0,0.0,0.0,0.0,0.0,0.0,0.0,0.0,0.0,0.0,0.0,0.0,1400000.0,1400000.0,https://www.sec.gov/Archives/edgar/data/771856/000129707706000047/csi10ksb2006draft.htm,https://www.sec.gov/Archives/edgar/data/771856/000129707706000047/csi10ksb2006draft.htm
0,2006-01-31,CSBR,2006-03-24,2006-03-24 17:24:55,Q3,0.0,0.0,0.0,0.0,0.0,60000.0,0.0,-146803000,60000.0,60000.0,0.0,0.0,-80000.0,0.0,-60000.0,0.0,0.0,-60000.0,0.0,0.0,-80000.0,0.0,-0.05714,-0.05714,1400000.0,1400000.0,https://www.sec.gov/Archives/edgar/data/771856/000129707706000021/ew10qsb013106final.htm,https://www.sec.gov/Archives/edgar/data/771856/000129707706000021/ew10qsb013106final.htm
0,2005-10-31,CSBR,2005-12-16,2005-12-16 12:33:34,Q2,0.0,0.0,0.0,0.0,0.0,20000.0,0.0,-113846000,20000.0,20000.0,0.0,0.0,10000.0,0.0,-20000.0,0.0,0.0,-20000.0,0.0,0.0,10000.0,0.0,0.00704,0.00704,1420000.0,1420000.0,https://www.sec.gov/Archives/edgar/data/771856/000129707705000170/chspts1205_10q.htm,https://www.sec.gov/Archives/edgar/data/771856/000129707705000170/chspts1205_10q.htm
0,2005-07-31,CSBR,2005-09-15,2005-09-14 17:35:00,Q1,0.0,0.0,0.0,0.0,0.0,70000.0,0.0,-69999000,70000.0,70000.0,0.0,0.0,-240000.0,0.0,-70000.0,0.0,0.0,-70000.0,0.0,0.0,-240000.0,0.0,-0.17143,-0.17143,1400000.0,1400000.0,https://www.sec.gov/Archives/edgar/data/771856/000129707705000140/csports_10q073105.htm,https://www.sec.gov/Archives/edgar/data/771856/000129707705000140/csports_10q073105.htm
0,2005-04-30,CSBR,2005-08-15,2005-08-12 17:40:50,Q4,0.0,0.0,0.0,0.7173608816497891,0.0,-90000.0,0.0,458577000,-90000.0,-90000.0,0.0,10000.000000000002,20000.000000000004,0.031917044063052735,90000.0,0.008390833641081459,0.0,90000.0,0.008390833641081459,0.0,10000.0,0.008390833641081459,0.00901,0.00901,1110000.0,1110000.0,https://www.sec.gov/Archives/edgar/data/771856/000129707705000123/csports10kspfinal.htm,https://www.sec.gov/Archives/edgar/data/771856/000129707705000123/csports10kspfinal.htm
0,2005-01-31,CSBR,2005-03-17,2005-03-17 17:29:14,Q3,0.0,0.0,0.0,0.6877414317908043,0.0,60000.0,0.0,432806000,60000.0,60000.0,0.0,20000.0,-60000.0,-0.3502841501002249,-60000.0,-0.37927632130395317,0.0,-60000.0,-0.37927632130395317,0.0,-80000.0,-0.37927632130395317,-0.05714,-0.05714,1400000.0,1400000.0,https://www.sec.gov/Archives/edgar/data/771856/000129707705000040/cs10q-01312005.htm,https://www.sec.gov/Archives/edgar/data/771856/000129707705000040/cs10q-01312005.htm
0,2004-10-31,CSBR,2004-12-15,2004-12-15 11:51:04,Q2,0.0,0.0,0.0,0.680217572401627,0.0,80000.0,0.0,435087000,80000.0,80000.0,0.0,10000.0,-90000.0,-0.12601068260890871,-80000.0,-0.15566717302886265,0.0,-80000.0,-0.15566717302886265,0.0,-100000.0,-0.15566717302886265,-0.08547,-0.08547,1170000.0,1170000.0,https://www.sec.gov/Archives/edgar/data/771856/000129707704000051/csports10q103104rev.htm,https://www.sec.gov/Archives/edgar/data/771856/000129707704000051/csports10q103104rev.htm
0,2004-07-31,CSBR,2004-09-15,2004-09-14 21:12:17,Q1,0.0,0.0,0.0,0.6771393942576112,0.0,60000.0,0.0,467616000,60000.0,60000.0,0.0,10000.0,-60000.0,-0.036865663805098314,-60000.0,-0.06334829749809666,0.0,-60000.0,-0.06334829749809666,0.0,-70000.0,-0.06334829749809666,-0.09459,-0.09459,740000.0,740000.0,https://www.sec.gov/Archives/edgar/data/771856/000129707704000014/csports10qsb073104.htm,https://www.sec.gov/Archives/edgar/data/771856/000129707704000014/csports10qsb073104.htm
0,2004-04-30,CSBR,,,Q4,530000.0,350000.0,190000.0,0.358491,0.0,160000.0,0.0,0.0,180000.00000000006,530000.0,0.0,10000.000000000002,20000.000000000004,0.037736,10000.0,0.018868,0.0,10000.0,0.018868,0.0,10000.0,0.018868,0.01316,0.01316,760000.0,760000.0,,
0,2004-01-31,CSBR,,,Q3,460000.0,300000.0,160000.0,0.347826,0.0,200000.0,0.0,0.0,220000.00000000003,520000.00000000006,0.0,20000.0,-30000.0,-0.065217,-50000.0,-0.108696,0.0,-50000.0,-0.108696,0.0,-50000.0,-0.108696,-0.06849,-0.06849,730000.0,730000.0,,
0,2003-10-31,CSBR,,,Q2,460000.0,270000.0,190000.0,0.413043,0.0,260000.0,0.0,0.0,270000.0,540000.0,0.0,10000.0,-70000.0,-0.152174,-80000.0,-0.173913,0.0,-80000.0,-0.173913,0.0,-80000.0,-0.173913,-0.10811,-0.10811,740000.0,740000.0,,
0,2003-07-31,CSBR,,,Q1,540000.0,340000.0,200000.0,0.37037,0.0,240000.0,0.0,0.0,249999.99999999994,589999.9999999999,0.0,10000.0,-40000.0,-0.074074,-50000.0,-0.092593,0.0,-50000.0,-0.092593,0.0,-50000.0,-0.092593,-0.07042,-0.07042,710000.0,710000.0,,
0,2003-04-30,CSBR,,,Q4,480000.0,340000.0,140000.0,0.291667,0.0,200000.0,0.0,0.0,210000.00000000003,550000.0,0.0,10000.000000000002,-60000.0,-0.125,-70000.0,-0.145833,0.0,-70000.0,-0.145833,0.0,-70000.0,-0.145833,-0.09859,-0.09859,710000.0,710000.0,,
0,2003-01-31,CSBR,,,Q3,450000.0,250000.0,200000.0,0.444444,0.0,240000.0,0.0,0.0,250000.0,500000.0,0.0,20000.0,-20000.0,-0.044444,-40000.0,-0.088889,0.0,-40000.0,-0.088889,0.0,-40000.0,-0.088889,-0.05634,-0.05634,710000.0,710000.0,,
0,2002-10-31,CSBR,,,Q2,550000.0,270000.0,280000.0,0.509091,0.0,240000.0,0.0,0.0,250000.0,520000.0,0.0,10000.0,50000.0,0.090909,40000.0,0.072727,0.0,40000.0,0.072727,0.0,40000.0,0.072727,0.05634,0.05634,710000.0,710000.0,,
0,2002-07-31,CSBR,,,Q1,520000.0,300000.0,210000.0,0.403846,0.0,280000.0,0.0,0.0,290000.0,590000.0,0.0,10000.0,-60000.0,-0.115385,-70000.0,-0.134615,0.0,-70000.0,-0.134615,0.0,-70000.0,-0.134615,-0.09859,-0.09859,710000.0,710000.0,,
0,2002-04-30,CSBR,,,Q4,540000.0,310000.0,230000.0,0.425926,0.0,250000.0,0.0,0.0,320000.0,630000.0,0.0,10000.000000000002,-70000.0,-0.12963,-80000.0,-0.148148,0.0,-80000.0,-0.148148,0.0,-80000.0,-0.148148,-0.11268,-0.11268,710000.0,710000.0,,
0,2002-01-31,CSBR,,,Q3,520000.0,290000.0,230000.0,0.442308,0.0,260000.0,0.0,0.0,270000.0000000001,560000.0000000001,0.0,20000.0,-20000.0,-0.038462,-40000.0,-0.076923,0.0,-40000.0,-0.076923,0.0,-40000.0,-0.076923,-0.05634,-0.05634,710000.0,710000.0,,
0,2001-10-31,CSBR,,,Q2,530000.0,280000.0,240000.0,0.45283,0.0,230000.0,0.0,0.0,250000.0,530000.0,0.0,10000.0,10000.0,0.018868,0.0,0.0,0.0,0.0,0.0,0.0,0.0,0.0,-0.02,-0.02,710000.0,710000.0,,
0,2001-07-31,CSBR,,,Q1,560000.0,320000.0,220000.0,0.392857,0.0,250000.0,0.0,0.0,269999.99999999994,590000.0,0.0,10000.0,-30000.0,-0.053571,-40000.0,-0.071429,0.0,-40000.0,-0.071429,0.0,-40000.0,-0.071429,-0.05634,-0.05634,710000.0,710000.0,,
0,2001-04-30,CSBR,,,Q4,650000.0,350000.0,290000.0,0.446154,0.0,60000.0,0.0,0.0,370000.0,720000.0,50000.0,19999.999999999996,50000.0,0.076923,-70000.0,-0.107692,0.0,-20000.0,-0.030769,210000.0,-230000.0,-0.353846,-0.39655,-0.39655,580000.0,580000.0,,
0,2001-01-31,CSBR,,,Q3,480000.0,350000.0,120000.0,0.25,0.0,250000.0,0.0,0.0,260000.0,610000.0,0.0,20000.0,-260000.0,-0.541667,-140000.0,-0.291667,0.0,-140000.0,-0.291667,0.0,-280000.0,-0.583333,-0.34568,-0.34568,810000.0,810000.0,,
0,2000-10-31,CSBR,,,Q2,470000.0,300000.0,160000.0,0.340426,0.0,330000.0,0.0,-90000.0,250000.00000000006,550000.0000000001,0.0,10000.0,-150000.0,-0.319149,-80000.0,-0.170213,-90000.0,-80000.0,-0.170213,0.0,-160000.0,-0.340426,-0.21622,-0.21622,740000.0,740000.0,,
0,2000-07-31,CSBR,,,Q1,610000.0,300000.0,310000.0,0.508197,0.0,260000.0,0.0,0.0,269999.99999999994,570000.0,-50000.0,10000.0,-50000.0,-0.081967,40000.0,0.065574,0.0,-10000.0,-0.016393,0.0,-10000.0,-0.016393,-0.01408,-0.01408,710000.0,710000.0,,
0,2000-04-30,CSBR,,,Q4,600000.0,300000.0,290000.0,0.483333,0.0,230000.0,0.0,0.0,250000.00000000006,550000.0000000001,-90000.0,10000.000000000002,-120000.0,-0.2,50000.0,0.083333,0.0,-40000.0,-0.066667,0.0,-40000.0,-0.066667,-0.05634,-0.05634,710000.0,710000.0,,
0,2000-01-31,CSBR,,,Q3,490000.0,290000.0,190000.0,0.387755,0.0,230000.0,0.0,0.0,240000.00000000006,530000.0,90000.0,20000.0,160000.0,0.326531,-40000.0,-0.081633,0.0,50000.0,0.102041,0.0,50000.0,0.102041,0.07042,0.07042,710000.0,710000.0,,
0,1999-10-31,CSBR,,,Q2,490000.0,250000.0,230000.0,0.469388,0.0,200000.0,0.0,0.0,219999.99999999997,469999.99999999994,0.0,10000.0,30000.0,0.061224,20000.0,0.040816,0.0,20000.0,0.040816,0.0,20000.0,0.040816,0.02817,0.02817,710000.0,710000.0,,
0,1999-07-31,CSBR,,,Q1,640000.0,320000.0,310000.0,0.484375,0.0,290000.0,0.0,0.0,300000.0,620000.0,0.0,10000.0,30000.0,0.046875,20000.0,0.03125,0.0,20000.0,0.03125,0.0,20000.0,0.03125,0.02817,0.02817,710000.0,710000.0,,
0,1999-04-30,CSBR,,,Q4,560000.0,280000.0,260000.0,0.464286,0.0,220000.0,0.0,0.0,240000.0,520000.0,0.0,19999.999999999996,60000.0,0.107143,40000.0,0.071429,0.0,40000.0,0.071429,0.0,40000.0,0.071429,0.05634,0.05634,710000.0,710000.0,,
0,1999-01-31,CSBR,,,Q3,660000.0,330000.0,320000.0,0.484848,0.0,270000.0,0.0,0.0,279999.99999999994,610000.0,0.0,10000.000000000002,60000.0,0.090909,50000.0,0.075758,0.0,50000.0,0.075758,0.0,50000.0,0.075758,0.07042,0.07042,710000.0,710000.0,,
0,1998-10-31,CSBR,,,Q2,430000.0,270000.0,150000.0,0.348837,0.0,240000.0,0.0,0.0,250000.0,520000.0,0.0,19999.999999999996,-70000.0,-0.162791,-90000.0,-0.209302,0.0,-90000.0,-0.209302,0.0,-90000.0,-0.209302,-0.12676,-0.12676,710000.0,710000.0,,
0,1998-07-31,CSBR,,,Q1,550000.0,290000.0,250000.0,0.454545,0.0,230000.0,0.0,0.0,240000.00000000006,530000.0,0.0,10000.0,30000.0,0.054545,20000.0,0.036364,0.0,20000.0,0.036364,0.0,20000.0,0.036364,0.02817,0.02817,710000.0,710000.0,,
0,1998-04-30,CSBR,,,Q4,640000.0,370000.0,260000.0,0.40625,0.0,240000.0,0.0,0.0,250000.0,620000.0,0.0,19999.999999999996,50000.0,0.078125,20000.0,0.03125,0.0,20000.0,0.03125,10000.0,20000.0,0.03125,0.02817,0.02817,710000.0,710000.0,,
0,1998-01-31,CSBR,,,Q3,590000.0,320000.0,270000.0,0.457627,0.0,240000.0,0.0,0.0,249999.99999999994,569999.9999999999,0.0,10000.000000000002,40000.0,0.067797,30000.0,0.050847,0.0,30000.0,0.050847,0.0,30000.0,0.050847,0.03846,0.03846,780000.0,780000.0,,
0,1997-10-31,CSBR,,,Q2,520000.0,260000.0,250000.0,0.480769,0.0,250000.0,0.0,0.0,270000.0,530000.0,0.0,19999.999999999996,290000.0,0.557692,-20000.0,-0.038462,290000.0,270000.0,0.519231,0.0,270000.0,0.519231,0.38028,0.38028,710000.0,710000.0,,
0,1997-07-31,CSBR,,,Q1,580000.0,260000.0,310000.0,0.534483,0.0,270000.0,0.0,0.0,280000.0,540000.0,0.0,10000.0,50000.0,0.086207,40000.0,0.068966,0.0,40000.0,0.068966,0.0,40000.0,0.068966,0.05634,0.05634,710000.0,710000.0,,
0,1997-04-30,CSBR,,,Q4,580000.0,250000.0,320000.0,0.551724,0.0,300000.0,0.0,0.0,310000.00000000006,560000.0,0.0,10000.000000000002,20000.000000000004,0.034483,20000.0,0.034483,0.0,20000.0,0.034483,-220000.0,230000.0,0.396552,0.27711,0.27711,830000.0,830000.0,,
0,1997-01-31,CSBR,,,Q3,540000.0,260000.0,260000.0,0.481481,0.0,250000.0,0.0,0.0,270000.0,530000.0,0.0,10000.000000000002,20000.000000000004,0.037037,10000.0,0.018519,0.0,10000.0,0.018519,0.0,10000.0,0.018519,0.01282,0.01282,780000.0,780000.0,,
0,1996-10-31,CSBR,,,Q2,520000.0,280000.0,240000.0,0.461538,0.0,210000.0,0.0,0.0,219999.99999999997,499999.99999999994,0.0,19999.999999999996,40000.0,0.076923,20000.0,0.038462,0.0,20000.0,0.038462,0.0,20000.0,0.038462,0.02817,0.02817,710000.0,710000.0,,
0,1996-07-31,CSBR,,,Q1,540000.0,260000.0,270000.0,0.5,0.0,240000.0,0.0,0.0,250000.0,510000.0,0.0,10000.0,40000.0,0.074074,30000.0,0.055556,0.0,30000.0,0.055556,0.0,30000.0,0.055556,0.04225,0.04225,710000.0,710000.0,,
0,1996-04-30,CSBR,,,Q4,520000.0,260000.0,250000.0,0.480769,0.0,240000.0,0.0,0.0,250000.0,510000.0,0.0,20000.000000000004,20000.000000000004,0.038462,0.0,0.0,0.0,0.0,0.0,0.0,0.0,0.0,0.0,0.0,830000.0,830000.0,,
0,1996-01-31,CSBR,,,Q3,520000.0,260000.0,250000.0,0.480769,0.0,240000.0,0.0,0.0,250000.0,510000.0,0.0,20000.000000000004,20000.000000000004,0.038462,0.0,0.0,0.0,0.0,0.0,0.0,0.0,0.0,0.01,0.01,650000.0,650000.0,,
0,1995-10-31,CSBR,,,Q2,550000.0,280000.0,250000.0,0.454545,0.0,230000.0,0.0,0.0,250000.0,530000.0,0.0,9999.999999999998,19999.999999999996,0.036364,10000.0,0.018182,0.0,10000.0,0.018182,0.0,10000.0,0.018182,0.01639,0.01639,610000.0,610000.0,,
