,date,symbol,fillingDate,acceptedDate,period,revenue,costOfRevenue,grossProfit,grossProfitRatio,researchAndDevelopmentExpenses,generalAndAdministrativeExpenses,sellingAndMarketingExpenses,otherExpenses,operatingExpenses,costAndExpenses,interestExpense,depreciationAndAmortization,ebitda,ebitdaratio,operatingIncome,operatingIncomeRatio,totalOtherIncomeExpensesNet,incomeBeforeTax,incomeBeforeTaxRatio,incomeTaxExpense,netIncome,netIncomeRatio,eps,epsdiluted,weightedAverageShsOut,weightedAverageShsOutDil,link,finalLink
0,2020-09-30,ICCC,2020-11-12,2020-11-12 16:08:32,Q3,0.0,0.0,1722451.0,0.0,0.0,0.0,459117.0,1514932.0,1974049.0,1974049.0,0.0,596011.0,273123.0,0.0,-322888.0,0.0,0.0,-322888.0,0.0,0.0,-322888.0,0.0,-0.04476522684294294,-0.04476522684294294,7212920.0,7212920.0,https://www.sec.gov/Archives/edgar/data/811641/000121390020036536/0001213900-20-036536-index.htm,https://www.sec.gov/Archives/edgar/data/811641/000121390020036536/f10q0920_immucellcorp.htm
0,2020-06-30,ICCC,2020-08-12,2020-08-12 16:02:33,Q2,2965950.0,1682720.0,1283230.0,0.4326539557308788,1086630.0,887880.0,465524.0,2631533.0,1974500.0,3657220.0,2525.0,573030.0000000002,-190234.9999999998,-0.06414,-691270.0,-0.233069,0.0,-765790.0,-0.258194,0.0,-765790.0,-0.258194,-0.10617,-0.10617,7212920.0,7212920.0,https://www.sec.gov/Archives/edgar/data/811641/000121390020021605/0001213900-20-021605-index.htm,https://www.sec.gov/Archives/edgar/data/811641/000121390020021605/f10q0620_immucellcorp.htm
0,2020-03-31,ICCC,2020-05-13,2020-05-13 16:03:31,Q1,4910390.0,2674290.0,2236100.0,0.4553813444553284,974430.0,1064800.0,582897.0,333776.0,2039220.0000000002,4713510.0,-333780.0,559900.0,89220.0,0.01817,196880.0,0.040095,0.0,-136900.0,-0.02788,-14630.0,-122270.0,-0.0249,-0.01695,-0.01695,7212920.0,7212920.0,https://www.sec.gov/Archives/edgar/data/811641/000121390020011986/0001213900-20-011986-index.htm,https://www.sec.gov/Archives/edgar/data/811641/000121390020007650/f10k2019_immucellcorp.htm
0,2019-12-31,ICCC,2020-03-27,2020-03-27 15:22:51,Q4,3631900.0,1793800.0,1838100.0,0.5060987361986838,972460.0,1108100.0,689578.0,314000.0,2080559.9999999998,3874359.9999999995,-71610.0,562040.0000000002,176360.0000000002,0.048559,-242460.0,-0.066758,0.0,-314070.0,-0.086475,-3620.0,-310450.0,-0.085479,-0.04303,-0.04303,7214730.0,7214730.0,https://www.sec.gov/Archives/edgar/data/811641/000121390020007650/0001213900-20-007650-index.htm,https://www.sec.gov/Archives/edgar/data/811641/000121390020007650/f10k2019_immucellcorp.htm
0,2019-09-30,ICCC,2019-11-12,2019-11-12 08:01:40,Q3,2970500.0,1519150.0,1451350.0,0.4885877798350446,984730.0,896430.0,497654.0,65280.0,1881160.0000000002,3400310.0,-65280.0,567499.9999999999,7119.9999999999,0.002397,-429810.0,-0.144693,0.0,-495100.0,-0.166672,7440.0,-502540.0,-0.169177,-0.0697,-0.0697,7209600.0,7209600.0,https://www.sec.gov/Archives/edgar/data/811641/000121390019022739/0001213900-19-022739-index.htm,https://www.sec.gov/Archives/edgar/data/811641/000121390019022739/f10q0919_immucellcorporation.htm
0,2019-06-30,ICCC,2019-08-12,2019-08-12 16:06:38,Q2,2709920.0,1461110.0,1248810.0,0.4608291019661097,820050.0,975690.0,523776.0,64891.0,1795740.0,3256850.0,-64890.0,569290.0000000001,-107429.9999999999,-0.039643,-546930.0,-0.201825,0.0,-611820.0,-0.225771,15330.0,-627160.0,-0.231431,-0.08699,-0.08699,7209600.0,7209600.0,https://www.sec.gov/Archives/edgar/data/811641/000121390019015331/0001213900-19-015331-index.htm,https://www.sec.gov/Archives/edgar/data/811641/000121390019015331/f10q0619_immucellcorporation.htm
0,2019-03-31,ICCC,2019-05-13,2019-05-13 16:07:10,Q1,4410560.0,2209090.0,2201470.0,0.4991361641152144,910370.0,1025800.0,607104.0,111726.0,1936170.0000000002,4145260.0,-111720.0,568590.0,610450.0,0.138406,265300.0,0.060151,0.0,153580.0,0.034821,9020.0,144560.0,0.032776,0.02551,0.02551,5666550.0,5666550.0,https://www.sec.gov/Archives/edgar/data/811641/000121390019008423/0001213900-19-008423-index.htm,https://www.sec.gov/Archives/edgar/data/811641/000121390019004653/f10k2018_immucellcorp.htm
0,2018-12-31,ICCC,2019-03-22,2019-03-22 09:04:15,Q4,2936820.0,1540530.0,1396290.0,0.4754428259137434,1263000.0,1059160.0,390990.0,413.0,2322150.0,3862680.0,-111820.0,567959.9999999999,-581540.0000000001,-0.198017,-925860.0,-0.315259,0.0,-1037680.0,-0.353335,14550.0,-1052230.0,-0.358289,-0.19127,-0.19127,5501330.0,5501330.0,https://www.sec.gov/Archives/edgar/data/811641/000121390019004653/0001213900-19-004653-index.htm,https://www.sec.gov/Archives/edgar/data/811641/000121390019004653/f10k2018_immucellcorp.htm
0,2018-09-30,ICCC,2018-11-13,2018-11-13 16:04:07,Q3,2153750.0,1202780.0,950970.0,0.44154149738827625,908790.0,891310.0,494703.0,-1909420.0,1100110.0,2302890.0,-106410.0,382750.0,20780.0,0.009648,-149140.0,-0.069247,0.0,-255550.0,-0.118654,-5600.0,-249960.0,-0.116058,-0.04558,-0.04558,5483880.0,5483880.0,https://www.sec.gov/Archives/edgar/data/811641/000121390018015491/0001213900-18-015491-index.htm,https://www.sec.gov/Archives/edgar/data/811641/000121390018015491/f10q0918_immucellcorp.htm
0,2018-06-30,ICCC,2018-08-13,2018-08-13 16:07:58,Q2,3010000.0,1530000.0,1480000.0,0.49169435215946844,760000.0,920000.0,475225.0,1205093.0,1680000.0,3210000.0,-100000.0,290000.00000000006,-109999.99999999996,-0.036545,-190000.0,-0.063123,0.0,-300000.0,-0.099668,500000.0,-800000.0,-0.265781,-0.14599,-0.14599,5480000.0,5480000.0,https://www.sec.gov/Archives/edgar/data/811641/000121390018010819/0001213900-18-010819-index.htm,https://www.sec.gov/Archives/edgar/data/811641/000121390018010819/f10q0618_immucellcorp.htm
0,2018-03-31,ICCC,2018-05-14,2018-05-14 16:05:00,Q1,2880000.0,1520000.0,1360000.0,0.4722222222222222,580000.0,950000.0,531905.0,1005991.0,1540000.0,3060000.0,-90000.0,280000.0,-80000.0,-0.027778,-180000.0,-0.0625,0.0,-270000.0,-0.09375,-50000.0,-220000.0,-0.076389,-0.04015,-0.04015,5480000.0,5480000.0,https://www.sec.gov/Archives/edgar/data/811641/000121390018006104/0001213900-18-006104-index.htm,https://www.sec.gov/Archives/edgar/data/811641/000121390018003621/f10k2017_immucellcorp.htm
0,2017-12-31,ICCC,2018-03-29,2018-03-29 10:53:13,Q4,3130000.0,1920000.0,1210000.0,0.3865814696485623,730000.0,890000.0,469664.0,196.0,1630000.0,3550000.0,-80000.0,270000.0,-230000.0,-0.073482,-410000.0,-0.13099,0.0,-490000.0,-0.15655,-230000.0,-190000.0,-0.060703,-0.03718,-0.03718,5110000.0,5110000.0,https://www.sec.gov/Archives/edgar/data/811641/000121390018003621/0001213900-18-003621-index.htm,https://www.sec.gov/Archives/edgar/data/811641/000121390018003621/f10k2017_immucellcorp.htm
0,2017-09-30,ICCC,2017-11-13,2017-11-13 16:32:44,Q3,2000000.0,1070000.0,930000.0,0.465,590000.0,830000.0,446732.0,971528.0,1420000.0000000002,2490000.0,-50000.0,210000.00000000003,-370000.0,-0.185,-480000.0,-0.24,0.0,-530000.0,-0.265,-190000.0,-340000.0,-0.17,-0.06814,-0.06814,4990000.0,4990000.0,https://www.sec.gov/Archives/edgar/data/811641/000121390017011859/0001213900-17-011859-index.htm,https://www.sec.gov/Archives/edgar/data/811641/000121390017011859/f10q0917_immucellcorp.htm
0,2017-06-30,ICCC,2017-08-14,2017-08-14 16:19:18,Q2,1750000.0,830000.0,920000.0,0.5257142857142857,390000.0,800000.0,400446.0,786212.0,1179999.9999999998,2009999.9999999998,-40000.0,220000.0,-120000.0,-0.068571,-270000.0,-0.154286,0.0,-300000.0,-0.171429,-80000.0,-220000.0,-0.125714,-0.04536,-0.04536,4850000.0,4850000.0,https://www.sec.gov/Archives/edgar/data/811641/000121390017008652/0001213900-17-008652-index.htm,https://www.sec.gov/Archives/edgar/data/811641/000121390017008652/f10q0617_immucellcorp.htm
0,2017-03-31,ICCC,2017-05-11,2017-05-11 16:06:26,Q1,3540000.0,1390000.0,2150000.0,0.6073446327683616,340000.0,890000.0,514475.0,719249.0,1240000.0,2630000.0,-30000.0,210000.0,1060000.0,0.299435,920000.0,0.259887,0.0,890000.0,0.251412,300000.0,580000.0,0.163842,0.11741,0.11741,4940000.0,4940000.0,https://www.sec.gov/Archives/edgar/data/811641/000121390017004937/0001213900-17-004937-index.htm,https://www.sec.gov/Archives/edgar/data/811641/000121390017003009/f10k2016_immucellcorp.htm
0,2016-12-31,ICCC,2017-03-30,2017-03-30 15:43:44,Q4,2210000.0,1000000.0,1210000.0,0.5475113122171946,250000.0,850000.0,241881.0,0.0,1090000.0,2090000.0,-30000.0,210000.0000000001,250000.0000000001,0.113122,120000.0,0.054299,-20000.0,70000.0,0.031674,40000.0,30000.0,0.013575,0.00624,0.00624,4810000.0,4810000.0,https://www.sec.gov/Archives/edgar/data/811641/000121390017003009/0001213900-17-003009-index.htm,https://www.sec.gov/Archives/edgar/data/811641/000121390017003009/f10k2016_immucellcorp.htm
0,2016-09-30,ICCC,2016-11-10,2016-11-10 16:28:33,Q3,1970000.0,760000.0,1210000.0,0.6142131979695431,310000.0,850000.0,483709.0,2066136.0,1160000.0,1920000.0,-20000.0,199999.99999999997,199999.99999999997,0.101523,50000.0,0.025381,0.0,20000.0,0.010152,-10000.0,30000.0,0.015228,0.00698,0.00698,4300000.0,4300000.0,https://www.sec.gov/Archives/edgar/data/811641/000121390016018201/0001213900-16-018201-index.htm,https://www.sec.gov/Archives/edgar/data/811641/000121390016018201/f10q0916_immucellcorp.htm
0,2016-06-30,ICCC,2016-08-11,2016-08-11 16:06:33,Q2,2380000.0,1140000.0,1240000.0,0.5210084033613446,380000.0,840000.0,462310.0,756087.0,1210000.0000000002,2350000.0,-30000.0,220000.0,180000.0,0.07563,20000.0,0.008403,0.0,-10000.0,-0.004202,-679.0,-10000.0,-0.004202,-0.00239,-0.00239,4180000.0,4180000.0,https://www.sec.gov/Archives/edgar/data/811641/000121390016015764/0001213900-16-015764-index.htm,https://www.sec.gov/Archives/edgar/data/811641/000121390016015764/f10q0616_immucellcorp.htm
0,2016-03-31,ICCC,2016-05-11,2016-05-11 16:06:43,Q1,2990000.0,1230000.0,1760000.0,0.5886287625418061,300000.0,760000.0,418998.0,639598.0,1060000.0,2290000.0,-20000.0,170000.0,820000.0,0.274247,700000.0,0.234114,0.0,680000.0,0.227425,220000.0,450000.0,0.150502,0.11421,0.11421,3940000.0,3940000.0,https://www.sec.gov/Archives/edgar/data/811641/000121390016013173/0001213900-16-013173-index.htm,https://www.sec.gov/Archives/edgar/data/811641/000121390016011870/f10k2015_immucellcorp.htm
0,2015-12-31,ICCC,2016-03-25,2016-03-25 09:15:08,Q4,2690000.0,1040000.0,1650000.0,0.6133828996282528,330000.0,860000.0,230194.0,2521682.0,1190000.0,2230000.0,-30000.0,150000.00000000003,550000.0,0.204461,460000.0,0.171004,0.0,430000.0,0.159851,140000.0,290000.0,0.107807,0.09477,0.09477,3060000.0,3060000.0,https://www.sec.gov/Archives/edgar/data/811641/000121390016011870/0001213900-16-011870-index.htm,https://www.sec.gov/Archives/edgar/data/811641/000121390016011870/f10k2015_immucellcorp.htm
0,2015-09-30,ICCC,2015-11-12,2015-11-12 16:08:30,Q3,2470000.0,860000.0,1610000.0,0.6518218623481782,300000.0,680000.0,381740.0,603312.0,990000.0000000001,1850000.0,-10000.0,140000.0,740000.0,0.299595,630000.0,0.255061,0.0,610000.0,0.246964,260000.0,350000.0,0.1417,0.10972,0.10972,3190000.0,3190000.0,https://www.sec.gov/Archives/edgar/data/811641/000121390015008486/0001213900-15-008486-index.htm,https://www.sec.gov/Archives/edgar/data/811641/000121390015008486/f10q0915_immucellcorp.htm
0,2015-06-30,ICCC,2015-08-13,2015-08-13 16:05:59,Q2,1960000.0,830000.0,1130000.0,0.576530612244898,270000.0,640000.0,316285.0,600305.0,920000.0,1750000.0,-10000.0,120000.0,310000.0,0.158163,210000.0,0.107143,0.0,210000.0,0.107143,110000.0,90000.0,0.045918,0.02848,0.02848,3160000.0,3160000.0,https://www.sec.gov/Archives/edgar/data/811641/000121390015006046/0001213900-15-006046-index.htm,https://www.sec.gov/Archives/edgar/data/811641/000121390015006046/f10q0615_immucellcorp.htm
0,2015-03-31,ICCC,2015-05-12,2015-05-12 16:06:32,Q1,3100000.0,1250000.0,1850000.0,0.5967741935483871,330000.0,700000.0,388903.0,641970.0,1029999.9999999998,2280000.0,-10000.0,120000.0,930000.0,0.3,820000.0,0.264516,0.0,810000.0,0.26129,340000.0,480000.0,0.154839,0.15287,0.15287,3140000.0,3140000.0,https://www.sec.gov/Archives/edgar/data/811641/000121390015003520/0001213900-15-003520-index.htm,https://www.sec.gov/Archives/edgar/data/811641/000121390015002097/f10k2014_immucellcorp.htm
0,2014-12-31,ICCC,2015-03-26,2015-03-26 09:58:33,Q4,2210000.0,860000.0,1350000.0,0.6108597285067874,460000.0,680000.0,65178.0,3338313.0,1150000.0,2010000.0,-10000.0,120000.0,300000.0,0.135747,200000.0,0.090498,0.0,190000.0,0.085973,60000.0,130000.0,0.058824,0.0429,0.0429,3030000.0,3030000.0,https://www.sec.gov/Archives/edgar/data/811641/000121390015002097/0001213900-15-002097-index.htm,https://www.sec.gov/Archives/edgar/data/811641/000121390015002097/f10k2014_immucellcorp.htm
0,2014-09-30,ICCC,2014-11-12,2014-11-12 16:09:01,Q3,1770000.0,690000.0,1080000.0,0.6101694915254238,360000.0,680000.0,373595.0,2589980.0,1040000.0,1730000.0,-10000.0,100000.0,120000.0,0.067797,40000.0,0.022599,0.0,30000.0,0.016949,20000.0,10000.0,0.00565,0.00322,0.00322,3110000.0,3110000.0,https://www.sec.gov/Archives/edgar/data/811641/000121390014007982/0001213900-14-007982-index.htm,https://www.sec.gov/Archives/edgar/data/811641/000121390014007982/f10q0914_immucell.htm
0,2014-06-30,ICCC,2014-08-13,2014-08-13 08:44:28,Q2,1540000.0,660000.0,880000.0,0.5714285714285714,760000.0,580000.0,262688.0,1926531.0,1340000.0,2000000.0,-10000.0,120000.00000000001,-360000.0,-0.233766,-460000.0,-0.298701,-10000.0,-470000.0,-0.305195,-180000.0,-290000.0,-0.188312,-0.09571,-0.09571,3030000.0,3030000.0,https://www.sec.gov/Archives/edgar/data/811641/000121390014005701/0001213900-14-005701-index.htm,https://www.sec.gov/Archives/edgar/data/811641/000121390014005701/f10q0614_immucellcorp.htm
0,2014-03-31,ICCC,2014-05-14,2014-05-14 10:36:26,Q1,2080000.0,930000.0,1150000.0,0.5528846153846154,590000.0,540000.0,285305.0,852029.0,1139999.9999999998,2069999.9999999998,0.0,110000.0,110000.0,0.052885,10000.0,0.004808,-10000.0,1154.0,-0.10116595073200667,10000.0,-10000.0,-0.004808,-0.0033,-0.0033,3030000.0,3030000.0,https://www.sec.gov/Archives/edgar/data/811641/000114420414030195/0001144204-14-030195-index.htm,https://www.sec.gov/Archives/edgar/data/811641/000114420414017813/v371964_10k.htm
0,2013-12-31,ICCC,2014-03-26,2014-03-26 12:33:10,Q4,1560000.0,950000.0,610000.0,0.391025641025641,330000.0,490000.0,261258.0,556361.0,820000.0000000001,1770000.0,-10000.0,120000.0,-140000.0,-0.089744,-210000.0,-0.134615,-30000.0,-250000.0,-0.160256,-100000.0,-150000.0,-0.096154,-0.04967,-0.04967,3020000.0,3020000.0,https://www.sec.gov/Archives/edgar/data/811641/000114420414017813/0001144204-14-017813-index.htm,https://www.sec.gov/Archives/edgar/data/811641/000114420414017813/v371964_10k.htm
0,2013-09-30,ICCC,2013-11-13,2013-11-13 13:47:44,Q3,1230000.0,620000.0,610000.0,0.4959349593495935,290000.0,480000.0,258237.0,517447.0,769999.9999999999,1390000.0,-10000.0,89999.99999999997,159999.99999999997,0.130081,-160000.0,-0.130081,250000.0,80000.0,0.065041,20000.0,60000.0,0.04878,0.01942,0.01942,3090000.0,3090000.0,https://www.sec.gov/Archives/edgar/data/811641/000114420413060883/0001144204-13-060883-index.htm,https://www.sec.gov/Archives/edgar/data/811641/000114420413060883/v359979_10q.htm
0,2013-06-30,ICCC,2013-08-13,2013-08-13 13:52:19,Q2,1370000.0,580000.0,790000.0,0.5766423357664233,270000.0,490000.0,245863.0,1019584.0,760000.0000000001,1340000.0,-10000.0,100000.0,100000.0,0.072993,20000.0,0.014599,0.0,10000.0,0.007299,170405.0,10000.0,0.007299,0.00325,0.00325,3080000.0,3080000.0,https://www.sec.gov/Archives/edgar/data/811641/000114420413045052/0001144204-13-045052-index.htm,https://www.sec.gov/Archives/edgar/data/811641/000114420413045052/v352348_10q.htm
0,2013-03-31,ICCC,2013-05-14,2013-05-14 10:50:20,Q1,1850000.0,790000.0,1060000.0,0.572972972972973,270000.0,460000.0,221408.0,505493.0,730000.0,1520000.0,-10000.0,100000.0,460000.0,0.248649,330000.0,0.178378,60000.0,370000.0,0.2,170000.0,200000.0,0.108108,0.06494,0.06494,3080000.0,3080000.0,https://www.sec.gov/Archives/edgar/data/811641/000114420413028498/0001144204-13-028498-index.htm,https://www.sec.gov/Archives/edgar/data/811641/000114420413018264/v336848_10k.htm
0,2012-12-31,ICCC,2013-03-28,2013-03-28 15:44:34,Q4,1420000.0,670000.0,750000.0,0.528169014084507,230000.0,500000.0,183097.0,53.0,739999.9999999999,1410000.0,-10000.0,100000.00000000003,80000.00000000003,0.056338,10000.0,0.007042,-10000.0,-10000.0,-0.007042,10000.0,-20000.0,-0.014085,-0.00662,-0.00662,3020000.0,3020000.0,https://www.sec.gov/Archives/edgar/data/811641/000114420413018264/0001144204-13-018264-index.htm,https://www.sec.gov/Archives/edgar/data/811641/000114420413018264/v336848_10k.htm
0,2012-09-30,ICCC,2012-11-13,2012-11-13 08:43:54,Q3,1080000.0,460000.0,620000.0,0.5740740740740741,220000.0,480000.0,252562.0,454523.0,700000.0,1160000.0,-10000.0,90000.0,-10000.0,-0.009259,-90000.0,-0.083333,10000.0,-90000.0,-0.083333,-30000.0,-60000.0,-0.055556,-0.01987,-0.01987,3020000.0,3020000.0,https://www.sec.gov/Archives/edgar/data/811641/000114420412061178/0001144204-12-061178-index.htm,https://www.sec.gov/Archives/edgar/data/811641/000114420412061178/v324676_10q.htm
0,2012-06-30,ICCC,2012-08-13,2012-08-13 09:16:11,Q2,1180000.0,500000.0,680000.0,0.576271186440678,210000.0,420000.0,193001.0,930246.0,639999.9999999999,1140000.0,-20000.0,109999.99999999999,119999.99999999999,0.101695,40000.0,0.033898,0.0,30000.0,0.025424,10000.0,20000.0,0.016949,0.00643,0.00643,3110000.0,3110000.0,https://www.sec.gov/Archives/edgar/data/811641/000114420412044641/0001144204-12-044641-index.htm,https://www.sec.gov/Archives/edgar/data/811641/000114420412044641/v320685_10q.htm
0,2012-03-31,ICCC,2012-05-14,2012-05-14 11:09:36,Q1,1720000.0,700000.0,1020000.0,0.5930232558139535,250000.0,480000.0,241209.0,490126.0,740000.0,1440000.0,-20000.0,100000.0,350000.0,0.203488,280000.0,0.162791,0.0,270000.0,0.156977,120000.0,150000.0,0.087209,0.04839,0.04839,3100000.0,3100000.0,https://www.sec.gov/Archives/edgar/data/811641/000114420412028352/0001144204-12-028352-index.htm,https://www.sec.gov/Archives/edgar/data/811641/000114420412017287/v303130_10k.htm
0,2011-12-31,ICCC,2012-03-27,2012-03-27 10:02:33,Q4,1310000.0,580000.0,730000.0,0.5572519083969466,270000.0,450000.0,16904.0,-2096981000,720000.0000000001,1300000.0,-10000.0,109999.99999999997,99999.99999999997,0.076336,10000.0,0.007634,10000.0,698381000,12.272537166555372,0.0,408283000,7.17469159666819,0.0,0.0,3000000.0,3000000.0,https://www.sec.gov/Archives/edgar/data/811641/000114420412017287/0001144204-12-017287-index.htm,https://www.sec.gov/Archives/edgar/data/811641/000114420412017287/v303130_10k.htm
0,2011-09-30,ICCC,2011-11-14,2011-11-14 13:23:30,Q3,1000000.0,480000.0,520000.0,0.52,300000.0,410000.0,197855.0,2096917.0,720000.0,1200000.0,-20000.0,100000.0,-130000.0,-0.13,-190000.0,-0.19,0.0,-210000.0,-0.21,-80000.0,-130000.0,-0.13,-0.04362,-0.04362,2980000.0,2980000.0,https://www.sec.gov/Archives/edgar/data/811641/000114420411063956/0001144204-11-063956-index.htm,https://www.sec.gov/Archives/edgar/data/811641/000114420411063956/v238396_10q.htm
0,2011-06-30,ICCC,2011-08-15,2011-08-15 11:29:31,Q2,1250000.0,550000.0,700000.0,0.56,670000.0,450000.0,436130.0,-38430.0,1130000.0,1680000.0,-20000.0,99999.99999999999,-380000.0,-0.304,-430000.0,-0.344,-10000.0,-460000.0,-0.368,-200000.0,-260000.0,-0.208,-0.08754,-0.08754,2970000.0,2970000.0,https://www.sec.gov/Archives/edgar/data/811641/000114420411046680/0001144204-11-046680-index.htm,https://www.sec.gov/Archives/edgar/data/811641/000114420411046680/v231378_10q.htm
0,2011-03-31,ICCC,2011-05-16,2011-05-16 11:39:41,Q1,1560000.0,690000.0,870000.0,0.5576923076923077,470000.0,410000.0,204072000,681021000,880000.0000000001,1570000.0,-20000.0,110000.0,60000.0,0.038462,-20000.0,-0.012821,0.0,-30000.0,-0.019231,-10000.0,-20000.0,-0.012821,-0.00673,-0.00673,2970000.0,2970000.0,https://www.sec.gov/Archives/edgar/data/811641/000119312511140814/0001193125-11-140814-index.htm,https://www.sec.gov/Archives/edgar/data/811641/000119312511079611/d10k.htm
0,2010-12-31,ICCC,2011-03-28,2011-03-28 15:15:53,Q4,1120000.0,540000.0,580000.0,0.5178571428571429,440000.0,370000.0,1500000.0,7000.0,800000.0,1340000.0,0.0,109999.99999999999,-120000.00000000001,-0.107143,-220000.0,-0.196429,-10000.0,-230000.0,-0.205357,-100000.0,-130000.0,-0.116071,-0.04377,-0.04377,2970000.0,2970000.0,https://www.sec.gov/Archives/edgar/data/811641/000119312511079611/0001193125-11-079611-index.htm,https://www.sec.gov/Archives/edgar/data/811641/000119312511079611/d10k.htm
0,2010-09-30,ICCC,2010-11-08,2010-11-08 11:44:16,Q3,870000.0,520000.0,350000.0,0.40229885057471265,310000.0,390000.0,197290000,0.0,700000.0,1220000.0,8115000.0,100000.0,7865000.0,9.04023,-350000.0,-0.402299,21104.0,-350000.0,-0.402299,-150000.0,-200000.0,-0.229885,-0.06734,-0.06734,2970000.0,2970000.0,https://www.sec.gov/Archives/edgar/data/811641/000119312510251542/0001193125-10-251542-index.htm,https://www.sec.gov/Archives/edgar/data/811641/000119312510251542/d10q.htm
0,2010-06-30,ICCC,2010-08-16,2010-08-16 12:58:46,Q2,1080000.0,460000.0,620000.0,0.5740740740740741,330000.0,330000.0,108357000,0.0,669999.9999999999,1130000.0,10000.0,99999.99999999999,69999.99999999999,0.064815,-50000.0,-0.046296,1648.0,-40000.0,-0.037037,-30000.0,-10000.0,-0.009259,-0.00337,-0.00337,2970000.0,2970000.0,https://www.sec.gov/Archives/edgar/data/811641/000119312510189868/0001193125-10-189868-index.htm,https://www.sec.gov/Archives/edgar/data/811641/000119312510189868/d10q.htm
0,2010-03-31,ICCC,2010-05-06,2010-05-06 10:24:27,Q1,1310000.0,570000.0,740000.0,0.5648854961832062,410000.0,410000.0,169169000,0.0,820000.0,1390000.0,0.0,110000.0,50000.0,0.038168,-70000.0,-0.053435,10000.0,-60000.0,-0.045802,-10000.0,-50000.0,-0.038168,-0.01684,-0.01684,2970000.0,2970000.0,https://www.sec.gov/Archives/edgar/data/811641/000119312510110087/0001193125-10-110087-index.htm,https://www.sec.gov/Archives/edgar/data/811641/000119312510069708/d10k.htm
0,2009-12-31,ICCC,2010-03-29,2010-03-29 13:00:40,Q4,1030000.0,440000.0,590000.0,0.5728155339805825,400000.0,300000.0,90903000,363000.0,690000.0,1130000.0,10000.0,119999.99999999999,49999.99999999998,0.048544,-100000.0,-0.097087,363000.0,-90000.0,-0.087379,-70000.0,-10000.0,-0.009709,-0.00337,-0.00337,2970000.0,2970000.0,https://www.sec.gov/Archives/edgar/data/811641/000119312510069708/0001193125-10-069708-index.htm,https://www.sec.gov/Archives/edgar/data/811641/000119312510069708/d10k.htm
0,2009-09-30,ICCC,2009-11-04,2009-11-04 12:18:21,Q3,1010000.0,410000.0,600000.0,0.594059405940594,330000.0,310000.0,107966000,375000.0,640000.0000000001,1050000.0,20000.0,90000.00000000001,90000.00000000001,0.089109,-40000.0,-0.039604,375.0,-20000.0,-0.019802,0.0,-20000.0,-0.019802,-0.00673,-0.00673,2970000.0,2970000.0,https://www.sec.gov/Archives/edgar/data/811641/000119312509223374/0001193125-09-223374-index.htm,https://www.sec.gov/Archives/edgar/data/811641/000119312509223374/d10q.htm
0,2009-06-30,ICCC,2009-08-04,2009-08-04 10:43:24,Q2,1000000.0,510000.0,490000.0,0.49,490000.0,320000.0,83776000,903000.0,810000.0,1320000.0,30000.0,110000.0,-150000.0,-0.15,-320000.0,-0.32,903.0,-280000.0,-0.28,-140000.0,-150000.0,-0.15,-0.05051,-0.05051,2970000.0,2970000.0,https://www.sec.gov/Archives/edgar/data/811641/000119312509163273/0001193125-09-163273-index.htm,https://www.sec.gov/Archives/edgar/data/811641/000119312509163273/d10q.htm
0,2009-03-31,ICCC,2009-05-05,2009-05-05 16:35:06,Q1,1460000.0,740000.0,720000.0,0.4931506849315068,430000.0,360000.0,128099000,593000.0,790000.0,1530000.0,40000.0,99999.99999999999,99999.99999999999,0.068493,-70000.0,-0.047945,593.0,-40000.0,-0.027397,-1835.0,-40000.0,-0.027397,-0.0137,-0.0137,2920000.0,2920000.0,https://www.sec.gov/Archives/edgar/data/811641/000119312509100006/0001193125-09-100006-index.htm,https://www.sec.gov/Archives/edgar/data/811641/000119312509065667/d10k.htm
0,2008-12-31,ICCC,2009-03-27,2009-03-27 13:43:11,Q4,1250000.0,680000.0,570000.0,0.456,510000.0,360000.0,146301000,975000.0,860000.0,1540000.0,40000.0,99999.99999999999,-110000.00000000001,-0.088,-290000.0,-0.232,975000.0,-250000.0,-0.2,-210000.0,-40000.0,-0.032,-0.01384,-0.01384,2890000.0,2890000.0,https://www.sec.gov/Archives/edgar/data/811641/000119312509065667/0001193125-09-065667-index.htm,https://www.sec.gov/Archives/edgar/data/811641/000119312509065667/d10k.htm
0,2008-09-30,ICCC,2008-11-04,2008-11-04 12:12:15,Q3,920000.0,620000.0,300000.0,0.32608695652173914,490000.0,370000.0,144800000,700000.0,850000.0,1470000.0,50000.0,100000.00000000001,-350000.0,-0.380435,-550000.0,-0.597826,700.0,-500000.0,-0.543478,-230000.0,-270000.0,-0.293478,-0.09343,-0.09343,2890000.0,2890000.0,https://www.sec.gov/Archives/edgar/data/811641/000119312508223992/0001193125-08-223992-index.htm,https://www.sec.gov/Archives/edgar/data/811641/000119312508223992/d10q.htm
0,2008-06-30,ICCC,2008-08-04,2008-08-04 11:11:32,Q2,830000.0,450000.0,380000.0,0.4578313253012048,420000.0,350000.0,106894000,898000.0,770000.0,1220000.0,60000.0,99999.99999999999,-180000.0,-0.216867,-400000.0,-0.481928,898.0,-340000.0,-0.409639,-100000.0,-240000.0,-0.289157,-0.08304,-0.08304,2890000.0,2890000.0,https://www.sec.gov/Archives/edgar/data/811641/000119312508164574/0001193125-08-164574-index.htm,https://www.sec.gov/Archives/edgar/data/811641/000119312508164574/d10q.htm
0,2008-03-31,ICCC,2008-05-07,2008-05-07 09:59:10,Q1,1640000.0,810000.0,830000.0,0.5060975609756098,330000.0,420000.0,171719000,-108000.0,760000.0,1570000.0,60000.0,99999.99999999999,290000.0,0.176829,70000.0,0.042683,-108.0,130000.0,0.079268,50000.0,80000.0,0.04878,0.02694,0.02694,2970000.0,2970000.0,https://www.sec.gov/Archives/edgar/data/811641/000119312508105206/0001193125-08-105206-index.htm,https://www.sec.gov/Archives/edgar/data/811641/000119312508065930/d10ksb.htm
0,2007-12-31,ICCC,2008-03-26,2008-03-26 17:10:09,Q4,1500000.0,650000.0,850000.0,0.5666666666666667,430000.0,370000.0,138192000,-4830000.0,799999.9999999999,1450000.0,60000.0,100000.0,270000.0,0.18,60000.0,0.04,-10000.0,110000.0,0.073333,40000.0,70000.0,0.046667,0.02341,0.02341,2990000.0,2990000.0,https://www.sec.gov/Archives/edgar/data/811641/000119312508065930/0001193125-08-065930-index.htm,https://www.sec.gov/Archives/edgar/data/811641/000119312508065930/d10ksb.htm
0,2007-09-30,ICCC,2007-11-07,2007-11-07 12:13:57,Q3,1930000.0,480000.0,1450000.0,0.7512953367875648,590000.0,330000.0,113219000,0.0,909999.9999999999,1390000.0,70000.0,429999.99999999994,1110000.0,0.57513,540000.0,0.279793,281.0,610000.0,0.316062,250000.0,360000.0,0.186528,0.1196,0.1196,3010000.0,3010000.0,https://www.sec.gov/Archives/edgar/data/811641/000119312507238063/0001193125-07-238063-index.htm,https://www.sec.gov/Archives/edgar/data/811641/000119312507238063/d10qsb.htm
0,2007-06-30,ICCC,2007-08-10,2007-08-10 12:02:05,Q2,960000.0,510000.0,450000.0,0.46875,290000.0,310000.0,95831000,0.0,600000.0000000001,1110000.0,70000.0,130000.0,120000.0,0.125,-150000.0,-0.15625,800.0,-80000.0,-0.083333,-20000.0,-60000.0,-0.0625,-0.02069,-0.02069,2900000.0,2900000.0,https://www.sec.gov/Archives/edgar/data/811641/000119312507178613/0001193125-07-178613-index.htm,https://www.sec.gov/Archives/edgar/data/811641/000119312507178613/d10qsb.htm
0,2007-03-31,ICCC,2007-05-14,2007-05-14 14:53:57,Q1,1680000.0,630000.0,1050000.0,0.625,270000.0,350000.0,158332000,0.0,620000.0,1250000.0,80000.0,130000.0,720000.0,0.428571,430000.0,0.255952,432.0,510000.0,0.303571,210000.0,300000.0,0.178571,0.09804,0.09804,3060000.0,3060000.0,https://www.sec.gov/Archives/edgar/data/811641/000119312507113369/0001193125-07-113369-index.htm,https://www.sec.gov/Archives/edgar/data/811641/000119312507067375/d10ksb.htm
0,2006-12-31,ICCC,2007-03-28,2007-03-28 16:57:27,Q4,1220000.0,520000.0,700000.0,0.5737704918032787,260000.0,310000.0,123752000,-4564000.0,580000.0000000001,1100000.0,70000.0,120000.0,400000.0,0.327869,130000.0,0.106557,-5489.0,200000.0,0.163934,50000.0,160000.0,0.131148,0.05229,0.05229,3060000.0,3060000.0,https://www.sec.gov/Archives/edgar/data/811641/000119312507067375/0001193125-07-067375-index.htm,https://www.sec.gov/Archives/edgar/data/811641/000119312507067375/d10ksb.htm
0,2006-09-30,ICCC,2006-11-13,2006-11-13 13:13:24,Q3,1190000.0,470000.0,720000.0,0.6050420168067226,240000.0,270000.0,100894000,0.0,510000.0,980000.0,70000.0,130000.0,490000.0,0.411765,220000.0,0.184874,299.0,290000.0,0.243697,120000.0,170000.0,0.142857,0.05574,0.05574,3050000.0,3050000.0,https://www.sec.gov/Archives/edgar/data/811641/000119312506232438/0001193125-06-232438-index.htm,https://www.sec.gov/Archives/edgar/data/811641/000119312506232438/d10qsb.htm
0,2006-06-30,ICCC,2006-08-07,2006-08-07 09:19:10,Q2,840000.0,390000.0,450000.0,0.5357142857142857,230000.0,260000.0,90130000,0.0,480000.0,870000.0,60000.0,120000.0,220000.0,0.261905,-30000.0,-0.035714,292.0,30000.0,0.035714,20000.0,20000.0,0.02381,0.00651,0.00651,3070000.0,3070000.0,https://www.sec.gov/Archives/edgar/data/811641/000119312506163198/0001193125-06-163198-index.htm,https://www.sec.gov/Archives/edgar/data/811641/000119312506163198/d10qsb.htm
0,2006-03-31,ICCC,2006-05-12,2006-05-12 11:59:18,Q1,1540000.0,510000.0,1030000.0,0.6688311688311688,240000.0,340000.0,155811000,0.0,580000.0000000001,1090000.0,50000.0,140000.0,700000.0,0.454545,460000.0,0.298701,334.0,510000.0,0.331169,200000.0,310000.0,0.201299,0.10131,0.10131,3060000.0,3060000.0,https://www.sec.gov/Archives/edgar/data/811641/000119312506110349/0001193125-06-110349-index.htm,https://www.sec.gov/Archives/edgar/data/811641/000119312506061748/d10k.htm
0,2005-12-31,ICCC,2006-03-23,2006-03-23 14:33:00,Q4,1370000.0,460000.0,910000.0,0.6642335766423357,350000.0,290000.0,109911000,0.0,630000.0000000001,1090000.0,40000.0,140000.0,500000.0,0.364964,280000.0,0.20438,-975.0,320000.0,0.233577,60000.0,260000.0,0.189781,0.08667,0.08667,3000000.0,3000000.0,https://www.sec.gov/Archives/edgar/data/811641/000119312506061748/0001193125-06-061748-index.htm,https://www.sec.gov/Archives/edgar/data/811641/000119312506061748/d10k.htm
0,2005-09-30,ICCC,2005-11-09,2005-11-09 09:11:07,Q3,1040000.0,270000.0,770000.0,0.7403846153846154,360000.0,270000.0,87968000,0.0,620000.0,890000.0,40000.0,180000.00000000003,410000.0,0.394231,140000.0,0.134615,10000.0,190000.0,0.182692,80000.0,110000.0,0.105769,0.03642,0.03642,3020000.0,3020000.0,https://www.sec.gov/Archives/edgar/data/811641/000119312505220796/0001193125-05-220796-index.htm,https://www.sec.gov/Archives/edgar/data/811641/000119312505220796/d10q.htm
0,2005-06-30,ICCC,2005-07-29,2005-07-29 10:02:42,Q2,980000.0,350000.0,630000.0,0.6428571428571429,250000.0,280000.0,89517000,-441000.0,530000.0,880000.0,30000.0,160000.0,330000.0,0.336735,100000.0,0.102041,710.0,140000.0,0.142857,60000.0,80000.0,0.081633,0.02703,0.02703,2960000.0,2960000.0,https://www.sec.gov/Archives/edgar/data/811641/000119312505152167/0001193125-05-152167-index.htm,https://www.sec.gov/Archives/edgar/data/811641/000119312505152167/d10q.htm
0,2005-03-31,ICCC,2005-05-12,2005-05-12 13:51:36,Q1,1600000.0,560000.0,1040000.0,0.65,310000.0,310000.0,138887000,441000.0,619999.9999999999,1180000.0,20000.0,160000.0,620000.0,0.3875,410000.0,0.25625,441.0,430000.0,0.26875,180000.0,260000.0,0.1625,0.08581,0.08581,3030000.0,3030000.0,https://www.sec.gov/Archives/edgar/data/811641/000119312505105329/0001193125-05-105329-index.htm,https://www.sec.gov/Archives/edgar/data/811641/000119312505063555/d10k.htm
0,2004-12-31,ICCC,2005-03-29,2005-03-29 17:15:27,Q4,950000.0,350000.0,600000.0,0.631578947368421,360000.0,270000.0,86828000,0.0,620000.0,970000.0,30000.0,90000.00000000001,100000.00000000001,0.105263,-30000.0,-0.031579,-20000.0,-10000.0,-0.010526,-50000.0,30000.0,0.031579,0.00877,0.00877,3420000.0,3420000.0,https://www.sec.gov/Archives/edgar/data/811641/000119312505063555/0001193125-05-063555-index.htm,https://www.sec.gov/Archives/edgar/data/811641/000119312505063555/d10k.htm
0,2004-09-30,ICCC,2004-11-10,2004-11-10 16:31:11,Q3,850000.0,340000.0,510000.0,0.6,270000.0,250000.0,108720000,0.0,530000.0,870000.0,20000.0,70000.0,80000.0,0.094118,-20000.0,-0.023529,95.0,-10000.0,-0.011765,172.0,-10000.0,-0.011765,-0.00362,-0.00362,2760000.0,2760000.0,https://www.sec.gov/Archives/edgar/data/811641/000119312504192858/0001193125-04-192858-index.htm,https://www.sec.gov/Archives/edgar/data/811641/000119312504192858/d10q.htm
0,2004-06-30,ICCC,2004-08-10,2004-08-10 09:55:39,Q2,670000.0,300000.0,370000.0,0.5522388059701493,240000.0,230000.0,81319000,355000.0,480000.00000000006,780000.0,10000.0,69999.99999999999,-20000.00000000001,-0.029851,-110000.0,-0.164179,614.0,-100000.0,-0.149254,-40000.0,-60000.0,-0.089552,-0.02174,-0.02174,2760000.0,2760000.0,https://www.sec.gov/Archives/edgar/data/811641/000119312504136519/0001193125-04-136519-index.htm,https://www.sec.gov/Archives/edgar/data/811641/000119312504136519/d10q.htm
0,2004-03-31,ICCC,2004-05-13,2004-05-13 13:52:21,Q1,1240000.0,460000.0,780000.0,0.6290322580645161,220000.0,280000.0,124062000,-355000.0,499999.99999999994,959999.9999999999,10000.0,60000.00000000001,360000.0,0.290323,280000.0,0.225806,-355.0,290000.0,0.233871,120000.0,170000.0,0.137097,0.05802,0.05802,2930000.0,2930000.0,https://www.sec.gov/Archives/edgar/data/811641/000119312504087204/0001193125-04-087204-index.htm,https://www.sec.gov/Archives/edgar/data/811641/000119312504051776/d10k.htm
0,2003-12-31,ICCC,2004-03-29,2004-03-29 11:46:02,Q4,820000.0,300000.0,520000.0,0.6341463414634146,480000.0,260000.0,105114000,-1134140000,740000.0,1040000.0,1134140000,70000.0,1134000000,1382.926829,-220000.0,-0.268293,601.0,-210000.0,-0.256098,-80000.0,-130000.0,-0.158537,-0.04745,-0.04745,2740000.0,2740000.0,https://www.sec.gov/Archives/edgar/data/811641/000119312504051776/0001193125-04-051776-index.htm,https://www.sec.gov/Archives/edgar/data/811641/000119312504051776/d10k.htm
0,2003-09-30,ICCC,2003-11-12,2003-11-12 10:18:53,Q3,790000.0,340000.0,450000.0,0.569620253164557,270000.0,250000.0,125456000,11505000,520000.0,860000.0,-11505000,60000.0,-11505000,-14.563291,-70000.0,-0.088608,549.0,-60000.0,-0.075949,-20000.0,-40000.0,-0.050633,-0.0146,-0.0146,2740000.0,2740000.0,https://www.sec.gov/Archives/edgar/data/811641/000119312503077736/0001193125-03-077736-index.htm,https://www.sec.gov/Archives/edgar/data/811641/000119312503077736/d10q.htm
0,2003-06-30,ICCC,2003-08-14,2003-08-14 09:25:44,Q2,620000.0,280000.0,340000.0,0.5483870967741935,290000.0,260000.0,95247000,24872000,549999.9999999999,829999.9999999999,-13242000,70000.0,-13372000,-21.567742,-210000.0,-0.33871,314.0,-200000.0,-0.322581,-80000.0,-120000.0,-0.193548,-0.0438,-0.0438,2740000.0,2740000.0,https://www.sec.gov/Archives/edgar/data/811641/000119312503036942/0001193125-03-036942-index.htm,https://www.sec.gov/Archives/edgar/data/811641/000119312503036942/d10q.htm
0,2003-03-31,ICCC,,Not found...,Q1,1130000.0,420000.0,620000.0,0.548673,320000.0,320000.0,0.0,0.0,640000.0000000001,1060000.0,10000.0,60000.0,1250000.0,1.106195,70000.0,0.061947,1100000.0,1180000.0,1.044248,480000.0,700000.0,0.619469,0.2518,0.2518,2780000.0,2780000.0,,
0,2002-12-31,ICCC,,,Q4,1340000.0,410000.0,860000.0,0.641791,400000.0,290000.0,0.0,0.0,690000.0000000002,1100000.0000000002,0.0,69999.99999999999,1250000.0,0.932836,240000.0,0.179104,940000.0,1180000.0,0.880597,470000.0,710000.0,0.529851,0.25,0.25,2840000.0,2840000.0,,
0,2002-09-30,ICCC,,,Q3,1390000.0,690000.0,660000.0,0.47482,240000.0,430000.0,0.0,0.0,660000.0000000001,1350000.0,10000.0,60000.00000000001,120000.00000000001,0.086331,30000.0,0.021583,10000.0,50000.0,0.035971,20000.0,30000.0,0.021583,0.01095,0.01095,2740000.0,2740000.0,,
0,2002-06-30,ICCC,2002-08-13 00:00:00,2002-08-13 16:13:13,Q2,1560000.0,840000.0,590000.0,0.378205,220000.0,530000.0,0.0,0.0,750000.0000000001,1590000.0,-10000.0,50000.0,10000.0,0.00641,-30000.0,-0.019231,10000.0,-40000.0,-0.025641,-10000.0,-20000.0,-0.012821,-0.0073,-0.0073,2740000.0,2740000.0,https://www.sec.gov/Archives/edgar/data/811641/000107261302001268/0001072613-02-001268-index.html,https://www.sec.gov/Archives/edgar/data/811641/000107261302001268/form10-q_11445.txt
0,2002-03-31,ICCC,,,Q1,1900000.0,860000.0,970000.0,0.510526,200000.0,550000.0,0.0,0.0,750000.0000000001,1610000.0,0.0,60000.0,350000.0,0.184211,290000.0,0.152632,0.0,290000.0,0.152632,120000.0,170000.0,0.089474,0.05903,0.05903,2880000.0,2880000.0,,
0,2001-12-31,ICCC,,,Q4,1960000.0,880000.0,1050000.0,0.535714,190000.0,480000.0,0.0,0.0,670000.0,1550000.0,-10000.0,60000.0,450000.0,0.229592,410000.0,0.209184,10000.0,410000.0,0.209184,150000.0,250000.0,0.127551,0.08361,0.08361,2990000.0,2990000.0,,
0,2001-09-30,ICCC,2001-11-13 00:00:00,2001-11-13 00:00:00,Q3,1390000.0,710000.0,620000.0,0.446043,240000.0,520000.0,0.0,0.0,760000.0,1470000.0,-10000.0,49999.99999999999,-40000.00000000001,-0.028777,-90000.0,-0.064748,10000.0,-80000.0,-0.057554,-20000.0,-60000.0,-0.043165,-0.02206,-0.02206,2720000.0,2720000.0,https://www.sec.gov/Archives/edgar/data/811641/000107261301501061/0001072613-01-501061-index.html,https://www.sec.gov/Archives/edgar/data/811641/000107261301501061/form10q_10905.txt
0,2001-06-30,ICCC,2001-08-14 00:00:00,2001-08-14 00:00:00,Q2,1840000.0,930000.0,880000.0,0.478261,250000.0,490000.0,0.0,0.0,739999.9999999999,1670000.0,-10000.0,40000.00000000001,210000.0,0.11413,170000.0,0.092391,20000.0,180000.0,0.097826,70000.0,110000.0,0.059783,0.03901,0.03901,2820000.0,2820000.0,https://www.sec.gov/Archives/edgar/data/811641/000107261301500807/0001072613-01-500807-index.html,https://www.sec.gov/Archives/edgar/data/811641/000107261301500807/form10q_10804.txt
0,2001-03-31,ICCC,2001-05-15 00:00:00,2001-05-15 00:00:00,Q1,1490000.0,690000.0,790000.0,0.530201,170000.0,450000.0,0.0,0.0,620000.0000000001,1310000.0,-10000.0,30000.0,220000.0,0.147651,180000.0,0.120805,20000.0,190000.0,0.127517,80000.0,120000.0,0.080537,0.0427,0.0427,2810000.0,2810000.0,https://www.sec.gov/Archives/edgar/data/811641/000107261301500552/0001072613-01-500552-index.html,https://www.sec.gov/Archives/edgar/data/811641/000107261301500552/form10-q_10695.txt
0,2000-12-31,ICCC,,,Q4,1600000.0,830000.0,750000.0,0.46875,210000.0,370000.0,0.0,0.0,580000.0,1410000.0,-10000.0,30000.0,220000.0,0.1375,180000.0,0.1125,30000.0,200000.0,0.125,-1750000.0,1950000.0,1.21875,0.69643,0.69643,2800000.0,2800000.0,,
0,2000-09-30,ICCC,2000-11-13 00:00:00,2000-11-13 00:00:00,Q3,1140000.0,570000.0,520000.0,0.45614,230000.0,370000.0,0.0,0.0,600000.0,1170000.0,-10000.0,30000.0,0.0,0.0,-30000.0,-0.026316,30000.0,-20000.0,-0.017544,0.0,-20000.0,-0.017544,-0.00749,-0.00749,2670000.0,2670000.0,https://www.sec.gov/Archives/edgar/data/811641/000107261300000989/0001072613-00-000989-index.html,https://www.sec.gov/Archives/edgar/data/811641/000107261300000989/0001072613-00-000989-0001.txt
0,2000-06-30,ICCC,2000-08-10 00:00:00,2000-08-10 00:00:00,Q2,1460000.0,730000.0,710000.0,0.486301,320000.0,360000.0,0.0,0.0,679999.9999999999,1410000.0,-10000.0,40000.00000000001,90000.00000000001,0.061644,50000.0,0.034247,20000.0,60000.0,0.041096,0.0,60000.0,0.041096,0.02098,0.02098,2860000.0,2860000.0,https://www.sec.gov/Archives/edgar/data/811641/000107261300000799/0001072613-00-000799-index.html,https://www.sec.gov/Archives/edgar/data/811641/000107261300000799/0001072613-00-000799-0001.txt
0,2000-03-31,ICCC,2000-05-12 00:00:00,2000-05-12 00:00:00,Q1,1450000.0,680000.0,760000.0,0.524138,160000.0,400000.0,0.0,0.0,549999.9999999999,1230000.0,-10000.0,30000.0,250000.0,0.172414,210000.0,0.144828,20000.0,230000.0,0.158621,0.0,230000.0,0.158621,0.08185,0.08185,2810000.0,2810000.0,https://www.sec.gov/Archives/edgar/data/811641/000107261300000608/0001072613-00-000608-index.html,https://www.sec.gov/Archives/edgar/data/811641/0001072613-00-000608.txt
0,1999-12-31,ICCC,,,Q4,1300000.0,580000.0,680000.0,0.523077,210000.0,380000.0,0.0,0.0,580000.0,1160000.0,-10000.0,20000.000000000004,160000.0,0.123077,140000.0,0.107692,20000.0,150000.0,0.115385,0.0,150000.0,0.115385,0.05906,0.05906,2540000.0,2540000.0,,
0,1999-09-30,ICCC,,,Q3,1160000.0,520000.0,590000.0,0.508621,190000.0,320000.0,0.0,0.0,510000.0,1030000.0,-90000.0,30000.0,0.0,0.0,130000.0,0.112069,20000.0,60000.0,0.051724,0.0,60000.0,0.051724,0.02372,0.02372,2530000.0,2530000.0,,
0,1999-06-30,ICCC,,,Q2,1040000.0,470000.0,520000.0,0.5,190000.0,300000.0,0.0,0.0,480000.0,950000.0,-30000.0,20000.000000000004,70000.0,0.067308,90000.0,0.086538,20000.0,80000.0,0.076923,0.0,80000.0,0.076923,0.03226,0.03226,2480000.0,2480000.0,,
0,1999-03-31,ICCC,,,Q1,1410000.0,590000.0,780000.0,0.553191,230000.0,340000.0,0.0,0.0,559999.9999999999,1150000.0,-10000.0,30000.0,270000.0,0.191489,250000.0,0.177305,10000.0,250000.0,0.177305,0.0,250000.0,0.177305,0.1004,0.1004,2490000.0,2490000.0,,
0,1998-12-31,ICCC,,,Q4,1170000.0,550000.0,540000.0,0.461538,260000.0,420000.0,0.0,0.0,679999.9999999999,1230000.0,-60000.0,30000.0,-130000.0,-0.111111,-60000.0,-0.051282,20000.0,-100000.0,-0.08547,0.0,-100000.0,-0.08547,-0.04115,-0.04115,2430000.0,2430000.0,,
0,1998-09-30,ICCC,,,Q3,1120000.0,520000.0,470000.0,0.419643,340000.0,320000.0,0.0,0.0,659999.9999999999,1180000.0,-100000.0,30000.0,-210000.0,-0.1875,-60000.0,-0.053571,20000.0,-140000.0,-0.125,0.0,-140000.0,-0.125,-0.05761,-0.05761,2430000.0,2430000.0,,
0,1998-06-30,ICCC,,,Q2,860000.0,400000.0,420000.0,0.488372,220000.0,330000.0,0.0,0.0,539999.9999999999,939999.9999999999,-10000.0,20000.000000000004,-70000.0,-0.081395,-90000.0,-0.104651,20000.0,-80000.0,-0.093023,0.0,-80000.0,-0.093023,-0.03292,-0.03292,2430000.0,2430000.0,,
0,1998-03-31,ICCC,,,Q1,1340000.0,550000.0,760000.0,0.567164,200000.0,380000.0,0.0,0.0,579999.9999999998,1129999.9999999998,0.0,30000.0,250000.0,0.186567,210000.0,0.156716,10000.0,220000.0,0.164179,0.0,220000.0,0.164179,0.08494,0.08494,2590000.0,2590000.0,,
0,1997-12-31,ICCC,,,Q4,1430000.0,480000.0,750000.0,0.524476,260000.0,350000.0,0.0,0.0,610000.0000000001,1090000.0,-20000.0,30000.0,330000.0,0.230769,340000.0,0.237762,0.0,320000.0,0.223776,0.0,320000.0,0.223776,0.13008,0.13008,2460000.0,2460000.0,,
0,1997-09-30,ICCC,1997-11-14 00:00:00,1997-11-14 00:00:00,Q3,980000.0,430000.0,530000.0,0.540816,280000.0,270000.0,0.0,0.0,550000.0,980000.0,-10000.0,20000.000000000004,10000.000000000004,0.010204,0.0,0.0,0.0,0.0,0.0,0.0,0.0,0.0,0.0,0.0,2330000.0,2330000.0,https://www.sec.gov/Archives/edgar/data/811641/000090660297000185/0000906602-97-000185-index.html,https://www.sec.gov/Archives/edgar/data/811641/0000906602-97-000185.txt
0,1997-06-30,ICCC,1997-08-13 00:00:00,1997-08-13 00:00:00,Q2,850000.0,390000.0,450000.0,0.529412,320000.0,340000.0,0.0,0.0,660000.0,1050000.0,-10000.0,30000.000000000004,-180000.0,-0.211765,-200000.0,-0.235294,0.0,-200000.0,-0.235294,0.0,-200000.0,-0.235294,-0.08584,-0.08584,2330000.0,2330000.0,https://www.sec.gov/Archives/edgar/data/811641/000090660297000116/0000906602-97-000116-index.html,https://www.sec.gov/Archives/edgar/data/811641/0000906602-97-000116.txt
0,1997-03-31,ICCC,1997-05-15 00:00:00,1997-05-15 00:00:00,Q1,1300000.0,530000.0,760000.0,0.584615,210000.0,400000.0,0.0,0.0,609999.9999999999,1140000.0,-10000.0,20000.0,160000.0,0.123077,160000.0,0.123077,0.0,150000.0,0.115385,0.0,150000.0,0.115385,0.05952,0.05952,2520000.0,2520000.0,https://www.sec.gov/Archives/edgar/data/811641/000090660297000091/0000906602-97-000091-index.html,https://www.sec.gov/Archives/edgar/data/811641/0000906602-97-000091.txt
0,1996-12-31,ICCC,,,Q4,1160000.0,510000.0,570000.0,0.491379,170000.0,280000.0,0.0,0.0,449999.99999999994,960000.0,-10000.0,20000.000000000004,200000.0,0.172414,200000.0,0.172414,0.0,190000.0,0.163793,0.0,190000.0,0.163793,0.0754,0.0754,2520000.0,2520000.0,,
0,1996-09-30,ICCC,1996-11-13 00:00:00,1996-11-13 00:00:00,Q3,1010000.0,480000.0,460000.0,0.455446,300000.0,330000.0,0.0,0.0,630000.0000000001,1110000.0,-10000.0,30000.0,-90000.0,-0.089109,-100000.0,-0.09901,0.0,-110000.0,-0.108911,0.0,-110000.0,-0.108911,-0.04721,-0.04721,2330000.0,2330000.0,https://www.sec.gov/Archives/edgar/data/811641/000090660296000145/0000906602-96-000145-index.html,https://www.sec.gov/Archives/edgar/data/811641/0000906602-96-000145.txt
0,1996-06-30,ICCC,1996-08-13 00:00:00,1996-08-13 00:00:00,Q2,860000.0,350000.0,420000.0,0.488372,320000.0,310000.0,0.0,0.0,630000.0,980000.0,-10000.0,30000.0,-120000.0,-0.139535,-130000.0,-0.151163,0.0,-140000.0,-0.162791,0.0,-140000.0,-0.162791,-0.06034,-0.06034,2320000.0,2320000.0,https://www.sec.gov/Archives/edgar/data/811641/000090660296000095/0000906602-96-000095-index.html,https://www.sec.gov/Archives/edgar/data/811641/0000906602-96-000095.txt
0,1996-03-31,ICCC,1996-05-13 00:00:00,1996-05-13 00:00:00,Q1,1420000.0,550000.0,790000.0,0.556338,500000.0,380000.0,0.0,0.0,869999.9999999999,1420000.0,-10000.0,30000.0,10000.0,0.007042,-10000.0,-0.007042,0.0,-10000.0,-0.007042,0.0,-10000.0,-0.007042,-0.00437,-0.00437,2290000.0,2290000.0,https://www.sec.gov/Archives/edgar/data/811641/000090660296000060/0000906602-96-000060-index.html,https://www.sec.gov/Archives/edgar/data/811641/0000906602-96-000060.txt
0,1995-12-31,ICCC,,,Q4,1130000.0,440000.0,550000.0,0.486726,340000.0,310000.0,0.0,0.0,650000.0000000001,1090000.0,10000.0,39999.99999999998,99999.99999999999,0.088496,40000.0,0.035398,0.0,50000.0,0.044248,0.0,50000.0,0.044248,0.02183,0.02183,2290000.0,2290000.0,,
0,1995-09-30,ICCC,1995-11-14 00:00:00,1995-11-14 00:00:00,Q3,1180000.0,450000.0,540000.0,0.457627,380000.0,370000.0,0.0,0.0,750000.0,1200000.0,20000.0,40000.00000000001,50000.00000000001,0.042373,-30000.0,-0.025424,0.0,-10000.0,-0.008475,0.0,-10000.0,-0.008475,-0.00437,-0.00437,2290000.0,2290000.0,https://www.sec.gov/Archives/edgar/data/811641/000090660295000068/0000906602-95-000068-index.html,https://www.sec.gov/Archives/edgar/data/811641/0000906602-95-000068.txt
