,date,symbol,fillingDate,acceptedDate,period,revenue,costOfRevenue,grossProfit,grossProfitRatio,researchAndDevelopmentExpenses,generalAndAdministrativeExpenses,sellingAndMarketingExpenses,otherExpenses,operatingExpenses,costAndExpenses,interestExpense,depreciationAndAmortization,ebitda,ebitdaratio,operatingIncome,operatingIncomeRatio,totalOtherIncomeExpensesNet,incomeBeforeTax,incomeBeforeTaxRatio,incomeTaxExpense,netIncome,netIncomeRatio,eps,epsdiluted,weightedAverageShsOut,weightedAverageShsOutDil,link,finalLink
0,2020-09-30,CTIC,2020-11-10,2020-11-10 17:01:51,Q3,0.0,0.0,0.0,0.0,6994000.0,4052000.0,0.0,0.0,11046000,11046000,115000.0,133000.0,-10913000,0.0,-11046000,0.0,0.0,-11263000,0.0,0.0,-11263000,0.0,-0.15285336228540408,-0.15285336228540408,73685000,73685000,https://www.sec.gov/Archives/edgar/data/891293/000089129320000058/0000891293-20-000058-index.htm,https://www.sec.gov/Archives/edgar/data/891293/000089129320000058/ctic-20200930.htm
0,2020-06-30,CTIC,2020-08-07,2020-08-06 18:26:01,Q2,855000.0,0.0,855000.0,1.0,6199000.0,3797000.0,0.0,3406000.0,13770000,13770000,137000.0,133000.0,-13730000,22.12514619883041,-13770000,21.969590643274852,-1320000.0,-14000000,16.18011695906433,0.0,-14000000,16.18011695906433,-0.19,-0.19,73685000,73685000,https://www.sec.gov/Archives/edgar/data/891293/000089129320000051/0000891293-20-000051-index.htm,https://www.sec.gov/Archives/edgar/data/891293/000089129320000051/cti10q06302020.htm
0,2020-03-31,CTIC,2020-05-15 00:00:00,2020-05-14 20:45:16,Q1,0.0,0.0,0.0,0.0,3264000.0,4467000.0,0.0,4200000.0,11931000,11931000,167000.0,133000.0,-11886000,0.0,-11931000,0.0,0.0,-12186000,0.0,0.0,-12186000,0.0,-0.1951,-0.1951,62461000,62461000,https://www.sec.gov/Archives/edgar/data/891293/000089129320000041/0000891293-20-000041-index.html,https://www.sec.gov/Archives/edgar/data/891293/000089129320000041/cti10q03312020.htm
0,2019-12-31,CTIC,2020-03-13,2020-03-12 20:24:08,Q4,3345000.0,0.0,3345000.0,1.0,4981000.0,4493000.0,0.0,794000.0,9474000.0,9474000.0,1002000.0,134000.00000000006,-7052000.0,-12.130642750373692,-9474000.0,-12.17070254110613,1320000.0,-8186000.0,-11.964125560538116,0.0,-8188000.0,-11.964125560538116,-0.14123,-0.14123,57977000,57977000,https://www.sec.gov/Archives/edgar/data/891293/000089129320000012/0000891293-20-000012-index.htm,https://www.sec.gov/Archives/edgar/data/891293/000089129320000012/cti10k12312019document.htm
0,2019-09-30,CTIC,2019-11-04,2019-11-04 16:51:13,Q3,2289000.0,0.0,2289000.0,1.0,7598000.0,4403000.0,0.0,0.0,12001000,12001000,240000.0,135999.99999999994,-9671000.0,-4.224989,-9712000.0,-4.242901,0.0,-10047000,-4.389253,0.0,-10047000,-4.389253,-0.1733,-0.1733,57974000,57974000,https://www.sec.gov/Archives/edgar/data/891293/000089129319000065/0000891293-19-000065-index.htm,https://www.sec.gov/Archives/edgar/data/891293/000089129319000065/cti10q09302019.htm
0,2019-06-30,CTIC,2019-08-01,2019-08-01 16:59:36,Q2,416000.0,0.0,416000.0,1.0,6356000.0,5053000.0,0.0,0.0,11409000,11409000,269000.0,136000.0,-10566000,-25.399038,-10993000,-26.425481,0.0,-10976000,-26.384615,0.0,-10971000,-26.372596,-0.18924,-0.18924,57973000,57973000,https://www.sec.gov/Archives/edgar/data/891293/000089129319000058/0000891293-19-000058-index.htm,https://www.sec.gov/Archives/edgar/data/891293/000089129319000058/cti10q06302019.htm
0,2019-03-31,CTIC,2019-05-02,2019-05-02 17:07:05,Q1,640000.0,0.0,640000.0,1.0,5172000.0,5206000.0,0.0,794000.0,11172000,11172000,294000.0,140000.0,-10380000,-16.21875,-10532000,-16.45625,0.0,-10814000,-16.896875,0.0,-10814000,-16.896875,-0.18654,-0.18654,57973000,57973000,https://www.sec.gov/Archives/edgar/data/891293/000089129319000039/0000891293-19-000039-index.htm,https://www.sec.gov/Archives/edgar/data/891293/000089129319000021/cti10k12312018document.htm
0,2018-12-31,CTIC,2019-03-13,2019-03-13 17:03:51,Q4,14477000,87000.0,14390000,0.9939904676383229,7928000.0,5260000.0,0.0,1081000.0,14269000,14269000,316000.0,144999.99999999997,1307000.0,0.090281,208000.0,0.014368,4629000.0,845000.0,0.058368,0.0,846000.0,0.058438,0.01459,0.01459,57990000,57990000,https://www.sec.gov/Archives/edgar/data/891293/000089129319000021/0000891293-19-000021-index.htm,https://www.sec.gov/Archives/edgar/data/891293/000089129319000021/cti10k12312018document.htm
0,2018-09-30,CTIC,2018-11-01,2018-11-01 16:01:42,Q3,12182000,114000.0,12068000,0.990641930717452,28539000,16750000,0.0,114000.0,45289000,45289000,308000.0,148000.00000000003,-29710000,-2.438844,-33107000,-2.717698,0.0,-30197000,-2.478821,0.0,-30166000,-2.476276,-0.54418,-0.54418,55434000,55434000,https://www.sec.gov/Archives/edgar/data/891293/000089129318000095/0000891293-18-000095-index.htm,https://www.sec.gov/Archives/edgar/data/891293/000089129318000095/cti10q09302018.htm
0,2018-06-30,CTIC,2018-08-03,2018-08-02 17:40:51,Q2,610000.0,588000.0,22000.0,0.036065573770491806,9120000.0,5490000.0,0.0,344000.0,14610000,14610000,297000.0,150000.0,-10893000,-17.857377,-14000000,-22.95082,37000.0,-11340000,-18.590164,0.0,-11340000,-18.590164,-0.19358,-0.19358,58580000,58580000,https://www.sec.gov/Archives/edgar/data/891293/000089129318000078/0000891293-18-000078-index.htm,https://www.sec.gov/Archives/edgar/data/891293/000089129318000078/cti10q06302018.htm
0,2018-03-31,CTIC,2018-05-03,2018-05-03 17:01:13,Q1,10850000,90.0,10849910,0.9999917050691244,9690000.0,5500000.0,0.0,371000.0,15180000,15180000,288000.0,150000.0,-3582000.0,-0.330138,-4340000.0,-0.4,-371.0,-4040000.0,-0.37235,0.0,-4020000.0,-0.370507,-0.0799,-0.0799,50310000,50310000,https://www.sec.gov/Archives/edgar/data/891293/000089129318000055/0000891293-18-000055-index.htm,https://www.sec.gov/Archives/edgar/data/891293/000089129318000043/cti10k12312017document.htm
0,2017-12-31,CTIC,2018-03-07,2018-03-07 17:27:18,Q4,460000.0,80000.0,380000.0,0.8260869565217391,7100000.0,6980000.0,0.0,84000.0,14090000,14170000,393000.0,179999.99999999994,-13697000,-29.776087,-13700000,-29.782609,-170000.0,-14270000,-31.021739,0.0,-14270000,-31.021739,-0.33209,-0.33209,42970000,42970000,https://www.sec.gov/Archives/edgar/data/891293/000089129318000043/0000891293-18-000043-index.htm,https://www.sec.gov/Archives/edgar/data/891293/000089129318000043/cti10k12312017document.htm
0,2017-09-30,CTIC,2017-11-07,2017-11-06 17:36:00,Q3,1710000.0,70000.0,1640000.0,0.9590643274853801,7600000.0,5800000.0,0.0,69000.0,13400000,13470000,457000.0,160000.00000000003,-11353000,-6.639181,-11770000,-6.883041,100000.0,-12000000,-7.017544,0.0,-11970000,-7.0,-0.27915,-0.27915,42880000,42880000,https://www.sec.gov/Archives/edgar/data/891293/000089129317000114/0000891293-17-000114-index.htm,https://www.sec.gov/Archives/edgar/data/891293/000089129317000114/cti10q09302017.htm
0,2017-06-30,CTIC,2017-08-04,2017-08-03 19:38:36,Q2,22230000,80000.0,22150000,0.9964012595591543,8910000.0,7960000.0,0.0,211000.0,16870000,16950000,488000.0,190000.0,6078000.0,0.273414,5270000.0,0.237067,-30000.0,5370000.0,0.241565,0.0,5400000.0,0.242915,0.16928,0.16928,31900000,31900000,https://www.sec.gov/Archives/edgar/data/891293/000089129317000089/0000891293-17-000089-index.htm,https://www.sec.gov/Archives/edgar/data/891293/000089129317000089/cti10q06302017.htm
0,2017-03-31,CTIC,2017-05-03,2017-05-03 17:07:34,Q1,750000.0,130000.0,620000.0,0.8266666666666667,9250000.0,10690000,0.0,0.0,19940000,20070000,534000.0,190000.0,-19106000,-25.474667,-19320000,-25.76,0.0,-19940000,-26.586667,0.0,-19830000,-26.44,-0.70695,-0.70695,28050000,28050000,https://www.sec.gov/Archives/edgar/data/891293/000089129317000054/0000891293-17-000054-index.htm,https://www.sec.gov/Archives/edgar/data/891293/000089129317000030/cti10k12312016document.htm
0,2016-12-31,CTIC,2017-03-02,2017-03-02 17:04:21,Q4,9140000.0,860000.0,8280000.0,0.9059080962800875,9700000.0,9210000.0,0.0,-5080000.0,13830000,14690000,589000.0,189999.99999999994,-5591000.0,-0.611707,-5560000.0,-0.608315,-4598000.0,-6560000.0,-0.717724,0.0,-6370000.0,-0.696937,-0.07868,-0.07868,80960000,80960000,https://www.sec.gov/Archives/edgar/data/891293/000089129317000030/0000891293-17-000030-index.htm,https://www.sec.gov/Archives/edgar/data/891293/000089129317000030/cti10k12312016document.htm
0,2016-09-30,CTIC,2016-11-08,2016-11-08 16:50:27,Q3,4430000.0,160000.0,4270000.0,0.963882618510158,17720000,15220000,0.0,163.0,32940000.000000004,33100000.000000004,634000.0,200000.0,-28346000,-6.398646,-28660000,-6.469526,40000.0,-29360000,-6.62754,0.0,-29180000,-6.586907,-1.04214,-1.04214,28000000,28000000,https://www.sec.gov/Archives/edgar/data/891293/000089129316000197/0000891293-16-000197-index.htm,https://www.sec.gov/Archives/edgar/data/891293/000089129316000197/cti10q09302016.htm
0,2016-06-30,CTIC,2016-08-04,2016-08-04 17:11:26,Q2,7360000.0,160000.0,7200000.0,0.9782608695652174,16700000,9570000.0,0.0,160.0,26270000,26430000,677000.0,210000.0,-18883000,-2.565625,-19070000,-2.591033,0.0,-20020000,-2.720109,0.0,-19770000,-2.686141,-0.70708,-0.70708,27960000,27960000,https://www.sec.gov/Archives/edgar/data/891293/000089129316000178/0000891293-16-000178-index.htm,https://www.sec.gov/Archives/edgar/data/891293/000089129316000178/cti10q06302016.htm
0,2016-03-31,CTIC,2016-05-10,2016-05-10 16:36:51,Q1,36480000,190000.0,36290000,0.9947916666666666,20850000,11310000,0.0,190000.0,32160000.000000004,32350000.000000004,714000.0,230000.0,4254000.0,0.116612,4130000.0,0.113213,-520000.0,2990000.0,0.081963,0.0,3310000.0,0.090735,0.11898,0.11898,27820000,27820000,https://www.sec.gov/Archives/edgar/data/891293/000089129316000162/0000891293-16-000162-index.htm,https://www.sec.gov/Archives/edgar/data/891293/000089129316000105/cti10k12312015document.htm
0,2015-12-31,CTIC,2016-02-17,2016-02-16 18:49:09,Q4,11320000,740000.0,10580000,0.9346289752650176,21430000,15360000,0.0,736000.0,36790000,37530000,-275000.0,229999.99999999997,-25685000,-2.268993,-26200000,-2.314488,90000.0,-26020000,-2.298587,0.0,-25640000,-2.265018,-1.12407,-1.12407,22810000,22810000,https://www.sec.gov/Archives/edgar/data/891293/000089129316000105/0000891293-16-000105-index.htm,https://www.sec.gov/Archives/edgar/data/891293/000089129316000105/cti10k12312015document.htm
0,2015-09-30,CTIC,2015-11-05,2015-11-05 17:07:30,Q3,960000.0,830000.0,130000.0,0.13541666666666666,18400000,13680000,0.0,831000.0,32090000,32920000,1288000.0,250000.0,-31052000,-32.345833,-31950000,-33.28125,200000.0,-33100000,-34.479167,0.0,-32590000,-33.947917,-1.8517,-1.8517,17600000,17600000,https://www.sec.gov/Archives/edgar/data/891293/000156459015009731/0001564590-15-009731-index.htm,https://www.sec.gov/Archives/edgar/data/891293/000156459015009731/ctic-10q_20150930.htm
0,2015-06-30,CTIC,2015-08-06,2015-08-06 17:11:38,Q2,1100000.0,180000.0,920000.0,0.8363636363636363,19320000,12620000,0.0,183000.0,31950000.000000004,32130000.000000004,597000.0,250000.0,-31753000,-28.866364,-31030000,-28.209091,-1200000.0,-32770000,-29.790909,0.0,-32600000,-29.636364,-1.85755,-1.85755,17550000,17550000,https://www.sec.gov/Archives/edgar/data/891293/000156459015006497/0001564590-15-006497-index.htm,https://www.sec.gov/Archives/edgar/data/891293/000156459015006497/ctic-10q_20150630.htm
0,2015-03-31,CTIC,2015-05-06,2015-05-06 17:01:38,Q1,2730000.0,190000.0,2540000.0,0.9304029304029304,17470000,12300000,0.0,250000.0,30020000,30210000,494000.0,260000.0,-27846000,-10.2,-27480000,-10.065934,0.0,-28890000,-10.582418,0.0,-28600000,-10.47619,-1.64462,-1.64462,17390000,17390000,https://www.sec.gov/Archives/edgar/data/891293/000156459015003443/0001564590-15-003443-index.htm,https://www.sec.gov/Archives/edgar/data/891293/000156459015001582/ctic-10k_20141231.htm
0,2014-12-31,CTIC,2015-03-12,2015-03-12 16:01:41,Q4,17790000,300000.0,17490000,0.9831365935919055,43730000,13140000,0.0,22155000,56860000,57160000,544000.0,220000.0000000001,-40806000,-2.293761,-39370000,-2.213041,0.0,-41910000,-2.355818,0.0,-41570000,-2.336706,-2.55973,-2.55973,16240000,16240000,https://www.sec.gov/Archives/edgar/data/891293/000156459015001582/0001564590-15-001582-index.htm,https://www.sec.gov/Archives/edgar/data/891293/000156459015001582/ctic-10k_20141231.htm
0,2014-09-30,CTIC,2014-10-31,2014-10-30 19:49:45,Q3,39530000,250000.0,39280000,0.9936756893498608,16530000,12560000,0.0,2720000.0,31810000.000000004,32060000.000000004,472000.0,260000.0,5332000.0,0.134885,7470000.0,0.18897,885000.0,4360000.0,0.110296,0.0,4600000.0,0.116367,0.31271,0.31271,14710000,14710000,https://www.sec.gov/Archives/edgar/data/891293/000156459014004755/0001564590-14-004755-index.htm,https://www.sec.gov/Archives/edgar/data/891293/000156459014004755/ctic-10q_20140930.htm
0,2014-06-30,CTIC,2014-08-04,2014-08-04 17:05:04,Q2,1340000.0,200000.0,1140000.0,0.8507462686567164,14020000,13790000,0.0,202000.0,27810000.000000004,28010000.000000004,467000.0,260000.0,-26673000,-19.905224,-26670000,-19.902985,-885000.0,-27480000,-20.507463,0.0,-27400000,-20.447761,-1.89619,-1.89619,14450000,14450000,https://www.sec.gov/Archives/edgar/data/891293/000156459014003099/0001564590-14-003099-index.htm,https://www.sec.gov/Archives/edgar/data/891293/000156459014003099/ctic-10q_20140630.htm
0,2014-03-31,CTIC,2014-04-29,2014-04-29 17:07:53,Q1,1410000.0,150000.0,1260000.0,0.8936170212765957,12180000,16750000,0.0,886000.0,28920000,29070000,464000.0,360000.0,-28176000,-19.982979,-27660000,-19.617021,-890000.0,-29200000,-20.70922,0.0,-29000000,-20.567376,-2.04082,-2.04082,14210000,14210000,https://www.sec.gov/Archives/edgar/data/891293/000119312514167552/0001193125-14-167552-index.htm,https://www.sec.gov/Archives/edgar/data/891293/000119312514082598/d622342d10k.htm
0,2013-12-31,CTIC,2014-03-04,2014-03-04 17:29:15,Q4,32880000,30000.0,32850000,0.9990875912408759,10000000,12510000,0.0,33000.0,22520000,22550000,346000.0,360000.0000000001,10906000,0.331691,10330000,0.314173,-110000.0,9970000.0,0.303224,0.0,10200000,0.310219,0.77803,0.77803,13110000,13110000,https://www.sec.gov/Archives/edgar/data/891293/000119312514082598/0001193125-14-082598-index.htm,https://www.sec.gov/Archives/edgar/data/891293/000119312514082598/d622342d10k.htm
0,2013-09-30,CTIC,2013-10-30,2013-10-30 17:17:11,Q3,360000.0,10000.0,350000.0,0.9722222222222222,7250000.0,8530000.0,0.0,168000.0,15930000,15940000,316000.0,390000.0,-14834000,-41.205556,-15580000,-43.277778,-170000.0,-15680000,-43.555556,0.0,-15540000,-43.166667,-1.4,-1.4,11100000,11100000,https://www.sec.gov/Archives/edgar/data/891293/000119312513418841/0001193125-13-418841-index.htm,https://www.sec.gov/Archives/edgar/data/891293/000119312513418841/d593257d10q.htm
0,2013-06-30,CTIC,2013-07-31,2013-07-31 17:15:26,Q2,310000.0,40000.0,270000.0,0.8709677419354839,8020000.0,10100000,0.0,36000.0,18120000,18160000,316000.0,410000.0,-17284000,-55.754839,-17850000,-57.580645,110000.0,-18220000,-58.774194,0.0,-18010000,-58.096774,-1.67224,-1.67224,10770000,10770000,https://www.sec.gov/Archives/edgar/data/891293/000119312513312843/0001193125-13-312843-index.htm,https://www.sec.gov/Archives/edgar/data/891293/000119312513312843/d554827d10q.htm
0,2013-03-31,CTIC,2013-05-02,2013-05-02 17:12:13,Q1,1130000.0,60000.0,1070000.0,0.9469026548672567,8360000.0,11140000,0.0,55000.0,19590000,19650000,48000.0,410000.0,-18922000,-16.745133,-18520000,-16.389381,-270000.0,-19620000,-17.362832,0.0,-19380000,-17.150442,-1.81631,-1.81631,10670000,10670000,https://www.sec.gov/Archives/edgar/data/891293/000119312513196421/0001193125-13-196421-index.htm,https://www.sec.gov/Archives/edgar/data/891293/000119312513084836/d448641d10k.htm
0,2012-12-31,CTIC,2013-02-28,2013-02-28 17:18:44,Q4,944000.0,0.0,944000.0,1.0,9120000.0,9220000.0,0.0,944000.0,18850000,18850000,5000.0,600000.0000000001,-17995000,-19.79237288135593,-18850000,-20.429025423728813,-300000.0,-18710000,0.0,0.0,-18600000,0.0,-1.93146,-1.93146,9630000.0,9630000.0,https://www.sec.gov/Archives/edgar/data/891293/000119312513084836/0001193125-13-084836-index.htm,https://www.sec.gov/Archives/edgar/data/891293/000119312513084836/d448641d10k.htm
0,2012-09-30,CTIC,2012-11-01,2012-11-01 16:37:15,Q3,0.0,0.0,0.0,0.0,6950000.0,7760000.0,0.0,29108000,15150000,15150000,43000.0,659999.9999999999,-14487000,0.0,-15150000,0.0,-270000.0,-15250000,0.0,0.0,-15190000,0.0,-2.87146,-2.87146,5290000.0,5290000.0,https://www.sec.gov/Archives/edgar/data/891293/000119312512446683/0001193125-12-446683-index.htm,https://www.sec.gov/Archives/edgar/data/891293/000119312512446683/d410265d10q.htm
0,2012-06-30,CTIC,2012-08-02,2012-08-02 17:23:37,Q2,0.0,0.0,0.0,0.0,38070000,11330000,0.0,29108000,49400000,49400000,-47000.0,570000.0000000001,-49617000,0.0,-49400000,0.0,-100000.0,-50200000,0.0,0.0,-50140000,0.0,-11.79765,-11.79765,4250000.0,4250000.0,https://www.sec.gov/Archives/edgar/data/891293/000119312512332253/0001193125-12-332253-index.htm,https://www.sec.gov/Archives/edgar/data/891293/000119312512332253/d357343d10q.htm
0,2012-03-31,CTIC,2012-04-20,2012-04-20 16:51:30,Q1,0.0,0.0,0.0,0.0,8170000.0,9930000.0,0.0,0.0,18100000,18100000,55000.0,520000.0,-16875000,0.0,-18100000,0.0,190000.0,-17530000,0.0,0.0,-17450000,0.0,-4.27696,-4.27696,4080000.0,4080000.0,https://www.sec.gov/Archives/edgar/data/891293/000119312512173261/0001193125-12-173261-index.htm,https://www.sec.gov/Archives/edgar/data/891293/000119312512103788/d265136d10k.htm
0,2011-12-31,CTIC,2012-03-08,2012-03-08 16:15:46,Q4,0.0,0.0,0.0,0.0,7920000.0,12990000,0.0,0.0,9910000.0,9910000.0,183000.0,660000.0000000001,-8127000.0,0.0,-9910000.0,0.0,1610000.0,-9050000.0,0.0,0.0,-8970000.0,0.0,-2.37302,-2.37302,3780000.0,3780000.0,https://www.sec.gov/Archives/edgar/data/891293/000119312512103788/0001193125-12-103788-index.htm,https://www.sec.gov/Archives/edgar/data/891293/000119312512103788/d265136d10k.htm
0,2011-09-30,CTIC,2011-10-25,2011-10-25 13:22:01,Q3,7760000.0,0.0,7760000.0,1.0,7530000.0,7760000.0,0.0,29000.0,15290000,15290000,204000.0,700000.0,-15756000,-1.8637886597938145,-15290000,-1.9703608247422681,-10000.0,-16730000,0.0,0.0,-16660000,0.0,-4.5027,-4.5027,3700000.0,3700000.0,https://www.sec.gov/Archives/edgar/data/891293/000119312511279957/0001193125-11-279957-index.htm,https://www.sec.gov/Archives/edgar/data/891293/000119312511279957/d226890d10q.htm
0,2011-06-30,CTIC,2011-07-28,2011-07-28 13:04:09,Q2,0.0,0.0,0.0,1.0,7960000.0,8960000.0,0.0,-241000.0,16920000,16920000,-1297000.0,610000.0000000001,-17687000,-1.0021668472372698,-16920000,-0.9647602212465074,-80000.0,-17040000,-82.1097178683,0.0,-17000000,-82.1097178683,-5.13595,-5.13595,3310000.0,3310000.0,https://www.sec.gov/Archives/edgar/data/891293/000119312511200398/0001193125-11-200398-index.htm,https://www.sec.gov/Archives/edgar/data/891293/000119312511200398/d10q.htm
0,2011-03-31,CTIC,2011-04-26,2011-04-26 16:56:24,Q1,0.0,0.0,0.0,0.0,11490000,8580000.0,0.0,266000.0,20070000,20070000,389000.0,440000.0,-18901000,0.0,-20070000,0.0,30000.0,-19800000,0.0,0.0,-19730000,0.0,-6.73379,-6.73379,2930000.0,2930000.0,https://www.sec.gov/Archives/edgar/data/891293/000119312511109694/0001193125-11-109694-index.htm,https://www.sec.gov/Archives/edgar/data/891293/000119312511037943/d10k.htm
0,2010-12-31,CTIC,2011-02-16,2011-02-16 17:00:06,Q4,319000.0,0.0,319000.0,1.0,7660000.0,8670000.0,0.0,0.0,16320000,16320000,2334000.0,430000.0000000002,-16956000,-232.99686520376176,-16320000,-234.34169278996865,-2520000.0,-19760000,0.0,0.0,-19720000,0.0,-7.79447,-7.79447,2530000.0,2530000.0,https://www.sec.gov/Archives/edgar/data/891293/000119312511037943/0001193125-11-037943-index.htm,https://www.sec.gov/Archives/edgar/data/891293/000119312511037943/d10k.htm
0,2010-09-30,CTIC,2010-10-28,2010-10-28 12:46:17,Q3,319.0,0.0,319.0,1.0,5100000.0,7890000.0,0.0,240000.0,12990000,12990000,385000.0,439999.99999999994,-11695000,-181.25705329153604,-12990000,-183.17868338557994,-20000.0,-12570000,0.0,0.0,-12520000,0.0,-5.2827,-5.2827,2370000.0,2370000.0,https://www.sec.gov/Archives/edgar/data/891293/000119312510239363/0001193125-10-239363-index.htm,https://www.sec.gov/Archives/edgar/data/891293/000119312510239363/d10q.htm
0,2010-06-30,CTIC,2010-08-06,2010-08-06 12:18:17,Q2,300000.0,0.0,300000.0,1.0,6910000.0,13070000,0.0,2031000.0,19980000,19980000,561000.0,490000.0,-22429000,-74.763333,-19680000,-65.6,-2030000.0,-23530000,-78.433333,0.0,-23480000,-78.266667,-10.57658,-10.57658,2220000.0,2220000.0,https://www.sec.gov/Archives/edgar/data/891293/000119312510180853/0001193125-10-180853-index.htm,https://www.sec.gov/Archives/edgar/data/891293/000119312510180853/d10q.htm
0,2010-03-31,CTIC,2010-05-06,2010-05-06 17:06:17,Q1,20000.0,0.0,20000.0,1.0,7360000.0,18420000,0.0,-1215000.0,25780000,25780000,787000.0,480000.0,-25653000,-1282.65,-25760000,-1288.0,260000.0,-26970000,-1348.5,0.0,-26920000,-1346.0,-13.46,-13.46,2000000.0,2000000.0,https://www.sec.gov/Archives/edgar/data/891293/000119312510111098/0001193125-10-111098-index.htm,https://www.sec.gov/Archives/edgar/data/891293/000119312510042893/d10k.htm
0,2009-12-31,CTIC,2010-02-26,2010-02-26 16:07:51,Q4,20000.0,0.0,20000.0,1.0,7300000.0,18730000,0.0,12886000,26240000,26240000,780000.0,350000.0000000001,-26250000,-1312.5,-26220000,-1311.0,40000.0,-27420000,-1371.0,0.0,-27380000,-1369.0,-14.41053,-14.41053,1900000.0,1900000.0,https://www.sec.gov/Archives/edgar/data/891293/000119312510042893/0001193125-10-042893-index.htm,https://www.sec.gov/Archives/edgar/data/891293/000119312510042893/d10k.htm
0,2009-09-30,CTIC,2009-11-05,2009-11-05 15:40:33,Q3,20000.0,0.0,20000.0,1.0,7600000.0,19670000,0.0,-8006000.0,28430000,28430000,826000.0,470000.0,-33724000,-1686.2,-28410000,-1420.5,-5970000.0,-35080000,-1754.0,0.0,-35020000,-1751.0,-19.89773,-19.89773,1760000.0,1760000.0,https://www.sec.gov/Archives/edgar/data/891293/000119312509225436/0001193125-09-225436-index.htm,https://www.sec.gov/Archives/edgar/data/891293/000119312509225436/d10q.htm
0,2009-06-30,CTIC,2009-08-06,2009-08-06 12:40:43,Q2,20000.0,0.0,20000.0,1.0,7320000.0,10580000,0.0,3610000.0,24920000,24920000,1583000.0,370000.0,-16077000,-803.85,-24900000,-1245.0,40000.0,-18090000,-904.5,0.0,-18030000,-901.5,-12.10067,-12.10067,1490000.0,1490000.0,https://www.sec.gov/Archives/edgar/data/891293/000119312509166799/0001193125-09-166799-index.htm,https://www.sec.gov/Archives/edgar/data/891293/000119312509166799/d10q.htm
0,2009-03-31,CTIC,2009-05-08,2009-05-07 20:28:40,Q1,20000.0,0.0,20000.0,1.0,7960000.0,8750000.0,0.0,-8490000.0,6760000.0,6760000.0,1617000.0,580000.0,-12773000,-638.65,-6740000.0,-337.0,30000.0,-15060000,-753.0,0.0,-14970000,-748.5,-15.75789,-15.75789,950000.0,950000.0,https://www.sec.gov/Archives/edgar/data/891293/000119312509103848/0001193125-09-103848-index.htm,https://www.sec.gov/Archives/edgar/data/891293/000119312509055220/d10k.htm
0,2008-12-31,CTIC,2009-03-16,2009-03-16 14:37:59,Q4,2550000.0,900000.0,1650000.0,0.6470588235294118,8580000.0,11080000,0.0,-3925000.0,13410000,14310000,1604000.0,810000.0000000005,-35836000,-14.053333,-11760000,-4.611765,50000.0,-38280000,-15.011765,0.0,-38250000,-15.0,-141.66667,-141.66667,270000.0,270000.0,https://www.sec.gov/Archives/edgar/data/891293/000119312509055220/0001193125-09-055220-index.htm,https://www.sec.gov/Archives/edgar/data/891293/000119312509055220/d10k.htm
0,2008-09-30,CTIC,2008-11-07,2008-11-07 16:18:46,Q3,2600000.0,690000.0,1910000.0,0.7346153846153847,11330000,7830000.0,0.0,1298000.0,20570000,21260000,2575000.0,1380000.0,-41635000,-16.013462,-18660000,-7.176923,150000.0,-45620000,-17.546154,0.0,-45590000,-17.534615,-759.83333,-759.83333,60000.0,60000.0,https://www.sec.gov/Archives/edgar/data/891293/000119312508230037/0001193125-08-230037-index.htm,https://www.sec.gov/Archives/edgar/data/891293/000119312508230037/d10q.htm
0,2008-06-30,CTIC,2008-08-18,2008-08-18 17:19:33,Q2,2890000.0,770000.0,2120000.0,0.7335640138408305,15860000,11520000,0.0,1304000.0,30270000,31040000,-8549000.0,1470000.0,-65099000,-22.525606,-28150000,-9.740484,90000.0,-58050000,-20.086505,0.0,-58020000,-20.076125,-1450.5,-1450.5,40000.0,40000.0,https://www.sec.gov/Archives/edgar/data/891293/000119312508180149/0001193125-08-180149-index.htm,https://www.sec.gov/Archives/edgar/data/891293/000119312508180149/d10q.htm
0,2008-03-31,CTIC,2008-05-12,2008-05-12 16:47:28,Q1,3390000.0,890000.0,2500000.0,0.7374631268436578,15890000,11170000,0.0,1323000.0,27460000,28350000,12929000,1570000.0,-23661000,-6.979646,-24960000,-7.362832,260000.0,-38200000,-11.268437,0.0,-38160000,-11.256637,-1908.0,-1908.0,20000.0,20000.0,https://www.sec.gov/Archives/edgar/data/891293/000119312508111643/0001193125-08-111643-index.htm,https://www.sec.gov/Archives/edgar/data/891293/000119312508065952/d10k.htm
0,2007-12-31,CTIC,2008-03-26,2008-03-26 17:25:07,Q4,70000.0,50000.0,20000.0,0.2857142857142857,24920000,10920000,0.0,51201000,37090000,37140000,2460000.0,1150000.0,-33950000,-485.0,-37080000,-529.714286,360000.0,-37600000,-537.142857,0.0,-37560000,-536.571429,-1878.0,-1878.0,20000.0,20000.0,https://www.sec.gov/Archives/edgar/data/891293/000119312508065952/0001193125-08-065952-index.htm,https://www.sec.gov/Archives/edgar/data/891293/000119312508065952/d10k.htm
0,2007-09-30,CTIC,2007-11-09,2007-11-09 15:54:58,Q3,20000.0,0.0,20000.0,1.0,39910000,8870000.0,0.0,21562000,49000000,49000000,2463000.0,1120000.0,-44887000,-2244.35,-48980000,-2449.0,630000.0,-48510000,-2425.5,0.0,-48470000,-2423.5,-2423.5,-2423.5,20000.0,20000.0,https://www.sec.gov/Archives/edgar/data/891293/000119312507242376/0001193125-07-242376-index.htm,https://www.sec.gov/Archives/edgar/data/891293/000119312507242376/d10q.htm
0,2007-06-30,CTIC,2007-08-09,2007-08-09 16:25:06,Q2,20000.0,0.0,20000.0,1.0,16520000,7590000.0,0.0,212000.0,24340000,24340000,3678000.0,1290000.0,-20992000,-1049.6,-24320000,-1216.0,740000.0,-25960000,-1298.0,0.0,-25960000,-1298.0,-2596.0,-2596.0,10000.0,10000.0,https://www.sec.gov/Archives/edgar/data/891293/000119312507177525/0001193125-07-177525-index.htm,https://www.sec.gov/Archives/edgar/data/891293/000119312507177525/d10q.htm
0,2007-03-31,CTIC,2007-05-10,2007-05-10 14:11:07,Q1,20000.0,0.0,20000.0,1.0,15290000,8130000.0,0.0,207000.0,23770000,23770000,3916000.0,1400000.0,-20794000,-1039.7,-23750000,-1187.5,700000.0,-26110000,-1305.5,0.0,-26110000,-1305.5,-2611.0,-2611.0,10000.0,10000.0,https://www.sec.gov/Archives/edgar/data/891293/000119312507109928/0001193125-07-109928-index.htm,https://www.sec.gov/Archives/edgar/data/891293/000119312507057204/d10k.htm
0,2006-12-31,CTIC,2007-03-16,2007-03-16 16:53:12,Q4,20000.0,0.0,20000.0,1.0,16620000,7850000.0,0.0,428000.0,35400000,35400000,2941000.0,1580000.0,-31079000,-1553.95,-35380000,-1769.0,1020000.0,-35600000,-1780.0,0.0,-35600000,-1780.0,-3560.0,-3560.0,10000.0,10000.0,https://www.sec.gov/Archives/edgar/data/891293/000119312507057204/0001193125-07-057204-index.htm,https://www.sec.gov/Archives/edgar/data/891293/000119312507057204/d10k.htm
0,2006-09-30,CTIC,2006-11-09,2006-11-09 15:29:53,Q3,20000.0,0.0,20000.0,1.0,14440000,9030000.0,0.0,225000.0,23700000,23700000,3552000.0,1619999.9999999998,-22658000,-1132.9,-23680000,-1184.0,610000.0,-27830000,-1391.5,0.0,-27830000,-1391.5,-2783.0,-2783.0,10000.0,10000.0,https://www.sec.gov/Archives/edgar/data/891293/000119312506230234/0001193125-06-230234-index.htm,https://www.sec.gov/Archives/edgar/data/891293/000119312506230234/d10q.htm
0,2006-06-30,CTIC,2006-08-09,2006-08-09 15:21:10,Q2,20000.0,0.0,20000.0,1.0,15160000,8320000.0,0.0,81000.0,31540000,31540000,4708000.0,1620000.0,-30102000,-1505.1,-31520000,-1576.0,690000.0,-36430000,-1821.5,0.0,-36430000,-1821.5,-3643.0,-3643.0,10000.0,10000.0,https://www.sec.gov/Archives/edgar/data/891293/000119312506167580/0001193125-06-167580-index.htm,https://www.sec.gov/Archives/edgar/data/891293/000119312506167580/d10q.htm
0,2006-03-31,CTIC,2006-05-10,2006-05-10 15:15:11,Q1,20000.0,0.0,20000.0,1.0,15760000,10100000,0.0,649000.0,27400000,27400000,8628000.0,1610000.0,-41682000,-2084.1,-27380000,-1369.0,540000.0,-51920000,-2596.0,0.0,-51920000,-2596.0,-5192.0,-5192.0,10000.0,10000.0,https://www.sec.gov/Archives/edgar/data/891293/000119312506107452/0001193125-06-107452-index.htm,https://www.sec.gov/Archives/edgar/data/891293/000119312506055682/d10k.htm
0,2005-12-31,CTIC,2006-03-16,2006-03-16 07:08:42,Q4,1190000.0,0.0,1190000.0,1.0,13190000,12240000,0.0,15855000,-9030000.0,-9030000.0,6717000.0,2550000.000000001,-9423000.0,-7.918487,10220000,8.588235,-22350000,-18690000,-15.705882,0.0,-18690000,-15.705882,-1869.0,-1869.0,10000.0,10000.0,https://www.sec.gov/Archives/edgar/data/891293/000119312506055682/0001193125-06-055682-index.htm,https://www.sec.gov/Archives/edgar/data/891293/000119312506055682/d10k.htm
0,2005-09-30,CTIC,2005-11-14,2005-11-14 16:03:14,Q3,1290000.0,60000.0,1230000.0,0.9534883720930233,13340000,12500000,0.0,-18780000,649999.9999999999,709999.9999999999,2955000.0,2609999.9999999995,-2935000.0000000005,-2.275194,580000.0,0.449612,-6020000.0,-8500000.0,-6.589147,0.0,-8500000.0,-6.589147,-850.0,-850.0,10000.0,10000.0,https://www.sec.gov/Archives/edgar/data/891293/000119312505225783/0001193125-05-225783-index.htm,https://www.sec.gov/Archives/edgar/data/891293/000119312505225783/d10q.htm
0,2005-06-30,CTIC,2005-08-09,2005-08-09 15:35:47,Q2,7470000.0,210000.0,7260000.0,0.9718875502008032,20180000,17650000,0.0,2426000.0,40040000,40250000,3994000.0,2470000.0,-29716000,-3.978046,-32790000,-4.389558,430000.0,-36180000,-4.843373,0.0,-36180000,-4.843373,-3618.0,-3618.0,10000.0,10000.0,https://www.sec.gov/Archives/edgar/data/891293/000119312505162508/0001193125-05-162508-index.htm,https://www.sec.gov/Archives/edgar/data/891293/000119312505162508/d10q.htm
0,2005-03-31,CTIC,2005-05-10,2005-05-10 15:24:36,Q1,6140000.0,250000.0,5890000.0,0.9592833876221498,22060000,19330000,0.0,499000.0,41640000,41890000,3893000.0,2350000.0,-32887000,-5.356189,-35750000,-5.822476,480000.0,-39130000,-6.372964,0.0,-39130000,-6.372964,-3913.0,-3913.0,10000.0,10000.0,https://www.sec.gov/Archives/edgar/data/891293/000119312505102624/0001193125-05-102624-index.htm,https://www.sec.gov/Archives/edgar/data/891293/000119312505042826/d10k.htm
0,2004-12-31,CTIC,2005-03-04,2005-03-04 17:09:02,Q4,8130000.0,250000.0,7880000.0,0.9692496924969249,27100000,20110000,0.0,79000.0,47780000,48030000,2840000.0,2630000.000000001,-38070000,-4.682657,-39900000,-4.907749,380000.0,-43540000,-5.355474,0.0,-43540000,-5.355474,-4354.0,-4354.0,10000.0,10000.0,https://www.sec.gov/Archives/edgar/data/891293/000119312505042826/0001193125-05-042826-index.htm,https://www.sec.gov/Archives/edgar/data/891293/000119312505042826/d10k.htm
0,2004-09-30,CTIC,2004-11-09,2004-11-09 13:39:09,Q3,8670000.0,430000.0,8240000.0,0.9504036908881199,20610000,18550000,0.0,999000.0,39720000,40150000,2720000.0,2670000.0,-29520000,-3.404844,-31480000,-3.630911,380000.0,-34910000,-4.026528,0.0,-34910000,-4.026528,-7453.65,-7453.65,51820000,51820000,https://www.sec.gov/Archives/edgar/data/891293/000119312504190932/0001193125-04-190932-index.htm,https://www.sec.gov/Archives/edgar/data/891293/000119312504190932/d10q.htm
0,2004-06-30,CTIC,2004-08-06,2004-08-06 16:49:06,Q2,8300000.0,280000.0,8020000.0,0.9662650602409638,23370000,19800000,0.0,-19625000,43740000,44020000,2246000.0,2480000.0,-32734000,-3.943855,-35720000,-4.303614,360000.0,-37460000,-4.513253,0.0,-37460000,-4.513253,-9053.23,-9053.23,49604000,49604000,https://www.sec.gov/Archives/edgar/data/891293/000119312504134438/0001193125-04-134438-index.htm,https://www.sec.gov/Archives/edgar/data/891293/000119312504134438/d10q.htm
0,2004-03-31,CTIC,2004-05-07,2004-05-07 17:23:46,Q1,4500000.0,150000.0,4350000.0,0.9666666666666667,117430000,20070000,0.0,109320000,138079999.99999997,138229999.99999997,3182000.0,2530000.0,-130688000,-29.041778,-133730000,-29.717778,520000.0,-136400000,-30.311111,0.0,-136400000,-30.311111,-33029.41,-33029.41,49556000,49556000,https://www.sec.gov/Archives/edgar/data/891293/000119312504082297/0001193125-04-082297-index.htm,https://www.sec.gov/Archives/edgar/data/891293/000119312504039459/d10k.htm
0,2003-12-31,CTIC,2004-03-12,2004-03-11 21:09:38,Q4,7220000.0,220000.0,7000000.0,0.9695290858725761,24410000,16540000,0.0,555000.0,41290000,41510000,2759000.0,1350000.0,-32561000,-4.509834,-34290000,-4.749307,380000.0,-36670000,-5.078947,0.0,-36670000,-5.078947,-13028.41,-13028.41,33418000,33418000,https://www.sec.gov/Archives/edgar/data/891293/000119312504039459/0001193125-04-039459-index.htm,https://www.sec.gov/Archives/edgar/data/891293/000119312504039459/d10k.htm
0,2003-09-30,CTIC,2003-11-12,2003-11-12 15:22:44,Q3,6540000.0,220000.0,6320000.0,0.9663608562691132,22470000,13280000,0.0,555000.0,36090000,36310000,2741000.0,1180000.0000000002,-28199000,-4.311774,-29770000,-4.551988,390000.0,-32120000,-4.911315,0.0,-32120000,-4.911315,-11469.82,-11469.82,33297.0,33297.0,https://www.sec.gov/Archives/edgar/data/891293/000119312503078359/0001193125-03-078359-index.htm,https://www.sec.gov/Archives/edgar/data/891293/000119312503078359/d10q.htm
0,2003-06-30,CTIC,2003-08-06,2003-08-06 17:27:47,Q2,6130000.0,250000.0,5880000.0,0.9592169657422512,22020000,12810000,0.0,585000.0,35170000,35420000,1938000.0,1190000.0,-27652000,-4.51093,-29290000,-4.77814,450000.0,-30780000,-5.021207,0.0,-30780000,-5.021207,-11135.03,-11135.03,33141.0,33141.0,https://www.sec.gov/Archives/edgar/data/891293/000119312503030147/0001193125-03-030147-index.htm,https://www.sec.gov/Archives/edgar/data/891293/000119312503030147/d10q.htm
0,2003-03-31,CTIC,2003-05-12,2003-05-12 17:03:28,Q1,4880000.0,150000.0,4730000.0,0.9692622950819673,20630000,13010000,0.0,480000.0,33970000,34120000,1888000.0,1150000.0,-27432000,-5.621311,-29240000,-5.991803,650000.0,-30470000,-6.243852,0.0,-30470000,-6.243852,-11041.93,-11041.93,33114.0,33114.0,https://www.sec.gov/Archives/edgar/data/891293/000119312503004411/0001193125-03-004411-index.htm,https://www.sec.gov/Archives/edgar/data/891293/000102140803005171/d10k.htm
0,2002-12-31,CTIC,2003-03-27,2003-03-27 17:01:11,Q4,7960000.0,30000.0,7930000.0,0.9962311557788944,14700000,14390000,0.0,1709000.0,-24540000.000000004,-24510000.000000004,2722000.0,2599999.9999999995,35862000,4.505276,32470000,4.079146,790000.0,30540000,3.836683,0.0,30540000,3.836683,-8565.36,-8565.36,33763000,33763000,https://www.sec.gov/Archives/edgar/data/891293/000102140803005171/0001021408-03-005171-index.htm,https://www.sec.gov/Archives/edgar/data/891293/000102140803005171/d10k.htm
0,2002-09-30,CTIC,2002-11-14,2002-11-14 18:14:22,Q3,4410000.0,160000.0,4250000.0,0.963718820861678,17970000,13140000,-8961000.0,1839000.0,32790000.000000007,32950000.000000007,2821000.0,2460000.0,-25109000,-5.693651,-28540000,-6.471655,970000.0,-30390000,-6.891156,0.0,-30390000,-6.891156,-11151.77,-11151.77,34099.0,34099.0,https://www.sec.gov/Archives/edgar/data/891293/000095016802003436/0000950168-02-003436-index.htm,https://www.sec.gov/Archives/edgar/data/891293/000095016802003436/d10q.htm
0,2002-06-30,CTIC,2002-08-14,2002-08-14 17:34:53,Q2,2850000.0,120000.0,2730000.0,0.9578947368421052,15030000,11080000,5144000.0,1796000.0,27790000,27910000,2822000.0,2300000.0,-21368000,-7.497544,-25060000,-8.792982,1390000.0,-26490000,-9.294737,0.0,-26490000,-9.294737,-9184.57,-9184.57,34807.0,34807.0,https://www.sec.gov/Archives/edgar/data/891293/000095013102003257/0000950131-02-003257-index.htm,https://www.sec.gov/Archives/edgar/data/891293/000095013102003257/d10q.htm
0,2002-03-31,CTIC,,,Q1,1680000.0,110000.0,1580000.0,0.940476,11060000,11190000,0.0,0.0,23920000,24030000,-2880000.0,2340000.0,-24100000,-14.345238,-22350000,-13.303571,1660000.0,-23560000,-14.02381,0.0,-23560000,-14.02381,-8076.19,-8076.19,0.0,0.0,,
0,2001-12-31,CTIC,,,Q4,2420000.0,100000.0,2320000.0,0.958678,18490000,12260000,0.0,0.0,33100000,33200000,-2870000.0,2869999.999999999,-31490000,-13.012397,-30780000,-12.719008,2160000.0,-31490000,-13.012397,0.0,-31490000,-13.012397,-11400.04,-11400.04,0.0,0.0,,
0,2001-09-30,CTIC,2001-11-14 00:00:00,2001-11-14 00:00:00,Q3,1000000.0,160000.0,850000.0,0.85,10970000,9020000.0,0.0,0.0,22330000,22490000,-2510000.0,2750000.0,-21100000,-21.1,-21490000,-21.49,2660000.0,-21340000,-21.34,0.0,-21340000,-21.34,-7637.95,-7637.95,0.0,0.0,https://www.sec.gov/Archives/edgar/data/891293/000102140801510020/0001021408-01-510020-index.html,https://www.sec.gov/Archives/edgar/data/891293/000102140801510020/d10q.txt
0,2001-06-30,CTIC,2001-08-10 00:00:00,2001-08-10 00:00:00,Q2,1890000.0,80000.0,1800000.0,0.952381,8280000.0,8550000.0,0.0,0.0,19180000.000000004,19260000.000000004,-530000.0,2820000.0000000005,-13580000,-7.185185,-17370000,-9.190476,2040000.0,-15870000,-8.396825,0.0,-15870000,-8.396825,-5694.95,-5694.95,0.0,0.0,https://www.sec.gov/Archives/edgar/data/891293/000102140801504822/0001021408-01-504822-index.html,https://www.sec.gov/Archives/edgar/data/891293/000102140801504822/d10q.txt
0,2001-03-31,CTIC,,,Q1,930000.0,50000.0,880000.0,0.946237,6930000.0,5450000.0,0.0,0.0,14729999.999999998,14779999.999999998,-80000.0,2760000.0,-8900000.0,-9.569892,-13850000,-14.892473,2340000.0,-11580000,-12.451613,0.0,-11580000,-12.451613,-4171.45,-4171.45,0.0,0.0,,
0,2000-12-31,CTIC,,,Q4,500000.0,20000.0,480000.0,0.96,8270000.0,7400000.0,0.0,0.0,18020000,18040000,-90000.0,2769999.9999999995,-12370000,-24.74,-17540000,-35.08,2580000.0,-15050000,-30.1,0.0,-15050000,-30.1,-5687.08,-5687.08,0.0,0.0,,
0,2000-09-30,CTIC,2000-11-14 00:00:00,2000-11-14 00:00:00,Q3,0.0,0.0,0.0,0.0,6190000.0,6110000.0,0.0,0.0,14620000,14620000,-80000.0,2750000.0,-11310000,0.0,-14620000,0.0,720000.0,-13980000,0.0,0.0,-13980000,0.0,-6654.07,-6654.07,0.0,0.0,https://www.sec.gov/Archives/edgar/data/891293/000092962400001588/0000929624-00-001588-index.html,https://www.sec.gov/Archives/edgar/data/891293/000092962400001588/0000929624-00-001588-0001.txt
0,2000-06-30,CTIC,2000-08-14 00:00:00,2000-08-14 00:00:00,Q2,0.0,0.0,0.0,0.0,5790000.0,4240000.0,0.0,0.0,12390000,12390000,-170000.0,2800000.0,-9200000.0,0.0,-12390000,0.0,730000.0,-11830000,0.0,0.0,-11830000,0.0,-5863.26,-5863.26,0.0,0.0,https://www.sec.gov/Archives/edgar/data/891293/000092962400001163/0000929624-00-001163-index.html,https://www.sec.gov/Archives/edgar/data/891293/000092962400001163/0000929624-00-001163-0001.txt
0,2000-03-31,CTIC,2000-05-15 00:00:00,2000-05-15 00:00:00,Q1,0.0,0.0,0.0,0.0,7070000.0,1930000.0,0.0,0.0,11360000,11360000,-200000.0,2800000.0,-8470000.0,0.0,-11360000,0.0,480000.0,-11070000,0.0,0.0,-11070000,0.0,-6910.85,-6910.85,0.0,0.0,https://www.sec.gov/Archives/edgar/data/891293/000092962400000712/0000929624-00-000712-index.html,https://www.sec.gov/Archives/edgar/data/891293/0000929624-00-000712.txt
0,1999-12-31,CTIC,,,Q4,0.0,0.0,0.0,0.0,6060000.0,2450000.0,0.0,0.0,8510000.0,8510000.0,-110000.0,360000.0000000001,-8090000.0,0.0,-8510000.0,0.0,290000.0,-8340000.0,0.0,0.0,-8340000.0,0.0,-10433.41,-10433.41,0.0,0.0,,
0,1999-09-30,CTIC,,,Q3,0.0,0.0,0.0,0.0,7950000.0,2240000.0,0.0,0.0,10190000,10190000,-130000.0,520000.0,-9580000.0,0.0,-10190000,0.0,340000.0,-9970000.0,0.0,0.0,-9970000.0,0.0,-7682.24,-7682.24,0.0,0.0,,
0,1999-06-30,CTIC,,,Q2,0.0,0.0,0.0,0.0,7310000.0,2960000.0,0.0,0.0,10260000,10260000,-130000.0,459999.99999999994,-9590000.0,0.0,-10260000,0.0,480000.0,-9920000.0,0.0,0.0,-9920000.0,0.0,-7662.36,-7662.36,0.0,0.0,,
0,1999-03-31,CTIC,,,Q1,0.0,0.0,0.0,0.0,6360000.0,2150000.0,0.0,0.0,8510000.0,8510000.0,-130000.0,480000.0,-7710000.0,0.0,-8510000.0,0.0,580000.0,-8060000.0,0.0,0.0,-8060000.0,0.0,-6226.45,-6226.45,0.0,0.0,,
0,1998-12-31,CTIC,,,Q4,3250000.0,0.0,3250000.0,1.0,8770000.0,2930000.0,0.0,0.0,11700000,11700000,-140000.0,509999.9999999998,-7570000.0,-2.329231,-8450000.0,-2.6,650000.0,-7940000.0,-2.443077,0.0,-7940000.0,-2.443077,-6232.58,-6232.58,0.0,0.0,,
0,1998-09-30,CTIC,,,Q3,2530000.0,0.0,2530000.0,1.0,6140000.0,2580000.0,0.0,0.0,8720000.0,8720000.0,-80000.0,580000.0000000001,-5110000.0,-2.019763,-6190000.0,-2.44664,670000.0,-5610000.0,-2.217391,0.0,-5610000.0,-2.217391,-4358.37,-4358.37,0.0,0.0,,
0,1998-06-30,CTIC,,,Q2,4140000.0,0.0,4140000.0,1.0,7220000.0,2840000.0,0.0,0.0,10050000,10050000,-110000.0,380000.00000000006,-4950000.0,-1.195652,-5910000.0,-1.427536,810000.0,-5220000.0,-1.26087,0.0,-5220000.0,-1.26087,-4069.07,-4069.07,0.0,0.0,,
0,1998-03-31,CTIC,,,Q1,3280000.0,0.0,3280000.0,1.0,7810000.0,2540000.0,0.0,0.0,10360000,10360000,-110000.0,410000.0,-5910000.0,-1.801829,-7080000.0,-2.158537,970000.0,-6210000.0,-1.893293,0.0,-6210000.0,-1.893293,-4798.07,-4798.07,0.0,0.0,,
0,1997-12-31,CTIC,,,Q4,2940000.0,0.0,0.0,0.0,8560000.0,3610000.0,0.0,0.0,12170000,12170000,-80000.0,459999.99999999994,-7870000.0,-2.676871,-9230000.0,-3.139456,1060000.0,-8250000.0,-2.806122,0.0,-8250000.0,-2.806122,-6720.27,-6720.27,0.0,0.0,,
0,1997-09-30,CTIC,,,Q3,3630000.0,0.0,0.0,0.0,6100000.0,2350000.0,0.0,0.0,8450000.0,8450000.0,-90000.0,450000.00000000006,-3900000.0,-1.07438,-4820000.0,-1.327824,650000.0,-4260000.0,-1.173554,0.0,-4260000.0,-1.173554,-3921.25,-3921.25,0.0,0.0,,
0,1997-06-30,CTIC,,,Q2,3270000.0,0.0,0.0,0.0,6800000.0,2060000.0,0.0,0.0,8860000.0,8860000.0,-100000.0,430000.0,-4550000.0,-1.391437,-5590000.0,-1.70948,810000.0,-4880000.0,-1.492355,0.0,-4880000.0,-1.492355,-4492.22,-4492.22,0.0,0.0,,
0,1997-03-31,CTIC,,,Q1,2000000.0,0.0,0.0,0.0,5830000.0,2080000.0,0.0,0.0,7900000.0,7900000.0,-110000.0,410000.0,-5340000.0,-2.67,-5900000.0,-2.95,370000.0,-5640000.0,-2.82,0.0,-5640000.0,-2.82,-12759.05,-12759.05,0.0,0.0,,
0,1996-12-31,CTIC,,,Q4,5870000.0,0.0,0.0,0.0,5130000.0,2240000.0,0.0,0.0,7370000.0,7370000.0,-130000.0,409999.9999999999,-920000.0000000001,-0.156729,-1500000.0,-0.255537,430000.0,-1200000.0,-0.204429,0.0,-1200000.0,-0.204429,-2910.85,-2910.85,0.0,0.0,,
0,1996-09-30,CTIC,,,Q3,250000.0,0.0,0.0,0.0,3580000.0,1830000.0,0.0,0.0,5410000.0,5410000.0,-130000.0,420000.00000000006,-4800000.0,-19.2,-5160000.0,-20.64,200000.0,-5090000.0,-20.36,0.0,-5090000.0,-20.36,-12367.02,-12367.02,0.0,0.0,,
0,1996-06-30,CTIC,,,Q2,0.0,0.0,0.0,0.0,4080000.0,1490000.0,0.0,0.0,5570000.0,5570000.0,-120000.0,420000.0,-5140000.0,0.0,-5570000.0,0.0,250000.0,-5440000.0,0.0,0.0,-5440000.0,0.0,-13223.64,-13223.64,0.0,0.0,,
