,date,symbol,fillingDate,acceptedDate,period,revenue,costOfRevenue,grossProfit,grossProfitRatio,researchAndDevelopmentExpenses,generalAndAdministrativeExpenses,sellingAndMarketingExpenses,otherExpenses,operatingExpenses,costAndExpenses,interestExpense,depreciationAndAmortization,ebitda,ebitdaratio,operatingIncome,operatingIncomeRatio,totalOtherIncomeExpensesNet,incomeBeforeTax,incomeBeforeTaxRatio,incomeTaxExpense,netIncome,netIncomeRatio,eps,epsdiluted,weightedAverageShsOut,weightedAverageShsOutDil,link,finalLink
0,2020-05-31,ARTL,,,Q3,0.0,0.0,0.0,0.0,265204.0,686067.0,0.0,204.0,0.0,951395.0,0.0,124.0,-951271.0,0.0,-951395.0,0.0,204.0,-951191.0,0.0,0.0,-951191.0,0.0,-0.27,-0.27,3466385.0,3466385.0,,
0,2020-02-29,ARTL,2020-04-13 00:00:00,2020-04-13 16:27:42,Q2,0.0,0.0,0.0,0.0,714778.0,655632.0,0.0,408.0,0.0,1370534.0,0.0,124.0,-1370410.0,0.0,-1370534.0,0.0,408.0,-1370126.0,0.0,0.0,-1370126.0,0.0,-0.4,-0.4,3425928.0,3425928.0,https://www.sec.gov/Archives/edgar/data/1621221/000164033420000802/0001640334-20-000802-index.html,https://www.sec.gov/Archives/edgar/data/1621221/000164033420000802/artl_10q.htm
0,2019-11-30,ARTL,2020-01-14 00:00:00,2020-01-14 07:43:45,Q1,0.0,0.0,0.0,0.0,666938.0,669386.0,0.0,586.0,0.0,1336448.0,0.0,124.0,-1365825.0,0.0,-1336448.0,0.0,30087.0,-1306361.0,0.0,0.0,-1306361.0,0.0,-0.39,-0.4,3361601.0,3379000.0,https://www.sec.gov/Archives/edgar/data/1621221/000164033420000071/0001640334-20-000071-index.html,https://www.sec.gov/Archives/edgar/data/1621221/000164033420000071/artl_10q.htm
0,2019-08-31,ARTL,2019-11-25 00:00:00,2019-11-25 07:56:06,Q4,0.0,0.0,0.0,0.0,233768.0,719526.0,0.0,-1183.0,0.0,953421.0,0.0,127.0,-1062297.0,0.0,-953421.0,0.0,107820.0,-845601.0,0.0,0.0,-845601.0,0.0,0.0,0.0,0.0,0.0,https://www.sec.gov/Archives/edgar/data/1621221/000164033419002443/0001640334-19-002443-index.html,https://www.sec.gov/Archives/edgar/data/1621221/000164033419002443/artl_10k.htm
0,2019-05-31,ARTL,2019-07-15 00:00:00,2019-07-15 16:05:01,Q3,0.0,0.0,0.0,0.0,184204.0,756841.0,0.0,32439.0,0.0,941288.0,0.0,243.0,-1505011.0,0.0,-941288.0,0.0,596405.0,-344883.0,0.0,0.0,-344883.0,0.0,-0.17,-0.4,2058929.0,2267655.0,https://www.sec.gov/Archives/edgar/data/1621221/000164033419001361/0001640334-19-001361-index.html,https://www.sec.gov/Archives/edgar/data/1621221/000164033419001361/artl_10q.htm
0,2019-02-28,ARTL,2019-04-15 00:00:00,2019-04-15 16:26:50,Q2,0.0,0.0,0.0,0.0,489981.0,267868.0,0.0,0.0,0.0,757919.0,0.0,70.0,-1090979.0,0.0,-757919.0,0.0,333130.0,-424789.0,0.0,0.0,-424789.0,0.0,-0.24,-0.4,1917827.0,1917827.0,https://www.sec.gov/Archives/edgar/data/1621221/000164033419000608/0001640334-19-000608-index.html,https://www.sec.gov/Archives/edgar/data/1621221/000164033419000608/artl_10q.htm
0,2018-11-30,ARTL,2019-01-14 00:00:00,2019-01-14 17:00:54,Q1,0.0,0.0,0.0,0.0,184039.0,372794.0,0.0,0.0,0.0,556903.0,0.0,70.0,-556833.0,0.0,-556903.0,0.0,0.0,-556903.0,0.0,0.0,-556903.0,0.0,-0.32,-0.32,1754494.0,1754494.0,https://www.sec.gov/Archives/edgar/data/1621221/000164033419000036/0001640334-19-000036-index.html,https://www.sec.gov/Archives/edgar/data/1621221/000164033419000036/artl_10q.htm
0,2018-08-31,ARTL,2018-11-29 00:00:00,2018-11-29 17:24:32,Q4,0.0,0.0,0.0,0.0,332466.0,357576.0,0.0,0.0,0.0,690113.0,0.0,71.0,-690042.0,0.0,-690113.0,0.0,0.0,-690113.0,0.0,0.0,-690113.0,0.0,0.0,0.0,0.0,0.0,https://www.sec.gov/Archives/edgar/data/1621221/000164033418002309/0001640334-18-002309-index.html,https://www.sec.gov/Archives/edgar/data/1621221/000164033418002309/artl_10k.htm
0,2018-05-31,ARTL,2018-07-13 00:00:00,2018-07-13 17:18:59,Q3,0.0,0.0,0.0,0.0,236845.0,340939.0,0.0,0.0,0.0,577857.0,0.0,73.0,-577784.0,0.0,-577857.0,0.0,0.0,-577857.0,0.0,0.0,-577857.0,0.0,-0.4,-0.4,1592635.0,1592635.0,https://www.sec.gov/Archives/edgar/data/1621221/000164033418001368/0001640334-18-001368-index.html,https://www.sec.gov/Archives/edgar/data/1621221/000164033418001368/artl_10q.htm
0,2018-02-28,ARTL,2018-04-16 00:00:00,2018-04-16 16:20:05,Q2,0.0,0.0,0.0,0.0,477357.0,150923.0,0.0,0.0,0.0,628354.0,0.0,74.0,-628280.0,0.0,-628354.0,0.0,0.0,-628354.0,0.0,0.0,-628354.0,0.0,-0.4,-0.4,1459738.0,1459738.0,https://www.sec.gov/Archives/edgar/data/1621221/000164033418000736/0001640334-18-000736-index.html,https://www.sec.gov/Archives/edgar/data/1621221/000164033418000736/artl_10q.htm
0,2017-11-30,ARTL,2018-01-16 00:00:00,2018-01-16 17:20:41,Q1,0.0,0.0,0.0,0.0,33076.0,243909.0,0.0,0.0,0.0,277057.0,0.0,72.0,-276985.0,0.0,-277057.0,0.0,0.0,-277057.0,0.0,0.0,-277057.0,0.0,-0.16,-0.16,1418204.0,1418204.0,https://www.sec.gov/Archives/edgar/data/1621221/000164033418000106/0001640334-18-000106-index.html,https://www.sec.gov/Archives/edgar/data/1621221/000164033418000106/artl_10q.htm
0,2017-08-31,ARTL,2017-11-29 00:00:00,2017-11-29 16:53:34,Q4,0.0,0.0,0.0,0.0,0.0,115552.0,0.0,0.0,0.0,115552.0,177.0,0.0,-115552.0,0.0,-115552.0,0.0,0.0,-115729.0,0.0,0.0,-115729.0,0.0,0.0,0.0,0.0,0.0,https://www.sec.gov/Archives/edgar/data/1621221/000164033417002551/0001640334-17-002551-index.html,https://www.sec.gov/Archives/edgar/data/1621221/000164033417002551/artl_10k.htm
0,2017-05-31,ARTL,2017-07-21 00:00:00,2017-07-21 17:28:40,Q3,0.0,0.0,0.0,0.0,0.0,95725.0,0.0,0.0,0.0,95725.0,907.0,0.0,-94059.0,0.0,-95725.0,0.0,0.0,-94966.0,0.0,0.0,-96632.0,0.0,-0.08,-0.08,1101195.0,1101195.0,https://www.sec.gov/Archives/edgar/data/1621221/000164033417001454/0001640334-17-001454-index.html,https://www.sec.gov/Archives/edgar/data/1621221/000164033417001454/artl_10q.htm
0,2017-02-28,ARTL,2017-04-14 00:00:00,2017-04-14 14:05:09,Q2,0.0,0.0,0.0,0.0,0.0,11995.0,0.0,0.0,0.0,11995.0,1016.0,0.0,-11995.0,0.0,-11995.0,0.0,0.0,-13011.0,0.0,0.0,-13011.0,0.0,-0.013624,-0.013624,955000.0,955000.0,https://www.sec.gov/Archives/edgar/data/1621221/000164033417000697/0001640334-17-000697-index.html,https://www.sec.gov/Archives/edgar/data/1621221/000164033417000697/knkx_10q.htm
0,2016-11-30,ARTL,2017-01-10 00:00:00,2017-01-10 10:42:52,Q1,0.0,0.0,0.0,0.0,0.0,9517.0,0.0,0.0,0.0,9517.0,0.0,0.0,-9517.0,0.0,-9517.0,0.0,0.0,-9517.0,0.0,0.0,-9517.0,0.0,-0.009965,-0.009965,955000.0,955000.0,https://www.sec.gov/Archives/edgar/data/1621221/000164033417000027/0001640334-17-000027-index.html,https://www.sec.gov/Archives/edgar/data/1621221/000164033417000027/knkx_10q.htm
0,2016-08-31,ARTL,2016-11-29 00:00:00,2016-11-29 16:53:13,Q4,0.0,0.0,0.0,0.0,0.0,4331.0,0.0,0.0,0.0,4331.0,0.0,0.0,-4331.0,0.0,-4331.0,0.0,0.0,-4331.0,0.0,0.0,-4331.0,0.0,0.0,0.0,0.0,0.0,https://www.sec.gov/Archives/edgar/data/1621221/000164033416002136/0001640334-16-002136-index.html,https://www.sec.gov/Archives/edgar/data/1621221/000164033416002136/knkx_10q.htm
0,2016-05-31,ARTL,,,Q3,0.0,0.0,0.0,0.0,0.0,5050.0,0.0,0.0,0.0,5050.0,0.0,0.0,-5050.0,0.0,-5050.0,0.0,0.0,-5050.0,0.0,0.0,-5050.0,0.0,-0.005288,-0.005288,955000.0,955000.0,,
0,2016-02-29,ARTL,2016-04-01 00:00:00,2016-04-01 17:23:37,Q2,0.0,0.0,0.0,0.0,0.0,5090.0,0.0,0.0,0.0,5090.0,0.0,0.0,-5090.0,0.0,-5090.0,0.0,0.0,-5090.0,0.0,0.0,-5090.0,0.0,-0.00533,-0.00533,955000.0,955000.0,https://www.sec.gov/Archives/edgar/data/1621221/000164033416000908/0001640334-16-000908-index.html,https://www.sec.gov/Archives/edgar/data/1621221/000164033416000908/2016feb29-knkx_10q.htm
0,2015-11-30,ARTL,2015-12-11 00:00:00,2015-12-11 13:28:39,Q1,0.0,0.0,0.0,0.0,0.0,15219.0,0.0,0.0,0.0,15219.0,0.0,0.0,-15219.0,0.0,-15219.0,0.0,0.0,-15219.0,0.0,0.0,-15219.0,0.0,-0.015936,-0.015936,955000.0,955000.0,https://www.sec.gov/Archives/edgar/data/1621221/000164033415000413/0001640334-15-000413-index.html,https://www.sec.gov/Archives/edgar/data/1621221/000164033415000413/2015aug31-knkx_10q.htm
0,2015-08-31,ARTL,,,Q4,0.0,0.0,0.0,0.0,0.0,4591.0,0.0,0.0,0.0,4591.0,0.0,0.0,-4591.0,0.0,-4591.0,0.0,0.0,-4591.0,0.0,0.0,-4591.0,0.0,0.0,0.0,0.0,0.0,,
0,2015-05-31,ARTL,2015-07-15 00:00:00,2015-07-15 16:10:17,Q3,0.0,0.0,0.0,0.0,0.0,2500.0,0.0,0.0,0.0,2500.0,0.0,0.0,-2500.0,0.0,-2500.0,0.0,0.0,-2500.0,0.0,0.0,-2500.0,0.0,-0.003167,-0.003167,789266.0,789266.0,https://www.sec.gov/Archives/edgar/data/1621221/000155724015000518/0001557240-15-000518-index.html,https://www.sec.gov/Archives/edgar/data/1621221/000155724015000518/2015may31-kknx_10q.htm
