,date,symbol,fillingDate,acceptedDate,period,revenue,costOfRevenue,grossProfit,grossProfitRatio,researchAndDevelopmentExpenses,generalAndAdministrativeExpenses,sellingAndMarketingExpenses,otherExpenses,operatingExpenses,costAndExpenses,interestExpense,depreciationAndAmortization,ebitda,ebitdaratio,operatingIncome,operatingIncomeRatio,totalOtherIncomeExpensesNet,incomeBeforeTax,incomeBeforeTaxRatio,incomeTaxExpense,netIncome,netIncomeRatio,eps,epsdiluted,weightedAverageShsOut,weightedAverageShsOutDil,link,finalLink
0,2020-09-30,MLSS,2020-11-16,2020-11-16 16:15:33,Q3,1246110.0,409621.0,836489.0,0.6712802240572662,21438.0,2291779.0,0.0,0.0,0.0,2722838.0,569.0,0.0,-1460223.0,-1.1718251197727327,-1476728.0,-1.1855269598992064,0.0,-1477297.0,-1.1855269598992064,24717.0,-1490989.0,-1.196514753914181,-0.02,-0.02,65817132,65817132,https://www.sec.gov/Archives/edgar/data/855683/000143774920024013/0001437749-20-024013-index.htm,https://www.sec.gov/Archives/edgar/data/855683/000143774920024013/mlss20200930_10q.htm
0,2020-06-30,MLSS,2020-08-14 00:00:00,2020-08-14 16:02:15,Q2,167674.0,55626.0,112048.0,0.6682491024249436,108170.0,3176768.0,0.0,0.0,0.0,3340564.0,4062.0,0.0,-3151752.0,-18.79690351515441,-3172890.0,-18.9471951524983,0.0,-3176952.0,-18.9471951524983,1250.0,-3166464.0,-18.8846452043847,-0.06,-0.06,56694793,56694793,https://www.sec.gov/Archives/edgar/data/855683/000143774920018031/0001437749-20-018031-index.htm,https://www.sec.gov/Archives/edgar/data/855683/000143774920018031/mlss20200630_10q.htm
0,2020-03-31,MLSS,2020-05-15 00:00:00,2020-05-15 16:16:24,Q1,1811386.0,527250.0,1284136.0,0.7089245472803698,107480.0,2785262.0,0.0,-4210.0,0.0,3419992.0,0.0,0.0,-1571387.0,-0.8675053246519516,-1608606.0,-0.8903143780508407,-4210.0,-1612703.0,-0.8903143780508407,250.0,-1600215.0,-0.8834202097178625,-0.03,-0.03,49730252,49730252,https://www.sec.gov/Archives/edgar/data/855683/000143774920011007/0001437749-20-011007-index.html,https://www.sec.gov/Archives/edgar/data/855683/000143774920011007/mlss20200331_10q.htm
0,2019-12-31,MLSS,2020-03-30,2020-03-30 16:50:36,Q4,2300921.0,761592.0,1539329.0,0.6690055851548141,80108.0,2585465.0,0.0,-2950.0,0.0,3427165.0,0.0,0.0,725005.0,0.3150933908639193,-1126244.0,-1.2681274150655324,-1791769.0,-2917861.0,-1.2681274150655324,-1751.0,-2863356.0,-1.244439074614035,0.0,0.0,0.0,0.0,https://www.sec.gov/Archives/edgar/data/855683/000143774920006563/0001437749-20-006563-index.htm,https://www.sec.gov/Archives/edgar/data/855683/000143774920006563/mlss20191231_10k.htm
0,2019-09-30,MLSS,2019-11-14 00:00:00,2019-11-14 16:03:50,Q3,1899821.0,523672.0,1376149.0,0.7243571894404789,7940.0,2314943.0,0.0,-2633.0,0.0,2846555.0,0.0,0.0,1016182.0,0.5348830231900795,-946734.0,-1.499439684054445,-1902117.0,-2848667.0,-1.499439684054445,1250.0,-2836976.0,-1.4932859464128463,-0.06,-0.06,47721732,47721732,https://www.sec.gov/Archives/edgar/data/855683/000143774919022921/0001437749-19-022921-index.html,https://www.sec.gov/Archives/edgar/data/855683/000143774919022921/mlss20190930_10q.htm
0,2019-06-30,MLSS,2019-08-14,2019-08-14 16:01:26,Q2,2257851.0,752183.0,1505668.0,0.6668588848422682,95529.0,2517970.0,0.0,-2563.0,0.0,3365682.0,0.0,0.0,-1015729.0,-0.44986538084222566,-1107831.0,-0.4861897441416639,9899.0,-1097744.0,-0.4861897441416639,14163.0,-1041284.0,-0.46118366535258526,-0.02,-0.02,45366237,45366237,https://www.sec.gov/Archives/edgar/data/855683/000143774919016799/mlss20190630_10q.htm,https://www.sec.gov/Archives/edgar/data/855683/000143774919016799/mlss20190630_10q.htm
0,2019-03-31,MLSS,2019-04-01 00:00:00,2019-04-01 16:16:41,Q1,1915909.0,618694.0,1297215.0,0.6770754769668079,6346.0,2109050.0,0.0,-2264.0,0.0,2734090.0,0.0,0.0,-832397.0,-0.4344658331893634,-818181.0,-0.4066821545282161,37996.0,-779166.0,-0.4066821545282161,4465.0,-782752.0,-0.4085538509396845,-0.02,-0.02,40531762,40531762,https://www.sec.gov/Archives/edgar/data/855683/000143774919006239/0001437749-19-006239-index.html,https://www.sec.gov/Archives/edgar/data/855683/000143774919006239/mlss20181231_10k.htm
0,2018-12-31,MLSS,2019-04-01 00:00:00,2019-04-01 16:16:41,Q4,3765725.0,1864434.0,1901291.0,0.5048937455602839,29981.0,1896721.0,0.0,-1993.0,0.0,3791136.0,0.0,0.0,773.0,0.00020527255707732242,-25411.0,-0.0069288118489799445,-1993.0,-26092.0,-0.0069288118489799445,6826.0,179868.0,0.047764507498556055,0.0,0.0,0.0,0.0,https://www.sec.gov/Archives/edgar/data/855683/000143774919006239/0001437749-19-006239-index.html,https://www.sec.gov/Archives/edgar/data/855683/000143774919006239/mlss20181231_10k.htm
0,2018-09-30,MLSS,2018-11-14 00:00:00,2018-11-14 16:07:21,Q3,1622246.0,1742451.0,-120205.0,-0.0740978865104306,1500.0,2886081.0,0.0,-1784.0,0.0,4630032.0,0.0,0.0,-1123009.0,-0.6922556751565422,-3007786.0,-2.8034095938593775,-1541578.0,-4547820.0,-2.8034095938593775,1622.0,-4392823.0,-2.707864898418612,-0.12,-0.12,35586995,35586995,https://www.sec.gov/Archives/edgar/data/855683/000143774918020817/0001437749-18-020817-index.html,https://www.sec.gov/Archives/edgar/data/855683/000143774918020817/mlss20180930_10q.htm
0,2018-06-30,MLSS,2018-08-14 00:00:00,2018-08-14 16:25:50,Q2,2428498.0,1021573.0,1406925.0,0.5793395753259833,9775.0,2821837.0,0.0,-1756.0,0.0,3853185.0,0.0,0.0,-1179560.0,-0.48571586223254043,-1424687.0,-0.5865835590558444,-1756.0,-1424517.0,-0.5865835590558444,4075.0,-1343007.0,-0.5530196030632926,-0.04,-0.04,35297906,35297906,https://www.sec.gov/Archives/edgar/data/855683/000143774918015605/0001437749-18-015605-index.html,https://www.sec.gov/Archives/edgar/data/855683/000143774918015605/mlss20180630_10q.htm
0,2018-03-31,MLSS,2018-04-02 00:00:00,2018-04-02 17:12:02,Q1,1805605.0,562676.0,1242929.0,0.6883725953350815,225817.0,3018780.0,0.0,-1700.0,0.0,3807273.0,0.0,0.0,-1736677.0,-0.9618255377006599,-2001668.0,-1.1080518718102796,-1700.0,-2000704.0,-1.1080518718102796,11464.0,-1873978.0,-1.0378670861013344,-0.06,-0.06,34766014,34766014,https://www.sec.gov/Archives/edgar/data/855683/000143774918006069/0001437749-18-006069-index.html,https://www.sec.gov/Archives/edgar/data/855683/000143774918006069/mlss20171231_10k.htm
0,2017-12-31,MLSS,2018-04-02 00:00:00,2018-04-02 17:12:02,Q4,2215336.0,992096.0,1223240.0,0.5521690614877383,30782.0,2934859.0,0.0,-1652.0,0.0,3957737.0,0.0,0.0,-1400506.0,-0.6321867202085824,-1742401.0,-0.7859981510705374,-1652.0,-1741250.0,-0.7859981510705374,754.0,-1789728.0,-0.8078810618344124,0.0,0.0,0.0,0.0,https://www.sec.gov/Archives/edgar/data/855683/000143774918006069/0001437749-18-006069-index.html,https://www.sec.gov/Archives/edgar/data/855683/000143774918006069/mlss20171231_10k.htm
0,2017-09-30,MLSS,2017-11-14 00:00:00,2017-11-14 16:23:16,Q3,2853813.0,1044540.0,1809273.0,0.6339844271506226,16884.0,3205996.0,0.0,-1046.0,0.0,4267420.0,0.0,0.0,-1248739.0,-0.4375686143415844,-1413607.0,-0.4944511080438697,-1046.0,-1411071.0,-0.4944511080438697,6475.0,-1410941.0,-0.49440555495402116,-0.04,-0.04,33573676,33573676,https://www.sec.gov/Archives/edgar/data/855683/000143774917019359/0001437749-17-019359-index.html,https://www.sec.gov/Archives/edgar/data/855683/000143774917019359/mlss20170930_10q.htm
0,2017-06-30,MLSS,2017-08-14 00:00:00,2017-08-14 16:08:50,Q2,2523750.0,873586.0,1650164.0,0.6538539871223378,120065.0,3082534.0,0.0,-1024.0,0.0,4076185.0,0.0,0.0,-1520590.0,-0.6025121347201585,-1552435.0,-0.6146825160970778,-1024.0,-1551305.0,-0.6146825160970778,4664.0,-1478825.0,-0.5859633481921743,-0.05,-0.05,32399997,32399997,https://www.sec.gov/Archives/edgar/data/855683/000143774917014710/0001437749-17-014710-index.html,https://www.sec.gov/Archives/edgar/data/855683/000143774917014710/mlss20170630_10q.htm
0,2017-03-31,MLSS,2017-05-15 00:00:00,2017-05-15 16:09:21,Q1,3688988.0,1402285.0,2286703.0,0.6198727130584323,105015.0,2707620.0,0.0,-1209.0,0.0,4214920.0,0.0,0.0,-491390.0,-0.13320455366078718,-525932.0,-0.14269035301822613,-1209.0,-526383.0,-0.14269035301822613,7201.0,-504868.0,-0.13685813019722481,-0.02,-0.02,32004548,32004548,https://www.sec.gov/Archives/edgar/data/855683/000143774917009224/0001437749-17-009224-index.html,https://www.sec.gov/Archives/edgar/data/855683/000143774917009224/mlss20170331_10q.htm
0,2016-12-31,MLSS,2017-03-31 00:00:00,2017-03-31 16:21:46,Q4,1508279.0,499981.0,1008298.0,0.6685089429740784,514426.0,2323899.0,0.0,0.0,0.0,3338306.0,0.0,0.0,-1789023.0,-1.186135323769674,-1830027.0,-1.2139982059022236,-5088.0,-1831048.0,-1.2139982059022236,-99248.0,-1738837.0,-1.1528616389938466,0.0,0.0,0.0,0.0,https://www.sec.gov/Archives/edgar/data/855683/000143774917005780/0001437749-17-005780-index.html,https://www.sec.gov/Archives/edgar/data/855683/000143774917005780/mlss20161231_10k.htm
0,2016-09-30,MLSS,2016-11-09 00:00:00,2016-11-09 16:12:03,Q3,3186596.0,1517561.0,1669035.0,0.5237673680629737,303268.0,2933950.0,0.0,0.0,0.0,4754779.0,846.0,0.0,-1527705.0,-0.47941596612811915,-1568183.0,-0.4923840361313452,0.0,-1569029.0,-0.4923840361313452,16522.0,-1701250.0,-0.5338769018727193,-0.05,-0.05,29155712,29155712,https://www.sec.gov/Archives/edgar/data/855683/000143774916041564/0001437749-16-041564-index.html,https://www.sec.gov/Archives/edgar/data/855683/000143774916041564/mlss20160907_10q.htm
0,2016-06-30,MLSS,2016-08-11,2016-08-11 16:13:29,Q2,2371710.0,789801.0,1581909.0,0.6669909052961787,309335.0,3290998.0,0.0,0.0,0.0,4390134.0,1004.0,0.0,-1976864.0,-0.8335184318487505,-2018424.0,-0.8514649767467355,0.0,-2019428.0,-0.8514649767467355,16791.0,-1586839.0,-0.6690695742734145,-0.06,-0.06,25989857,25989857,https://www.sec.gov/Archives/edgar/data/855683/000143774916037178/mlss20160623_10q.htm,https://www.sec.gov/Archives/edgar/data/855683/000143774916037178/mlss20160623_10q.htm
0,2016-03-31,MLSS,2016-04-06 00:00:00,2016-04-06 17:26:42,Q1,3569374.0,1368190.0,2201184.0,0.6166862872873506,143442.0,3001130.0,0.0,0.0,0.0,4512762.0,1237.0,0.0,-902762.0,-0.2529188591612983,-943388.0,-0.26456263759415516,0.0,-944323.0,-0.26456263759415516,46834.0,-750059.0,-0.2101374078479868,-0.03,-0.03,22609349,22609349,https://www.sec.gov/Archives/edgar/data/855683/000156459016015942/0001564590-16-015942-index.html,https://www.sec.gov/Archives/edgar/data/855683/000156459016015942/mlss-10k_20151231.htm
0,2015-12-31,MLSS,2016-04-06,2016-04-06 17:26:42,Q4,2494648.0,750098.0,1744550.0,0.6993170980434915,51240.0,2429869.0,0.0,-4715.0,0.0,3231207.0,0.0,0.0,1047905.0,0.4200612671607377,-736559.0,0.4097407730469389,1754551.0,1022159.0,0.4097407730469389,-4594.0,-1405997.0,-0.5636053663683213,0.0,0.0,0.0,0.0,https://www.sec.gov/Archives/edgar/data/855683/000156459016015942/mlss-10k_20151231.htm,https://www.sec.gov/Archives/edgar/data/855683/000156459016015942/mlss-10k_20151231.htm
0,2015-09-30,MLSS,2015-11-12 00:00:00,2015-11-12 13:11:49,Q3,2459958.0,794285.0,1665673.0,0.6771144060183142,20676.0,2480354.0,0.0,-632.0,0.0,3295315.0,411.0,0.0,-1523109.0,-0.6191605710341396,-835357.0,-0.6291782217419972,-711984.0,-1547752.0,-0.6291782217419972,27105.0,-1569202.0,-0.6378978828093813,-0.07,-0.07,21418145,21418145,https://www.sec.gov/Archives/edgar/data/855683/000156459015010524/0001564590-15-010524-index.html,https://www.sec.gov/Archives/edgar/data/855683/000156459015010524/mlss-10q_20150930.htm
0,2015-06-30,MLSS,2015-08-13 00:00:00,2015-08-13 16:22:20,Q2,1766759.0,570729.0,1196030.0,0.6769627323251218,18820.0,2590897.0,0.0,0.0,0.0,3180446.0,1130.0,0.0,-2078437.0,-1.176412289395441,-1413687.0,-1.1914641442324618,-690213.0,-2105030.0,-1.1914641442324618,13646.0,-2072949.0,-1.173306036646764,-0.09,-0.09,22405897,25114399,https://www.sec.gov/Archives/edgar/data/855683/000119312515290050/0001193125-15-290050-index.html,https://www.sec.gov/Archives/edgar/data/855683/000119312515290050/d98554d10q.htm
0,2015-03-31,MLSS,2015-04-01 00:00:00,2015-03-31 20:10:22,Q1,2770204.0,933148.0,1837056.0,0.6631482735567489,10118.0,1898081.0,0.0,0.0,0.0,2841347.0,1210.0,0.0,-48029.0,-0.017337712312883818,-71143.0,-0.15436913671339728,-357701.0,-427634.0,-0.15436913671339728,0.0,-419375.0,-0.15138776783226074,-0.02,-0.02,22346114,22346114,https://www.sec.gov/Archives/edgar/data/855683/000156459015002296/0001564590-15-002296-index.html,https://www.sec.gov/Archives/edgar/data/855683/000156459015002296/mlss-10k_20141231.htm
0,2014-12-31,MLSS,2015-04-01 00:00:00,2015-03-31 20:10:22,Q4,2670226.0,1005815.0,1664411.0,0.6233221457659389,13988.0,2655146.0,0.0,0.0,0.0,3674949.0,0.0,0.0,-1884930.0,-0.7059065412440745,-1004723.0,-0.5111454985458159,-361623.0,-1364874.0,-0.5111454985458159,0.0,-1368911.0,-0.5126573555946201,0.0,0.0,0.0,0.0,https://www.sec.gov/Archives/edgar/data/855683/000156459015002296/0001564590-15-002296-index.html,https://www.sec.gov/Archives/edgar/data/855683/000156459015002296/mlss-10k_20141231.htm
0,2014-09-30,MLSS,2014-11-13 00:00:00,2014-11-13 17:16:26,Q3,2535098.0,829546.0,1705552.0,0.6727755692284875,29370.0,1838388.0,0.0,0.0,0.0,2697304.0,0.0,0.0,-137513.0,-0.05424366237518234,-162206.0,-0.14141070680502293,-197039.0,-358490.0,-0.14141070680502293,0.0,-358490.0,-0.14141070680502293,-0.02,-0.02,21189245,21189245,https://www.sec.gov/Archives/edgar/data/855683/000156459014005667/0001564590-14-005667-index.html,https://www.sec.gov/Archives/edgar/data/855683/000156459014005667/mlss-10q_20140930.htm
0,2014-06-30,MLSS,2014-08-14 00:00:00,2014-08-13 18:59:31,Q2,2506932.0,912406.0,1594526.0,0.636046769517482,29165.0,1517854.0,0.0,0.0,0.0,2459425.0,0.0,0.0,70082.0,0.02795528558413232,47507.0,-0.06759537155375575,-217599.0,-169457.0,-0.06759537155375575,0.0,-169457.0,-0.06759537155375575,-0.01,-0.01,20246281,20248281,https://www.sec.gov/Archives/edgar/data/855683/000156459014003639/0001564590-14-003639-index.html,https://www.sec.gov/Archives/edgar/data/855683/000156459014003639/mlss-10q_20140630.htm
0,2014-03-31,MLSS,2014-05-13 00:00:00,2014-05-13 16:59:33,Q1,2620834.0,882997.0,1737837.0,0.6630854911070293,15720.0,1392869.0,0.0,0.0,0.0,2291586.0,475.0,0.0,218943.0,0.0835394382093639,329248.0,0.07434045803740336,-133939.0,194834.0,0.07434045803740336,0.0,194834.0,0.07434045803740336,0.01,0.01,17787352,18268814,https://www.sec.gov/Archives/edgar/data/855683/000156459014002113/0001564590-14-002113-index.html,https://www.sec.gov/Archives/edgar/data/855683/000156459014002113/mlss-10q_20140331.htm
0,2013-12-31,MLSS,2014-03-13,2014-03-12 19:42:18,Q4,2799447.0,964964.0,1834483.0,0.6553019221296206,13926.0,1488998.0,0.0,0.0,0.0,2467888.0,682.0,0.0,1046984.0,0.37399672149535246,331559.0,0.3649481486879373,690660.0,1021653.0,0.3649481486879373,0.0,1021653.0,0.3649481486879373,0.0,0.0,0.0,0.0,https://www.sec.gov/Archives/edgar/data/855683/000156459014000701/mlss-10k_20131231.htm,https://www.sec.gov/Archives/edgar/data/855683/000156459014000701/mlss-10k_20131231.htm
0,2013-09-30,MLSS,2013-11-12 00:00:00,2013-11-12 15:11:02,Q3,2444195.0,677792.0,1766403.0,0.7226931566425756,12698.0,1317433.0,0.0,0.0,0.0,2007923.0,5550.0,0.0,247947.0,0.10144321545539534,436272.0,0.08940489609053287,-212199.0,218523.0,0.08940489609053287,0.0,218523.0,0.08940489609053287,0.01,0.01,17333941,17716964,https://www.sec.gov/Archives/edgar/data/855683/000156459013001270/0001564590-13-001270-index.html,https://www.sec.gov/Archives/edgar/data/855683/000156459013001270/mlss-10q_20130930.htm
0,2013-06-30,MLSS,2013-08-08 00:00:00,2013-08-07 20:26:36,Q2,2278235.0,744108.0,1534127.0,0.6733840012114641,42885.0,1340129.0,0.0,0.0,0.0,2127122.0,30011.0,0.0,127845.0,0.05611580894859398,151113.0,0.03248523528082046,-47093.0,74009.0,0.03248523528082046,0.0,74009.0,0.03248523528082046,0.00442,0.004339,16744951,17056219,https://www.sec.gov/Archives/edgar/data/855683/000156459013000230/0001564590-13-000230-index.html,https://www.sec.gov/Archives/edgar/data/855683/000156459013000230/mlss-10q_20130630.htm
0,2013-03-31,MLSS,2013-05-07 00:00:00,2013-05-06 20:11:39,Q1,2489542.0,812043.0,1677499.0,0.6738183167827657,121837.0,1387901.0,0.0,17543.0,0.0,2321781.0,34558.0,0.0,209079.0,0.08398291733981592,167761.0,0.06055169987089995,17543.0,150746.0,0.06055169987089995,0.0,150746.0,0.06055169987089995,0.01,0.01,16351894,16752580,https://www.sec.gov/Archives/edgar/data/855683/000095012313003444/0000950123-13-003444-index.html,https://www.sec.gov/Archives/edgar/data/855683/000095012313003444/mlss-10q_20130331.htm
0,2012-12-31,MLSS,2013-03-13 00:00:00,2013-03-13 17:07:50,Q4,2270668.0,913330.0,1357338.0,0.5977703477566954,42803.0,1599778.0,0.0,0.0,0.0,2555911.0,33688.0,0.0,-432672.0,-0.19054833203268817,-285243.0,0.0,-46837.0,0.0,0.0,0.0,-365735.0,-0.1610693417091358,0.0,0.0,0.0,0.0,https://www.sec.gov/Archives/edgar/data/855683/000119312513105429/0001193125-13-105429-index.html,https://www.sec.gov/Archives/edgar/data/855683/000119312513105429/d443959d10k.htm
0,2012-09-30,MLSS,2012-11-09 00:00:00,2012-11-09 16:27:04,Q3,2129241.0,625710.0,1503531.0,0.7061347212457397,60363.0,1391521.0,0.0,0.0,0.0,2077594.0,36497.0,0.0,75222.0,0.03532808169671728,51647.0,0.0,0.0,0.0,0.0,0.0,15151.0,0.007115681127688223,0.0,0.0,16244800,16369814,https://www.sec.gov/Archives/edgar/data/855683/000119312512463395/0001193125-12-463395-index.html,https://www.sec.gov/Archives/edgar/data/855683/000119312512463395/d398039d10q.htm
0,2012-06-30,MLSS,2012-08-09 00:00:00,2012-08-09 14:50:02,Q2,2326976.0,854005.0,1472971.0,0.6329979337990593,39502.0,1487076.0,0.0,0.0,0.0,2380583.0,64850.0,0.0,-29760.0,-0.012789130614153304,-53607.0,0.0,-46084.0,0.0,0.0,0.0,-164541.0,-0.07071022649137765,-0.01,-0.01,15975822,15975822,https://www.sec.gov/Archives/edgar/data/855683/000119312512347153/0001193125-12-347153-index.html,https://www.sec.gov/Archives/edgar/data/855683/000119312512347153/d332269d10q.htm
0,2012-03-31,MLSS,2012-05-10,2012-05-10 17:12:59,Q1,1921358.0,662946.0,1258412.0,0.6549596691506736,39311.0,1452252.0,0.0,0.0,0.0,2154509.0,43935.0,0.0,-208994.0,-0.10877410664748578,-233151.0,0.0,-78095.0,0.0,0.0,0.0,-355181.0,-0.18485935468559217,-0.02,-0.02,15338367,15338367,https://www.sec.gov/Archives/edgar/data/855683/000119312512225907/d344045d10q.htm,https://www.sec.gov/Archives/edgar/data/855683/000119312512225907/d344045d10q.htm
0,2011-12-31,MLSS,2012-03-13 00:00:00,2012-03-13 15:38:00,Q4,1742111.0,671451.0,1070660.0,0.6145762239030693,47513.0,1323170.0,0.0,0.0,0.0,2042134.0,38361.0,0.0,-208688.0,-0.11979030038843679,-300023.0,0.0,-66668.0,0.0,0.0,0.0,-405051.0,-0.2325058506604918,0.0,0.0,0.0,0.0,https://www.sec.gov/Archives/edgar/data/855683/000119312512111926/0001193125-12-111926-index.html,https://www.sec.gov/Archives/edgar/data/855683/000119312512111926/d307682d10k.htm
0,2011-09-30,MLSS,2011-11-10 00:00:00,2011-11-10 17:11:12,Q3,1745876.0,597528.0,1148348.0,0.6577488893827511,-7403.0,1695908.0,0.0,0.0,0.0,2286033.0,37168.0,0.0,-453012.0,-0.2594754724848729,-540157.0,0.0,-60027.0,0.0,0.0,0.0,-637338.0,-0.3650534173102786,-0.04,-0.04,15121221,15121221,https://www.sec.gov/Archives/edgar/data/855683/000095012311097653/0000950123-11-097653-index.html,https://www.sec.gov/Archives/edgar/data/855683/000095012311097653/c24203e10vq.htm
0,2011-06-30,MLSS,2011-08-12 00:00:00,2011-08-12 10:58:56,Q2,2464119.0,868074.0,1596045.0,0.6477142540599703,56225.0,1801668.0,0.0,0.0,0.0,2725967.0,36223.0,0.0,-234834.0,-0.09530140386888783,-261848.0,0.0,0.0,0.0,0.0,0.0,-298066.0,-0.12096250221681663,-0.02,-0.02,15046728,15046728,https://www.sec.gov/Archives/edgar/data/855683/000095012311076550/0000950123-11-076550-index.html,https://www.sec.gov/Archives/edgar/data/855683/000095012311076550/c20212e10vq.htm
0,2011-03-31,MLSS,2011-05-09 00:00:00,2011-05-09 09:29:09,Q1,2425988.0,879588.0,1546400.0,0.6374310177956363,43718.0,1624255.0,0.0,0.0,0.0,2547561.0,19386.0,0.0,-94282.0,-0.038863341450988215,-121573.0,0.0,-699.0,0.0,0.0,0.0,-141644.0,-0.05838610908215539,-0.01,-0.01,14875541,14875541,https://www.sec.gov/Archives/edgar/data/855683/000095012311047082/0000950123-11-047082-index.html,https://www.sec.gov/Archives/edgar/data/855683/000095012311047082/c16617e10vq.htm
0,2010-12-31,MLSS,2011-03-30,2011-03-30 13:11:13,Q4,2041832.0,743099.0,1298733.0,0.6360626143580863,41760.0,1624068.0,0.0,0.0,0.0,2408927.0,47197.0,0.0,-459459.0,-0.22502292059287934,-367095.0,0.0,118961.0,0.0,0.0,0.0,-295264.0,-0.14460739179325233,0.0,0.0,0.0,0.0,https://www.sec.gov/Archives/edgar/data/855683/000095012311030644/c14776e10vk.htm,https://www.sec.gov/Archives/edgar/data/855683/000095012311030644/c14776e10vk.htm
0,2010-09-30,MLSS,2010-11-15 00:00:00,2010-11-15 06:01:59,Q3,1926889.0,725795.0,1201094.0,0.6233332589474536,60533.0,1704896.0,0.0,0.0,0.0,2491224.0,19251.0,0.0,-541214.0,-0.28087450808012293,-564335.0,0.0,0.0,0.0,0.0,0.0,-583526.0,-0.302833219765124,-0.04,-0.04,14862549,14862549,https://www.sec.gov/Archives/edgar/data/855683/000095012310105238/0000950123-10-105238-index.html,https://www.sec.gov/Archives/edgar/data/855683/000095012310105238/c08429e10vq.htm
0,2010-06-30,MLSS,2010-08-10 00:00:00,2010-08-10 16:27:54,Q2,3218669.0,1161847.0,2056822.0,0.6390287413834724,79736.0,1778193.0,0.0,0.0,0.0,3019776.0,18645.0,0.0,238752.0,0.07417724531475588,198893.0,0.0,0.0,0.0,0.0,0.0,180360.0,0.05603558489549562,0.01,0.01,14795432,15172700,https://www.sec.gov/Archives/edgar/data/855683/000095012310075649/0000950123-10-075649-index.html,https://www.sec.gov/Archives/edgar/data/855683/000095012310075649/c04564e10vq.htm
0,2010-03-31,MLSS,2010-05-12 00:00:00,2010-05-12 12:47:13,Q1,2562578.0,900712.0,1661866.0,0.6485133330575694,88464.0,1541702.0,0.0,0.0,0.0,2530878.0,9343.0,0.0,9544.0,0.003724374438553675,31700.0,0.0,61217.0,0.0,0.0,0.0,83922.0,0.03274905193129731,0.01,0.01,13875278,14320821,https://www.sec.gov/Archives/edgar/data/855683/000095012310048303/0000950123-10-048303-index.html,https://www.sec.gov/Archives/edgar/data/855683/000095012310048303/c00872e10vq.htm
0,2009-12-31,MLSS,2010-03-10 00:00:00,2010-03-10 16:14:33,Q4,2398076.0,969985.0,1428091.0,0.5955153214493619,83377.0,1992976.0,0.0,0.0,0.0,3046338.0,14783.0,0.0,-617080.0,-0.2573229539013776,-648262.0,0.0,0.0,0.0,0.0,0.0,61369.0,0.025590932063871204,0.0,0.0,0.0,0.0,https://www.sec.gov/Archives/edgar/data/855683/000095012310023053/0000950123-10-023053-index.html,https://www.sec.gov/Archives/edgar/data/855683/000095012310023053/c97496e10vk.htm
0,2009-09-30,MLSS,2009-11-12 00:00:00,2009-11-12 12:08:22,Q3,1909263.0,709003.0,1200260.0,0.6286509506547815,57972.0,1477948.0,0.0,0.0,0.0,2244923.0,38105.0,0.0,-305692.0,-0.16010994818419463,-335660.0,0.0,0.0,0.0,0.0,0.0,-373270.0,-0.19550475759494632,-0.03,-0.03,13486513,13486513,https://www.sec.gov/Archives/edgar/data/855683/000095012309061578/0000950123-09-061578-index.html,https://www.sec.gov/Archives/edgar/data/855683/000095012309061578/c92409e10vq.htm
0,2009-06-30,MLSS,2009-08-07 00:00:00,2009-08-07 11:33:09,Q2,2036902.0,862741.0,1174161.0,0.576444522122321,32347.0,1753237.0,0.0,0.0,0.0,2648325.0,45861.0,0.0,-579971.0,-0.28473191150089694,-611423.0,0.0,0.0,0.0,0.0,0.0,-656542.0,-0.3223238035015921,-0.05,-0.05,13062102,13062102,https://www.sec.gov/Archives/edgar/data/855683/000095012309031813/0000950123-09-031813-index.html,https://www.sec.gov/Archives/edgar/data/855683/000095012309031813/c88912e10vq.htm
0,2009-03-31,MLSS,2009-05-07 00:00:00,2009-05-07 15:48:50,Q1,2204819.0,916550.0,1288269.0,0.5842969422886868,67622.0,1728815.0,0.0,0.0,0.0,2712987.0,55278.0,0.0,-474384.0,-0.21515779753349368,-508168.0,0.0,0.0,0.0,0.0,0.0,-561642.0,-0.25473383529441646,-0.05,-0.05,12458115,12458115,https://www.sec.gov/Archives/edgar/data/855683/000136231009006759/0001362310-09-006759-index.html,https://www.sec.gov/Archives/edgar/data/855683/000136231009006759/c84663e10vq.htm
0,2008-12-31,MLSS,2009-03-17 00:00:00,2009-03-17 15:11:46,Q4,1853549.0,882358.0,971191.0,0.5239629489158366,49016.0,1463625.0,0.0,0.0,0.0,2394999.0,21297.0,0.0,-506442.0,-0.2732282772130653,-541450.0,0.0,0.0,0.0,0.0,0.0,88281.0,0.04762809075994214,0.0,0.0,0.0,0.0,https://www.sec.gov/Archives/edgar/data/855683/000136231009003961/0001362310-09-003961-index.html,https://www.sec.gov/Archives/edgar/data/855683/000136231009003961/c82534e10vk.htm
0,2008-09-30,MLSS,2008-11-14 00:00:00,2008-11-14 09:30:56,Q3,1818215.0,740398.0,1077817.0,0.5927885316092981,35181.0,1199353.0,0.0,0.0,0.0,1974932.0,31789.0,0.0,-125283.0,-0.06890439249483697,-156717.0,-0.10270127570171844,0.0,-186733.0,-0.10270127570171844,0.0,-186733.0,-0.10270127570171844,-0.02,-0.02,12709260,12709260,https://www.sec.gov/Archives/edgar/data/855683/000095012308015388/0000950123-08-015388-index.html,https://www.sec.gov/Archives/edgar/data/855683/000095012308015388/y72472e10vq.htm
0,2008-06-30,MLSS,2008-08-14 00:00:00,2008-08-14 10:26:26,Q2,1549890.0,594437.0,955453.0,0.6164650394544129,36000.0,1367807.0,0.0,0.0,0.0,1998244.0,26235.0,0.0,-417235.0,-0.2692029756950493,-448354.0,0.0,0.0,0.0,0.0,0.0,-473118.0,-0.30525908290265763,-0.04,-0.04,12228792,12228792,https://www.sec.gov/Archives/edgar/data/855683/000095012308009542/0000950123-08-009542-index.html,https://www.sec.gov/Archives/edgar/data/855683/000095012308009542/y65270e10vq.htm
0,2008-03-31,MLSS,2008-05-15 00:00:00,2008-05-15 10:00:31,Q1,1402153.0,463924.0,938229.0,0.6691345380996225,48319.0,1471978.0,0.0,0.0,0.0,1984221.0,37053.0,0.0,-552385.0,-0.3939548679780309,-582068.0,0.0,0.0,0.0,0.0,0.0,-615885.0,-0.43924236513419007,-0.05,-0.05,12262256,12262256,https://www.sec.gov/Archives/edgar/data/855683/000095012308005705/0000950123-08-005705-index.html,https://www.sec.gov/Archives/edgar/data/855683/000095012308005705/y57825e10vq.htm
0,2007-12-31,MLSS,2008-03-31,2008-03-31 13:51:56,Q4,1111134.0,483241.0,627893.0,0.5650920591035825,51816.0,1455880.0,0.0,0.0,0.0,1990937.0,14153.0,0.0,-1376848.0,-1.2391376737639204,-879803.0,0.0,542734.0,0.0,0.0,0.0,-352873.0,-0.3175791578693479,0.0,0.0,0.0,0.0,https://www.sec.gov/Archives/edgar/data/855683/000095012308003580/y52435e10ksb.htm,https://www.sec.gov/Archives/edgar/data/855683/000095012308003580/y52435e10ksb.htm
0,2007-09-30,MLSS,2007-11-13,2007-11-13 17:02:46,Q3,1163445.0,629909.0,533536.0,0.4585829153935081,45574.0,1233234.0,0.0,0.0,0.0,1908717.0,5599.0,0.0,-471474.0,-0.405239611670513,-745272.0,0.8438628383808431,-232259.0,981788.0,0.8438628383808431,0.0,-981788.0,-0.8438628383808431,-0.08,-0.08,12096518,12096518,https://www.sec.gov/Archives/edgar/data/855683/000095012307015395/y42517e10qsb.htm,https://www.sec.gov/Archives/edgar/data/855683/000095012307015395/y42517e10qsb.htm
0,2007-06-30,MLSS,2007-08-16,2007-08-16 14:39:06,Q2,1806171.0,947936.0,858235.0,0.47516818728680726,121398.0,1809554.0,0.0,0.0,0.0,2878888.0,0.0,0.0,-1041596.0,-0.5766873679180986,-1072717.0,0.0,0.0,0.0,0.0,0.0,-1068918.0,-0.5918143963113127,-0.09,-0.09,12043103,12043103,https://www.sec.gov/Archives/edgar/data/855683/000095012307011619/y38378e10qsb.htm,https://www.sec.gov/Archives/edgar/data/855683/000095012307011619/y38378e10qsb.htm
0,2007-03-31,MLSS,2007-05-16,2007-05-16 17:22:02,Q1,2309963.0,836962.0,1473001.0,0.637672984372477,178566.0,1836888.0,0.0,0.0,0.0,2852416.0,0.0,0.0,-511888.0,-0.2216000862351475,-542453.0,0.0,0.0,0.0,0.0,0.0,-535117.0,-0.23165609146120522,-0.05,-0.05,11958098,11958098,https://www.sec.gov/Archives/edgar/data/855683/000095012307007576/y35095e10qsb.htm,https://www.sec.gov/Archives/edgar/data/855683/000095012307007576/y35095e10qsb.htm
0,2006-12-31,MLSS,2007-04-02,2007-04-02 17:24:55,Q4,1449804.0,1051257.0,398547.0,0.274897158512461,245046.0,1344043.0,0.0,0.0,0.0,2640347.0,0.0,0.0,-1162161.0,-0.8015986988586044,-1190543.0,0.0,0.0,0.0,0.0,0.0,-891616.0,-0.6149907159864368,0.0,0.0,0.0,0.0,https://www.sec.gov/Archives/edgar/data/855683/000095012307004882/y32714e10ksb.htm,https://www.sec.gov/Archives/edgar/data/855683/000095012307004882/y32714e10ksb.htm
0,2006-09-30,MLSS,,,Q3,1221323.0,523044.0,698279.0,0.5717398264013697,206057.0,1132776.0,0.0,0.0,0.0,1861877.0,0.0,0.0,-610258.0,-0.4996696205672046,-640554.0,0.0,0.0,0.0,0.0,0.0,-621057.0,-0.5085116713596649,-0.05,-0.05,11790251,11790251,,
0,2006-06-30,MLSS,,,Q2,1475294.0,693761.0,781533.0,0.5297472910484283,390741.0,1369497.0,0.0,0.0,0.0,2453999.0,0.0,0.0,-948632.0,-0.643012172489009,-978705.0,0.0,0.0,0.0,0.0,0.0,-954015.0,-0.6466609367353219,-0.08,-0.08,11768940,11768940,,
0,2006-03-31,MLSS,,,Q1,1697756.0,767583.0,930173.0,0.5478837948444888,163442.0,1479714.0,0.0,0.0,0.0,2410739.0,0.0,0.0,-682971.0,-0.40227865488326947,-712983.0,0.0,0.0,0.0,0.0,0.0,-685579.0,-0.40381480024220207,-0.06,-0.06,11741578,11741578,,
0,2005-12-31,MLSS,,,Q4,1479080.0,567640.0,911440.0,0.6162208940692863,131193.0,1599491.0,0.0,0.0,0.0,2298324.0,0.0,0.0,-1326016.0,-0.8965140492738729,-819244.0,0.0,506772.0,0.0,0.0,0.0,-473119.0,-0.3198738404954431,0.0,0.0,0.0,0.0,,
0,2005-09-30,MLSS,2005-11-14,2005-11-14 11:44:19,Q3,1820224.0,673767.0,1146457.0,0.6298439093210506,53678.0,1738286.0,0.0,0.0,0.0,2465731.0,0.0,0.0,-438744.0,-0.2410384655954432,-645507.0,0.0,252842.0,0.0,0.0,0.0,-612375.0,-0.33642837365071554,-0.05,-0.05,11366617,11366617,https://www.sec.gov/Archives/edgar/data/855683/000112528205005918/b409788_ten-qsb.htm,https://www.sec.gov/Archives/edgar/data/855683/000112528205005918/b409788_ten-qsb.htm
0,2005-06-30,MLSS,,,Q2,1675941.0,538604.0,1137337.0,0.678625918215498,69844.0,1854562.0,0.0,0.0,0.0,2463010.0,0.0,0.0,-950628.0,-0.5672204451111346,-787069.0,0.0,192905.0,0.0,0.0,0.0,-789790.0,-0.4712516729407539,-0.07,-0.07,10931052,10931052,,
0,2005-03-31,MLSS,,,Q1,1457903.0,714706.0,743197.0,0.5097712262064075,31545.0,1601693.0,0.0,0.0,0.0,2347944.0,0.0,0.0,-862634.0,-0.5916950579016573,-890041.0,0.0,0.0,0.0,0.0,0.0,-878943.0,-0.6028816731977368,-0.09,-0.09,9882041.0,9882041.0,,
0,2004-12-31,MLSS,,,Q4,1358898.0,536412.0,822486.0,0.6052595559048582,52692.0,1350608.0,0.0,0.0,0.0,1939712.0,2317.0,0.0,-558039.0,-0.41065554589086156,-580814.0,0.0,0.0,0.0,0.0,0.0,-567216.0,-0.4174088121404256,0.0,0.0,0.0,0.0,,
0,2004-09-30,MLSS,,,Q3,1110043.0,563730.0,546313.0,0.49215480841733156,41679.0,1608176.0,0.0,0.0,0.0,2213585.0,0.0,0.0,-1089376.0,-0.9813818023265766,-1103542.0,0.0,0.0,0.0,0.0,0.0,-1083176.0,-0.9757964331111497,-0.11,-0.11,9667381.0,9667381.0,,
0,2004-06-30,MLSS,,,Q2,1188022.0,769383.0,418639.0,0.3523832050248228,52409.0,1211917.0,0.0,0.0,0.0,2033709.0,10867.0,0.0,-826557.0,-0.6957421663908581,-845687.0,0.0,0.0,0.0,0.0,0.0,-827678.0,-0.6966857516106604,-0.09,-0.09,9690365.0,9690365.0,,
0,2004-03-31,MLSS,,,Q1,1094223.0,546300.0,547923.0,0.5007416221373523,41211.0,984868.0,0.0,0.0,0.0,1572379.0,52771.0,0.0,-432304.0,-0.3950785169019478,-478156.0,0.0,0.0,0.0,0.0,0.0,-518793.0,-0.47411999199431926,-0.07,-0.07,7566255.0,7566255.0,,
0,2003-12-31,MLSS,,,Q4,870426.0,442851.0,427575.0,0.4912249863859765,18857.0,1077867.0,0.0,0.0,0.0,1460552.0,35400.0,0.0,-524152.0,-0.6021787033016017,-590126.0,0.0,0.0,0.0,0.0,0.0,-625526.0,-0.7186435147847147,0.0,0.0,0.0,0.0,,
0,2003-09-30,MLSS,,,Q3,966591.0,511867.0,454724.0,0.47044096210289565,29066.0,891322.0,0.0,0.0,13150.0,1445405.0,149766.0,0.0,-428132.0,-0.4429298431291001,-478814.0,0.0,-13150.0,0.0,0.0,0.0,-628580.0,-0.6503060756824758,-0.150015,-0.150015,4228687.0,4228687.0,,
0,2003-06-30,MLSS,,,Q2,1008965.0,499337.0,509628.0,0.5050997804681034,51091.0,841435.0,0.0,0.0,13150.0,1405013.0,0.0,0.0,-262216.0,-0.2598861209258993,-396048.0,0.0,-13150.0,0.0,0.0,0.0,-650558.0,-0.6447775690930805,-0.150015,-0.150015,4210702.0,4210702.0,,
0,2003-03-31,MLSS,,,Q1,1125725.0,549084.0,576641.0,0.5122396677696596,32001.0,758981.0,0.0,0.0,52723.0,1392789.0,0.0,0.0,-103309.0,-0.09177108085900197,-267064.0,0.0,-52723.0,0.0,0.0,0.0,-508245.0,-0.4514823780230518,-0.120012,-0.120012,4210702.0,4210702.0,,
0,2002-12-31,MLSS,,,Q4,858099.0,481886.0,376213.0,0.4384261023494958,83781.0,876187.0,0.0,0.0,0.0,1467921.0,234123.0,0.0,-475079.0,-0.5536412465228371,-609822.0,0.0,-18067.0,0.0,0.0,0.0,-835945.0,-0.9741824661257035,0.0,0.0,0.0,0.0,,
0,2002-09-30,MLSS,,,Q3,1034190.0,517292.0,516898.0,0.4998095127587774,18549.0,877441.0,0.0,0.0,0.0,1413282.0,226739.0,0.0,-277814.0,-0.26862955549753914,-379092.0,0.0,24000.0,0.0,0.0,0.0,-581831.0,-0.5625958479583055,-0.150015,-0.150015,4137125.0,4137125.0,,
0,2002-06-30,MLSS,,,Q2,1160129.0,515756.0,644373.0,0.5554321976262985,15084.0,937932.0,0.0,0.0,0.0,1468772.0,217567.0,0.0,-195426.0,-0.16845195663585688,-308643.0,0.0,24000.0,0.0,0.0,0.0,-502210.0,-0.43289151465052594,-0.120012,-0.120012,4081548.0,4081548.0,,
0,2002-03-31,MLSS,,,Q1,1021588.0,466015.0,555573.0,0.5438327388340505,30295.0,897276.0,0.0,0.0,0.0,1393586.0,172213.0,0.0,-357181.0,-0.34963312020109866,-371998.0,0.0,24000.0,0.0,0.0,0.0,-520211.0,-0.5092180017776247,-0.120012,-0.120012,4031664.0,4031664.0,,
0,2001-12-31,MLSS,,,Q4,1114122.0,539349.0,574773.0,0.5158977203573756,18187.0,1056493.0,0.0,0.0,0.0,1614029.0,301369.0,0.0,-356454.0,-0.31994162219218364,-499907.0,0.0,0.0,0.0,0.0,0.0,-736740.0,-0.6612740794993726,0.0,0.0,0.0,0.0,,
0,2001-09-30,MLSS,,,Q3,798776.0,377250.0,421526.0,0.5277149038028183,3675.0,1042414.0,0.0,0.0,0.0,1423339.0,186033.0,0.0,-526304.0,-0.6588880987911505,-624563.0,0.0,0.0,0.0,0.0,0.0,-810317.0,-1.0144483559846564,-0.210021,-0.210021,3757239.0,3757239.0,,
0,2001-06-30,MLSS,,,Q2,918441.0,484720.0,433721.0,0.4722361044422015,9363.0,1358577.0,0.0,0.0,0.0,1852660.0,176165.0,0.0,-859302.0,-0.9356093641289969,-934219.0,0.0,0.0,0.0,0.0,0.0,-1109200.0,-1.2076986981199664,-0.30003,-0.30003,3757239.0,3757239.0,,
0,2001-03-31,MLSS,,,Q1,1262371.0,571837.0,690534.0,0.5470135166286297,18718.0,1813548.0,0.0,0.0,0.0,2404103.0,195015.0,0.0,-1023184.0,-0.8105255903375473,-1141732.0,-1.0577896672214429,0.0,-1335323.0,-1.0577896672214429,0.0,-1335323.0,-1.0577896672214429,-0.360036,-0.360036,3584246.0,3584246.0,,
0,2000-12-31,MLSS,,,Q4,1208475.0,1293038.0,-84563.0,-0.0699749684519746,135236.0,3485254.0,0.0,0.0,0.0,5084024.0,319777.0,0.0,-3687270.0,-3.0511760690125986,-3875549.0,0.0,-17783.0,0.0,0.0,0.0,-4208769.0,-3.482710854589462,0.0,0.0,0.0,0.0,,
0,2000-09-30,MLSS,,,Q3,1532079.0,700598.0,831481.0,0.5427141811877847,52064.0,1552890.0,0.0,0.0,0.0,2496650.0,62430.0,0.0,-773473.0,-0.504851903850911,-964571.0,0.0,0.0,0.0,0.0,0.0,-1025477.0,-0.6693368945073981,-0.30003,-0.30003,3550610.0,3550610.0,,
0,2000-06-30,MLSS,,,Q2,1523004.0,453561.0,1069443.0,0.7021931656121717,97750.0,1824484.0,0.0,0.0,0.0,2554082.0,0.0,0.0,-852791.0,-0.5599400920811765,-1031078.0,0.0,0.0,0.0,0.0,0.0,-1063221.0,-0.6981078184955523,-0.30003,-0.30003,3441815.0,3441815.0,,
0,2000-03-31,MLSS,,,Q1,1410793.0,460969.0,949824.0,0.6732553960786593,101200.0,1635327.0,0.0,0.0,0.0,2376235.0,18445.0,0.0,-558202.0,-0.3956654165423276,-965442.0,0.0,-228501.0,0.0,0.0,0.0,-1212388.0,-0.8593663280155204,-0.360036,-0.360036,3333020.0,3333020.0,,
0,1999-12-31,MLSS,,,Q4,855463.0,439462.0,416001.0,0.4862875425354457,55332.0,1809543.0,0.0,0.0,0.0,2437194.0,0.0,0.0,-741279.0,-0.8665237421139196,-1581731.0,0.0,-707595.0,0.0,0.0,0.0,-2272312.0,-2.6562364473974913,0.0,0.0,0.0,0.0,,
0,1999-09-30,MLSS,,,Q3,500000.0,0.0,500000.0,1.0,300000.0,1500000.0,0.0,0.0,0.0,2000000.0,0.0,0.0,-1300000.0,-2.6,-1500000.0,0.0,0.0,0.0,0.0,0.0,-1500000.0,-3.0,-0.54,-0.54,2777778.0,2777778.0,,
0,1999-06-30,MLSS,,,Q2,900000.0,100000.0,800000.0,0.8888888888888888,0.0,2000000.0,0.0,0.0,0.0,2300000.0,0.0,0.0,-1200000.0,-1.3333333333333333,-1400000.0,0.0,0.0,0.0,0.0,0.0,-1600000.0,-1.7777777777777777,-0.54,-0.54,2962963.0,2962963.0,,
0,1999-03-31,MLSS,,,Q1,700000.0,300000.0,400000.0,0.5714285714285714,0.0,1700000.0,0.0,0.0,0.0,2200000.0,0.0,0.0,-1300000.0,-1.8571428571428572,-1500000.0,0.0,0.0,0.0,0.0,0.0,-1600000.0,-2.2857142857142856,-0.54,-0.54,2962963.0,2962963.0,,
0,1998-12-31,MLSS,,,Q4,1200000.0,4500000.0,-3300000.0,-2.75,0.0,1900000.0,0.0,0.0,0.0,6400000.0,0.0,0.0,-5200000.0,-4.333333333333333,-5200000.0,0.0,0.0,0.0,0.0,0.0,-5300000.0,-4.416666666666667,0.0,0.0,0.0,0.0,,
0,1998-09-30,MLSS,,,Q3,500000.0,400000.0,100000.0,0.2,100000.0,2400000.0,0.0,0.0,0.0,3100000.0,0.0,0.0,-2400000.0,-4.8,-2600000.0,0.0,100000.0,0.0,0.0,0.0,-2600000.0,-5.2,-0.9,-0.9,2888889.0,2888889.0,,
0,1998-06-30,MLSS,,,Q2,1900000.0,2100000.0,-200000.0,-0.10526315789473684,100000.0,2700000.0,0.0,0.0,0.0,5100000.0,0.0,0.0,-3100000.0,-1.631578947368421,-3200000.0,0.0,100000.0,0.0,0.0,0.0,-3200000.0,-1.6842105263157894,-1.08,-1.08,2962963.0,2962963.0,,
0,1998-03-31,MLSS,,,Q1,5300000.0,2600000.0,2700000.0,0.5094339622641509,100000.0,2300000.0,0.0,0.0,0.0,5100000.0,0.0,0.0,100000.0,0.018867924528301886,200000.0,0.0,200000.0,0.0,0.0,0.0,400000.0,0.07547169811320754,0.12,0.12,3333333.0,3333333.0,,
0,1997-12-31,MLSS,,,Q4,600000.0,400000.0,200000.0,0.3333333333333333,600000.0,4100000.0,0.0,0.0,0.0,5200000.0,0.0,0.0,-4500000.0,-7.5,-4600000.0,0.0,0.0,0.0,0.0,0.0,-4200000.0,-7.0,0.0,0.0,0.0,0.0,,
0,1997-09-30,MLSS,,,Q3,700000.0,400000.0,300000.0,0.42857142857142855,100000.0,1400000.0,0.0,0.0,0.0,2000000.0,0.0,0.0,-1200000.0,-1.7142857142857142,-1300000.0,0.0,0.0,0.0,0.0,0.0,-1300000.0,-1.8571428571428572,-0.69,-0.69,1884058.0,1884058.0,,
0,1997-06-30,MLSS,,,Q2,900000.0,400000.0,500000.0,0.5555555555555556,200000.0,1300000.0,0.0,0.0,0.0,2000000.0,0.0,0.0,-1000000.0,-1.1111111111111112,-1100000.0,0.0,0.0,0.0,0.0,0.0,-1200000.0,-1.3333333333333333,-0.63,-0.63,1904762.0,1904762.0,,
0,1997-03-31,MLSS,,,Q1,800000.0,400000.0,400000.0,0.5,100000.0,900000.0,0.0,0.0,0.0,1500000.0,0.0,0.0,-600000.0,-0.75,-700000.0,0.0,0.0,0.0,0.0,0.0,-700000.0,-0.875,-0.42,-0.42,1666667.0,1666667.0,,
0,1996-12-31,MLSS,,,Q4,100000.0,0.0,0.0,0.0,100000.0,600000.0,0.0,0.0,0.0,800000.0,0.0,0.0,-800000.0,-8.0,-700000.0,0.0,100000.0,0.0,0.0,0.0,-500000.0,-5.0,0.0,0.0,0.0,0.0,,
0,1996-09-30,MLSS,,,Q3,100000.0,0.0,100000.0,1.0,0.0,800000.0,0.0,0.0,0.0,900000.0,0.0,0.0,-700000.0,-7.0,-800000.0,0.0,0.0,0.0,0.0,0.0,-700000.0,-7.0,-0.48,-0.48,1458333.0,1458333.0,,
