,date,symbol,fillingDate,acceptedDate,period,revenue,costOfRevenue,grossProfit,grossProfitRatio,researchAndDevelopmentExpenses,generalAndAdministrativeExpenses,sellingAndMarketingExpenses,otherExpenses,operatingExpenses,costAndExpenses,interestExpense,depreciationAndAmortization,ebitda,ebitdaratio,operatingIncome,operatingIncomeRatio,totalOtherIncomeExpensesNet,incomeBeforeTax,incomeBeforeTaxRatio,incomeTaxExpense,netIncome,netIncomeRatio,eps,epsdiluted,weightedAverageShsOut,weightedAverageShsOutDil,link,finalLink
0,2020-09-30,APS.TO,2020-09-30,2020-09-30,Q3,0.0,0.0,0.0,0.0,7519000.0,5742000.0,0.0,0.0,0.0,13294000,0.0,33000.0,-13140000,0.0,-13294000,0.0,-1000.0,-13249000,0.0,0.0,-13249000,0.0,-0.15,-0.15,85860000,85860000,https://www.sedar.com/ModifyCompanyDocumentSearchForm.do?lang=EN&company_search=Aptose Biosciences Inc&document_selection=0&industry_group=A&FromDate=13&FromMonth=05&FromYear=2000&ToDate=13&ToMonth=11&ToYear=2020&Variable=Issuer,https://www.sedar.com/ModifyCompanyDocumentSearchForm.do?lang=EN&company_search=Aptose Biosciences Inc&document_selection=0&industry_group=A&FromDate=13&FromMonth=05&FromYear=2000&ToDate=13&ToMonth=11&ToYear=2020&Variable=Issuer
0,2020-06-30,APS.TO,2020-06-30,2020-06-30,Q2,0.0,0.0,0.0,0.0,6866000.0,8982000.0,0.0,0.0,0.0,15881000,0.0,33000.0,-15744000,0.0,-15881000,0.0,15000.0,-15750000,0.0,0.0,-15750000,0.0,-0.21,-0.21,76275000,76275000,https://www.sedar.com/ModifyCompanyDocumentSearchForm.do?lang=EN&company_search=Aptose Biosciences Inc&document_selection=0&industry_group=A&FromDate=13&FromMonth=05&FromYear=2000&ToDate=13&ToMonth=11&ToYear=2020&Variable=Issuer,https://www.sedar.com/ModifyCompanyDocumentSearchForm.do?lang=EN&company_search=Aptose Biosciences Inc&document_selection=0&industry_group=A&FromDate=13&FromMonth=05&FromYear=2000&ToDate=13&ToMonth=11&ToYear=2020&Variable=Issuer
0,2020-03-31,APS.TO,2020-03-31,2020-03-31,Q1,0.0,0.0,0.0,0.0,5934000.0,5866000.0,0.0,0.0,0.0,11834000,0.0,34000.0,-11663000,0.0,-11834000,0.0,-15000.0,-11526000,0.0,0.0,-11526000,0.0,-0.15,-0.15,76227000,76227000,https://www.sedar.com/ModifyCompanyDocumentSearchForm.do?lang=EN&company_search=Aptose Biosciences Inc&document_selection=0&industry_group=A&FromDate=13&FromMonth=05&FromYear=2000&ToDate=13&ToMonth=11&ToYear=2020&Variable=Issuer,https://www.sedar.com/ModifyCompanyDocumentSearchForm.do?lang=EN&company_search=Aptose Biosciences Inc&document_selection=0&industry_group=A&FromDate=13&FromMonth=05&FromYear=2000&ToDate=13&ToMonth=11&ToYear=2020&Variable=Issuer
0,2019-12-31,APS.TO,2019-12-31,2019-12-31,Q4,0.0,0.0,0.0,0.0,5253000.0,2600000.0,0.0,0.0,0.0,7884000.0,0.0,31000.0,-7740000.0,0.0,-7884000.0,0.0,8000.0,-7709000.0,0.0,0.0,-7709000.0,0.0,-0.08978569764733287,-0.08978569764733287,85860000,85860000,https://www.sedar.com/ModifyCompanyDocumentSearchForm.do?lang=EN&company_search=Aptose Biosciences Inc&document_selection=0&industry_group=A&FromDate=13&FromMonth=05&FromYear=2000&ToDate=13&ToMonth=11&ToYear=2020&Variable=Issuer,https://www.sedar.com/ModifyCompanyDocumentSearchForm.do?lang=EN&company_search=Aptose Biosciences Inc&document_selection=0&industry_group=A&FromDate=13&FromMonth=05&FromYear=2000&ToDate=13&ToMonth=11&ToYear=2020&Variable=Issuer
0,2019-09-30,APS.TO,2019-09-30,2019-09-30,Q3,0.0,0.0,0.0,0.0,4751000.0,2250000.0,0.0,0.0,0.0,7027000.0,0.0,26000.0,-6875000.0,0.0,-7027000.0,0.0,-4000.0,-6844000.0,0.0,0.0,-6844000.0,0.0,-0.12,-0.12,55454000,55454000,https://www.sedar.com/ModifyCompanyDocumentSearchForm.do?lang=EN&company_search=Aptose Biosciences Inc&document_selection=0&industry_group=A&FromDate=13&FromMonth=05&FromYear=2000&ToDate=13&ToMonth=11&ToYear=2020&Variable=Issuer,https://www.sedar.com/ModifyCompanyDocumentSearchForm.do?lang=EN&company_search=Aptose Biosciences Inc&document_selection=0&industry_group=A&FromDate=13&FromMonth=05&FromYear=2000&ToDate=13&ToMonth=11&ToYear=2020&Variable=Issuer
0,2019-06-30,APS.TO,2019-06-30,2019-06-30,Q2,0.0,0.0,0.0,0.0,3491000.0,2810000.0,0.0,0.0,0.0,6346000.0,0.0,45000.0,-6186000.0,0.0,-6346000.0,0.0,0.0,-6218000.0,0.0,0.0,-6218000.0,0.0,-0.13,-0.13,46474000,46474000,https://www.sedar.com/ModifyCompanyDocumentSearchForm.do?lang=EN&company_search=Aptose Biosciences Inc&document_selection=0&industry_group=A&FromDate=13&FromMonth=05&FromYear=2000&ToDate=13&ToMonth=11&ToYear=2020&Variable=Issuer,https://www.sedar.com/ModifyCompanyDocumentSearchForm.do?lang=EN&company_search=Aptose Biosciences Inc&document_selection=0&industry_group=A&FromDate=13&FromMonth=05&FromYear=2000&ToDate=13&ToMonth=11&ToYear=2020&Variable=Issuer
0,2019-03-31,APS.TO,2019-03-31,2019-03-31,Q1,0.0,0.0,0.0,0.0,3340000.0,2240000.0,0.0,0.0,0.0,5600000.0,0.0,20000.0,-5449000.0,0.0,-5600000.0,0.0,2000.0,-5506000.0,0.0,0.0,-5506000.0,0.0,-0.14,-0.14,39846000,39846000,https://www.sedar.com/ModifyCompanyDocumentSearchForm.do?lang=EN&company_search=Aptose Biosciences Inc&document_selection=0&industry_group=A&FromDate=13&FromMonth=05&FromYear=2000&ToDate=13&ToMonth=11&ToYear=2020&Variable=Issuer,https://www.sedar.com/ModifyCompanyDocumentSearchForm.do?lang=EN&company_search=Aptose Biosciences Inc&document_selection=0&industry_group=A&FromDate=13&FromMonth=05&FromYear=2000&ToDate=13&ToMonth=11&ToYear=2020&Variable=Issuer
0,2018-12-31,APS.TO,2018-12-31,2018-12-31,Q4,0.0,0.0,0.0,0.0,4184000.0,2126000.0,0.0,0.0,0.0,6325000.0,0.0,0.0,-6278000.0,0.0,-6325000.0,0.0,-24000.0,-6264000.0,0.0,0.0,-6264000.0,0.0,-0.0729559748427673,-0.0729559748427673,85860000,85860000,https://www.sedar.com/ModifyCompanyDocumentSearchForm.do?lang=EN&company_search=Aptose Biosciences Inc&document_selection=0&industry_group=A&FromDate=13&FromMonth=05&FromYear=2000&ToDate=13&ToMonth=11&ToYear=2020&Variable=Issuer,https://www.sedar.com/ModifyCompanyDocumentSearchForm.do?lang=EN&company_search=Aptose Biosciences Inc&document_selection=0&industry_group=A&FromDate=13&FromMonth=05&FromYear=2000&ToDate=13&ToMonth=11&ToYear=2020&Variable=Issuer
0,2018-09-30,APS.TO,2018-09-30,2018-09-30,Q3,0.0,0.0,0.0,0.0,3591000.0,2000000.0,0.0,0.0,0.0,5611000.0,0.0,0.0,-5591000.0,0.0,-5611000.0,0.0,9000.0,-5522000.0,0.0,0.0,-5522000.0,0.0,-0.16,-0.16,34587000,34587000,https://www.sedar.com/ModifyCompanyDocumentSearchForm.do?lang=EN&company_search=Aptose Biosciences Inc&document_selection=0&industry_group=A&FromDate=13&FromMonth=05&FromYear=2000&ToDate=13&ToMonth=11&ToYear=2020&Variable=Issuer,https://www.sedar.com/ModifyCompanyDocumentSearchForm.do?lang=EN&company_search=Aptose Biosciences Inc&document_selection=0&industry_group=A&FromDate=13&FromMonth=05&FromYear=2000&ToDate=13&ToMonth=11&ToYear=2020&Variable=Issuer
0,2018-06-30,APS.TO,2018-06-30,2018-06-30,Q2,0.0,0.0,0.0,0.0,7818000.0,2500000.0,0.0,0.0,0.0,10329000,0.0,0.0,-10299000,0.0,-10329000,0.0,-11000.0,-10266000,0.0,0.0,-10266000,0.0,-0.3,-0.3,33950000,33950000,https://www.sedar.com/ModifyCompanyDocumentSearchForm.do?lang=EN&company_search=Aptose Biosciences Inc&document_selection=0&industry_group=A&FromDate=13&FromMonth=05&FromYear=2000&ToDate=13&ToMonth=11&ToYear=2020&Variable=Issuer,https://www.sedar.com/ModifyCompanyDocumentSearchForm.do?lang=EN&company_search=Aptose Biosciences Inc&document_selection=0&industry_group=A&FromDate=13&FromMonth=05&FromYear=2000&ToDate=13&ToMonth=11&ToYear=2020&Variable=Issuer
0,2018-03-31,APS.TO,2018-03-31,2018-03-31,Q1,0.0,0.0,0.0,0.0,3140000.0,3695000.0,0.0,0.0,0.0,6842000.0,0.0,7000.0,-6808000.0,0.0,-6842000.0,0.0,-18000.0,-6816000.0,0.0,0.0,-6816000.0,0.0,-0.23,-0.23,29042000,29042000,https://www.sedar.com/ModifyCompanyDocumentSearchForm.do?lang=EN&company_search=Aptose Biosciences Inc&document_selection=0&industry_group=A&FromDate=13&FromMonth=05&FromYear=2000&ToDate=13&ToMonth=11&ToYear=2020&Variable=Issuer,https://www.sedar.com/ModifyCompanyDocumentSearchForm.do?lang=EN&company_search=Aptose Biosciences Inc&document_selection=0&industry_group=A&FromDate=13&FromMonth=05&FromYear=2000&ToDate=13&ToMonth=11&ToYear=2020&Variable=Issuer
0,2017-12-31,APS.TO,2017-12-31,2017-12-31,Q4,0.0,0.0,0.0,0.0,1839605.023659,1035360.740974,0.0,0.0,0.0,2888690.946612,0.0,13725.181979,-2702834.449792,0.0,-2888690.946612,0.0,-6987.811661,-2869596.325764,0.0,0.0,-2869596.325764,0.0,-0.03342180672914046,-0.03342180672914046,85860000,85860000,https://www.sedar.com/ModifyCompanyDocumentSearchForm.do?lang=EN&company_search=Aptose Biosciences Inc&document_selection=0&industry_group=A&FromDate=13&FromMonth=05&FromYear=2000&ToDate=13&ToMonth=11&ToYear=2020&Variable=Issuer,https://www.sedar.com/ModifyCompanyDocumentSearchForm.do?lang=EN&company_search=Aptose Biosciences Inc&document_selection=0&industry_group=A&FromDate=13&FromMonth=05&FromYear=2000&ToDate=13&ToMonth=11&ToYear=2020&Variable=Issuer
0,2017-09-30,APS.TO,2017-09-30,2017-09-30,Q3,0.0,0.0,0.0,0.0,1405850.725093,1319597.268909,0.0,0.0,0.0,2737539.60001,0.0,12091.606007,-2764141.133225,0.0,-2737539.60001,0.0,48366.424028,-2668214.392236,0.0,0.0,-2668214.392236,0.0,-0.112855,-0.112855,24061000,24061000,https://www.sedar.com/ModifyCompanyDocumentSearchForm.do?lang=EN&company_search=Aptose Biosciences Inc&document_selection=0&industry_group=A&FromDate=13&FromMonth=05&FromYear=2000&ToDate=13&ToMonth=11&ToYear=2020&Variable=Issuer,https://www.sedar.com/ModifyCompanyDocumentSearchForm.do?lang=EN&company_search=Aptose Biosciences Inc&document_selection=0&industry_group=A&FromDate=13&FromMonth=05&FromYear=2000&ToDate=13&ToMonth=11&ToYear=2020&Variable=Issuer
0,2017-06-30,APS.TO,2017-06-30,2017-06-30,Q2,0.0,0.0,0.0,0.0,1124131.143507,1394783.785446,0.0,0.0,0.0,2533524.020422,0.0,14609.091468,-2540444.116381,0.0,-2533524.020422,0.0,29987.082488,-2492003.44467,0.0,0.0,-2492003.44467,0.0,-0.115335,-0.115335,21606667,21606667,https://www.sedar.com/ModifyCompanyDocumentSearchForm.do?lang=EN&company_search=Aptose Biosciences Inc&document_selection=0&industry_group=A&FromDate=13&FromMonth=05&FromYear=2000&ToDate=13&ToMonth=11&ToYear=2020&Variable=Issuer,https://www.sedar.com/ModifyCompanyDocumentSearchForm.do?lang=EN&company_search=Aptose Biosciences Inc&document_selection=0&industry_group=A&FromDate=13&FromMonth=05&FromYear=2000&ToDate=13&ToMonth=11&ToYear=2020&Variable=Issuer
0,2017-03-31,APS.TO,2017-03-31,2017-03-31,Q1,0.0,0.0,0.0,0.0,1720931.627649,1567210.066138,0.0,0.0,0.0,3296390.167819,0.0,8248.474032,-3296390.167819,0.0,-3296390.167819,0.0,22495.83827,-3265645.855517,0.0,0.0,-3265645.855517,0.0,-0.187465,-0.187465,17420000,17420000,https://www.sedar.com/ModifyCompanyDocumentSearchForm.do?lang=EN&company_search=Aptose Biosciences Inc&document_selection=0&industry_group=A&FromDate=13&FromMonth=05&FromYear=2000&ToDate=13&ToMonth=11&ToYear=2020&Variable=Issuer,https://www.sedar.com/ModifyCompanyDocumentSearchForm.do?lang=EN&company_search=Aptose Biosciences Inc&document_selection=0&industry_group=A&FromDate=13&FromMonth=05&FromYear=2000&ToDate=13&ToMonth=11&ToYear=2020&Variable=Issuer
0,2016-12-31,APS.TO,2016-12-31,2016-12-31,Q4,0.0,0.0,0.0,0.0,1768098.135225,940966.300659,0.0,0.0,0.0,2740753.752864,0.0,31689.31698,-2756577.261545,0.0,-2740753.752864,0.0,55859.431384,-2676750.414391,0.0,0.0,-2676750.414391,0.0,-0.193438,-0.193438,15100000,15100000,https://www.sedar.com/ModifyCompanyDocumentSearchForm.do?lang=EN&company_search=Aptose Biosciences Inc&document_selection=0&industry_group=A&FromDate=13&FromMonth=05&FromYear=2000&ToDate=13&ToMonth=11&ToYear=2020&Variable=Issuer,https://www.sedar.com/ModifyCompanyDocumentSearchForm.do?lang=EN&company_search=Aptose Biosciences Inc&document_selection=0&industry_group=A&FromDate=13&FromMonth=05&FromYear=2000&ToDate=13&ToMonth=11&ToYear=2020&Variable=Issuer
0,2016-09-30,APS.TO,2016-09-30,2016-09-30,Q3,0.0,0.0,0.0,0.0,1645940.292831,1453508.271535,0.0,0.0,0.0,3115421.182734,0.0,15972.618369,-3141281.612474,0.0,-3115421.182734,0.0,50960.258604,-3055333.713634,0.0,0.0,-3055333.713634,0.0,-0.235786,-0.235786,12882000,12882000,https://www.sedar.com/ModifyCompanyDocumentSearchForm.do?lang=EN&company_search=Aptose Biosciences Inc&document_selection=0&industry_group=A&FromDate=13&FromMonth=05&FromYear=2000&ToDate=13&ToMonth=11&ToYear=2020&Variable=Issuer,https://www.sedar.com/ModifyCompanyDocumentSearchForm.do?lang=EN&company_search=Aptose Biosciences Inc&document_selection=0&industry_group=A&FromDate=13&FromMonth=05&FromYear=2000&ToDate=13&ToMonth=11&ToYear=2020&Variable=Issuer
0,2016-06-30,APS.TO,2016-06-30,2016-06-30,Q2,0.0,0.0,0.0,0.0,2545254.989256,1794740.991513,0.0,0.0,0.0,4356227.488445,0.0,16231.507675,-4305987.107545,0.0,-4356227.488445,0.0,-6956.360432,-4337677.193959,0.0,0.0,-4337677.193959,0.0,-0.355547,-0.355547,12231000,12231000,https://www.sedar.com/ModifyCompanyDocumentSearchForm.do?lang=EN&company_search=Aptose Biosciences Inc&document_selection=0&industry_group=A&FromDate=13&FromMonth=05&FromYear=2000&ToDate=13&ToMonth=11&ToYear=2020&Variable=Issuer,https://www.sedar.com/ModifyCompanyDocumentSearchForm.do?lang=EN&company_search=Aptose Biosciences Inc&document_selection=0&industry_group=A&FromDate=13&FromMonth=05&FromYear=2000&ToDate=13&ToMonth=11&ToYear=2020&Variable=Issuer
0,2016-03-31,APS.TO,2016-03-31,2016-03-31,Q1,0.0,0.0,0.0,0.0,1783458.136883,1993004.838064,0.0,0.0,0.0,3792641.212906,0.0,16178.237959,-3731009.830206,0.0,-3792641.212906,0.0,-150996.887615,-3907429.663184,0.0,0.0,-3907429.663184,0.0,-0.323565,-0.323565,12048000,12048000,https://www.sedar.com/ModifyCompanyDocumentSearchForm.do?lang=EN&company_search=Aptose Biosciences Inc&document_selection=0&industry_group=A&FromDate=13&FromMonth=05&FromYear=2000&ToDate=13&ToMonth=11&ToYear=2020&Variable=Issuer,https://www.sedar.com/ModifyCompanyDocumentSearchForm.do?lang=EN&company_search=Aptose Biosciences Inc&document_selection=0&industry_group=A&FromDate=13&FromMonth=05&FromYear=2000&ToDate=13&ToMonth=11&ToYear=2020&Variable=Issuer
0,2015-12-31,APS.TO,2015-12-31,2015-12-31,Q4,0.0,0.0,0.0,0.0,1591314.005713,1507322.390855,0.0,0.0,0.0,3113398.52024,-14014.244135,0.0,-3071576.268657,0.0,-3113398.52024,0.0,120321.287928,-2945777.00253,0.0,0.0,-2945777.00253,0.0,-0.273836,-0.273836,11660526,11660526,https://www.sedar.com/ModifyCompanyDocumentSearchForm.do?lang=EN&company_search=Aptose Biosciences Inc&document_selection=0&industry_group=A&FromDate=13&FromMonth=05&FromYear=2000&ToDate=13&ToMonth=11&ToYear=2020&Variable=Issuer,https://www.sedar.com/ModifyCompanyDocumentSearchForm.do?lang=EN&company_search=Aptose Biosciences Inc&document_selection=0&industry_group=A&FromDate=13&FromMonth=05&FromYear=2000&ToDate=13&ToMonth=11&ToYear=2020&Variable=Issuer
0,2015-09-30,APS.TO,2015-09-30,2015-09-30,Q3,0.0,0.0,0.0,0.0,1282681.564246,1660335.195531,0.0,0.0,0.0,2957169.459963,5959.031657,14152.700186,-2893854.748603,0.0,-2957169.459963,0.0,492364.990689,-2429050.27933,0.0,0.0,-2429050.27933,0.0,-0.201117,-0.201117,11909000,11909000,https://www.sedar.com/ModifyCompanyDocumentSearchForm.do?lang=EN&company_search=Aptose Biosciences Inc&document_selection=0&industry_group=A&FromDate=13&FromMonth=05&FromYear=2000&ToDate=13&ToMonth=11&ToYear=2020&Variable=Issuer,https://www.sedar.com/ModifyCompanyDocumentSearchForm.do?lang=EN&company_search=Aptose Biosciences Inc&document_selection=0&industry_group=A&FromDate=13&FromMonth=05&FromYear=2000&ToDate=13&ToMonth=11&ToYear=2020&Variable=Issuer
0,2015-06-30,APS.TO,2015-06-30,2015-06-30,Q2,0.0,0.0,0.0,0.0,1053725.499674,2001917.329273,0.0,0.0,0.0,3070949.23911,12084.008024,15306.410163,-2993611.587758,0.0,-3070949.23911,0.0,314184.208618,-2710845.800002,0.0,0.0,-2710845.800002,0.0,-0.225568,-0.225568,11909000,11909000,https://www.sedar.com/ModifyCompanyDocumentSearchForm.do?lang=EN&company_search=Aptose Biosciences Inc&document_selection=0&industry_group=A&FromDate=13&FromMonth=05&FromYear=2000&ToDate=13&ToMonth=11&ToYear=2020&Variable=Issuer,https://www.sedar.com/ModifyCompanyDocumentSearchForm.do?lang=EN&company_search=Aptose Biosciences Inc&document_selection=0&industry_group=A&FromDate=13&FromMonth=05&FromYear=2000&ToDate=13&ToMonth=11&ToYear=2020&Variable=Issuer
0,2015-03-31,APS.TO,2015-03-31,2015-03-31,Q1,0.0,0.0,0.0,0.0,697270.862912,2178577.062628,0.0,0.0,0.0,2881369.301152,15775.358889,5521.375611,-2789872.219593,0.0,-2881369.301152,0.0,0.0,-2815112.793816,0.0,0.0,-2815112.793816,0.0,-0.23663,-0.23663,11794000,11794000,https://www.sedar.com/ModifyCompanyDocumentSearchForm.do?lang=EN&company_search=Aptose Biosciences Inc&document_selection=0&industry_group=A&FromDate=13&FromMonth=05&FromYear=2000&ToDate=13&ToMonth=11&ToYear=2020&Variable=Issuer,https://www.sedar.com/ModifyCompanyDocumentSearchForm.do?lang=EN&company_search=Aptose Biosciences Inc&document_selection=0&industry_group=A&FromDate=13&FromMonth=05&FromYear=2000&ToDate=13&ToMonth=11&ToYear=2020&Variable=Issuer
0,2014-12-31,APS.TO,2014-12-31,2014-12-31,Q4,0.0,0.0,0.0,0.0,941543.338559,2229381.665317,0.0,0.0,0.0,3170925.003876,18090.036697,0.0,-3069276.226246,0.0,-3170925.003876,0.0,0.0,-3087366.262943,0.0,0.0,-3087366.262943,0.0,-0.267043,-0.267043,11630000,11630000,https://www.sedar.com/ModifyCompanyDocumentSearchForm.do?lang=EN&company_search=Aptose Biosciences Inc&document_selection=0&industry_group=A&FromDate=13&FromMonth=05&FromYear=2000&ToDate=13&ToMonth=11&ToYear=2020&Variable=Issuer,https://www.sedar.com/ModifyCompanyDocumentSearchForm.do?lang=EN&company_search=Aptose Biosciences Inc&document_selection=0&industry_group=A&FromDate=13&FromMonth=05&FromYear=2000&ToDate=13&ToMonth=11&ToYear=2020&Variable=Issuer
0,2014-09-30,APS.TO,,,Q3,0.0,0.0,0.0,0.0,0.0,0.0,0.0,0.0,0.0,0.0,0.0,0.0,0.0,0.0,0.0,0.0,0.0,0.0,0.0,0.0,0.0,0.0,0.0,0.0,85860000,85860000,https://www.sedar.com/ModifyCompanyDocumentSearchForm.do?lang=EN&company_search=Aptose Biosciences Inc&document_selection=0&industry_group=A&FromDate=13&FromMonth=05&FromYear=2000&ToDate=13&ToMonth=11&ToYear=2020&Variable=Issuer,https://www.sedar.com/ModifyCompanyDocumentSearchForm.do?lang=EN&company_search=Aptose Biosciences Inc&document_selection=0&industry_group=A&FromDate=13&FromMonth=05&FromYear=2000&ToDate=13&ToMonth=11&ToYear=2020&Variable=Issuer
0,2014-05-31,APS.TO,2014-05-31,2014-05-31,Q2,0.0,0.0,0.0,0.0,932650.12718,2235779.850334,0.0,0.0,0.0,3172116.341652,69119.327607,3686.364139,-3108526.560254,0.0,-3172116.341652,0.0,-705017.141593,-3890035.757732,0.0,0.0,-3890035.757732,0.0,-0.442365,-0.442365,8592715.0,8592715.0,https://www.sedar.com/ModifyCompanyDocumentSearchForm.do?lang=EN&company_search=Aptose Biosciences Inc&document_selection=0&industry_group=A&FromDate=13&FromMonth=05&FromYear=2000&ToDate=13&ToMonth=11&ToYear=2020&Variable=Issuer,https://www.sedar.com/ModifyCompanyDocumentSearchForm.do?lang=EN&company_search=Aptose Biosciences Inc&document_selection=0&industry_group=A&FromDate=13&FromMonth=05&FromYear=2000&ToDate=13&ToMonth=11&ToYear=2020&Variable=Issuer
0,2014-02-28,APS.TO,2014-02-28,2014-02-28,Q1,0.0,0.0,0.0,0.0,536552.046447,1590782.449266,0.0,0.0,0.0,2128233.242859,70102.277425,898.747146,-2112055.794223,0.0,-2128233.242859,0.0,0.0,-2186651.807381,0.0,0.0,-2186651.807381,0.0,-0.4314,-0.4314,5105896.0,5105896.0,https://www.sedar.com/ModifyCompanyDocumentSearchForm.do?lang=EN&company_search=Aptose Biosciences Inc&document_selection=0&industry_group=A&FromDate=13&FromMonth=05&FromYear=2000&ToDate=13&ToMonth=11&ToYear=2020&Variable=Issuer,https://www.sedar.com/ModifyCompanyDocumentSearchForm.do?lang=EN&company_search=Aptose Biosciences Inc&document_selection=0&industry_group=A&FromDate=13&FromMonth=05&FromYear=2000&ToDate=13&ToMonth=11&ToYear=2020&Variable=Issuer
0,2013-11-30,APS.TO,2013-11-30,2013-11-30,Q4,0.0,0.0,0.0,0.0,745045.588124,1825408.786075,0.0,0.0,0.0,2570454.374199,65933.237887,0.0,-2565744.857207,0.0,-2570454.374199,0.0,0.0,-2635445.708688,0.0,0.0,-2635445.708688,0.0,-0.678173,-0.678173,3644402.0,3644402.0,https://www.sedar.com/ModifyCompanyDocumentSearchForm.do?lang=EN&company_search=Aptose Biosciences Inc&document_selection=0&industry_group=A&FromDate=13&FromMonth=05&FromYear=2000&ToDate=13&ToMonth=11&ToYear=2020&Variable=Issuer,https://www.sedar.com/ModifyCompanyDocumentSearchForm.do?lang=EN&company_search=Aptose Biosciences Inc&document_selection=0&industry_group=A&FromDate=13&FromMonth=05&FromYear=2000&ToDate=13&ToMonth=11&ToYear=2020&Variable=Issuer
0,2013-08-31,APS.TO,2013-08-31,2013-08-31,Q3,0.0,0.0,0.0,0.0,583380.762664,427812.559287,0.0,0.0,0.0,1011193.32195,34149.117814,0.0,-1006450.388921,0.0,-1011193.32195,0.0,0.0,-1044393.853159,0.0,0.0,-1044393.853159,0.0,-0.341493,-0.341493,3520902.0,3520902.0,https://www.sedar.com/ModifyCompanyDocumentSearchForm.do?lang=EN&company_search=Aptose Biosciences Inc&document_selection=0&industry_group=A&FromDate=13&FromMonth=05&FromYear=2000&ToDate=13&ToMonth=11&ToYear=2020&Variable=Issuer,https://www.sedar.com/ModifyCompanyDocumentSearchForm.do?lang=EN&company_search=Aptose Biosciences Inc&document_selection=0&industry_group=A&FromDate=13&FromMonth=05&FromYear=2000&ToDate=13&ToMonth=11&ToYear=2020&Variable=Issuer
0,2013-05-31,APS.TO,2013-05-31,2013-05-31,Q2,0.0,0.0,0.0,0.0,818263.670586,433462.598255,0.0,0.0,0.0,1252670.231154,-39.406396,943.962313,-1239441.623305,0.0,-1252670.231154,0.0,0.0,-1248920.652833,0.0,0.0,-1248920.652833,0.0,-0.014546012728080596,-0.014546012728080596,85860000,85860000,https://www.sedar.com/ModifyCompanyDocumentSearchForm.do?lang=EN&company_search=Aptose Biosciences Inc&document_selection=0&industry_group=A&FromDate=13&FromMonth=05&FromYear=2000&ToDate=13&ToMonth=11&ToYear=2020&Variable=Issuer,https://www.sedar.com/ModifyCompanyDocumentSearchForm.do?lang=EN&company_search=Aptose Biosciences Inc&document_selection=0&industry_group=A&FromDate=13&FromMonth=05&FromYear=2000&ToDate=13&ToMonth=11&ToYear=2020&Variable=Issuer
0,2013-02-28,APS.TO,2013-02-28,2013-02-28,Q1,0.0,0.0,0.0,0.0,868376.068376,478632.478632,0.0,0.0,0.0,1347985.347985,0.0,976.800977,-1330402.930403,0.0,-1347985.347985,0.0,0.0,-1339194.139194,0.0,0.0,-1339194.139194,0.0,-0.35165,-0.35165,3520902.0,3520902.0,https://www.sedar.com/ModifyCompanyDocumentSearchForm.do?lang=EN&company_search=Aptose Biosciences Inc&document_selection=0&industry_group=A&FromDate=13&FromMonth=05&FromYear=2000&ToDate=13&ToMonth=11&ToYear=2020&Variable=Issuer,https://www.sedar.com/ModifyCompanyDocumentSearchForm.do?lang=EN&company_search=Aptose Biosciences Inc&document_selection=0&industry_group=A&FromDate=13&FromMonth=05&FromYear=2000&ToDate=13&ToMonth=11&ToYear=2020&Variable=Issuer
0,2012-11-30,APS.TO,2012-11-30,2012-11-30,Q4,0.0,0.0,0.0,0.0,916092.011879,717773.191725,0.0,0.0,0.0,1634871.898123,0.0,1006.694519,-1614738.007752,0.0,-1634871.898123,0.0,0.0,-1623798.258418,0.0,0.0,-1623798.258418,0.0,-0.483215,-0.483215,3520902.0,3520902.0,https://www.sedar.com/ModifyCompanyDocumentSearchForm.do?lang=EN&company_search=Aptose Biosciences Inc&document_selection=0&industry_group=A&FromDate=13&FromMonth=05&FromYear=2000&ToDate=13&ToMonth=11&ToYear=2020&Variable=Issuer,https://www.sedar.com/ModifyCompanyDocumentSearchForm.do?lang=EN&company_search=Aptose Biosciences Inc&document_selection=0&industry_group=A&FromDate=13&FromMonth=05&FromYear=2000&ToDate=13&ToMonth=11&ToYear=2020&Variable=Issuer
0,2012-08-31,APS.TO,2012-08-31,2012-08-31,Q3,0.0,0.0,0.0,0.0,627360.153064,634409.143548,0.0,0.0,0.0,1271839.283017,6041.991843,10069.986406,-1261769.296611,0.0,-1271839.283017,0.0,0.0,0.0,0.0,0.0,-1271839.283017,0.0,0.362521,0.362521,3520902.0,3520902.0,https://www.sedar.com/ModifyCompanyDocumentSearchForm.do?lang=EN&company_search=Aptose Biosciences Inc&document_selection=0&industry_group=A&FromDate=13&FromMonth=05&FromYear=2000&ToDate=13&ToMonth=11&ToYear=2020&Variable=Issuer,https://www.sedar.com/ModifyCompanyDocumentSearchForm.do?lang=EN&company_search=Aptose Biosciences Inc&document_selection=0&industry_group=A&FromDate=13&FromMonth=05&FromYear=2000&ToDate=13&ToMonth=11&ToYear=2020&Variable=Issuer
0,2012-05-31,APS.TO,2012-05-31,2012-05-31,Q2,0.0,0.0,0.0,0.0,316490.364136,313205.007504,0.0,0.0,0.0,839023.371202,16391.020564,2628.209173,-829516.337995,0.0,-839023.371202,0.0,0.0,0.0,0.0,0.0,-855626.683376,0.0,-0.009965370176752853,-0.009965370176752853,85860000,85860000,https://www.sedar.com/ModifyCompanyDocumentSearchForm.do?lang=EN&company_search=Aptose Biosciences Inc&document_selection=0&industry_group=A&FromDate=13&FromMonth=05&FromYear=2000&ToDate=13&ToMonth=11&ToYear=2020&Variable=Issuer,https://www.sedar.com/ModifyCompanyDocumentSearchForm.do?lang=EN&company_search=Aptose Biosciences Inc&document_selection=0&industry_group=A&FromDate=13&FromMonth=05&FromYear=2000&ToDate=13&ToMonth=11&ToYear=2020&Variable=Issuer
0,2012-02-29,APS.TO,2012-02-29,2012-02-29,Q1,0.0,0.0,0.0,0.0,546151.29296,478762.459391,0.0,0.0,0.0,1027931.162809,3017.410458,3017.410458,-1016867.324462,0.0,-1027931.162809,0.0,0.0,0.0,0.0,0.0,-1028936.966296,0.0,-0.603485,-0.603485,1764076.0,1764076.0,https://www.sedar.com/ModifyCompanyDocumentSearchForm.do?lang=EN&company_search=Aptose Biosciences Inc&document_selection=0&industry_group=A&FromDate=13&FromMonth=05&FromYear=2000&ToDate=13&ToMonth=11&ToYear=2020&Variable=Issuer,https://www.sedar.com/ModifyCompanyDocumentSearchForm.do?lang=EN&company_search=Aptose Biosciences Inc&document_selection=0&industry_group=A&FromDate=13&FromMonth=05&FromYear=2000&ToDate=13&ToMonth=11&ToYear=2020&Variable=Issuer
0,2011-11-30,APS.TO,2011-11-30,2011-11-30,Q4,0.0,0.0,0.0,0.0,527793.918265,518109.626186,0.0,0.0,357350.377687,1412938.214217,0.0,9684.292078,-1403253.922138,0.0,-1412938.214217,0.0,0.0,0.0,0.0,0.0,-1411001.355801,0.0,0.813484,0.813484,1764076.0,1764076.0,https://www.sedar.com/ModifyCompanyDocumentSearchForm.do?lang=EN&company_search=Aptose Biosciences Inc&document_selection=0&industry_group=A&FromDate=13&FromMonth=05&FromYear=2000&ToDate=13&ToMonth=11&ToYear=2020&Variable=Issuer,https://www.sedar.com/ModifyCompanyDocumentSearchForm.do?lang=EN&company_search=Aptose Biosciences Inc&document_selection=0&industry_group=A&FromDate=13&FromMonth=05&FromYear=2000&ToDate=13&ToMonth=11&ToYear=2020&Variable=Issuer
0,2011-08-31,APS.TO,2011-08-31,2011-08-31,Q3,0.0,0.0,0.0,0.0,601665.049288,541396.394096,0.0,0.0,0.0,1146125.951274,0.0,3064.507891,-1134889.42234,0.0,-1146125.951274,0.0,0.0,0.0,0.0,0.0,-1144082.946014,0.0,0.735485,0.735485,1459410.0,1459410.0,https://www.sedar.com/ModifyCompanyDocumentSearchForm.do?lang=EN&company_search=Aptose Biosciences Inc&document_selection=0&industry_group=A&FromDate=13&FromMonth=05&FromYear=2000&ToDate=13&ToMonth=11&ToYear=2020&Variable=Issuer,https://www.sedar.com/ModifyCompanyDocumentSearchForm.do?lang=EN&company_search=Aptose Biosciences Inc&document_selection=0&industry_group=A&FromDate=13&FromMonth=05&FromYear=2000&ToDate=13&ToMonth=11&ToYear=2020&Variable=Issuer
0,2011-05-31,APS.TO,2011-05-31,2011-05-31,Q2,0.0,0.0,0.0,0.0,458798.904245,596209.248185,0.0,0.0,0.0,1070412.984937,85.465228,0.0,-1055008.15243,0.0,-1070412.984937,0.0,0.0,0.0,0.0,0.0,-1066391.618316,0.0,-0.012420121340740742,-0.012420121340740742,85860000,85860000,https://www.sedar.com/ModifyCompanyDocumentSearchForm.do?lang=EN&company_search=Aptose Biosciences Inc&document_selection=0&industry_group=A&FromDate=13&FromMonth=05&FromYear=2000&ToDate=13&ToMonth=11&ToYear=2020&Variable=Issuer,https://www.sedar.com/ModifyCompanyDocumentSearchForm.do?lang=EN&company_search=Aptose Biosciences Inc&document_selection=0&industry_group=A&FromDate=13&FromMonth=05&FromYear=2000&ToDate=13&ToMonth=11&ToYear=2020&Variable=Issuer
0,2011-02-28,APS.TO,2011-02-28,2011-02-28,Q1,0.0,0.0,0.0,0.0,777096.114519,832310.838446,0.0,0.0,0.0,1622699.386503,0.0,0.0,-1608241.000697,0.0,-1622699.386503,0.0,0.0,0.0,0.0,0.0,-1616564.417178,0.0,-1.226999,-1.226999,1307078.0,1307078.0,https://www.sedar.com/ModifyCompanyDocumentSearchForm.do?lang=EN&company_search=Aptose Biosciences Inc&document_selection=0&industry_group=A&FromDate=13&FromMonth=05&FromYear=2000&ToDate=13&ToMonth=11&ToYear=2020&Variable=Issuer,https://www.sedar.com/ModifyCompanyDocumentSearchForm.do?lang=EN&company_search=Aptose Biosciences Inc&document_selection=0&industry_group=A&FromDate=13&FromMonth=05&FromYear=2000&ToDate=13&ToMonth=11&ToYear=2020&Variable=Issuer
0,2010-11-30,APS.TO,2010-11-30,2010-11-30,Q4,0.0,0.0,0.0,0.0,591454.80226,583607.972379,0.0,0.0,0.0,1188794.72693,42176.710609,0.0,-1174533.387418,0.0,-1188794.72693,0.0,0.0,0.0,0.0,0.0,-1230971.437539,0.0,-1.294732,-1.294732,943579.0,943579.0,https://www.sedar.com/ModifyCompanyDocumentSearchForm.do?lang=EN&company_search=Aptose Biosciences Inc&document_selection=0&industry_group=A&FromDate=13&FromMonth=05&FromYear=2000&ToDate=13&ToMonth=11&ToYear=2020&Variable=Issuer,https://www.sedar.com/ModifyCompanyDocumentSearchForm.do?lang=EN&company_search=Aptose Biosciences Inc&document_selection=0&industry_group=A&FromDate=13&FromMonth=05&FromYear=2000&ToDate=13&ToMonth=11&ToYear=2020&Variable=Issuer
0,2010-08-31,APS.TO,2010-08-31,2010-08-31,Q3,0.0,0.0,0.0,0.0,461146.73708,601659.751037,0.0,0.0,0.0,1076009.053187,26405.13014,0.0,-1062806.488118,0.0,-1076009.053187,0.0,0.0,0.0,0.0,0.0,-1098642.021879,0.0,-1.357984,-1.357984,827746.0,827746.0,https://www.sedar.com/ModifyCompanyDocumentSearchForm.do?lang=EN&company_search=Aptose Biosciences Inc&document_selection=0&industry_group=A&FromDate=13&FromMonth=05&FromYear=2000&ToDate=13&ToMonth=11&ToYear=2020&Variable=Issuer,https://www.sedar.com/ModifyCompanyDocumentSearchForm.do?lang=EN&company_search=Aptose Biosciences Inc&document_selection=0&industry_group=A&FromDate=13&FromMonth=05&FromYear=2000&ToDate=13&ToMonth=11&ToYear=2020&Variable=Issuer
0,2010-05-31,APS.TO,2010-05-31,2010-05-31,Q2,-474.84455,0.0,-474.84455,1.0,562658.402793,1167383.333105,0.0,0.0,0.0,1750660.459699,12172.257985,0.0,-1614801.629023,3400.695299173171,-1751135.304248,0.0,-68326.976597,0.0,0.0,0.0,-1750842.996501,3687.1919378689295,-0.020391835505485675,-0.020391835505485675,85860000,85860000,https://www.sedar.com/ModifyCompanyDocumentSearchForm.do?lang=EN&company_search=Aptose Biosciences Inc&document_selection=0&industry_group=A&FromDate=13&FromMonth=05&FromYear=2000&ToDate=13&ToMonth=11&ToYear=2020&Variable=Issuer,https://www.sedar.com/ModifyCompanyDocumentSearchForm.do?lang=EN&company_search=Aptose Biosciences Inc&document_selection=0&industry_group=A&FromDate=13&FromMonth=05&FromYear=2000&ToDate=13&ToMonth=11&ToYear=2020&Variable=Issuer
0,2010-02-28,APS.TO,2010-02-28,2010-02-28,Q1,2854.152792,0.0,2854.152792,1.0,683093.901627,579393.01684,0.0,0.0,0.0,1282465.988013,0.0,0.0,-1259377.492105,-441.2438940322155,-1279611.83522,0.0,0.0,0.0,0.0,0.0,-1277709.066692,-447.666666715718,0.0,0.0,827793.0,827793.0,https://www.sedar.com/ModifyCompanyDocumentSearchForm.do?lang=EN&company_search=Aptose Biosciences Inc&document_selection=0&industry_group=A&FromDate=13&FromMonth=05&FromYear=2000&ToDate=13&ToMonth=11&ToYear=2020&Variable=Issuer,https://www.sedar.com/ModifyCompanyDocumentSearchForm.do?lang=EN&company_search=Aptose Biosciences Inc&document_selection=0&industry_group=A&FromDate=13&FromMonth=05&FromYear=2000&ToDate=13&ToMonth=11&ToYear=2020&Variable=Issuer
0,2009-11-30,APS.TO,2009-11-30,2009-11-30,Q4,74690.365888,0.0,74690.365888,1.0,622104.566512,618322.775834,0.0,0.0,0.0,1261227.191075,13236.267373,0.0,-1165056.280033,-15.598481359430345,-1186536.825187,0.0,0.0,0.0,0.0,0.0,-1196936.749551,-16.025316455750605,-3.403659,-3.403659,718912.0,718912.0,https://www.sedar.com/ModifyCompanyDocumentSearchForm.do?lang=EN&company_search=Aptose Biosciences Inc&document_selection=0&industry_group=A&FromDate=13&FromMonth=05&FromYear=2000&ToDate=13&ToMonth=11&ToYear=2020&Variable=Issuer,https://www.sedar.com/ModifyCompanyDocumentSearchForm.do?lang=EN&company_search=Aptose Biosciences Inc&document_selection=0&industry_group=A&FromDate=13&FromMonth=05&FromYear=2000&ToDate=13&ToMonth=11&ToYear=2020&Variable=Issuer
0,2009-08-31,APS.TO,2009-08-31,2009-08-31,Q3,44738.644145,0.0,44738.644145,1.0,493038.119151,582515.407441,0.0,0.0,0.0,1094727.231226,24651.905958,0.0,-11006619.493266,-246.02040816420455,-1049988.587081,0.0,9975804.610819,0.0,0.0,0.0,8911207.486875,199.18367347015183,13.147867,13.147867,713906.0,727203.0,https://www.sedar.com/ModifyCompanyDocumentSearchForm.do?lang=EN&company_search=Aptose Biosciences Inc&document_selection=0&industry_group=A&FromDate=13&FromMonth=05&FromYear=2000&ToDate=13&ToMonth=11&ToYear=2020&Variable=Issuer,https://www.sedar.com/ModifyCompanyDocumentSearchForm.do?lang=EN&company_search=Aptose Biosciences Inc&document_selection=0&industry_group=A&FromDate=13&FromMonth=05&FromYear=2000&ToDate=13&ToMonth=11&ToYear=2020&Variable=Issuer
0,2009-05-31,APS.TO,2009-05-31,2009-05-31,Q2,85313.187979,0.0,85313.187979,1.0,1150699.825373,815031.40425,0.0,0.0,0.0,2028062.749967,193344.423492,0.0,-1298275.521305,-15.217758849013741,-1942749.561988,0.0,-582142.52034,0.0,0.0,0.0,-2642244.470789,-30.971114002203194,-0.030773869913685067,-0.030773869913685067,85860000,85860000,https://www.sedar.com/ModifyCompanyDocumentSearchForm.do?lang=EN&company_search=Aptose Biosciences Inc&document_selection=0&industry_group=A&FromDate=13&FromMonth=05&FromYear=2000&ToDate=13&ToMonth=11&ToYear=2020&Variable=Issuer,https://www.sedar.com/ModifyCompanyDocumentSearchForm.do?lang=EN&company_search=Aptose Biosciences Inc&document_selection=0&industry_group=A&FromDate=13&FromMonth=05&FromYear=2000&ToDate=13&ToMonth=11&ToYear=2020&Variable=Issuer
0,2009-02-28,APS.TO,2009-02-28,2009-02-28,Q1,50411.563152,0.0,50411.563152,1.0,821550.943248,734906.06908,0.0,0.0,0.0,1599779.449411,126028.907881,0.0,-1185459.414753,-23.5156250001339,-1549367.886259,0.0,-320586.034422,0.0,0.0,0.0,-1944783.584735,-38.57812500023308,-2.83569,-2.83569,704262.0,704262.0,https://www.sedar.com/ModifyCompanyDocumentSearchForm.do?lang=EN&company_search=Aptose Biosciences Inc&document_selection=0&industry_group=A&FromDate=13&FromMonth=05&FromYear=2000&ToDate=13&ToMonth=11&ToYear=2020&Variable=Issuer,https://www.sedar.com/ModifyCompanyDocumentSearchForm.do?lang=EN&company_search=Aptose Biosciences Inc&document_selection=0&industry_group=A&FromDate=13&FromMonth=05&FromYear=2000&ToDate=13&ToMonth=11&ToYear=2020&Variable=Issuer
0,2008-11-30,APS.TO,2008-11-30,2008-11-30,Q4,30916.337869,0.0,0.0,0.0,558486.190515,857675.336178,0.0,0.0,0.805218,1451067.718818,0.0,0.0,-1070099.847009,-34.61276207884879,-1420151.380949,-59.48363068182124,-315146.147033,-1839016.023834,-59.48363068182124,0.0,-1839016.023834,-59.48363068182124,-2.898825,-2.898825,694915.0,694915.0,https://www.sedar.com/ModifyCompanyDocumentSearchForm.do?lang=EN&company_search=Aptose Biosciences Inc&document_selection=0&industry_group=A&FromDate=13&FromMonth=05&FromYear=2000&ToDate=13&ToMonth=11&ToYear=2020&Variable=Issuer,https://www.sedar.com/ModifyCompanyDocumentSearchForm.do?lang=EN&company_search=Aptose Biosciences Inc&document_selection=0&industry_group=A&FromDate=13&FromMonth=05&FromYear=2000&ToDate=13&ToMonth=11&ToYear=2020&Variable=Issuer
0,2008-08-31,APS.TO,2008-08-31,2008-08-31,Q3,0.0,0.0,0.0,0.0,1108769.650758,877608.961687,0.0,0.0,0.0,2026406.853055,0.0,0.0,-2054426.24494,0.0,-2026406.853055,0.0,68047.632496,-2082445.636826,0.0,0.0,-2085448.555022,0.0,-3.388921,-3.388921,634455.0,634455.0,https://www.sedar.com/ModifyCompanyDocumentSearchForm.do?lang=EN&company_search=Aptose Biosciences Inc&document_selection=0&industry_group=A&FromDate=13&FromMonth=05&FromYear=2000&ToDate=13&ToMonth=11&ToYear=2020&Variable=Issuer,https://www.sedar.com/ModifyCompanyDocumentSearchForm.do?lang=EN&company_search=Aptose Biosciences Inc&document_selection=0&industry_group=A&FromDate=13&FromMonth=05&FromYear=2000&ToDate=13&ToMonth=11&ToYear=2020&Variable=Issuer
0,2008-05-31,APS.TO,2008-05-31,2008-05-31,Q2,11925.385266,-4.509738,11929.895004,1.0003781628768722,1784621.11261,1337102.293295,0.0,0.0,0.0,3092795.109247,0.0,0.0,-9103162.800024,-763.3432880342804,-3080869.723981,0.0,5993369.289123,0.0,0.0,0.0,2795408.950803,234.4082718042562,0.032557756240426276,0.032557756240426276,85860000,85860000,https://www.sedar.com/ModifyCompanyDocumentSearchForm.do?lang=EN&company_search=Aptose Biosciences Inc&document_selection=0&industry_group=A&FromDate=13&FromMonth=05&FromYear=2000&ToDate=13&ToMonth=11&ToYear=2020&Variable=Issuer,https://www.sedar.com/ModifyCompanyDocumentSearchForm.do?lang=EN&company_search=Aptose Biosciences Inc&document_selection=0&industry_group=A&FromDate=13&FromMonth=05&FromYear=2000&ToDate=13&ToMonth=11&ToYear=2020&Variable=Issuer
0,2008-02-29,APS.TO,2008-02-29,2008-02-29,Q1,3009.896949,1002.958882,2006.938068,0.666779661232847,2267119.681665,1101459.034792,0.0,0.0,0.0,3487953.270074,0.0,82257.932864,-3060082.970758,-1016.6736677728032,-3484943.373125,0.0,-301947.760433,0.0,0.0,0.0,-3928335.884093,-1305.1396611429304,-7.316907,-7.316907,599199.0,599199.0,https://www.sedar.com/ModifyCompanyDocumentSearchForm.do?lang=EN&company_search=Aptose Biosciences Inc&document_selection=0&industry_group=A&FromDate=13&FromMonth=05&FromYear=2000&ToDate=13&ToMonth=11&ToYear=2020&Variable=Issuer,https://www.sedar.com/ModifyCompanyDocumentSearchForm.do?lang=EN&company_search=Aptose Biosciences Inc&document_selection=0&industry_group=A&FromDate=13&FromMonth=05&FromYear=2000&ToDate=13&ToMonth=11&ToYear=2020&Variable=Issuer
0,2007-11-30,APS.TO,2007-11-30,2007-11-30,Q4,1000.49975,0.0,0.0,0.0,1245998.001,1311049.475262,0.0,0.0,0.0,2671138.430785,0.0,80063.968016,-2492779.032523,-2491.533888462241,-2670137.931034,0.0,-57045.477261,0.0,0.0,0.0,-2823260.369815,-2821.8501502024365,-3.591055,-3.591055,595172.0,595172.0,https://www.sedar.com/ModifyCompanyDocumentSearchForm.do?lang=EN&company_search=Aptose Biosciences Inc&document_selection=0&industry_group=A&FromDate=13&FromMonth=05&FromYear=2000&ToDate=13&ToMonth=11&ToYear=2020&Variable=Issuer,https://www.sedar.com/ModifyCompanyDocumentSearchForm.do?lang=EN&company_search=Aptose Biosciences Inc&document_selection=0&industry_group=A&FromDate=13&FromMonth=05&FromYear=2000&ToDate=13&ToMonth=11&ToYear=2020&Variable=Issuer
0,2007-08-31,APS.TO,2007-08-31,2007-08-31,Q3,24968.285525,998.769289,23969.516236,0.9599984833560173,740062.482249,793994.130455,0.0,0.0,0.0,1639922.370539,0.0,74904.856575,-7028097.131497,-281.4809661023772,-1614954.085014,151.32050504252635,5518010.035028,3778213.575689,151.32050504252635,0.0,3778213.575689,151.32050504252635,6.83679,6.83679,591816.0,631285.0,https://www.sedar.com/ModifyCompanyDocumentSearchForm.do?lang=EN&company_search=Aptose Biosciences Inc&document_selection=0&industry_group=A&FromDate=13&FromMonth=05&FromYear=2000&ToDate=13&ToMonth=11&ToYear=2020&Variable=Issuer,https://www.sedar.com/ModifyCompanyDocumentSearchForm.do?lang=EN&company_search=Aptose Biosciences Inc&document_selection=0&industry_group=A&FromDate=13&FromMonth=05&FromYear=2000&ToDate=13&ToMonth=11&ToYear=2020&Variable=Issuer
0,2007-05-31,APS.TO,2007-05-31,2007-05-31,Q2,43031.620101,5004.554116,38027.065986,0.8837005415261207,494131.069331,1166375.029635,0.0,0.0,0.0,1821670.531413,0.0,121125.18968,-1277965.092962,-29.698279775720128,-1778638.911312,0.0,-291289.408534,0.0,0.0,0.0,-2221100.422471,-51.61554264649646,-0.025868861198124853,-0.025868861198124853,85860000,85860000,https://www.sedar.com/ModifyCompanyDocumentSearchForm.do?lang=EN&company_search=Aptose Biosciences Inc&document_selection=0&industry_group=A&FromDate=13&FromMonth=05&FromYear=2000&ToDate=13&ToMonth=11&ToYear=2020&Variable=Issuer,https://www.sedar.com/ModifyCompanyDocumentSearchForm.do?lang=EN&company_search=Aptose Biosciences Inc&document_selection=0&industry_group=A&FromDate=13&FromMonth=05&FromYear=2000&ToDate=13&ToMonth=11&ToYear=2020&Variable=Issuer
0,2007-02-28,APS.TO,2007-02-28,2007-02-28,Q1,31995.38639,4998.932035,26996.454355,0.8437608480776969,573914.306463,801880.473322,0.0,0.0,0.0,1487777.350592,0.0,83987.355291,-1146828.143022,-35.84354722405964,-1455781.964202,0.0,-201970.182408,0.0,0.0,0.0,-1761736.938784,-55.06221794947981,-3.081935,-3.081935,585186.0,585186.0,https://www.sedar.com/ModifyCompanyDocumentSearchForm.do?lang=EN&company_search=Aptose Biosciences Inc&document_selection=0&industry_group=A&FromDate=13&FromMonth=05&FromYear=2000&ToDate=13&ToMonth=11&ToYear=2020&Variable=Issuer,https://www.sedar.com/ModifyCompanyDocumentSearchForm.do?lang=EN&company_search=Aptose Biosciences Inc&document_selection=0&industry_group=A&FromDate=13&FromMonth=05&FromYear=2000&ToDate=13&ToMonth=11&ToYear=2020&Variable=Issuer
0,2006-11-30,APS.TO,2006-11-30,2006-11-30,Q4,20007.884363,3001.31406,17006.570302,0.8499934322616216,983382.39159,1363529.56636,0.0,0.0,-0.87604,2461956.197985,0.0,88034.165572,-1916224.907298,-95.77348971696473,-2441948.313622,0.0,-199077.529566,0.0,0.0,0.0,-2731060.884801,-136.4992337646389,-3.153789,-3.153789,583302.0,583302.0,https://www.sedar.com/ModifyCompanyDocumentSearchForm.do?lang=EN&company_search=Aptose Biosciences Inc&document_selection=0&industry_group=A&FromDate=13&FromMonth=05&FromYear=2000&ToDate=13&ToMonth=11&ToYear=2020&Variable=Issuer,https://www.sedar.com/ModifyCompanyDocumentSearchForm.do?lang=EN&company_search=Aptose Biosciences Inc&document_selection=0&industry_group=A&FromDate=13&FromMonth=05&FromYear=2000&ToDate=13&ToMonth=11&ToYear=2020&Variable=Issuer
0,2006-08-31,APS.TO,2006-08-31,2006-08-31,Q3,5996.01954,2998.00977,2998.00977,0.5,1204134.250045,815414.329654,0.0,0.0,0.0,2136464.628189,0.0,90934.503347,-1463947.892166,-244.1532890945182,-2130468.608648,0.0,-197857.789036,0.0,0.0,0.0,-2506198.661118,-417.97706701903104,-3.273069,-3.273069,518128.0,518128.0,https://www.sedar.com/ModifyCompanyDocumentSearchForm.do?lang=EN&company_search=Aptose Biosciences Inc&document_selection=0&industry_group=A&FromDate=13&FromMonth=05&FromYear=2000&ToDate=13&ToMonth=11&ToYear=2020&Variable=Issuer,https://www.sedar.com/ModifyCompanyDocumentSearchForm.do?lang=EN&company_search=Aptose Biosciences Inc&document_selection=0&industry_group=A&FromDate=13&FromMonth=05&FromYear=2000&ToDate=13&ToMonth=11&ToYear=2020&Variable=Issuer
0,2006-05-31,APS.TO,2006-05-31,2006-05-31,Q2,13018.611186,1003.115513,12015.495673,0.9229475787648735,1489123.899571,892958.381813,0.0,0.0,0.0,2764760.430486,0.0,357583.778069,-1760478.264428,-135.22780880968236,-2751741.8193,0.0,-217842.691821,0.0,0.0,0.0,-3136084.545901,-240.89240404333557,-0.0365255595842185,-0.0365255595842185,85860000,85860000,https://www.sedar.com/ModifyCompanyDocumentSearchForm.do?lang=EN&company_search=Aptose Biosciences Inc&document_selection=0&industry_group=A&FromDate=13&FromMonth=05&FromYear=2000&ToDate=13&ToMonth=11&ToYear=2020&Variable=Issuer,https://www.sedar.com/ModifyCompanyDocumentSearchForm.do?lang=EN&company_search=Aptose Biosciences Inc&document_selection=0&industry_group=A&FromDate=13&FromMonth=05&FromYear=2000&ToDate=13&ToMonth=11&ToYear=2020&Variable=Issuer
0,2006-02-28,APS.TO,2006-02-28,2006-02-28,Q1,3993.496507,998.374127,2995.12238,0.7499999999373982,2017671.925122,1150103.264929,0.0,0.0,0.0,3302553.060597,0.0,113812.013886,-2615508.614558,-654.9420063278899,-3298559.56409,0.0,-177707.07914,0.0,0.0,0.0,-3599064.024256,-901.2312939168422,-6.340468,-6.340468,482798.0,482798.0,https://www.sedar.com/ModifyCompanyDocumentSearchForm.do?lang=EN&company_search=Aptose Biosciences Inc&document_selection=0&industry_group=A&FromDate=13&FromMonth=05&FromYear=2000&ToDate=13&ToMonth=11&ToYear=2020&Variable=Issuer,https://www.sedar.com/ModifyCompanyDocumentSearchForm.do?lang=EN&company_search=Aptose Biosciences Inc&document_selection=0&industry_group=A&FromDate=13&FromMonth=05&FromYear=2000&ToDate=13&ToMonth=11&ToYear=2020&Variable=Issuer
0,2005-11-30,APS.TO,2005-11-30,2005-11-30,Q4,4985.658633,997.474207,3988.184426,0.799931306889378,2252426.045636,1740918.703712,0.0,0.0,0.0,4121970.118584,0.0,111674.301126,-3492831.679121,-700.5757786949149,-4116984.459951,0.0,-154548.568004,0.0,0.0,0.0,-4368250.353183,-876.163146082569,-9.277924,-9.277924,480854.0,480854.0,https://www.sedar.com/ModifyCompanyDocumentSearchForm.do?lang=EN&company_search=Aptose Biosciences Inc&document_selection=0&industry_group=A&FromDate=13&FromMonth=05&FromYear=2000&ToDate=13&ToMonth=11&ToYear=2020&Variable=Issuer,https://www.sedar.com/ModifyCompanyDocumentSearchForm.do?lang=EN&company_search=Aptose Biosciences Inc&document_selection=0&industry_group=A&FromDate=13&FromMonth=05&FromYear=2000&ToDate=13&ToMonth=11&ToYear=2020&Variable=Issuer
0,2005-08-31,APS.TO,2005-08-31,2005-08-31,Q3,999.368554,0.0,0.0,0.0,3331736.476531,1151217.848874,0.0,0.0,0.0,4609868.238266,0.0,109925.489371,-3994286.676489,-3996.8104464581743,-4608868.869712,0.0,-156893.285624,0.0,0.0,0.0,-4834715.217849,-4837.7700083697055,-9.102043,-9.102043,479751.0,479751.0,https://www.sedar.com/ModifyCompanyDocumentSearchForm.do?lang=EN&company_search=Aptose Biosciences Inc&document_selection=0&industry_group=A&FromDate=13&FromMonth=05&FromYear=2000&ToDate=13&ToMonth=11&ToYear=2020&Variable=Issuer,https://www.sedar.com/ModifyCompanyDocumentSearchForm.do?lang=EN&company_search=Aptose Biosciences Inc&document_selection=0&industry_group=A&FromDate=13&FromMonth=05&FromYear=2000&ToDate=13&ToMonth=11&ToYear=2020&Variable=Issuer
0,2005-05-31,APS.TO,2005-05-31,2005-05-31,Q2,1.719563,0.824764,0.8948,0.5203647670948957,1694553.247063,1349907.752686,0.0,0.0,-34778342.590406,-31564817.289603,0.0,143057.150921,32210133.540645,18731580.954373293,31564819.009166,0.0,-182002.770854,0.0,0.0,0.0,-3427454.485088,-1993212.5110205326,-0.03991910651162357,-0.03991910651162357,85860000,85860000,https://www.sedar.com/ModifyCompanyDocumentSearchForm.do?lang=EN&company_search=Aptose Biosciences Inc&document_selection=0&industry_group=A&FromDate=13&FromMonth=05&FromYear=2000&ToDate=13&ToMonth=11&ToYear=2020&Variable=Issuer,https://www.sedar.com/ModifyCompanyDocumentSearchForm.do?lang=EN&company_search=Aptose Biosciences Inc&document_selection=0&industry_group=A&FromDate=13&FromMonth=05&FromYear=2000&ToDate=13&ToMonth=11&ToYear=2020&Variable=Issuer
0,2005-02-28,APS.TO,2005-02-28,2005-02-28,Q1,1998.573605,0.0,0.0,0.0,2573576.036568,1479181.930171,0.0,0.0,-0.810452,4182685.512367,0.0,103942.846954,-3628979.536084,-1815.7847812084958,-4180686.938762,0.0,-110938.665024,0.0,0.0,0.0,-4274634.486336,-2138.842660406295,-8.723823,-8.723823,478348.0,478348.0,https://www.sedar.com/ModifyCompanyDocumentSearchForm.do?lang=EN&company_search=Aptose Biosciences Inc&document_selection=0&industry_group=A&FromDate=13&FromMonth=05&FromYear=2000&ToDate=13&ToMonth=11&ToYear=2020&Variable=Issuer,https://www.sedar.com/ModifyCompanyDocumentSearchForm.do?lang=EN&company_search=Aptose Biosciences Inc&document_selection=0&industry_group=A&FromDate=13&FromMonth=05&FromYear=2000&ToDate=13&ToMonth=11&ToYear=2020&Variable=Issuer
0,2004-11-30,APS.TO,2004-11-30,2004-11-30,Q4,1000.530584,1000.530584,0.0,0.0,3232525.665968,1669787.850459,0.0,0.0,0.842197,5040379.157297,0.0,121056.620935,-4441574.426239,-4439.219047639827,-5039378.626713,0.0,-49023.472043,0.0,0.0,0.0,-5007363.332407,-5004.707914462912,-9.104956,-9.104956,477771.0,477771.0,https://www.sedar.com/ModifyCompanyDocumentSearchForm.do?lang=EN&company_search=Aptose Biosciences Inc&document_selection=0&industry_group=A&FromDate=13&FromMonth=05&FromYear=2000&ToDate=13&ToMonth=11&ToYear=2020&Variable=Issuer,https://www.sedar.com/ModifyCompanyDocumentSearchForm.do?lang=EN&company_search=Aptose Biosciences Inc&document_selection=0&industry_group=A&FromDate=13&FromMonth=05&FromYear=2000&ToDate=13&ToMonth=11&ToYear=2020&Variable=Issuer
0,2004-08-31,APS.TO,2004-08-31,2004-08-31,Q3,1998.202151,0.0,0.0,0.0,3845972.361886,941259.103513,0.0,0.0,0.0,4869166.895207,0.0,0.0,-4452494.895938,-2228.2504769148354,-4867168.693055,0.0,0.0,0.0,0.0,0.0,-4757254.624128,-2380.767442246638,-11.019443,-11.019443,477218.0,477218.0,https://www.sedar.com/ModifyCompanyDocumentSearchForm.do?lang=EN&company_search=Aptose Biosciences Inc&document_selection=0&industry_group=A&FromDate=13&FromMonth=05&FromYear=2000&ToDate=13&ToMonth=11&ToYear=2020&Variable=Issuer,https://www.sedar.com/ModifyCompanyDocumentSearchForm.do?lang=EN&company_search=Aptose Biosciences Inc&document_selection=0&industry_group=A&FromDate=13&FromMonth=05&FromYear=2000&ToDate=13&ToMonth=11&ToYear=2020&Variable=Issuer
0,2004-05-31,APS.TO,2004-05-31,2004-05-31,Q2,-7248.088115,943.790851,-8191.878966,1.1302123864977325,4530149.014249,1046216.906791,0.0,0.0,0.0,5655622.762164,0.0,0.0,-5284472.878933,729.0850766558322,-5662870.85028,0.0,0.0,0.0,0.0,0.0,-5507057.727998,759.7945334854694,-0.06413996887954809,-0.06413996887954809,85860000,85860000,https://www.sedar.com/ModifyCompanyDocumentSearchForm.do?lang=EN&company_search=Aptose Biosciences Inc&document_selection=0&industry_group=A&FromDate=13&FromMonth=05&FromYear=2000&ToDate=13&ToMonth=11&ToYear=2020&Variable=Issuer,https://www.sedar.com/ModifyCompanyDocumentSearchForm.do?lang=EN&company_search=Aptose Biosciences Inc&document_selection=0&industry_group=A&FromDate=13&FromMonth=05&FromYear=2000&ToDate=13&ToMonth=11&ToYear=2020&Variable=Issuer
0,2004-02-29,APS.TO,2004-02-29,2004-02-29,Q1,1002.023533,1002.023533,0.0,0.0,5501426.96545,756571.235854,0.0,0.0,0.0,6340168.627745,0.0,0.0,-5953882.348645,-5941.858801279271,-6339166.604212,0.0,0.0,0.0,0.0,0.0,-6114700.592071,-6102.352280853068,-13.538974,-13.538974,476929.0,476929.0,https://www.sedar.com/ModifyCompanyDocumentSearchForm.do?lang=EN&company_search=Aptose Biosciences Inc&document_selection=0&industry_group=A&FromDate=13&FromMonth=05&FromYear=2000&ToDate=13&ToMonth=11&ToYear=2020&Variable=Issuer,https://www.sedar.com/ModifyCompanyDocumentSearchForm.do?lang=EN&company_search=Aptose Biosciences Inc&document_selection=0&industry_group=A&FromDate=13&FromMonth=05&FromYear=2000&ToDate=13&ToMonth=11&ToYear=2020&Variable=Issuer
0,2003-11-30,APS.TO,2003-11-30,2003-11-30,Q4,443124.03698,20005.392912,423118.644068,0.9548537401664291,4303206.471495,906254.237288,0.0,0.0,0.0,5305487.673344,0.0,0.0,-4420710.228462,-9.976236582854398,-4862363.636364,0.0,0.0,0.0,0.0,0.0,-4621295.839753,-10.428899030728,-8.32893,-8.32893,476540.0,476540.0,https://www.sedar.com/ModifyCompanyDocumentSearchForm.do?lang=EN&company_search=Aptose Biosciences Inc&document_selection=0&industry_group=A&FromDate=13&FromMonth=05&FromYear=2000&ToDate=13&ToMonth=11&ToYear=2020&Variable=Issuer,https://www.sedar.com/ModifyCompanyDocumentSearchForm.do?lang=EN&company_search=Aptose Biosciences Inc&document_selection=0&industry_group=A&FromDate=13&FromMonth=05&FromYear=2000&ToDate=13&ToMonth=11&ToYear=2020&Variable=Issuer
0,2003-08-31,APS.TO,2003-08-31,2003-08-31,Q3,21031.568302,0.0,0.0,0.0,5246893.736907,889337.571336,0.0,0.0,0.722387,6207338.727155,0.0,0.0,-5801728.671531,-275.85810949625113,-6186307.158853,0.0,0.0,0.0,0.0,0.0,-5902880.156036,-280.6676169496435,-13.023949,-13.023949,476429.0,476429.0,https://www.sedar.com/ModifyCompanyDocumentSearchForm.do?lang=EN&company_search=Aptose Biosciences Inc&document_selection=0&industry_group=A&FromDate=13&FromMonth=05&FromYear=2000&ToDate=13&ToMonth=11&ToYear=2020&Variable=Issuer,https://www.sedar.com/ModifyCompanyDocumentSearchForm.do?lang=EN&company_search=Aptose Biosciences Inc&document_selection=0&industry_group=A&FromDate=13&FromMonth=05&FromYear=2000&ToDate=13&ToMonth=11&ToYear=2020&Variable=Issuer
0,2003-05-31,APS.TO,2003-05-31,2003-05-31,Q2,29806.912003,21836.055901,7970.856102,0.26741636641855926,2913536.472626,1063571.892361,0.0,0.0,-8733329.330982,-4360268.885602,0.0,0.0,4764191.822096,159.83513560936788,4390075.797605,0.0,0.0,0.0,0.0,0.0,-4134940.977395,-138.7242320498959,-0.04815910758671092,-0.04815910758671092,85860000,85860000,https://www.sedar.com/ModifyCompanyDocumentSearchForm.do?lang=EN&company_search=Aptose Biosciences Inc&document_selection=0&industry_group=A&FromDate=13&FromMonth=05&FromYear=2000&ToDate=13&ToMonth=11&ToYear=2020&Variable=Issuer,https://www.sedar.com/ModifyCompanyDocumentSearchForm.do?lang=EN&company_search=Aptose Biosciences Inc&document_selection=0&industry_group=A&FromDate=13&FromMonth=05&FromYear=2000&ToDate=13&ToMonth=11&ToYear=2020&Variable=Issuer
0,2003-02-28,APS.TO,2003-02-28,2003-02-28,Q1,18016.038817,18016.038817,0.0,0.0,1937724.914078,646575.240919,0.0,0.0,-5471870.746007,-2718419.704832,0.0,0.0,3221603.551625,178.81863956604505,2736435.743648,0.0,0.0,0.0,0.0,0.0,-2562280.477121,-142.22218896993178,-4.866703,-4.866703,401197.0,401197.0,https://www.sedar.com/ModifyCompanyDocumentSearchForm.do?lang=EN&company_search=Aptose Biosciences Inc&document_selection=0&industry_group=A&FromDate=13&FromMonth=05&FromYear=2000&ToDate=13&ToMonth=11&ToYear=2020&Variable=Issuer,https://www.sedar.com/ModifyCompanyDocumentSearchForm.do?lang=EN&company_search=Aptose Biosciences Inc&document_selection=0&industry_group=A&FromDate=13&FromMonth=05&FromYear=2000&ToDate=13&ToMonth=11&ToYear=2020&Variable=Issuer
0,2002-11-30,APS.TO,2002-11-30,2002-11-30,Q4,0.0,0.0,0.0,0.0,2123729.311777,508934.756214,0.0,0.0,0.0,2737650.968113,0.0,0.0,-2355841.35503,0.0,-2737650.968113,0.0,0.0,0.0,0.0,0.0,-2536676.46495,0.0,-6.910698,-6.910698,401166.0,401166.0,https://www.sedar.com/ModifyCompanyDocumentSearchForm.do?lang=EN&company_search=Aptose Biosciences Inc&document_selection=0&industry_group=A&FromDate=13&FromMonth=05&FromYear=2000&ToDate=13&ToMonth=11&ToYear=2020&Variable=Issuer,https://www.sedar.com/ModifyCompanyDocumentSearchForm.do?lang=EN&company_search=Aptose Biosciences Inc&document_selection=0&industry_group=A&FromDate=13&FromMonth=05&FromYear=2000&ToDate=13&ToMonth=11&ToYear=2020&Variable=Issuer
0,2002-08-31,APS.TO,2002-08-31,2002-08-31,Q3,0.0,0.0,0.0,0.0,1955560.189938,837239.476386,0.0,0.0,0.0,2853817.376797,0.0,0.0,-2512719.455852,0.0,-2853817.376797,0.0,0.0,0.0,0.0,0.0,-2615748.844969,0.0,-6.934902,-6.934902,401149.0,401149.0,https://www.sedar.com/ModifyCompanyDocumentSearchForm.do?lang=EN&company_search=Aptose Biosciences Inc&document_selection=0&industry_group=A&FromDate=13&FromMonth=05&FromYear=2000&ToDate=13&ToMonth=11&ToYear=2020&Variable=Issuer,https://www.sedar.com/ModifyCompanyDocumentSearchForm.do?lang=EN&company_search=Aptose Biosciences Inc&document_selection=0&industry_group=A&FromDate=13&FromMonth=05&FromYear=2000&ToDate=13&ToMonth=11&ToYear=2020&Variable=Issuer
0,2002-05-31,APS.TO,2002-05-31,2002-05-31,Q2,0.0,0.0,0.0,0.0,1856363.639432,780515.288904,0.0,0.0,0.0,2992879.916184,0.0,0.0,-2309986.970053,0.0,-2992879.916184,0.0,0.0,0.0,0.0,0.0,-2730835.378734,0.0,-0.03180567643529001,-0.03180567643529001,85860000,85860000,https://www.sedar.com/ModifyCompanyDocumentSearchForm.do?lang=EN&company_search=Aptose Biosciences Inc&document_selection=0&industry_group=A&FromDate=13&FromMonth=05&FromYear=2000&ToDate=13&ToMonth=11&ToYear=2020&Variable=Issuer,https://www.sedar.com/ModifyCompanyDocumentSearchForm.do?lang=EN&company_search=Aptose Biosciences Inc&document_selection=0&industry_group=A&FromDate=13&FromMonth=05&FromYear=2000&ToDate=13&ToMonth=11&ToYear=2020&Variable=Issuer
0,2002-02-28,APS.TO,2002-02-28,2002-02-28,Q1,0.0,0.0,0.0,0.0,1167721.143827,754819.709364,0.0,0.0,0.0,2208472.63039,0.0,0.0,-1105936.615972,0.0,-2208472.63039,0.0,0.0,0.0,0.0,0.0,-1889548.821045,0.0,-4.499249,-4.499249,399711.0,399711.0,https://www.sedar.com/ModifyCompanyDocumentSearchForm.do?lang=EN&company_search=Aptose Biosciences Inc&document_selection=0&industry_group=A&FromDate=13&FromMonth=05&FromYear=2000&ToDate=13&ToMonth=11&ToYear=2020&Variable=Issuer,https://www.sedar.com/ModifyCompanyDocumentSearchForm.do?lang=EN&company_search=Aptose Biosciences Inc&document_selection=0&industry_group=A&FromDate=13&FromMonth=05&FromYear=2000&ToDate=13&ToMonth=11&ToYear=2020&Variable=Issuer
0,2001-11-30,APS.TO,2001-11-30,2001-11-30,Q4,0.0,0.0,0.0,0.0,1331100.797864,1006075.84475,0.0,0.0,0.0,2697203.979783,0.0,0.0,-2337176.642614,0.0,-2697203.979783,0.0,0.0,0.0,0.0,0.0,-2341177.405512,0.0,-6.85931,-6.85931,395672.0,395672.0,https://www.sedar.com/ModifyCompanyDocumentSearchForm.do?lang=EN&company_search=Aptose Biosciences Inc&document_selection=0&industry_group=A&FromDate=13&FromMonth=05&FromYear=2000&ToDate=13&ToMonth=11&ToYear=2020&Variable=Issuer,https://www.sedar.com/ModifyCompanyDocumentSearchForm.do?lang=EN&company_search=Aptose Biosciences Inc&document_selection=0&industry_group=A&FromDate=13&FromMonth=05&FromYear=2000&ToDate=13&ToMonth=11&ToYear=2020&Variable=Issuer
0,2001-08-31,APS.TO,2001-08-31,2001-08-31,Q3,1000.212949,0.0,0.0,0.0,1381997.457523,684998.741668,0.0,0.0,-0.645299,2360994.921499,0.0,0.0,-1783995.947524,-1783.6161282531045,-2359994.708551,0.0,0.0,0.0,0.0,0.0,-1971995.973336,-1971.576128171082,-4.648539,-4.648539,395672.0,395672.0,https://www.sedar.com/ModifyCompanyDocumentSearchForm.do?lang=EN&company_search=Aptose Biosciences Inc&document_selection=0&industry_group=A&FromDate=13&FromMonth=05&FromYear=2000&ToDate=13&ToMonth=11&ToYear=2020&Variable=Issuer,https://www.sedar.com/ModifyCompanyDocumentSearchForm.do?lang=EN&company_search=Aptose Biosciences Inc&document_selection=0&industry_group=A&FromDate=13&FromMonth=05&FromYear=2000&ToDate=13&ToMonth=11&ToYear=2020&Variable=Issuer
0,2001-05-31,APS.TO,2001-05-31,2001-05-31,Q2,349.512032,-282654.583286,283004.095318,809.7120253588295,2619467.136668,1518024.308695,0.0,0.0,0.0,4452954.362025,0.0,0.0,-3854487.350045,-11028.196448598945,-4452604.849993,0.0,0.0,0.0,0.0,0.0,-3985705.030068,-11403.62752967543,-0.04642097635765199,-0.04642097635765199,85860000,85860000,https://www.sedar.com/ModifyCompanyDocumentSearchForm.do?lang=EN&company_search=Aptose Biosciences Inc&document_selection=0&industry_group=A&FromDate=13&FromMonth=05&FromYear=2000&ToDate=13&ToMonth=11&ToYear=2020&Variable=Issuer,https://www.sedar.com/ModifyCompanyDocumentSearchForm.do?lang=EN&company_search=Aptose Biosciences Inc&document_selection=0&industry_group=A&FromDate=13&FromMonth=05&FromYear=2000&ToDate=13&ToMonth=11&ToYear=2020&Variable=Issuer
0,2001-02-28,APS.TO,2001-02-28,2001-02-28,Q1,650.800159,-285701.269711,286352.06987,439.9999998617087,935850.628348,985962.240575,0.0,0.0,0.0,2227038.143397,0.0,0.0,-1635460.799052,-2512.9999992086664,-2226387.343239,0.0,0.0,0.0,0.0,0.0,-1781890.834781,-2737.999999137984,-4.685827,-4.685827,389997.0,389997.0,https://www.sedar.com/ModifyCompanyDocumentSearchForm.do?lang=EN&company_search=Aptose Biosciences Inc&document_selection=0&industry_group=A&FromDate=13&FromMonth=05&FromYear=2000&ToDate=13&ToMonth=11&ToYear=2020&Variable=Issuer,https://www.sedar.com/ModifyCompanyDocumentSearchForm.do?lang=EN&company_search=Aptose Biosciences Inc&document_selection=0&industry_group=A&FromDate=13&FromMonth=05&FromYear=2000&ToDate=13&ToMonth=11&ToYear=2020&Variable=Issuer
0,2000-11-30,APS.TO,2000-11-30,2000-11-30,Q4,651.351228,-318510.750552,319162.10178,490.00000009211624,1754740.208563,876067.401825,0.0,0.0,0.0,2964950.790415,0.0,0.0,-2311645.508608,-3549.0000006693776,-2964299.439187,0.0,0.0,0.0,0.0,0.0,-2479042.774235,-3806.000000716971,-7.034692,-7.034692,389186.0,389186.0,https://www.sedar.com/ModifyCompanyDocumentSearchForm.do?lang=EN&company_search=Aptose Biosciences Inc&document_selection=0&industry_group=A&FromDate=13&FromMonth=05&FromYear=2000&ToDate=13&ToMonth=11&ToYear=2020&Variable=Issuer,https://www.sedar.com/ModifyCompanyDocumentSearchForm.do?lang=EN&company_search=Aptose Biosciences Inc&document_selection=0&industry_group=A&FromDate=13&FromMonth=05&FromYear=2000&ToDate=13&ToMonth=11&ToYear=2020&Variable=Issuer
0,2000-08-31,APS.TO,2000-08-31,2000-08-31,Q3,678.951156,-296701.655283,297380.606439,438.00000016348747,1109406.189319,826962.508317,0.0,0.0,0.0,2231033.49945,0.0,0.0,-1638988.091197,-2414.000000902863,-2230354.548294,0.0,0.0,0.0,0.0,0.0,-1721820.13226,-2536.000000948522,-4.888517,-4.888517,388736.0,388736.0,https://www.sedar.com/ModifyCompanyDocumentSearchForm.do?lang=EN&company_search=Aptose Biosciences Inc&document_selection=0&industry_group=A&FromDate=13&FromMonth=05&FromYear=2000&ToDate=13&ToMonth=11&ToYear=2020&Variable=Issuer,https://www.sedar.com/ModifyCompanyDocumentSearchForm.do?lang=EN&company_search=Aptose Biosciences Inc&document_selection=0&industry_group=A&FromDate=13&FromMonth=05&FromYear=2000&ToDate=13&ToMonth=11&ToYear=2020&Variable=Issuer
0,2000-05-31,APS.TO,2000-05-31,2000-05-31,Q2,-68247.737092,-532216.11691,463968.379819,-6.798296904607353,1523061.407179,1403620.680703,0.0,0.0,0.0,3619765.817489,0.0,0.0,-2462713.708063,36.0849137714733,-3688013.554581,0.0,0.0,0.0,0.0,0.0,-3395864.855593,49.75791140174029,-0.03955118629854414,-0.03955118629854414,85860000,85860000,https://www.sedar.com/ModifyCompanyDocumentSearchForm.do?lang=EN&company_search=Aptose Biosciences Inc&document_selection=0&industry_group=A&FromDate=13&FromMonth=05&FromYear=2000&ToDate=13&ToMonth=11&ToYear=2020&Variable=Issuer,https://www.sedar.com/ModifyCompanyDocumentSearchForm.do?lang=EN&company_search=Aptose Biosciences Inc&document_selection=0&industry_group=A&FromDate=13&FromMonth=05&FromYear=2000&ToDate=13&ToMonth=11&ToYear=2020&Variable=Issuer
0,2000-02-29,APS.TO,2000-02-29,2000-02-29,Q1,68915.137899,-275660.551597,344575.689496,5.000000000014511,413490.827395,758066.516891,0.0,0.0,0.0,1240472.482185,0.0,0.0,-823965.851154,-11.95623887978836,-1171557.344286,0.0,0.0,0.0,0.0,0.0,-1171557.344286,-17.00000000004353,-4.961959,-4.961959,157405.0,157405.0,https://www.sedar.com/ModifyCompanyDocumentSearchForm.do?lang=EN&company_search=Aptose Biosciences Inc&document_selection=0&industry_group=A&FromDate=13&FromMonth=05&FromYear=2000&ToDate=13&ToMonth=11&ToYear=2020&Variable=Issuer,https://www.sedar.com/ModifyCompanyDocumentSearchForm.do?lang=EN&company_search=Aptose Biosciences Inc&document_selection=0&industry_group=A&FromDate=13&FromMonth=05&FromYear=2000&ToDate=13&ToMonth=11&ToYear=2020&Variable=Issuer
0,1999-11-30,APS.TO,1999-11-30,1999-11-30,Q4,67909.870021,-67909.870021,135819.740041,1.999999999985275,339549.350103,339549.350103,0.0,0.0,0.0,747008.570226,0.0,0.0,-542278.862316,-7.985273159090267,-679098.700205,0.0,0.0,0.0,0.0,0.0,-679098.700205,-9.999999999926374,-2.44479,-2.44479,277774.0,277774.0,https://www.sedar.com/ModifyCompanyDocumentSearchForm.do?lang=EN&company_search=Aptose Biosciences Inc&document_selection=0&industry_group=A&FromDate=13&FromMonth=05&FromYear=2000&ToDate=13&ToMonth=11&ToYear=2020&Variable=Issuer,https://www.sedar.com/ModifyCompanyDocumentSearchForm.do?lang=EN&company_search=Aptose Biosciences Inc&document_selection=0&industry_group=A&FromDate=13&FromMonth=05&FromYear=2000&ToDate=13&ToMonth=11&ToYear=2020&Variable=Issuer
0,1999-08-31,APS.TO,1999-08-31,1999-08-31,Q3,66909.772172,-66909.772172,133819.544344,2.0,200729.316517,200729.316517,0.0,0.0,0.0,401458.633033,0.0,0.0,-267639.088689,-4.000000000014945,-334548.860861,0.0,0.0,0.0,0.0,0.0,-468368.405206,-7.000000000029892,-4.817571,-4.817571,97221.0,97221.0,https://www.sedar.com/ModifyCompanyDocumentSearchForm.do?lang=EN&company_search=Aptose Biosciences Inc&document_selection=0&industry_group=A&FromDate=13&FromMonth=05&FromYear=2000&ToDate=13&ToMonth=11&ToYear=2020&Variable=Issuer,https://www.sedar.com/ModifyCompanyDocumentSearchForm.do?lang=EN&company_search=Aptose Biosciences Inc&document_selection=0&industry_group=A&FromDate=13&FromMonth=05&FromYear=2000&ToDate=13&ToMonth=11&ToYear=2020&Variable=Issuer
0,1999-05-31,APS.TO,1999-05-31,1999-05-31,Q2,1529.04225,-137169.161885,138698.204135,90.7092031858505,579257.492542,291157.788521,0.0,0.0,0.0,737833.24593,0.0,0.0,-398732.946843,-260.7730079682233,-736304.20368,0.0,-197344.010451,0.0,0.0,0.0,-932119.171881,-609.6098207103172,-0.01085626801631726,-0.01085626801631726,85860000,85860000,https://www.sedar.com/ModifyCompanyDocumentSearchForm.do?lang=EN&company_search=Aptose Biosciences Inc&document_selection=0&industry_group=A&FromDate=13&FromMonth=05&FromYear=2000&ToDate=13&ToMonth=11&ToYear=2020&Variable=Issuer,https://www.sedar.com/ModifyCompanyDocumentSearchForm.do?lang=EN&company_search=Aptose Biosciences Inc&document_selection=0&industry_group=A&FromDate=13&FromMonth=05&FromYear=2000&ToDate=13&ToMonth=11&ToYear=2020&Variable=Issuer
0,1999-02-28,APS.TO,1999-02-28,1999-02-28,Q1,66291.017567,0.0,0.0,0.0,464037.12297,397746.105403,0.0,0.0,0.0,861783.228373,0.0,0.0,-991991.561706,-14.96419270836202,-795492.210805,0.0,265164.070268,0.0,0.0,0.0,-596619.158104,-9.000000000015085,-4.77302,-4.77302,124998.0,124998.0,https://www.sedar.com/ModifyCompanyDocumentSearchForm.do?lang=EN&company_search=Aptose Biosciences Inc&document_selection=0&industry_group=A&FromDate=13&FromMonth=05&FromYear=2000&ToDate=13&ToMonth=11&ToYear=2020&Variable=Issuer,https://www.sedar.com/ModifyCompanyDocumentSearchForm.do?lang=EN&company_search=Aptose Biosciences Inc&document_selection=0&industry_group=A&FromDate=13&FromMonth=05&FromYear=2000&ToDate=13&ToMonth=11&ToYear=2020&Variable=Issuer
0,1998-11-30,APS.TO,1998-11-30,1998-11-30,Q4,65104.166667,0.0,0.0,0.0,390625.0,260416.666667,0.0,0.0,0.0,716145.833333,0.0,0.0,-584108.453556,-8.971905846574224,-651041.666667,0.0,0.0,0.0,0.0,0.0,-651041.666667,-9.999999999953921,-7.031348,-7.031348,92591.0,92591.0,https://www.sedar.com/ModifyCompanyDocumentSearchForm.do?lang=EN&company_search=Aptose Biosciences Inc&document_selection=0&industry_group=A&FromDate=13&FromMonth=05&FromYear=2000&ToDate=13&ToMonth=11&ToYear=2020&Variable=Issuer,https://www.sedar.com/ModifyCompanyDocumentSearchForm.do?lang=EN&company_search=Aptose Biosciences Inc&document_selection=0&industry_group=A&FromDate=13&FromMonth=05&FromYear=2000&ToDate=13&ToMonth=11&ToYear=2020&Variable=Issuer
0,1998-08-31,APS.TO,1998-08-31,1998-08-31,Q3,63275.120223,0.0,0.0,0.0,632751.202227,253100.480891,0.0,0.0,0.0,949126.803341,0.0,0.0,-822576.562895,-12.999999999936785,-885851.683118,0.0,0.0,0.0,0.0,0.0,-949126.803341,-14.999999999936785,-9.111745,-9.111745,104165.0,104165.0,https://www.sedar.com/ModifyCompanyDocumentSearchForm.do?lang=EN&company_search=Aptose Biosciences Inc&document_selection=0&industry_group=A&FromDate=13&FromMonth=05&FromYear=2000&ToDate=13&ToMonth=11&ToYear=2020&Variable=Issuer,https://www.sedar.com/ModifyCompanyDocumentSearchForm.do?lang=EN&company_search=Aptose Biosciences Inc&document_selection=0&industry_group=A&FromDate=13&FromMonth=05&FromYear=2000&ToDate=13&ToMonth=11&ToYear=2020&Variable=Issuer
0,1998-05-31,APS.TO,1998-05-31,1998-05-31,Q2,-1611.165769,0.0,0.0,0.0,-45112.641519,461237.203967,0.0,0.0,0.0,411291.065142,0.0,0.0,-349082.700618,216.66467059728106,-412902.230911,0.0,0.0,0.0,0.0,0.0,-345860.369081,214.6646705979017,-0.004028189716759841,-0.004028189716759841,85860000,85860000,https://www.sedar.com/ModifyCompanyDocumentSearchForm.do?lang=EN&company_search=Aptose Biosciences Inc&document_selection=0&industry_group=A&FromDate=13&FromMonth=05&FromYear=2000&ToDate=13&ToMonth=11&ToYear=2020&Variable=Issuer,https://www.sedar.com/ModifyCompanyDocumentSearchForm.do?lang=EN&company_search=Aptose Biosciences Inc&document_selection=0&industry_group=A&FromDate=13&FromMonth=05&FromYear=2000&ToDate=13&ToMonth=11&ToYear=2020&Variable=Issuer
0,1998-02-28,APS.TO,1998-02-28,1998-02-28,Q1,70264.193367,0.0,0.0,0.0,772906.127038,281056.773468,0.0,0.0,0.0,1124227.093873,0.0,0.0,-983698.707139,-14.00000000001423,-1053962.900506,0.0,0.0,0.0,0.0,0.0,-1053962.900506,-15.000000000014232,-10.118185,-10.118185,104165.0,104165.0,https://www.sedar.com/ModifyCompanyDocumentSearchForm.do?lang=EN&company_search=Aptose Biosciences Inc&document_selection=0&industry_group=A&FromDate=13&FromMonth=05&FromYear=2000&ToDate=13&ToMonth=11&ToYear=2020&Variable=Issuer,https://www.sedar.com/ModifyCompanyDocumentSearchForm.do?lang=EN&company_search=Aptose Biosciences Inc&document_selection=0&industry_group=A&FromDate=13&FromMonth=05&FromYear=2000&ToDate=13&ToMonth=11&ToYear=2020&Variable=Issuer
0,1997-11-30,APS.TO,1997-11-30,1997-11-30,Q4,70274.068869,0.0,0.0,0.0,843288.826423,281096.275474,0.0,0.0,0.0,1194659.170766,0.0,0.0,-1054111.033029,-14.999999999914621,-1124385.101897,0.0,0.0,0.0,0.0,0.0,-1124385.101897,-15.999999999900393,-10.119608,-10.119608,111110.0,111110.0,https://www.sedar.com/ModifyCompanyDocumentSearchForm.do?lang=EN&company_search=Aptose Biosciences Inc&document_selection=0&industry_group=A&FromDate=13&FromMonth=05&FromYear=2000&ToDate=13&ToMonth=11&ToYear=2020&Variable=Issuer,https://www.sedar.com/ModifyCompanyDocumentSearchForm.do?lang=EN&company_search=Aptose Biosciences Inc&document_selection=0&industry_group=A&FromDate=13&FromMonth=05&FromYear=2000&ToDate=13&ToMonth=11&ToYear=2020&Variable=Issuer
0,1997-08-31,APS.TO,1997-08-31,1997-08-31,Q3,71994.240461,0.0,0.0,0.0,431965.442765,287976.961843,0.0,0.0,0.0,791936.645068,0.0,0.0,-647948.164147,-8.99999999997222,-719942.404608,0.0,0.0,0.0,0.0,0.0,-719942.404608,-9.99999999997222,-7.775487,-7.775487,92591.0,92591.0,https://www.sedar.com/ModifyCompanyDocumentSearchForm.do?lang=EN&company_search=Aptose Biosciences Inc&document_selection=0&industry_group=A&FromDate=13&FromMonth=05&FromYear=2000&ToDate=13&ToMonth=11&ToYear=2020&Variable=Issuer,https://www.sedar.com/ModifyCompanyDocumentSearchForm.do?lang=EN&company_search=Aptose Biosciences Inc&document_selection=0&industry_group=A&FromDate=13&FromMonth=05&FromYear=2000&ToDate=13&ToMonth=11&ToYear=2020&Variable=Issuer
