,date,symbol,fillingDate,acceptedDate,period,revenue,costOfRevenue,grossProfit,grossProfitRatio,researchAndDevelopmentExpenses,generalAndAdministrativeExpenses,sellingAndMarketingExpenses,otherExpenses,operatingExpenses,costAndExpenses,interestExpense,depreciationAndAmortization,ebitda,ebitdaratio,operatingIncome,operatingIncomeRatio,totalOtherIncomeExpensesNet,incomeBeforeTax,incomeBeforeTaxRatio,incomeTaxExpense,netIncome,netIncomeRatio,eps,epsdiluted,weightedAverageShsOut,weightedAverageShsOutDil,link,finalLink
0,2020-09-30,LH,2020-10-29,2020-10-29 09:54:01,Q3,3896000000,2336000000,1559000000,0.4001540041067762,0.0,420000000,0.0,0.0,420000000,2756000000,52000000,152000000,1199000000,0.30775154004106775,1047000000,0.26873716632443534,0.0,947000000,0.24306981519507187,244000000,703000000,0.18044147843942504,6.35,6.35,97700000,97700000,https://www.sec.gov/Archives/edgar/data/920148/000092014820000058/0000920148-20-000058-index.htm,https://www.sec.gov/Archives/edgar/data/920148/000092014820000058/lh-20200930.htm
0,2020-06-30,LH,2020-07-31,2020-07-31 16:27:13,Q2,2768800000,2008300000,760500000,0.2746677260907252,0.0,383700000,0.0,0.0,462799999.99999994,2471100000,52700000,143900000,493600000,0.178272,297700000,0.10752,49400000,297000000,0.107267,65400000,231600000,0.083646,2.37052,2.37052,97700000,97700000,https://www.sec.gov/Archives/edgar/data/920148/000092014820000043/0000920148-20-000043-index.htm,https://www.sec.gov/Archives/edgar/data/920148/000092014820000043/lh-20200630.htm
0,2020-03-31,LH,2020-05-08 00:00:00,2020-05-08 17:10:01,Q1,2823800000,2095800000,728000000,0.257809,0.0,445700000,0.0,0.0,920599999.9999999,3016400000,-61800000,144600000,-185200000,-0.065585,-192600000,-0.068206,-13300000,-267700000,-0.094801,49200000,-317200000,-0.112331,-3.26337,-3.26337,97200000,97200000,https://www.sec.gov/Archives/edgar/data/920148/000092014820000029/0000920148-20-000029-index.html,https://www.sec.gov/Archives/edgar/data/920148/000092014820000029/lh202010-qq1projectfile.htm
0,2019-12-31,LH,2020-02-28 00:00:00,2020-02-28 14:42:51,Q4,2953400000,2132700000,820700000,0.277883,0.0,380500000,0.0,0.0,473300000.0000002,2606000000,64000000,155800000.00000006,512500000.00000006,0.173529,347400000,0.117627,-4800000.0,292900000,0.099174,65600000,227100000,0.076894,2.31735,2.31735,98000000,98000000,https://www.sec.gov/Archives/edgar/data/920148/000092014820000011/0000920148-20-000011-index.html,https://www.sec.gov/Archives/edgar/data/920148/000092014820000011/lh10-k2019.htm
0,2019-09-30,LH,2019-10-31 00:00:00,2019-10-31 16:27:27,Q3,2928500000,2111200000,817300000,0.279085,0.0,386800000,0.0,0.0,484800000.0000002,2596000000,60500000,144299999.99999994,491899999.99999994,0.16797,332500000,0.113539,4400000.0,287400000,0.098139,66400000,220700000,0.075363,2.24517,2.24517,98300000,98300000,https://www.sec.gov/Archives/edgar/data/920148/000092014819000092/0000920148-19-000092-index.html,https://www.sec.gov/Archives/edgar/data/920148/000092014819000092/lh201910-qq3projectfile.htm
0,2019-06-30,LH,2019-08-08,2019-08-08 16:13:14,Q2,5672900000,4058400000,1614500000,0.284599,0.0,756200000,0.0,0.0,969400000.0000001,5027800000,59100000,139800000,722900000,0.12743,645100000,0.113716,-7400000.0,524600000,0.092475,148000000,376000000,0.06628,3.81532,3.81532,98550000,98550000,https://www.sec.gov/Archives/edgar/data/920148/000092014819000076/lh201910-qq2.htm,https://www.sec.gov/Archives/edgar/data/920148/000092014819000076/lh201910-qq2.htm
0,2019-03-31,LH,2019-05-03 00:00:00,2019-05-03 14:28:36,Q1,2791200000,2001500000,789700000,0.282925,0.0,378300000,0.0,0.0,471500000,2473000000,56700000,137300000,448400000,0.160648,318200000,0.114001,-5700000.0,254700000,0.091251,68800000,185600000,0.066495,1.86533,1.86533,99500000,99500000,https://www.sec.gov/Archives/edgar/data/920148/000092014819000053/0000920148-19-000053-index.html,https://www.sec.gov/Archives/edgar/data/920148/000092014819000053/lh201910-qq1.htm
0,2018-12-31,LH,2019-02-28 00:00:00,2019-02-28 15:06:10,Q4,2787500000,2015100000,772400000,0.277094,0.0,396900000,0.0,0.0,464700000.0000003,2479800000.0000005,58200000,137700000.00000006,380100000.00000006,0.136359,307700000,0.110386,-41400000,214500000,0.076951,26300000,157900000,0.056646,1.56182,1.56182,101100000,101100000,https://www.sec.gov/Archives/edgar/data/920148/000092014819000033/0000920148-19-000033-index.html,https://www.sec.gov/Archives/edgar/data/920148/000092014819000033/lh10-k2018.htm
0,2018-09-30,LH,2018-10-30 00:00:00,2018-10-30 14:04:24,Q3,2831300000,2041400000,789900000,0.278988,0.0,381800000,0.0,0.0,446500000,2487900000,59400000,133099999.99999997,691900000,0.244375,343400000,0.121287,209800000,499600000,0.176456,180600000,318800000,0.112598,3.10419,3.10419,102700000,102700000,https://www.sec.gov/Archives/edgar/data/920148/000092014818000130/0000920148-18-000130-index.html,https://www.sec.gov/Archives/edgar/data/920148/000092014818000130/lh201810-qq3.htm
0,2018-06-30,LH,2018-07-27 00:00:00,2018-07-27 13:30:47,Q2,2866300000,2031200000,835100000,0.291351,0.0,395200000,0.0,0.0,465899999.9999999,2497100000,63100000,138500000,514000000,0.179325,369200000,0.128807,2800000.0,312700000,0.109095,78600000,233800000,0.081569,2.26331,2.26331,103300000,103300000,https://www.sec.gov/Archives/edgar/data/920148/000092014818000097/0000920148-18-000097-index.html,https://www.sec.gov/Archives/edgar/data/920148/000092014818000097/lh201810-qq2.htm
0,2018-03-31,LH,2018-05-01 00:00:00,2018-05-01 15:34:48,Q1,2848300000,2069300000,779000000,0.273496,0.0,397000000,0.0,0.0,473599999.9999999,2542900000,63500000,142800000,433600000,0.152231,305400000,0.107222,-3500000.0,241500000,0.084787,54100000,173200000,0.060808,1.67505,1.67505,103400000,103400000,https://www.sec.gov/Archives/edgar/data/920148/000092014818000062/0000920148-18-000062-index.html,https://www.sec.gov/Archives/edgar/data/920148/000092014818000062/lh201810-qq1_new.htm
0,2017-12-31,LH,2018-02-27 00:00:00,2018-02-27 15:06:05,Q4,2744700000,1927600000,817100000,0.297701,0.0,417300000,0.0,0.0,486500000,2414100000,67800000,145000000.00000006,995600000.0000001,0.362735,330600000,0.12045,1400000.0,266200000,0.096987,95000000,687800000,0.250592,6.61983,6.61983,103900000,103900000,https://www.sec.gov/Archives/edgar/data/920148/000092014818000024/0000920148-18-000024-index.html,https://www.sec.gov/Archives/edgar/data/920148/000092014818000024/lh10-k2017.htm
0,2017-09-30,LH,2017-11-02 00:00:00,2017-11-02 13:54:37,Q3,2621400000,1837200000,784200000,0.299153,0.0,381300000,0.0,0.0,457499999.9999998,2294700000,59900000,133100000,457000000,0.174334,326700000,0.124628,-3900000.0,266800000,0.101778,92500000,171500000,0.065423,1.65381,1.65381,103700000,103700000,https://www.sec.gov/Archives/edgar/data/920148/000092014817000112/0000920148-17-000112-index.html,https://www.sec.gov/Archives/edgar/data/920148/000092014817000112/lh201710-qq3_new.htm
0,2017-06-30,LH,2017-08-02 00:00:00,2017-08-02 07:03:55,Q2,2528200000,1750200000,778000000,0.307729,0.0,357700000,0.0,0.0,448200000.00000006,2198400000,55000000,127000000,460900000,0.182304,329800000,0.130449,-500000.0,279200000,0.110434,94100000,184800000,0.073095,1.78206,1.78206,103700000,103700000,https://www.sec.gov/Archives/edgar/data/920148/000092014817000079/0000920148-17-000079-index.html,https://www.sec.gov/Archives/edgar/data/920148/000092014817000079/lh201710-qq2_new.htm
0,2017-03-31,LH,2017-04-28 00:00:00,2017-04-28 10:00:38,Q1,2413700000,1701200000,712500000,0.29519,0.0,342900000,0.0,0.0,394399999.9999999,2095599999.9999998,52400000,128100000,445500000,0.184571,318100000,0.131789,-3000000.0,265300000,0.109914,82000000,183000000,0.075817,1.75455,1.75455,104300000,104300000,https://www.sec.gov/Archives/edgar/data/920148/000092014817000044/0000920148-17-000044-index.html,https://www.sec.gov/Archives/edgar/data/920148/000092014817000044/lh201710-qq1.htm
0,2016-12-31,LH,2017-02-27 00:00:00,2017-02-27 07:24:14,Q4,2339500000,1878000000,461500000,0.197264,0.0,121300000,0.0,0.0,179900000.0000001,2057900000,52900000,130300000,427700000,0.182817,281600000,0.120368,13800000,244700000,0.104595,80400000,164100000,0.070143,1.53796,1.53796,106700000,106700000,https://www.sec.gov/Archives/edgar/data/920148/000092014817000018/0000920148-17-000018-index.html,https://www.sec.gov/Archives/edgar/data/920148/000092014817000018/lh10-k2016.htm
0,2016-09-30,LH,2016-10-28 00:00:00,2016-10-28 08:52:03,Q3,2414700000,1626300000,788400000,0.3265,0.0,400500000,0.0,0.0,464399999.9999999,2090699999.9999998,58200000,121099999.99999997,442399999.99999994,0.183211,324000000,0.134178,-5600000.0,263400000,0.109082,83600000,179500000,0.074336,1.71115,1.71115,104900000,104900000,https://www.sec.gov/Archives/edgar/data/920148/000092014816000248/0000920148-16-000248-index.html,https://www.sec.gov/Archives/edgar/data/920148/000092014816000248/lh201610-qq3.htm
0,2016-06-30,LH,2016-07-29,2016-07-29 10:04:39,Q2,2430700000,1603900000,826800000,0.340149,0.0,409400000,0.0,0.0,461299999.9999997,2065199999.9999998,53500000,125400000,490500000,0.201794,365500000,0.150368,-2400000.0,311900000,0.128317,107500000,204100000,0.083968,1.96061,1.96061,104100000,104100000,https://www.sec.gov/Archives/edgar/data/920148/000092014816000220/lh201610-qq2.htm,https://www.sec.gov/Archives/edgar/data/920148/000092014816000220/lh201610-qq2.htm
0,2016-03-31,LH,2016-05-06 00:00:00,2016-05-06 14:28:31,Q1,2368000000,1590700000,777300000,0.328252,0.0,414300000,0.0,0.0,477799999.99999994,2068500000,54500000,122400000,430200000,0.181672,299500000,0.126478,6700000.0,253600000,0.107095,89200000,164100000,0.069299,1.58092,1.58092,103800000,103800000,https://www.sec.gov/Archives/edgar/data/920148/000092014816000193/0000920148-16-000193-index.html,https://www.sec.gov/Archives/edgar/data/920148/000092014816000193/lh201610-qq1.htm
0,2015-12-31,LH,2016-02-29 00:00:00,2016-02-29 08:35:48,Q4,2300500000,1559900000,740600000,0.32193,0.0,406200000,0.0,0.0,504099999.9999999,2064000000,56800000,113300000.00000001,349100000,0.15175,236500000,0.102804,-3400000.0,179200000,0.077896,69000000,110000000,0.047816,1.06486,1.06486,103300000,103300000,https://www.sec.gov/Archives/edgar/data/920148/000092014816000162/0000920148-16-000162-index.html,https://www.sec.gov/Archives/edgar/data/920148/000092014816000162/lh10-k2015.htm
0,2015-09-30,LH,2015-10-30 00:00:00,2015-10-30 13:45:36,Q3,2317300000,1552400000,764900000,0.330082,0.0,385600000,0.0,0.0,456799999.99999994,2009200000,55900000,121400000,428500000,0.184913,308100000,0.132956,-3200000.0,251500000,0.108531,96500000,154700000,0.066759,1.5034,1.5034,102900000,102900000,https://www.sec.gov/Archives/edgar/data/920148/000092014815000133/0000920148-15-000133-index.html,https://www.sec.gov/Archives/edgar/data/920148/000092014815000133/lh201510-qq3.htm
0,2015-06-30,LH,2015-07-30 00:00:00,2015-07-30 15:53:03,Q2,2269100000,1496400000,772700000,0.340531,0.0,394000000,0.0,0.0,452899999.9999999,1949299999.9999998,57900000,120500000,440900000,0.194306,319800000,0.140937,-2300000.0,262800000,0.115817,92700000,169800000,0.074831,1.54504,1.54504,109900000,109900000,https://www.sec.gov/Archives/edgar/data/920148/000092014815000097/0000920148-15-000097-index.html,https://www.sec.gov/Archives/edgar/data/920148/000092014815000097/lh201510-qq2.htm
0,2015-03-31,LH,2015-05-04 00:00:00,2015-05-04 15:49:45,Q1,1793200000,1168100000,625100000,0.348595,0.0,442300000,0.0,0.0,492700000.00000006,1660800000,104300000,102600000,239100000,0.133337,132400000,0.073834,1100000.0,32500000,0.018124,29100000,3100000.0,0.001729,0.03305,0.03305,93800000,93800000,https://www.sec.gov/Archives/edgar/data/920148/000092014815000057/0000920148-15-000057-index.html,https://www.sec.gov/Archives/edgar/data/920148/000092014815000057/lh201510-qq1.htm
0,2014-12-31,LH,2015-02-26,2015-02-26 17:25:15,Q4,1512700000,966200000,546500000,0.361275,0.0,315800000,0.0,0.0,333599999.9999999,1299800000,32100000,63500000,276700000,0.182918,212900000,0.140742,-3500000.0,181400000,0.119918,61500000,119600000,0.079064,1.38908,1.38908,86100000,86100000,https://www.sec.gov/Archives/edgar/data/920148/000092014815000020/lh10-k2014.htm,https://www.sec.gov/Archives/edgar/data/920148/000092014815000020/lh10-k2014.htm
0,2014-09-30,LH,2014-11-10 00:00:00,2014-11-10 11:18:40,Q3,1551800000,980600000,571200000,0.368089,0.0,305700000,0.0,0.0,329800000.00000006,1310400000,25900000,58500000,303100000,0.195322,241400000,0.155561,-500000.0,219000000,0.141126,81500000,137200000,0.088413,1.58613,1.58613,86500000,86500000,https://www.sec.gov/Archives/edgar/data/920148/000092014814000098/0000920148-14-000098-index.html,https://www.sec.gov/Archives/edgar/data/920148/000092014814000098/lh201410-qq3.htm
0,2014-06-30,LH,2014-07-29 00:00:00,2014-07-29 14:29:08,Q2,1516400000,947800000,568600000,0.374967,0.0,297900000,0.0,0.0,321900000.0000001,1269700000,25800000,62800000,320700000,0.211488,246700000,0.162688,7500000.0,232500000,0.153324,90800000,141300000,0.093181,1.63731,1.63731,86300000,86300000,https://www.sec.gov/Archives/edgar/data/920148/000092014814000074/0000920148-14-000074-index.html,https://www.sec.gov/Archives/edgar/data/920148/000092014814000074/lh201410-qq2.htm
0,2014-03-31,LH,2014-04-29 00:00:00,2014-04-29 13:52:56,Q1,1430700000,913900000,516800000,0.361222,0.0,284900000,0.0,0.0,313500000.0000001,1227400000,25700000,60700000,273700000,0.191305,203300000,0.142098,6900000.0,187700000,0.131195,74200000,113100000,0.079052,1.306,1.306,86600000,86600000,https://www.sec.gov/Archives/edgar/data/920148/000092014814000046/0000920148-14-000046-index.html,https://www.sec.gov/Archives/edgar/data/920148/000092014814000046/lh201410-qq1.htm
0,2013-12-31,LH,2014-02-25,2014-02-25 15:27:12,Q4,1437000000,910900000,526100000,0.36611,0.0,285700000,0.0,0.0,311100000,1222000000,24200000,59799999.99999998,277800000,0.193319,215000000,0.149617,-1200000.0,194200000,0.135143,67500000,126300000,0.087891,1.43197,1.43197,88200000,88200000,https://www.sec.gov/Archives/edgar/data/920148/000092014814000021/lh10-k2013.htm,https://www.sec.gov/Archives/edgar/data/920148/000092014814000021/lh10-k2013.htm
0,2013-09-30,LH,2013-10-28 00:00:00,2013-10-28 09:02:07,Q3,1462200000,914600000,547600000,0.374504,0.0,279000000,0.0,0.0,302999999.9999999,1217600000,24700000,57900000.00000001,312200000,0.213514,244600000,0.167282,4700000.0,230000000,0.157297,81300000,148300000,0.101423,1.63146,1.63146,90900000,90900000,https://www.sec.gov/Archives/edgar/data/920148/000092014813000096/0000920148-13-000096-index.html,https://www.sec.gov/Archives/edgar/data/920148/000092014813000096/lh201310-qq3.htm
0,2013-06-30,LH,2013-07-30 00:00:00,2013-07-30 09:49:18,Q2,1468200000,890900000,577300000,0.393203,0.0,280900000,0.0,0.0,308000000.0000001,1198900000,23100000,56900000.00000001,329600000,0.224493,269300000,0.183422,-800000.0,250000000,0.170277,97700000,151900000,0.10346,1.62113,1.62113,93700000,93700000,https://www.sec.gov/Archives/edgar/data/920148/000092014813000072/0000920148-13-000072-index.html,https://www.sec.gov/Archives/edgar/data/920148/000092014813000072/lh201310-qq2.htm
0,2013-03-31,LH,2013-05-01 00:00:00,2013-05-01 11:51:30,Q1,1440900000,868700000,572200000,0.397113,0.0,283200000,0.0,0.0,310200000.00000006,1178900000,24500000,55500000,321000000,0.222777,262000000,0.181831,-600000.0,241400000,0.167534,93800000,147200000,0.102158,1.55767,1.55767,94500000,94500000,https://www.sec.gov/Archives/edgar/data/920148/000092014813000044/0000920148-13-000044-index.html,https://www.sec.gov/Archives/edgar/data/920148/000092014813000044/lh201310-qq1.htm
0,2012-12-31,LH,2013-02-26 00:00:00,2013-02-26 13:25:55,Q4,1405300000,867300000,538000000,0.382836,0.0,278800000,0.0,0.0,322700000.00000006,1190000000,27600000,59400000.00000001,278100000,0.197894,215300000,0.153206,-500000.0,191500000,0.13627,70900000,120200000,0.085533,1.26128,1.26128,95300000,95300000,https://www.sec.gov/Archives/edgar/data/920148/000092014813000022/0000920148-13-000022-index.html,https://www.sec.gov/Archives/edgar/data/920148/000092014813000022/lh10-k2012.htm
0,2012-09-30,LH,2012-10-30 00:00:00,2012-10-30 09:24:44,Q3,1419400000,863300000,556100000,0.391785,0.0,285100000,0.0,0.0,311000000,1174300000,24100000,57600000.00000001,308200000,0.217134,245100000,0.172679,500000.0,226900000,0.159856,78500000,148000000,0.104269,1.52893,1.52893,96800000,96800000,https://www.sec.gov/Archives/edgar/data/920148/000092014812000123/0000920148-12-000123-index.html,https://www.sec.gov/Archives/edgar/data/920148/000092014812000123/lh10-qq3.htm
0,2012-06-30,LH,2012-08-02 00:00:00,2012-08-02 14:02:02,Q2,1423400000,843900000,579500000,0.407124,0.0,279500000,0.0,0.0,303500000.0000001,1147400000,21300000,56099999.99999999,333100000,0.234017,276000000,0.193902,-6700000.0,256200000,0.179992,102400000,153300000,0.1077,1.56429,1.56429,98000000,98000000,https://www.sec.gov/Archives/edgar/data/920148/000092014812000095/0000920148-12-000095-index.html,https://www.sec.gov/Archives/edgar/data/920148/000092014812000095/lh10-qq2.htm
0,2012-03-31,LH,2012-04-27 00:00:00,2012-04-27 11:40:37,Q1,1423300000,847200000,576100000,0.404764,0.0,271200000,0.0,0.0,289000000,1136200000,21500000,56700000,347400000,0.244081,287100000,0.201714,-500000.0,269600000,0.189419,107600000,161600000,0.113539,1.63068,1.63068,99100000,99100000,https://www.sec.gov/Archives/edgar/data/920148/000092014812000057/0000920148-12-000057-index.html,https://www.sec.gov/Archives/edgar/data/920148/000092014812000057/lh10-qq1.htm
0,2011-12-31,LH,2012-02-24 00:00:00,2012-02-23 19:22:58,Q4,1366100000,816500000,549600000,0.402313,0.0,270400000,0.0,0.0,302200000.00000006,1118700000,152800000,57800000.00000001,432800000,0.316814,247400000,0.181099,-3800000.0,224900000,0.164629,86800000,135400000,0.099114,1.34059,1.34059,101000000,101000000,https://www.sec.gov/Archives/edgar/data/920148/000092014812000039/0000920148-12-000039-index.html,https://www.sec.gov/Archives/edgar/data/920148/000092014812000039/lh10k2.htm
0,2011-09-30,LH,2011-10-31 00:00:00,2011-10-31 17:13:01,Q3,1404500000,836000000,568500000,0.40477,0.0,283800000,0.0,0.0,329099999.9999999,1165100000,-20300000,57699999.99999999,254200000,0.18099,239400000,0.170452,-1700000.0,220100000,0.156711,82500000,134300000,0.095621,1.31409,1.31409,102200000,102200000,https://www.sec.gov/Archives/edgar/data/920148/000092014811000095/0000920148-11-000095-index.html,https://www.sec.gov/Archives/edgar/data/920148/000092014811000095/labcorp10q.htm
0,2011-06-30,LH,2011-08-02 00:00:00,2011-08-02 16:36:27,Q2,1403300000,815100000,588200000,0.419155,0.0,287100000,0.0,0.0,362499999.9999999,1177600000,-21000000,57800000.00000001,240300000,0.171239,225700000,0.160835,-200000.0,207300000,0.147723,80600000,122900000,0.087579,1.19553,1.19553,102800000,102800000,https://www.sec.gov/Archives/edgar/data/920148/000092014811000071/0000920148-11-000071-index.html,https://www.sec.gov/Archives/edgar/data/920148/000092014811000071/labcorp10q.htm
0,2011-03-31,LH,2011-05-04 00:00:00,2011-05-04 15:49:50,Q1,1368400000,800000000,568400000,0.415376,0.0,282800000,0.0,0.0,332599999.9999999,1132600000,-24000000,58100000,244300000,0.17853,235800000,0.172318,100000.0,213700000,0.156168,83100000,127100000,0.092882,1.23159,1.23159,103200000,103200000,https://www.sec.gov/Archives/edgar/data/920148/000092014811000043/0000920148-11-000043-index.html,https://www.sec.gov/Archives/edgar/data/920148/000092014811000043/labcorp10q.htm
0,2010-12-31,LH,2011-03-01,2011-03-01 17:11:32,Q4,1295400000,765800000,529600000,0.408831,0.0,272400000,0.0,0.0,290799999.99999994,1056600000,-19300000,52900000.00000001,246200000,0.190057,238800000,0.184345,-1900000.0,215900000,0.166667,80800000,131800000,0.101745,1.26124,1.26124,104500000,104500000,https://www.sec.gov/Archives/edgar/data/920148/000092014811000021/labcorp10k.htm,https://www.sec.gov/Archives/edgar/data/920148/000092014811000021/labcorp10k.htm
0,2010-09-30,LH,2010-11-01 00:00:00,2010-11-01 17:00:02,Q3,1276500000,748800000,527700000,0.413396,0.0,270500000,0.0,0.0,292400000.0000001,1041200000.0000001,-21600000,50599999.99999999,242500000,0.189973,235300000,0.184332,-1600000.0,216600000,0.169683,73500000,140000000,0.109675,1.34486,1.34486,104100000,104100000,https://www.sec.gov/Archives/edgar/data/920148/000092014810000098/0000920148-10-000098-index.html,https://www.sec.gov/Archives/edgar/data/920148/000092014810000098/labcorp10q.htm
0,2010-06-30,LH,2010-07-27 00:00:00,2010-07-27 13:15:41,Q2,1238400000,704800000,533600000,0.430879,0.0,245400000,0.0,0.0,263100000,967900000,-14500000,50099999.99999999,292100000,0.235869,270500000,0.218427,-800000.0,260000000,0.209948,102800000,153700000,0.124112,1.45825,1.45825,105400000,105400000,https://www.sec.gov/Archives/edgar/data/920148/000092014810000065/0000920148-10-000065-index.html,https://www.sec.gov/Archives/edgar/data/920148/000092014810000065/labcorp10q.htm
0,2010-03-31,LH,2010-04-28 00:00:00,2010-04-28 16:43:23,Q1,1193600000,686700000,506900000,0.424682,0.0,246000000,0.0,0.0,272699999.99999994,959399999.9999999,-14600000,50000000,255000000,0.213639,234200000,0.196213,-600000.0,223100000,0.186914,86900000,132700000,0.111176,1.24601,1.24601,106500000,106500000,https://www.sec.gov/Archives/edgar/data/920148/000092014810000040/0000920148-10-000040-index.html,https://www.sec.gov/Archives/edgar/data/920148/000092014810000040/labcorp10q.htm
0,2009-12-31,LH,2010-02-24 00:00:00,2010-02-24 15:21:17,Q4,1165100000,689100000,476000000,0.408549,0.0,240500000,0.0,0.0,260199999.99999994,949299999.9999999,14000000,49799999.99999998,263899999.99999997,0.226504,215800000,0.18522,-1300000.0,203200000,0.174406,57400000,142700000,0.122479,1.32744,1.32744,107500000,107500000,https://www.sec.gov/Archives/edgar/data/920148/000092014810000021/0000920148-10-000021-index.html,https://www.sec.gov/Archives/edgar/data/920148/000092014810000021/labcorp10k.htm
0,2009-09-30,LH,2009-10-29 00:00:00,2009-10-29 16:24:08,Q3,1185100000,687000000,498100000,0.420302,0.0,247300000,0.0,0.0,263200000.00000006,950200000,15000000,49500000.000000015,284400000,0.23998,234900000,0.198211,-1300000.0,223100000,0.188254,88500000,131400000,0.110877,1.20772,1.20772,108800000,108800000,https://www.sec.gov/Archives/edgar/data/920148/000092014809000075/0000920148-09-000075-index.html,https://www.sec.gov/Archives/edgar/data/920148/000092014809000075/labcorp10q.htm
0,2009-08-05,LH,2009-10-29 00:00:00,2009-10-29 16:24:08,Q2,1189000000,681000000,508000000,0.4272497897392767,0.0,238000000,0.0,0.0,238000000,919000000,16000000,48000000,293000000,0.2464255677039529,245000000,0.2060555088309504,0.0,232000000,0.1951219512195122,93000000,139000000,0.11690496215306981,1.25858,1.25858,110441767,110441767,https://www.sec.gov/Archives/edgar/data/920148/000092014809000075/0000920148-09-000075-index.html,https://www.sec.gov/Archives/edgar/data/920148/000092014809000075/labcorp10q.htm
0,2009-06-30,LH,2009-08-05 00:00:00,2009-08-05 15:56:42,Q2,1188800000,681400000,507400000,0.426817,0.0,237300000,0.0,0.0,262700000.00000006,944100000,-11900000,48500000,265700000,0.223503,244700000,0.205838,-700000.0,232100000,0.195239,92700000,136400000,0.114738,1.24566,1.24566,109500000,109500000,https://www.sec.gov/Archives/edgar/data/920148/000092014809000055/0000920148-09-000055-index.html,https://www.sec.gov/Archives/edgar/data/920148/000092014809000055/labcorp10q.htm
0,2009-04-30,LH,2009-04-30,2009-04-30 17:27:06,Q1,1155000000,666000000,489000000,0.42337662337662335,0.0,233000000,0.0,0.0,233000000,899000000,17000000,47000000,287000000,0.24848484848484848,240000000,0.2077922077922078,0.0,226000000,0.19567099567099566,90000000,136000000,0.11774891774891776,1.23,1.23,110569105,110569105,https://www.sec.gov/Archives/edgar/data/920148/000092014809000031/0000920148-09-000031-index.htm,https://www.sec.gov/Archives/edgar/data/920148/000092014809000015/labcorp10k.htm
0,2009-03-31,LH,2009-04-30 00:00:00,2009-04-30 17:27:06,Q1,1155700000,666300000,489400000,0.423466,0.0,233800000,0.0,0.0,248900000.0000001,915200000.0000001,-13800000,47300000,256700000,0.222116,240500000,0.208099,-500000.0,226200000,0.195726,90400000,132800000,0.114909,1.22059,1.22059,108800000,108800000,https://www.sec.gov/Archives/edgar/data/920148/000092014809000031/0000920148-09-000031-index.html,https://www.sec.gov/Archives/edgar/data/920148/000092014809000031/labcorp10q.htm
0,2009-02-26,LH,2009-04-30 00:00:00,2009-04-30 17:27:06,Q4,1119000000,669000000,450000000,0.40214477211796246,0.0,935000000,0.0,0.0,935000000,1604000000,18000000,46000000,250000000,0.22341376228775692,204000000,0.18230563002680966,0.0,199000000,0.1778373547810545,67000000,132000000,0.11796246648793565,1.16812,1.16812,113002364,113002364,https://www.sec.gov/Archives/edgar/data/920148/000092014809000031/0000920148-09-000031-index.html,https://www.sec.gov/Archives/edgar/data/920148/000092014809000031/labcorp10q.htm
0,2008-12-31,LH,2009-02-26 00:00:00,2009-02-26 11:11:36,Q4,1119100000,669200000,449900000,0.402019,0.0,226400000,0.0,0.0,245500000,914700000,-14900000,46199999.99999999,217100000,0.193995,204400000,0.182647,-600000.0,188900000,0.168796,67700000,118100000,0.105531,1.07854,1.07854,109500000,109500000,https://www.sec.gov/Archives/edgar/data/920148/000092014809000015/0000920148-09-000015-index.html,https://www.sec.gov/Archives/edgar/data/920148/000092014809000015/labcorp10k.htm
0,2008-11-03,LH,2008-11-04 00:00:00,2008-11-04 11:58:51,Q3,1135000000,674000000,461000000,0.4061674008810573,0.0,0.0,0.0,0.0,0.0,674000000,17000000,45000000,247000000,0.21762114537444935,202000000,0.17797356828193833,0.0,187000000,0.1647577092511013,75000000,112000000,0.0986784140969163,1.01642,1.01642,110191082,110191082,https://www.sec.gov/Archives/edgar/data/920148/000092014808000242/0000920148-08-000242-index.html,https://www.sec.gov/Archives/edgar/data/920148/000092014808000242/labcorp10q.htm
0,2008-09-30,LH,2008-11-04 00:00:00,2008-11-04 11:58:51,Q3,1135100000,673500000,461600000,0.40666,0.0,227100000,0.0,0.0,259400000,932900000,-12100000,45200000,220000000,0.193816,202200000,0.178134,-200000.0,189900000,0.167298,75000000,111900000,0.098582,0.99911,0.99911,112000000,112000000,https://www.sec.gov/Archives/edgar/data/920148/000092014808000242/0000920148-08-000242-index.html,https://www.sec.gov/Archives/edgar/data/920148/000092014808000242/labcorp10q.htm
0,2008-08-04,LH,2008-11-04 00:00:00,2008-11-04 11:58:51,Q2,1148000000,656000000,492000000,0.42857142857142855,0.0,-215000000,0.0,0.0,-215000000,441000000,18000000,45000000,240000000,0.20905923344947736,195000000,0.16986062717770034,0.0,174000000,0.15156794425087108,74000000,100000000,0.08710801393728224,0.90598,0.90598,110377358,110377358,https://www.sec.gov/Archives/edgar/data/920148/000092014808000242/0000920148-08-000242-index.html,https://www.sec.gov/Archives/edgar/data/920148/000092014808000242/labcorp10q.htm
0,2008-06-30,LH,2008-08-04 00:00:00,2008-08-04 17:20:40,Q2,1147800000,656000000,491800000,0.428472,0.0,266000000,0.0,0.0,296600000,952600000,-13100000,44800000,209500000,0.182523,195200000,0.170064,-700000.0,181400000,0.158041,73600000,104200000,0.090782,0.91645,0.91645,113700000,113700000,https://www.sec.gov/Archives/edgar/data/920148/000092014808000214/0000920148-08-000214-index.html,https://www.sec.gov/Archives/edgar/data/920148/000092014808000214/labcorp10q.htm
0,2008-04-30,LH,2008-04-30,2008-04-30 10:37:02,Q1,1103000000,632000000,471000000,0.4270172257479601,0.0,215000000,0.0,0.0,215000000,847000000,19000000,43000000,284000000,0.257479601087942,241000000,0.2184950135992747,0.0,225000000,0.20398912058023572,91000000,134000000,0.1214868540344515,1.18,1.18,113559322,113559322,https://www.sec.gov/Archives/edgar/data/920148/000092014808000147/0000920148-08-000147-index.htm,https://www.sec.gov/Archives/edgar/data/920148/000092014808000071/labcorp10k.htm
0,2008-03-31,LH,2008-04-30 00:00:00,2008-04-30 10:37:02,Q1,1103200000,632700000,470500000,0.426487,0.0,215600000,0.0,0.0,229399999.99999997,862100000,-15000000,43500000,250400000,0.226976,241100000,0.218546,-600000.0,225500000,0.204405,91600000,130300000,0.118111,1.13899,1.13899,114400000,114400000,https://www.sec.gov/Archives/edgar/data/920148/000092014808000147/0000920148-08-000147-index.html,https://www.sec.gov/Archives/edgar/data/920148/000092014808000147/labcorp10q.htm
0,2008-02-26,LH,2008-04-30 00:00:00,2008-04-30 10:37:02,Q4,1006000000,601000000,405000000,0.4025844930417495,0.0,808000000,0.0,0.0,808000000,1409000000,19000000,42000000,225000000,0.22365805168986083,183000000,0.18190854870775347,0.0,187000000,0.18588469184890655,72000000,115000000,0.1143141153081511,0.98365,0.98365,116911764,116911764,https://www.sec.gov/Archives/edgar/data/920148/000092014808000147/0000920148-08-000147-index.html,https://www.sec.gov/Archives/edgar/data/920148/000092014808000147/labcorp10q.htm
0,2007-12-31,LH,,,Q4,1005800000,600400000,405400000,0.403062,0.0,196600000,0.0,0.0,223200000.00000006,823600000,4600000.0,42600000.00000001,234100000,0.23275,182200000,0.181149,100000.0,186900000,0.185822,72500000,114400000,0.11374,0.97611,0.97611,117200000,117200000,,
0,2007-11-02,LH,2007-11-02,2007-11-02 17:09:06,Q3,1021000000,598000000,423000000,0.41429970617042117,0.0,0.0,0.0,0.0,0.0,598000000,12000000,41000000,220000000,0.21547502448579825,179000000,0.17531831537708129,0.0,187000000,0.1831537708129285,76000000,111000000,0.10871694417238002,0.94135,0.94135,117915309,117915309,https://www.sec.gov/Archives/edgar/data/920148/000116923207004097/0001169232-07-004097-index.htm,https://www.sec.gov/Archives/edgar/data/920148/000116923207004097/labcorp10q.htm
0,2007-09-30,LH,2007-11-02 00:00:00,2007-11-02 17:09:06,Q3,1020600000,598500000,422100000,0.41358,0.0,198000000,0.0,0.0,243200000.00000006,841700000,8800000.0,40300000,236200000,0.231432,178900000,0.175289,-600000.0,187100000,0.183324,75900000,111200000,0.108956,0.91674,0.91674,121300000,121300000,https://www.sec.gov/Archives/edgar/data/920148/000116923207004097/0001169232-07-004097-index.html,https://www.sec.gov/Archives/edgar/data/920148/000116923207004097/labcorp10q.htm
0,2007-08-01,LH,2007-08-03 00:00:00,2007-08-03 12:19:43,Q2,1043000000,601000000,442000000,0.42377756471716205,0.0,-205000000,0.0,0.0,-205000000,396000000,13000000,39000000,251000000,0.24065196548418025,212000000,0.20325982742090123,0.0,220000000,0.2109300095877277,91000000,129000000,0.1236816874400767,1.08442,1.08442,118957345,118957345,https://www.sec.gov/Archives/edgar/data/920148/000092014807000208/0000920148-07-000208-index.html,https://www.sec.gov/Archives/edgar/data/920148/000092014807000208/labcorp10.htm
0,2007-06-30,LH,2007-08-03 00:00:00,2007-08-03 12:19:43,Q2,1043100000,601100000,442000000,0.423737,0.0,209100000,0.0,0.0,229500000,830600000,7400000.0,39900000.00000001,266700000,0.25568,212500000,0.20372,-500000.0,219400000,0.210335,90700000,128700000,0.123382,1.05492,1.05492,122000000,122000000,https://www.sec.gov/Archives/edgar/data/920148/000092014807000208/0000920148-07-000208-index.html,https://www.sec.gov/Archives/edgar/data/920148/000092014807000208/labcorp10.htm
0,2007-05-01,LH,2007-05-01,2007-05-01 16:27:09,Q1,998000000,577000000,421000000,0.4218436873747495,0.0,205000000,0.0,0.0,205000000,782000000,12000000,40000000,243000000,0.24348697394789579,203000000,0.20340681362725452,0.0,208000000,0.20841683366733466,86000000,122000000,0.12224448897795591,1.01,1.01,120792079,120792079,https://www.sec.gov/Archives/edgar/data/920148/000092014807000121/0000920148-07-000121-index.htm,https://www.sec.gov/Archives/edgar/data/920148/000116923207001103/labcorp10k.htm
0,2007-03-31,LH,2007-05-01 00:00:00,2007-05-01 16:27:09,Q1,998700000,577000000,421700000,0.422249,0.0,205000000,0.0,0.0,218299999.99999994,795300000,5900000.0,40000000,254800000,0.255132,203400000,0.203665,-400000.0,208900000,0.209172,86400000,122500000,0.122659,0.97765,0.97765,125300000,125300000,https://www.sec.gov/Archives/edgar/data/920148/000092014807000121/0000920148-07-000121-index.html,https://www.sec.gov/Archives/edgar/data/920148/000092014807000121/lh10q.htm
0,2006-12-31,LH,2007-02-27,2007-02-27 17:21:30,Q4,898600000,519600000,379000000,0.421767,0.0,203100000,0.0,0.0,216299999.99999994,735900000,12000000,39400000.00000001,221200000,0.246161,162700000,0.181059,-900000.0,169800000,0.188961,66100000,103700000,0.115402,0.80263,0.80263,129200000,129200000,https://www.sec.gov/Archives/edgar/data/920148/000116923207001103/labcorp10k.htm,https://www.sec.gov/Archives/edgar/data/920148/000116923207001103/labcorp10k.htm
0,2006-11-02,LH,2006-11-02,2006-11-02 16:41:48,Q3,910000000,525000000,385000000,0.4230769230769231,0.0,0.0,0.0,0.0,0.0,525000000,12000000,38000000,214000000,0.23516483516483516,176000000,0.1934065934065934,0.0,183000000,0.2010989010989011,74000000,109000000,0.11978021978021978,0.87399,0.87399,124714828,124714828,https://www.sec.gov/Archives/edgar/data/920148/000092014806000215/0000920148-06-000215-index.htm,https://www.sec.gov/Archives/edgar/data/920148/000092014806000215/labcorp_q310q.htm
0,2006-09-30,LH,,,Q3,910000000,525100000,384900000,0.422967,0.0,194900000,0.0,0.0,208899999.99999997,734000000,7200000.0,38500000,228800000,0.251429,176000000,0.193407,-100000.0,183100000,0.201209,73500000,109600000,0.12044,0.73557,0.73557,149000000,149000000,,
0,2006-08-03,LH,2006-08-03,2006-08-03 10:51:29,Q2,904000000,511000000,393000000,0.43473451327433627,0.0,-190000000,0.0,0.0,-190000000,321000000,12000000,39000000,229000000,0.25331858407079644,190000000,0.21017699115044247,0.0,196000000,0.2168141592920354,79000000,117000000,0.12942477876106195,0.93493,0.93493,125142857,125142857,https://www.sec.gov/Archives/edgar/data/920148/000092014806000162/0000920148-06-000162-index.htm,https://www.sec.gov/Archives/edgar/data/920148/000092014806000162/labcorp_q210q.htm
0,2006-06-30,LH,,,Q2,903700000,510900000,392800000,0.434658,0.0,190200000,0.0,0.0,203200000.00000006,714100000,7500000.0,38699999.99999999,242100000,0.267899,189600000,0.209804,-1200000.0,195900000,0.216775,79500000,116400000,0.128804,0.854,0.854,136300000,136300000,,
0,2006-05-04,LH,2006-05-04,2006-05-04 11:46:07,Q1,878000000,505000000,373000000,0.42482915717539865,0.0,190000000,0.0,0.0,190000000,695000000,11000000,38000000,206000000,0.23462414578587698,168000000,0.19134396355353075,0.0,172000000,0.1958997722095672,70000000,102000000,0.11617312072892938,0.82,0.82,124390243,124390243,https://www.sec.gov/Archives/edgar/data/920148/000092014806000113/0000920148-06-000113-index.htm,https://www.sec.gov/Archives/edgar/data/920148/000092014806000067/labcorp10k.htm
0,2006-03-31,LH,,,Q1,878500000,505800000,372700000,0.424246,0.0,190900000,0.0,0.0,203900000.00000003,709700000,3900000.0,38400000,214400000,0.244052,168800000,0.192146,-600000.0,172100000,0.195902,70200000,101900000,0.115993,0.74488,0.74488,136800000,136800000,,
0,2006-02-28,LH,2006-02-28,2006-02-28 12:40:56,Q4,822000000,490000000,332000000,0.40389294403892945,0.0,703000000,0.0,0.0,703000000,1193000000,9000000.0,39000000,175000000,0.21289537712895376,136000000,0.1654501216545012,0.0,144000000,0.17518248175182483,56000000,88000000,0.1070559610705596,0.65886,0.65886,133564013,133564013,https://www.sec.gov/Archives/edgar/data/920148/000092014806000067/0000920148-06-000067-index.htm,https://www.sec.gov/Archives/edgar/data/920148/000092014806000067/labcorp10k.htm
0,2005-12-31,LH,,,Q4,822300000,489800000,332500000,0.404354,0.0,176700000,0.0,0.0,196700000,686500000,8600000.0,39100000.00000001,192300000,0.233856,135800000,0.165147,200000.0,144600000,0.175848,55700000,88900000,0.108111,0.62474,0.62474,142300000,142300000,,
0,2005-11-01,LH,2005-11-01,2005-11-01 10:05:03,Q3,853000000,498000000,355000000,0.41617819460726846,0.0,0.0,0.0,0.0,0.0,498000000,8000000.0,37000000,189000000,0.22157092614302462,152000000,0.17819460726846426,0.0,158000000,0.18522860492379836,62000000,96000000,0.11254396248534584,0.71195,0.71195,134841628,134841628,https://www.sec.gov/Archives/edgar/data/920148/000092014805000187/0000920148-05-000187-index.htm,https://www.sec.gov/Archives/edgar/data/920148/000092014805000187/thirdqtr05_10q.htm
0,2005-09-30,LH,,,Q3,852900000,498300000,354600000,0.415758,0.0,179900000,0.0,0.0,202999999.99999994,701299999.9999999,5800000.0,37600000.00000001,200800000,0.235432,151600000,0.177747,0.0,157400000,0.184547,62700000,94700000,0.111033,0.65041,0.65041,145600000,145600000,,
0,2005-08-08,LH,2005-08-08,2005-08-08 14:33:04,Q2,853000000,489000000,364000000,0.42672919109026963,0.0,-168000000,0.0,0.0,-168000000,321000000,9000000.0,38000000,211000000,0.2473622508792497,173000000,0.20281359906213364,0.0,176000000,0.2063305978898007,70000000,106000000,0.1242672919109027,0.79238,0.79238,133774834,133774834,https://www.sec.gov/Archives/edgar/data/920148/000092014805000161/0000920148-05-000161-index.htm,https://www.sec.gov/Archives/edgar/data/920148/000092014805000161/secondqtr05_10q.htm
0,2005-06-30,LH,,,Q2,853300000,488400000,364900000,0.427634,0.0,178700000,0.0,0.0,191800000.00000006,680200000.0000001,2500000.0,37499999.99999999,215800000,0.252901,173100000,0.202859,200000.0,175800000,0.206024,69800000,106000000,0.124224,0.72852,0.72852,145500000,145500000,,
0,2005-05-04,LH,2005-05-04,2005-05-04 15:42:15,Q1,799000000,460000000,339000000,0.42428035043804757,0.0,168000000,0.0,0.0,168000000,628000000,8000000.0,35000000,192000000,0.24030037546933666,157000000,0.1964956195244055,0.0,162000000,0.20275344180225283,66000000,96000000,0.12015018773466833,0.72,0.72,133333333,133333333,https://www.sec.gov/Archives/edgar/data/920148/000092014805000103/0000920148-05-000103-index.htm,https://www.sec.gov/Archives/edgar/data/920148/000092014805000049/labcorp_10-k.htm
0,2005-03-31,LH,,,Q1,799100000,460800000,338300000,0.423351,0.0,168600000,0.0,0.0,180700000,641500000,5700000.0,35600000,204200000,0.255537,157600000,0.197222,-400000.0,162900000,0.203854,66300000,96600000,0.120886,0.66074,0.66074,146200000,146200000,,
0,2005-03-03,LH,2005-03-03,2005-03-03 09:35:04,Q4,766000000,460000000,306000000,0.39947780678851175,0.0,649000000,0.0,0.0,649000000,1109000000,9000000.0,34000000,171000000,0.22323759791122716,137000000,0.17885117493472585,0.0,144000000,0.18798955613577023,59000000,85000000,0.11096605744125326,0.60882,0.60882,139615384,139615384,https://www.sec.gov/Archives/edgar/data/920148/000092014805000049/0000920148-05-000049-index.htm,https://www.sec.gov/Archives/edgar/data/920148/000092014805000049/labcorp_10-k.htm
0,2004-12-31,LH,,,Q4,766500000,460400000,306100000,0.399348,0.0,158900000,0.0,0.0,169000000,629400000,6800000.0,33900000.00000001,184400000,0.240574,137100000,0.178865,-200000.0,143700000,0.187476,58900000,84800000,0.110633,0.58003,0.58003,146200000,146200000,,
0,2004-09-30,LH,,,Q3,781500000,455600000,325900000,0.417019,0.0,162200000,0.0,0.0,173100000.00000003,628700000,4900000.0,35300000.00000001,197200000,0.252335,152800000,0.195521,-700000.0,157000000,0.200896,64400000,92600000,0.11849,0.61775,0.61775,149900000,149900000,,
0,2004-06-30,LH,,,Q2,784300000,444600000,339700000,0.433125,0.0,165000000,0.0,0.0,175500000,620100000,3200000.0,35099999.99999999,204900000,0.261252,164200000,0.209359,-800000.0,166600000,0.212419,68300000,98300000,0.125335,0.6497,0.6497,151300000,151300000,,
0,2004-03-31,LH,,,Q1,752500000,434900000,317600000,0.42206,0.0,163000000,0.0,0.0,173300000.00000006,608200000.0000001,3800000.0,34500000,186300000,0.247575,144300000,0.191761,-100000.0,148000000,0.196678,60700000,87300000,0.116013,0.5691,0.5691,153400000,153400000,,
0,2003-12-31,LH,,,Q4,731500000,430800000,300700000,0.411073,0.0,161700000,0.0,0.0,169999999.99999994,600799999.9999999,1400000.0,34699999.99999999,167600000,0.229118,130700000,0.178674,-600000.0,131500000,0.179768,53900000,77600000,0.106083,0.52011,0.52011,149200000,149200000,,
0,2003-09-30,LH,,,Q3,752000000,441100000,310900000,0.413431,0.0,162700000,0.0,0.0,175500000,616600000,2100000.0,34200000,173500000,0.230718,135400000,0.180053,-300000.0,137200000,0.182447,54100000,83100000,0.110505,0.57548,0.57548,144400000,144400000,,
0,2003-06-30,LH,,,Q2,743700000,427200000,316500000,0.425575,0.0,164100000,0.0,0.0,173599999.99999997,600800000,3700000.0,33600000,183700000,0.247008,142900000,0.192147,-200000.0,146400000,0.196854,60000000,86400000,0.116176,0.59586,0.59586,145000000,145000000,,
0,2003-03-31,LH,,,Q1,712200000,415700000,296500000,0.416316,0.0,163300000,0.0,0.0,171800000,587500000,700000.0,33100000,159100000,0.223392,124700000,0.175091,-100000.0,125300000,0.175934,51400000,73900000,0.103763,0.50478,0.50478,146400000,146400000,,
0,2002-12-31,LH,,,Q4,650100000,396300000,253800000,0.390401,0.0,158200000,0.0,0.0,165499999.99999994,561799999.9999999,9700000.0,29399999.99999999,129699999.99999999,0.199508,88300000,0.135825,-7400000.0,90600000,0.139363,37600000,53000000,0.081526,0.36202,0.36202,146400000,146400000,,
0,2002-09-30,LH,,,Q3,655200000,381900000,273300000,0.417125,0.0,153400000,0.0,0.0,177100000.00000003,559000000,1800000.0,26600000.00000001,126400000.00000001,0.192918,96200000,0.146825,0.0,98000000,0.149573,40700000,57300000,0.087454,0.39273,0.39273,145900000,145900000,,
0,2002-06-30,LH,,,Q2,612400000,336100000,276300000,0.451176,0.0,137000000,0.0,0.0,142200000,478300000,-3000000.0,23499999.999999996,151800000,0.247877,134100000,0.218975,200000.0,131300000,0.214402,52800000,78500000,0.128184,0.54934,0.54934,142900000,142900000,,
0,2002-03-31,LH,,,Q1,590000000,331600000,258400000,0.437966,0.0,136900000,0.0,0.0,142000000,473600000,-3400000.0,22300000,131300000,0.222542,116400000,0.197288,0.0,112400000,0.190508,46600000,65800000,0.111525,0.46273,0.46273,142200000,142200000,,
0,2001-12-31,LH,,,Q4,563800000,338700000,225100000,0.399255,0.0,136100000,0.0,0.0,147700000,486400000,-3300000.0,28500000,99400000,0.176304,77400000,0.137283,0.0,74200000,0.131607,33400000,40800000,0.072366,0.28834,0.28834,141500000,141500000,,
0,2001-09-30,LH,2001-11-09 00:00:00,2001-11-09 00:00:00,Q3,560900000,322900000,238000000,0.424318,0.0,128000000,0.0,0.0,137700000.00000006,460600000.00000006,-15400000,25700000.000000004,91300000,0.162774,100300000,0.17882,0.0,84200000,0.150116,37900000,43100000,0.076841,0.30502,0.30502,141300000,141300000,https://www.sec.gov/Archives/edgar/data/920148/000092014801500040/0000920148-01-500040-index.html,https://www.sec.gov/Archives/edgar/data/920148/000092014801500040/edgar3qtr01.txt
0,2001-06-30,LH,2001-08-10 00:00:00,2001-08-10 00:00:00,Q2,549700000,308800000,240900000,0.438239,0.0,127400000,0.0,0.0,138300000,447100000,-7000000.0,26199999.999999996,114000000,0.207386,102600000,0.186647,0.0,94800000,0.172458,42700000,52100000,0.094779,0.36977,0.36977,140900000,140900000,https://www.sec.gov/Archives/edgar/data/920148/000092014801500025/0000920148-01-500025-index.html,https://www.sec.gov/Archives/edgar/data/920148/000092014801500025/edgar2qtr.txt
0,2001-03-31,LH,,,Q1,525400000,303800000,221600000,0.421774,0.0,125000000,0.0,0.0,134300000,438100000,-7800000.0,23600000,94900000,0.180624,87300000,0.166159,0.0,79100000,0.150552,35600000,43500000,0.082794,0.30939,0.30939,140600000,140600000,,
0,2000-12-31,LH,,,Q4,486100000,300900000,185200000,0.380992,0.0,123800000,0.0,0.0,137600000.00000003,438500000,-7900000.0,23799999.999999996,54600000,0.112323,47600000,0.097922,-900000.0,38700000,0.079613,17800000,20900000,0.042995,0.15047,0.15047,138900000,138900000,,
0,2000-09-30,LH,2000-11-14 00:00:00,2000-11-14 00:00:00,Q3,488100000,291400000,196700000,0.402991,0.0,118700000,0.0,0.0,127400000.00000003,418800000.00000006,-8600000.0,22400000,74500000,0.152633,69300000,0.141979,0.0,60700000,0.12436,27900000,32800000,0.067199,0.23597,0.23597,139000000,139000000,https://www.sec.gov/Archives/edgar/data/920148/000092014800000056/0000920148-00-000056-index.html,https://www.sec.gov/Archives/edgar/data/920148/000092014800000056/0000920148-00-000056-0001.txt
0,2000-06-30,LH,2000-08-14 00:00:00,2000-08-14 00:00:00,Q2,482400000,281200000,201200000,0.417081,0.0,122100000,0.0,0.0,129900000.00000003,411100000.00000006,-10200000,22099999.999999996,72500000,0.15029,71300000,0.147803,0.0,60600000,0.125622,27900000,32700000,0.067786,0.59455,0.59455,55000000,55000000,https://www.sec.gov/Archives/edgar/data/920148/000092014800000049/0000920148-00-000049-index.html,https://www.sec.gov/Archives/edgar/data/920148/000092014800000049/0000920148-00-000049-0001.txt
0,2000-03-31,LH,2000-05-10 00:00:00,2000-05-10 00:00:00,Q1,462700000,279200000,183500000,0.396585,0.0,118400000,0.0,0.0,126100000.00000001,405300000,-9400000.0,21300000,59500000,0.128593,57400000,0.124054,0.0,47600000,0.102874,21900000,25700000,0.055544,0.44541,0.44541,57700000,57700000,https://www.sec.gov/Archives/edgar/data/920148/000092014800000022/0000920148-00-000022-index.html,https://www.sec.gov/Archives/edgar/data/920148/0000920148-00-000022.txt
0,1999-12-31,LH,,,Q4,422700000,272700000,150000000,0.354862,0.0,109100000,0.0,0.0,116900000.00000003,389600000.00000006,-9800000.0,20799999.999999996,33900000,0.080199,33100000,0.078306,0.0,22900000,0.054176,8600000.0,14300000,0.03383,0.26384,0.26384,54200000,54200000,,
0,1999-09-30,LH,,,Q3,428600000,265200000,163400000,0.381241,0.0,115600000,0.0,0.0,123300000.00000001,388500000,-12200000,20400000,36000000,0.083994,40100000,0.09356,0.0,27800000,0.064862,10600000,17200000,0.040131,0.3295,0.3295,52200000,52200000,,
0,1999-06-30,LH,,,Q2,429500000,265200000,164300000,0.382538,0.0,114400000,0.0,0.0,122199999.99999999,387400000,-10100000,21400000.000000004,43300000,0.100815,42100000,0.098021,0.0,32000000,0.074505,12200000,19800000,0.0461,0.39208,0.39208,50500000,50500000,,
0,1999-03-31,LH,,,Q1,417900000,266500000,151400000,0.362288,0.0,109100000,0.0,0.0,117000000,383500000,-10400000,21200000,33600000,0.080402,34400000,0.082316,0.0,22800000,0.054559,8700000.0,14100000,0.03374,0.27921,0.27921,50500000,50500000,,
0,1998-12-31,LH,,,Q4,407800000,265400000,142400000,0.349191,0.0,107900000,0.0,0.0,115900000.00000003,381300000.00000006,-11000000,19900000,23900000,0.058607,26500000,0.064983,0.0,15000000,0.036783,-20300000,35300000,0.086562,0.70459,0.70459,50100000,50100000,,
0,1998-09-30,LH,,,Q3,414700000,270300000,144400000,0.348204,0.0,102400000,0.0,0.0,110099999.99999997,380399999.99999994,-12200000,20199999.999999996,30299999.999999996,0.073065,34300000,0.08271,0.0,22300000,0.053774,10900000,11400000,0.02749,0.22754,0.22754,50100000,50100000,,
0,1998-06-30,LH,,,Q2,402400000,257800000,144600000,0.359344,0.0,99700000,0.0,0.0,107199999.99999999,365000000,-11900000,21400000.000000004,34900000,0.08673,37400000,0.092942,0.0,25400000,0.063121,12600000,12800000,0.031809,0.25703,0.25703,49800000,49800000,,
0,1998-03-31,LH,,,Q1,387700000,255700000,132000000,0.340469,0.0,95000000,0.0,0.0,102600000.00000001,358300000,-12600000,21300000,27500000,0.070931,29400000,0.075832,0.0,18800000,0.048491,9500000.0,9300000.0,0.023988,0.18675,0.18675,49800000,49800000,,
0,1997-12-31,LH,,,Q4,361400000,268900000,92500000,0.255949,0.0,239600000,0.0,0.0,269900000,538800000,-14000000,21899999.99999999,-183000000,-0.506364,-177400000,-0.490869,500000.0,-190900000,-0.528224,-72100000,-118800000,-0.328722,-2.40486,-2.40486,49400000,49400000,,
0,1997-09-30,LH,,,Q3,376500000,262700000,113800000,0.302258,0.0,79400000,0.0,0.0,87100000.00000001,349800000,-13800000,21100000.00000001,20700000.00000001,0.05498,26700000,0.070916,500000.0,13400000,0.035591,8000000.0,5400000.0,0.014343,0.10931,0.10931,49400000,49400000,,
0,1997-06-30,LH,,,Q2,389600000,271700000,117900000,0.302618,0.0,79300000,0.0,0.0,87000000,358700000,-21300000,21900000,10800000,0.027721,30900000,0.079312,600000.0,10200000,0.026181,6100000.0,4100000.0,0.010524,0.07168,0.07168,57200000,57200000,,
0,1997-03-31,LH,,,Q1,391500000,277200000,114300000,0.291954,0.0,78900000,0.0,0.0,86500000,363700000,-22600000,21900000,5300000.0,0.013538,27800000,0.071009,800000.0,6000000.0,0.015326,3600000.0,2400000.0,0.00613,0.04878,0.04878,49200000,49200000,,
0,1996-12-31,LH,,,Q4,391200000,280000000,111200000,0.284254,0.0,82000000,0.0,0.0,89500000,369500000,0.0,34200000,36300000,0.092791,21700000,0.05547,-19600000,2100000.0,0.005368,900000.0,1200000.0,0.003067,0.02439,0.02439,49200000,49200000,,
0,1996-09-30,LH,,,Q3,402600000,300100000,102500000,0.254595,0.0,75600000,0.0,0.0,267900000,568000000,-17700000,20900000,-179300000,-0.445355,-165400000,-0.41083,600000.0,-182500000,-0.453304,-36100000,-146400000,-0.363636,-2.97561,-2.97561,49200000,49200000,,
0,1996-06-30,LH,,,Q2,410000000,300500000,109500000,0.267073,0.0,81900000,0.0,0.0,112399999.99999999,412900000,-17000000,21599999.999999996,-15100000.000000002,-0.036829,-2900000.0,-0.007073,200000.0,-19700000,-0.048049,-5500000.0,-14200000,-0.034634,-0.28862,-0.28862,49200000,49200000,,
0,1996-03-31,LH,,,Q1,403900000,303300000,100600000,0.249072,0.0,65500000,0.0,0.0,72800000.00000001,376100000,-16700000,20800000,15900000,0.039366,27800000,0.068829,700000.0,11800000,0.029215,5900000.0,5900000.0,0.014608,0.11992,0.11992,49200000,49200000,,
0,1995-12-31,LH,,,Q4,403400000,301900000,101500000,0.251611,0.0,76200000,0.0,0.0,84000000,385900000,0.0,24400000,25200000,0.062469,17500000,0.043381,-16700000,800000.0,0.001983,400000.0,400000.0,0.000992,0.0081,0.0081,49400000,49400000,,
0,1995-09-30,LH,1995-11-14 00:00:00,1995-11-14 00:00:00,Q3,417500000,299700000,117800000,0.282156,0.0,66900000,0.0,0.0,74600000.00000001,374300000,0.0,19400000,45600000,0.109222,43200000,0.103473,-17000000,26200000,0.062754,11800000,14400000,0.034491,0.29268,0.29268,49200000,49200000,https://www.sec.gov/Archives/edgar/data/920148/000092014895000023/0000920148-95-000023-index.html,https://www.sec.gov/Archives/edgar/data/920148/0000920148-95-000023.txt
0,1995-06-30,LH,1995-08-11 00:00:00,1995-08-11 00:00:00,Q2,367300000,258400000,108900000,0.296488,0.0,57400000,0.0,0.0,139100000.00000003,397500000,0.0,18500000.000000004,-37099999.99999999,-0.101007,-30200000,-0.082222,-17100000,-47300000,-0.128778,-15700000,-39900000,-0.108631,-0.89663,-0.89663,44500000,44500000,https://www.sec.gov/Archives/edgar/data/920148/000092014895000016/0000920148-95-000016-index.html,https://www.sec.gov/Archives/edgar/data/920148/0000920148-95-000016.txt
0,1995-03-31,LH,1995-05-15 00:00:00,1995-05-15 00:00:00,Q1,243800000,164300000,79500000,0.326087,0.0,38000000,0.0,0.0,42799999.99999998,207099999.99999997,0.0,14200000,37600000,0.154225,36700000,0.150533,-13300000,23400000,0.09598,10600000,12800000,0.052502,0.37758,0.37758,33900000,33900000,https://www.sec.gov/Archives/edgar/data/920148/000092014895000011/0000920148-95-000011-index.html,https://www.sec.gov/Archives/edgar/data/920148/0000920148-95-000011.txt
0,1994-12-31,LH,,,Q4,234900000,160500000,74400000,0.316731,0.0,43700000,0.0,0.0,48099999.99999999,208600000,0.0,11699999.999999996,25899999.999999996,0.11026,26300000,0.111963,-12100000,14200000,0.060451,6500000.0,7700000.0,0.03278,0.22714,0.22714,33900000,33900000,,
0,1994-09-30,LH,1994-11-14 00:00:00,1994-11-14 00:00:00,Q3,248700000,167700000,81000000,0.325694,0.0,41100000,0.0,0.0,46500000,214200000,0.0,13300000.000000004,15400000.000000004,0.061922,34500000,0.138721,-32400000,2100000.0,0.008444,1900000.0,200000.0,0.000804,0.0059,0.0059,33900000,33900000,https://www.sec.gov/Archives/edgar/data/920148/000092014894000010/0000920148-94-000010-index.html,https://www.sec.gov/Archives/edgar/data/920148/0000920148-94-000010.txt
