,date,symbol,fillingDate,acceptedDate,period,revenue,costOfRevenue,grossProfit,grossProfitRatio,researchAndDevelopmentExpenses,generalAndAdministrativeExpenses,sellingAndMarketingExpenses,otherExpenses,operatingExpenses,costAndExpenses,interestExpense,depreciationAndAmortization,ebitda,ebitdaratio,operatingIncome,operatingIncomeRatio,totalOtherIncomeExpensesNet,incomeBeforeTax,incomeBeforeTaxRatio,incomeTaxExpense,netIncome,netIncomeRatio,eps,epsdiluted,weightedAverageShsOut,weightedAverageShsOutDil,link,finalLink
0,2020-09-30,BDSI,2020-11-05,2020-11-05 16:45:17,Q3,39443000,5376000.0,34067000,0.8637020510610248,0.0,22461000,0.0,-2000.0,0.0,27837000,2010000.0,0.0,13358000,0.3386659229774611,11606000,0.24323707628730065,-2000.0,9594000.0,0.24323707628730065,211000.0,9383000.0,0.23788758461577467,0.09,0.09,101031317,105783568,https://www.sec.gov/Archives/edgar/data/1103021/000110302120000148/0001103021-20-000148-index.htm,https://www.sec.gov/Archives/edgar/data/1103021/000110302120000148/bdsi-20200930.htm
0,2020-06-30,BDSI,2020-08-05,2020-08-05 16:46:54,Q2,36582000,5435000.0,31147000,0.8514296648625007,0.0,28211000,0.0,8000.0,0.0,33646000,1693000.0,0.0,5103000.0,0.13949483352468428,2936000.0,0.034197146137444644,8000.0,1251000.0,0.034197146137444644,86000.0,1165000.0,0.031846263189546774,0.01,0.01,100136893,108111201,https://www.sec.gov/Archives/edgar/data/1103021/000110302120000119/0001103021-20-000119-index.htm,https://www.sec.gov/Archives/edgar/data/1103021/000110302120000119/bdsi-20200630.htm
0,2020-03-31,BDSI,2020-05-07 00:00:00,2020-05-07 16:17:14,Q1,38278000,5560000.0,32718000,0.8547468519776373,0.0,26736000,0.0,-1000.0,0.0,32296000,1293000.0,0.0,7783000.0,0.2033282825643973,5982000.0,0.12247243847640943,-1000.0,4688000.0,0.12247243847640943,-278000.0,4966000.0,0.12973509587752757,0.05,0.05,97118267,106965762,https://www.sec.gov/Archives/edgar/data/1103021/000110302120000073/0001103021-20-000073-index.html,https://www.sec.gov/Archives/edgar/data/1103021/000110302120000073/bdsi-20200331.htm
0,2019-12-31,BDSI,2020-03-12,2020-03-12 16:25:45,Q4,31637000,7265000.0,24372000,0.7703638145209722,0.0,23759000,0.0,-1000.0,0.0,31024000,1308000.0,0.0,4102000.0,0.12965831147074627,613000.0,-0.02199955748016563,-1000.0,-696000.0,-0.02199955748016563,0.0,-696000.0,-0.02199955748016563,0.0,0.0,0.0,0.0,https://www.sec.gov/Archives/edgar/data/1103021/000110302120000042/0001103021-20-000042-index.htm,https://www.sec.gov/Archives/edgar/data/1103021/000110302120000042/bdsi-20191231.htm
0,2019-09-30,BDSI,2019-11-12,2019-11-12 17:16:40,Q3,30306000,5350000.0,24956000,0.8234673002045799,0.0,23360000,0.0,-3000.0,0.0,28710000,1234000.0,0.0,3575000.0,0.11796343958292087,1596000.0,0.01184583910776744,-3000.0,359000.0,0.01184583910776744,5000.0,354000.0,0.011680855276182935,0.003949,0.003367,89649922,105138894,https://www.sec.gov/Archives/edgar/data/1103021/000110302119000033/0001103021-19-000033-index.htm,https://www.sec.gov/Archives/edgar/data/1103021/000110302119000033/bdsi-20190930.htm
0,2019-06-30,BDSI,2019-08-08,2019-08-08 16:18:00,Q2,29677000,4923000.0,24754000,0.8341139603059609,0.0,21955000,0.0,8000.0,0.0,26878000,13937000,0.0,4788000.0,0.1613370623715335,2799000.0,-0.3750379081443542,8000.0,-11130000,-0.3750379081443542,0.0,-11130000,-0.3750379081443542,-0.13,-0.13,83821811,83821811,https://www.sec.gov/Archives/edgar/data/1103021/000119312519216858/0001193125-19-216858-index.htm,https://www.sec.gov/Archives/edgar/data/1103021/000119312519216858/d759244d10q.htm
0,2019-03-31,BDSI,2019-05-06,2019-05-06 16:47:00,Q1,19769000,4052000.0,15717000,0.795032626840002,0.0,16989000,0.0,0.0,0.0,21041000,2561000.0,0.0,102000.0,0.005159593302645556,-1272000.0,-0.19388942283372956,0.0,-3833000.0,-0.19388942283372956,0.0,-3833000.0,-0.19388942283372956,-0.05,-0.05,71344831,71344831,https://www.sec.gov/Archives/edgar/data/1103021/000119312519138376/0001193125-19-138376-index.htm,https://www.sec.gov/Archives/edgar/data/1103021/000119312519074893/d676269d10k.htm
0,2018-12-31,BDSI,2019-03-14,2019-03-14 16:46:52,Q4,18029000,4023000.0,14006000,0.7768595041322314,865000.0,17589000,0.0,-6000.0,0.0,22477000,2594000.0,0.0,-3110000.0,-0.1724998613345166,-4448000.0,-0.39092573076709747,-6000.0,-7048000.0,-0.39092573076709747,-40000.0,-7008000.0,-0.3887070830328915,0.0,0.0,0.0,0.0,https://www.sec.gov/Archives/edgar/data/1103021/000119312519074893/0001193125-19-074893-index.htm,https://www.sec.gov/Archives/edgar/data/1103021/000119312519074893/d676269d10k.htm
0,2018-09-30,BDSI,2018-11-08,2018-11-08 17:02:02,Q3,14156000,3779000.0,10377000,0.7330460582085335,699000.0,13489000,0.0,-2000.0,0.0,17967000,2567000.0,0.0,-2294000.0,-0.16205142695676744,-3811000.0,-0.45069228595648486,-2000.0,-6380000.0,-0.45069228595648486,0.0,-6380000.0,-0.45069228595648486,-0.29,-0.29,64900007,64900007,https://www.sec.gov/Archives/edgar/data/1103021/000119312518322672/0001193125-18-322672-index.htm,https://www.sec.gov/Archives/edgar/data/1103021/000119312518322672/d609838d10q.htm
0,2018-06-30,BDSI,2018-08-09,2018-08-09 17:01:50,Q2,12175000,4566000.0,7609000.0,0.6249691991786448,854000.0,14021000,0.0,1000.0,0.0,19441000,2525000.0,0.0,-5750000.0,-0.4722792607802875,-7266000.0,-0.8041067761806981,1000.0,-9790000.0,-0.8041067761806981,-20000.0,-9770000.0,-0.8024640657084189,-0.16,-0.16,59400317,59400317,https://www.sec.gov/Archives/edgar/data/1103021/000119312518244507/0001193125-18-244507-index.htm,https://www.sec.gov/Archives/edgar/data/1103021/000119312518244507/d564764d10q.htm
0,2018-03-31,BDSI,2018-05-10,2018-05-10 17:02:00,Q1,11281000,3415000.0,7866000.0,0.6972786100523003,2484000.0,13505000,0.0,-7000.0,0.0,19404000,2505000.0,0.0,-6611000.0,-0.586029607304317,-8123000.0,-0.9427355730874922,-7000.0,-10635000,-0.9427355730874922,74000.0,-10709000,-0.9492952752415565,-0.18,-0.18,58062997,58062997,https://www.sec.gov/Archives/edgar/data/1103021/000119312518159340/0001193125-18-159340-index.htm,https://www.sec.gov/Archives/edgar/data/1103021/000119312518084193/d463750d10k.htm
0,2017-12-31,BDSI,2018-03-15,2018-03-15 17:02:07,Q4,12512000,5235000.0,7277000.0,0.5816016624040921,6794000.0,14775000,0.0,2000.0,0.0,26804000,1920000.0,0.0,-12740000,-1.018222506393862,-14292000,-1.2955562659846547,2000.0,-16210000,-1.2955562659846547,0.0,-16210000,-1.2955562659846547,-0.29,-0.29,55880152,55880152,https://www.sec.gov/Archives/edgar/data/1103021/000119312518084193/0001193125-18-084193-index.htm,https://www.sec.gov/Archives/edgar/data/1103021/000119312518084193/d463750d10k.htm
0,2017-09-30,BDSI,2017-11-09,2017-11-09 16:48:04,Q3,11253000,4445000.0,6808000.0,0.6049942237625522,1986000.0,14867000,0.0,-13000.0,0.0,21298000,1893000.0,0.0,-8451000.0,-0.7509997334044255,-10045000,-1.0620279036701323,-13000.0,-11951000,-1.0620279036701323,0.0,-11951000,-1.0620279036701323,-0.21,-0.21,55604708,55604708,https://www.sec.gov/Archives/edgar/data/1103021/000119312517338909/0001193125-17-338909-index.htm,https://www.sec.gov/Archives/edgar/data/1103021/000119312517338909/d312306d10q.htm
0,2017-06-30,BDSI,2017-08-09,2017-08-09 17:05:55,Q2,8744000.0,4171000.0,4573000.0,0.5229871912168343,1590000.0,15970000,0.0,-14000.0,0.0,21731000,1878000.0,0.0,-11520000,-1.3174748398902105,-12987000,-1.7016239707227814,-14000.0,-14879000,-1.7016239707227814,0.0,-14879000,-1.7016239707227814,-0.27,-0.27,55388774,55388774,https://www.sec.gov/Archives/edgar/data/1103021/000119312517252927/0001193125-17-252927-index.htm,https://www.sec.gov/Archives/edgar/data/1103021/000119312517252927/d313382d10q.htm
0,2017-03-31,BDSI,2017-05-15,2017-05-15 17:02:16,Q1,29478000,5645000.0,23833000,0.8085012551733496,2671000.0,13259000,0.0,0.0,0.0,21575000,2886000.0,0.0,9383000.0,0.31830517674197706,7903000.0,1.0975303616256191,27336000,32353000,1.0975303616256191,-15972000,48325000,1.6393581654114933,0.89,0.87,54519574,55431628,https://www.sec.gov/Archives/edgar/data/1103021/000119312517170784/0001193125-17-170784-index.htm,https://www.sec.gov/Archives/edgar/data/1103021/000119312517085497/d298257d10k.htm
0,2016-12-31,BDSI,2017-03-16,2017-03-16 16:50:47,Q4,3931000.0,2300000.0,1631000.0,0.4149071483083185,5092000.0,11739000,0.0,84000.0,0.0,19131000,790000.0,0.0,-14797000,-3.7641821419486137,-15200000,-4.055456626812516,48000.0,-15942000,-4.055456626812516,0.0,-15942000,-4.055456626812516,0.0,0.0,0.0,0.0,https://www.sec.gov/Archives/edgar/data/1103021/000119312517085497/0001193125-17-085497-index.htm,https://www.sec.gov/Archives/edgar/data/1103021/000119312517085497/d298257d10k.htm
0,2016-09-30,BDSI,2016-11-09,2016-11-09 09:00:56,Q3,3571000.0,2314000.0,1257000.0,0.35200224026883226,4402000.0,12054000,0.0,-6000.0,0.0,18770000,786000.0,0.0,-14849000,-4.158218986278354,-15199000,-4.474096891626996,8000.0,-15977000,-4.474096891626996,0.0,-15977000,-4.474096891626996,-0.3,-0.3,53767099,53767099,https://www.sec.gov/Archives/edgar/data/1103021/000119312516763803/0001193125-16-763803-index.htm,https://www.sec.gov/Archives/edgar/data/1103021/000119312516763803/d247889d10q.htm
0,2016-06-30,BDSI,2016-08-09,2016-08-09 09:01:28,Q2,5004000.0,4094000.0,910000.0,0.18185451638689049,4008000.0,12496000,0.0,0.0,0.0,20598000,914000.0,0.0,-15226000,-3.042765787370104,-15594000,-3.294564348521183,22000.0,-16486000,-3.294564348521183,0.0,-16486000,-3.294564348521183,-0.31,-0.31,53594979,53594979,https://www.sec.gov/Archives/edgar/data/1103021/000119312516676098/0001193125-16-676098-index.htm,https://www.sec.gov/Archives/edgar/data/1103021/000119312516676098/d190233d10q.htm
0,2016-03-31,BDSI,2016-05-10,2016-05-10 09:01:08,Q1,3040000.0,2550000.0,490000.0,0.1611842105263158,5377000.0,13055000,0.0,-13000.0,0.0,20982000,778000.0,0.0,-17626000,-5.798026315789474,-17942000,-6.162171052631579,-13000.0,-18733000,-6.162171052631579,0.0,-18733000,-6.162171052631579,-0.36,-0.36,52230648,52230648,https://www.sec.gov/Archives/edgar/data/1103021/000119312516584832/0001193125-16-584832-index.htm,https://www.sec.gov/Archives/edgar/data/1103021/000119312516500290/d119484d10k.htm
0,2015-12-31,BDSI,2016-03-10,2016-03-10 17:12:48,Q4,32209000,2658000.0,29551000,0.9174764817287093,5097000.0,13500000,0.0,4000.0,0.0,21255000,786000.0,0.0,11281000,0.35024372069918347,10954000,0.31581235058524015,4000.0,10172000,0.31581235058524015,0.0,10172000,0.31581235058524015,0.0,0.0,0.0,0.0,https://www.sec.gov/Archives/edgar/data/1103021/000119312516500290/0001193125-16-500290-index.htm,https://www.sec.gov/Archives/edgar/data/1103021/000119312516500290/d119484d10k.htm
0,2015-09-30,BDSI,2015-11-09,2015-11-09 09:01:30,Q3,1235000.0,1699000.0,-464000.0,-0.3757085020242915,4473000.0,14715000,0.0,-2000.0,0.0,20887000,785000.0,0.0,-19330000,-15.651821862348179,-19652000,-16.549797570850203,-2000.0,-20439000,-16.549797570850203,0.0,-20439000,-16.549797570850203,-0.39,-0.39,52542715,52542715,https://www.sec.gov/Archives/edgar/data/1103021/000119312515371183/0001193125-15-371183-index.htm,https://www.sec.gov/Archives/edgar/data/1103021/000119312515371183/d21197d10q.htm
0,2015-06-30,BDSI,2015-08-10,2015-08-10 09:00:19,Q2,1733000.0,2621000.0,-888000.0,-0.5124062319676861,4506000.0,13287000,0.0,-3000.0,0.0,20414000,527000.0,0.0,-18359000,-10.593768032313907,-18681000,-11.085401038661281,-3000.0,-19211000,-11.085401038661281,0.0,-19211000,-11.085401038661281,-0.37,-0.37,52401747,52401747,https://www.sec.gov/Archives/edgar/data/1103021/000119312515284030/0001193125-15-284030-index.htm,https://www.sec.gov/Archives/edgar/data/1103021/000119312515284030/d938387d10q.htm
0,2015-03-31,BDSI,2015-05-11,2015-05-11 09:04:59,Q1,13054000,1124000.0,11930000,0.9138961237934733,6549000.0,13181000,0.0,27000.0,0.0,20854000,420000.0,0.0,-7446000.0,-0.5703998774322047,-7800000.0,-0.6276237168683928,27000.0,-8193000.0,-0.6276237168683928,0.0,-8193000.0,-0.6276237168683928,-0.16,-0.16,51908844,51908844,https://www.sec.gov/Archives/edgar/data/1103021/000119312515180843/0001193125-15-180843-index.htm,https://www.sec.gov/Archives/edgar/data/1103021/000119312515094062/d831797d10k.htm
0,2014-12-31,BDSI,2015-03-16,2015-03-16 17:25:07,Q4,2547254.0,3063635.0,-516381.0,-0.2027206552624905,4909105.0,12927368,0.0,-329519.0,0.0,20900108,427264.0,0.0,-18370500,-7.2118838561054375,-18352854,-6.927445005484337,1134156.0,-17645962,-6.927445005484337,0.0,-17645962,-6.927445005484337,0.0,0.0,0.0,0.0,https://www.sec.gov/Archives/edgar/data/1103021/000119312515094062/0001193125-15-094062-index.htm,https://www.sec.gov/Archives/edgar/data/1103021/000119312515094062/d831797d10k.htm
0,2014-09-30,BDSI,2014-11-05,2014-11-05 16:31:58,Q3,1822367.0,462802.0,1359565.0,0.7460434698389512,6769698.0,13648648,0.0,2134.0,0.0,20881148,514718.0,0.0,-18783261,-10.307068225006269,-19058781,-13.859040467699426,-5682759.0,-25256258,-13.859040467699426,0.0,-25256258,-13.859040467699426,-0.51,-0.51,49555815,49555815,https://www.sec.gov/Archives/edgar/data/1103021/000119312514398605/0001193125-14-398605-index.htm,https://www.sec.gov/Archives/edgar/data/1103021/000119312514398605/d772427d10q.htm
0,2014-06-30,BDSI,2014-08-07,2014-08-07 16:32:59,Q2,13884577,686966.0,13197611,0.9505230875956826,7982976.0,7255960.0,0.0,9053.0,0.0,15925902,518773.0,0.0,-1854051.0,-0.1335331281608363,-2041325.0,-0.48048773830128205,-4111271.0,-6671369.0,-0.48048773830128205,0.0,-6671369.0,-0.48048773830128205,-0.14,-0.14,48521351,48521351,https://www.sec.gov/Archives/edgar/data/1103021/000119312514300803/0001193125-14-300803-index.htm,https://www.sec.gov/Archives/edgar/data/1103021/000119312514300803/d731813d10q.htm
0,2014-03-31,BDSI,2014-05-09,2014-05-08 17:41:57,Q1,20689802,725597.0,19964205,0.9649297272153692,14623221,4628024.0,0.0,23332.0,0.0,19976842,555245.0,0.0,1067812.0,0.05161054707048429,712960.0,-0.22447827195253003,-4802126.0,-4644411.0,-0.22447827195253003,0.0,-4644411.0,-0.22447827195253003,-0.11,-0.11,44035288,44035288,https://www.sec.gov/Archives/edgar/data/1103021/000119312514190389/0001193125-14-190389-index.htm,https://www.sec.gov/Archives/edgar/data/1103021/000119312514098673/d647728d10k.htm
0,2013-12-31,BDSI,2014-03-14,2014-03-14 06:11:31,Q4,3972994.0,373490.0,3599504.0,0.9059928104598195,12149200,3249349.0,0.0,-56181.0,0.0,15772039,620846.0,0.0,-11463961,-2.885471510905881,-11799045,-3.235473046271905,-434624.0,-12854515,-3.235473046271905,-85000.0,-12769515,-3.2140786016792373,0.0,0.0,0.0,0.0,https://www.sec.gov/Archives/edgar/data/1103021/000119312514098673/0001193125-14-098673-index.htm,https://www.sec.gov/Archives/edgar/data/1103021/000119312514098673/d647728d10k.htm
0,2013-09-30,BDSI,2013-11-12,2013-11-12 16:37:29,Q3,2996862.0,643486.0,2353376.0,0.7852800696194886,16387194,3049005.0,0.0,-35433.0,0.0,20079685,450328.0,0.0,-16848007,-5.621882822765946,-17082823,-6.168601357019442,-953296.0,-18486447,-6.168601357019442,0.0,-18486447,-6.168601357019442,-0.49,-0.49,38076606,38076606,https://www.sec.gov/Archives/edgar/data/1103021/000119312513438361/0001193125-13-438361-index.htm,https://www.sec.gov/Archives/edgar/data/1103021/000119312513438361/d594431d10q.htm
0,2013-06-30,BDSI,2013-08-09,2013-08-09 07:06:55,Q2,2764050.0,690207.0,2073843.0,0.7502914201986216,12758215,3123754.0,0.0,-95477.0,0.0,16572176,0.0,0.0,-13881114,-5.022019862158789,-13808126,-4.853389410466526,297109.0,-13415011,-4.853389410466526,0.0,-13415011,-4.853389410466526,-0.35,-0.35,37998610,37998610,https://www.sec.gov/Archives/edgar/data/1103021/000119312513327984/0001193125-13-327984-index.htm,https://www.sec.gov/Archives/edgar/data/1103021/000119312513327984/d542570d10q.htm
0,2013-03-31,BDSI,2013-05-09,2013-05-09 16:05:18,Q1,1621977.0,375000.0,1246977.0,0.7688006673337539,12032168,2926756.0,0.0,-23154.0,0.0,15333924,0.0,0.0,-14370737,-8.860012811525687,-13711947,-7.791503825270025,1001797.0,-12637640,-7.791503825270025,85000.0,-12722640,-7.843909007341042,-0.34,-0.34,37511326,37511326,https://www.sec.gov/Archives/edgar/data/1103021/000119312513210975/0001193125-13-210975-index.htm,https://www.sec.gov/Archives/edgar/data/1103021/000119312513112557/d443156d10k.htm
0,2012-12-31,BDSI,2013-03-18,2013-03-18 16:20:07,Q4,9380251.0,784785.0,8595466.0,0.9163364605062274,11561386,2097006.0,0.0,0.0,0.0,14443177,0.0,0.0,-19065871,-2.032554459363614,-5062926.0,-0.18612359093589287,3246615.0,-1745886.0,-0.18612359093589287,129120.0,-1875006.0,-0.19988868101717108,0.0,0.0,0.0,0.0,https://www.sec.gov/Archives/edgar/data/1103021/000119312513112557/0001193125-13-112557-index.htm,https://www.sec.gov/Archives/edgar/data/1103021/000119312513112557/d443156d10k.htm
0,2012-09-30,BDSI,2012-11-09,2012-11-08 18:39:02,Q3,49600.0,375000.0,-325400.0,-6.560483870967742,12546912,3012354.0,0.0,0.0,0.0,15934266,0.0,0.0,-12000687,-241.94933467741936,-15884666,-389.1760685483871,-3508634.0,-19303133,-389.1760685483871,0.0,-19303133,-389.1760685483871,-0.64,-0.64,30071813,30071813,https://www.sec.gov/Archives/edgar/data/1103021/000119312512461010/0001193125-12-461010-index.htm,https://www.sec.gov/Archives/edgar/data/1103021/000119312512461010/d398851d10q.htm
0,2012-06-30,BDSI,2012-08-09,2012-08-09 16:05:12,Q2,15049600,375000.0,14674600,0.9750823942164576,6546579.0,2228784.0,0.0,0.0,0.0,9150363.0,0.0,0.0,9700342.0,0.6445581277907718,5899237.0,0.0,-3428469.0,0.0,0.0,0.0,2534269.0,0.16839444237720605,0.09,0.08,29669058,31145976,https://www.sec.gov/Archives/edgar/data/1103021/000119312512347482/0001193125-12-347482-index.htm,https://www.sec.gov/Archives/edgar/data/1103021/000119312512347482/d361414d10q.htm
0,2012-03-31,BDSI,2012-05-10,2012-05-10 16:08:47,Q1,30063800,375000.0,29688800,0.987526526919418,4711610.0,2867045.0,0.0,0.0,0.0,7953655.0,0.0,0.0,24353615,0.8100644296462856,22110145,0.0,-1870710.0,0.0,0.0,0.0,20296051,0.6750993221083164,0.69,0.69,29561655,29586036,https://www.sec.gov/Archives/edgar/data/1103021/000119312512225513/0001193125-12-225513-index.htm,https://www.sec.gov/Archives/edgar/data/1103021/000119312512121522/d262578d10k.htm
0,2011-12-31,BDSI,2012-03-19,2012-03-19 16:01:38,Q4,331323.0,378014.0,-46691.0,-0.14092290604636562,3179188.0,1342063.0,0.0,0.0,0.0,4899265.0,0.0,0.0,-4664990.0,-14.079885791206769,-4567942.0,-12.326047391820067,442942.0,-4083903.0,-12.326047391820067,0.0,-4083903.0,-12.326047391820067,0.0,0.0,0.0,0.0,https://www.sec.gov/Archives/edgar/data/1103021/000119312512121522/0001193125-12-121522-index.htm,https://www.sec.gov/Archives/edgar/data/1103021/000119312512121522/d262578d10k.htm
0,2011-09-30,BDSI,2011-11-14,2011-11-14 16:01:58,Q3,2663728.0,1507125.0,1156603.0,0.43420461848957553,6215106.0,2614163.0,0.0,0.0,0.0,10336394,0.0,0.0,-9824523.0,-3.6882605881681614,-7672666.0,-1.923451268297664,2487706.0,-5123551.0,-1.923451268297664,0.0,-5123551.0,-1.923451268297664,-0.17,-0.17,29561655,29561655,https://www.sec.gov/Archives/edgar/data/1103021/000119312511310826/0001193125-11-310826-index.htm,https://www.sec.gov/Archives/edgar/data/1103021/000119312511310826/d223042d10q.htm
0,2011-06-30,BDSI,2011-08-15,2011-08-15 09:11:00,Q2,38406.0,425930.0,-387524.0,-10.090194240483259,4720208.0,1949625.0,0.0,0.0,0.0,7095763.0,0.0,0.0,-7789251.0,-202.81338853304172,-7057357.0,0.0,1058735.0,0.0,0.0,0.0,-5098351.0,-132.74881528927773,-0.18,-0.18,28998451,28998451,https://www.sec.gov/Archives/edgar/data/1103021/000119312511222275/0001193125-11-222275-index.htm,https://www.sec.gov/Archives/edgar/data/1103021/000119312511222275/d10q.htm
0,2011-03-31,BDSI,2011-05-13,2011-05-13 16:52:34,Q1,229463.0,297419.0,-67956.0,-0.29615232085347093,6690674.0,1783239.0,0.0,0.0,0.0,8771332.0,0.0,0.0,-7699720.0,-33.55538801462545,-8541869.0,0.0,-515226.0,0.0,0.0,0.0,-9019311.0,-39.306167007317086,-0.36,-0.36,25105563,25105563,https://www.sec.gov/Archives/edgar/data/1103021/000119312511139659/0001193125-11-139659-index.htm,https://www.sec.gov/Archives/edgar/data/1103021/000119312511062688/d10k.htm
0,2010-12-31,BDSI,2011-03-11,2011-03-10 21:16:45,Q4,743746.0,10764.0,732982.0,0.9855273171217055,4458669.0,1819485.0,0.0,0.0,0.0,6288918.0,0.0,0.0,-3251200.0,-4.371384854506781,-5545172.0,-10.015780925208338,-1966263.0,-7449197.0,-10.015780925208338,0.0,-7449197.0,-10.015780925208338,0.0,0.0,0.0,0.0,https://www.sec.gov/Archives/edgar/data/1103021/000119312511062688/0001193125-11-062688-index.htm,https://www.sec.gov/Archives/edgar/data/1103021/000119312511062688/d10k.htm
0,2010-09-30,BDSI,2010-11-09,2010-11-09 17:28:27,Q3,217203.0,19490.0,197713.0,0.9102682743792673,3215749.0,2113767.0,0.0,0.0,0.0,5349006.0,0.0,0.0,-3702955.0,-17.048360289682922,-5131803.0,-28.39916575737904,-1100385.0,-6168384.0,-28.39916575737904,0.0,-6168384.0,-28.39916575737904,-0.26,-0.26,24022954,24022954,https://www.sec.gov/Archives/edgar/data/1103021/000119312510254444/0001193125-10-254444-index.htm,https://www.sec.gov/Archives/edgar/data/1103021/000119312510254444/d10q.htm
0,2010-06-30,BDSI,2010-08-09,2010-08-09 16:48:43,Q2,2216566.0,796525.0,1420041.0,0.6406490941393128,1521531.0,2218386.0,0.0,0.0,0.0,4536442.0,0.0,0.0,-5105111.0,-2.303162188718946,-2319876.0,0.0,3091457.0,0.0,0.0,0.0,775861.0,0.35002837722855984,0.03,0.01,23340021,23340021,https://www.sec.gov/Archives/edgar/data/1103021/000119312510183487/0001193125-10-183487-index.htm,https://www.sec.gov/Archives/edgar/data/1103021/000119312510183487/d10q.htm
0,2010-03-31,BDSI,2010-05-10,2010-05-10 11:17:02,Q1,227382.0,12429.0,214953.0,0.9453386811620973,1449465.0,1844261.0,0.0,0.0,0.0,3306155.0,0.0,0.0,-5659084.0,-24.88800344794223,-3078773.0,0.0,2884260.0,0.0,0.0,0.0,-191222.0,-0.8409724604410199,-0.01,-0.01,21177116,21177116,https://www.sec.gov/Archives/edgar/data/1103021/000119312510114067/0001193125-10-114067-index.htm,https://www.sec.gov/Archives/edgar/data/1103021/000119312510061926/d10k.htm
0,2009-12-31,BDSI,2010-03-19,2010-03-19 17:07:29,Q4,62801241,2043693.0,60757548,0.9674577609063489,2115993.0,3895592.0,0.0,0.0,0.0,8055278.0,0.0,0.0,54425719,0.8666344507427807,54745963,0.8818410929172562,624776.0,55380715,0.8818410929172562,488618.0,54892097,0.8740607052653625,0.0,0.0,0.0,0.0,https://www.sec.gov/Archives/edgar/data/1103021/000119312510061926/0001193125-10-061926-index.htm,https://www.sec.gov/Archives/edgar/data/1103021/000119312510061926/d10k.htm
0,2009-09-30,BDSI,2009-11-03,2009-11-02 17:45:31,Q3,1986.0,0.0,1986.0,1.0,4433192.0,3385298.0,0.0,0.0,0.0,7818490.0,0.0,0.0,-12627149,-6358.081067472306,-7816504.0,-1397.7245720040282,5032006.0,-2775881.0,-1397.7245720040282,-176490.0,-2599391.0,-1308.8575025176233,-0.12,-0.12,20973354,20973354,https://www.sec.gov/Archives/edgar/data/1103021/000119312509220653/0001193125-09-220653-index.htm,https://www.sec.gov/Archives/edgar/data/1103021/000119312509220653/d10q.htm
0,2009-06-30,BDSI,2009-07-30,2009-07-30 16:06:29,Q2,5621.0,0.0,5621.0,1.0,1858537.0,1574086.0,0.0,0.0,0.0,3432623.0,0.0,0.0,7951195.0,1414.5516811955167,-3427002.0,-1993.1946272905177,-11205393,-11203747,-1993.1946272905177,0.0,-14630749,-2602.8729763387296,-0.75,-0.75,19622243,19622243,https://www.sec.gov/Archives/edgar/data/1103021/000119312509159537/0001193125-09-159537-index.htm,https://www.sec.gov/Archives/edgar/data/1103021/000119312509159537/d10q.htm
0,2009-03-31,BDSI,2009-05-15,2009-05-15 16:01:57,Q1,5984.0,0.0,5984.0,1.0,1912986.0,1466240.0,0.0,0.0,0.0,3379226.0,0.0,0.0,-1940508.0,-324.2827540106952,-3373242.0,0.0,-1257325.0,0.0,0.0,0.0,-4615210.0,-771.2583556149733,-0.24,-0.24,19186629,19186629,https://www.sec.gov/Archives/edgar/data/1103021/000119312509113065/0001193125-09-113065-index.htm,https://www.sec.gov/Archives/edgar/data/1103021/000119312509059923/d10k.htm
0,2008-12-31,BDSI,2009-03-20,2009-03-20 17:13:43,Q4,93951.0,0.0,93951.0,1.0,2401904.0,1391423.0,0.0,0.0,0.0,3793327.0,-13013.0,0.0,-2926348.0,-31.147598216091367,-3699376.0,-45.58205873274366,-596117.0,-4282480.0,-45.58205873274366,0.0,-8042480.0,-85.60292067141383,0.0,0.0,0.0,0.0,https://www.sec.gov/Archives/edgar/data/1103021/000119312509059923/0001193125-09-059923-index.htm,https://www.sec.gov/Archives/edgar/data/1103021/000119312509059923/d10k.htm
0,2008-09-30,BDSI,2008-11-19,2008-11-19 16:42:17,Q3,16993.0,0.0,16993.0,1.0,2135022.0,1826144.0,0.0,0.0,0.0,3961166.0,-8061.0,0.0,-3262118.0,-191.96833990466664,-3944173.0,-260.7441887836168,-494715.0,-4430826.0,-260.7441887836168,-1760000.0,-2670826.0,-157.1721297004649,-0.14,-0.14,19157183,19157183,https://www.sec.gov/Archives/edgar/data/1103021/000119312508239329/0001193125-08-239329-index.htm,https://www.sec.gov/Archives/edgar/data/1103021/000119312508239329/d10q.htm
0,2008-06-30,BDSI,2008-08-14,2008-08-14 16:59:04,Q2,857983.0,0.0,857983.0,1.0,2708096.0,2660292.0,0.0,0.0,0.0,5368388.0,-37575.0,0.0,-4357055.0,-5.078253298725033,-4510405.0,-5.16219901792926,47100.0,-4429079.0,-5.16219901792926,-2000000.0,-2429079.0,-2.831150500650945,-0.13,-0.13,19150546,19150546,https://www.sec.gov/Archives/edgar/data/1103021/000119312508178465/0001193125-08-178465-index.htm,https://www.sec.gov/Archives/edgar/data/1103021/000119312508178465/d10q.htm
0,2008-03-31,BDSI,2008-05-15,2008-05-15 16:25:10,Q1,124248.0,0.0,124248.0,1.0,3060459.0,1422385.0,0.0,0.0,0.0,4482844.0,520226.0,0.0,-6393989.0,-51.46150441053377,-4358596.0,0.0,2236474.0,0.0,0.0,0.0,-2642348.0,-21.266724615285558,-0.14,-0.14,19126755,19126755,https://www.sec.gov/Archives/edgar/data/1103021/000119312508116468/0001193125-08-116468-index.htm,https://www.sec.gov/Archives/edgar/data/1103021/000119312508050272/d10k.htm
0,2007-12-31,BDSI,2008-03-07,2008-03-07 16:46:08,Q4,119973.0,0.0,119973.0,1.0,4753343.0,2884075.0,0.0,0.0,0.0,7637418.0,48612.0,0.0,-10613568,-88.46630491860668,-7517445.0,0.0,3297701.0,0.0,0.0,0.0,-4268356.0,-35.577638301951275,0.0,0.0,0.0,0.0,https://www.sec.gov/Archives/edgar/data/1103021/000119312508050272/0001193125-08-050272-index.htm,https://www.sec.gov/Archives/edgar/data/1103021/000119312508050272/d10k.htm
0,2007-09-30,BDSI,2007-11-14,2007-11-13 21:27:12,Q3,19345.0,0.0,19345.0,1.0,3302740.0,2431621.0,0.0,0.0,9000.0,5743361.0,854290.0,0.0,-8244331.0,-426.1737399844921,-5724016.0,-201.1410183509951,2678233.0,-3891073.0,-201.1410183509951,0.0,-3891073.0,-201.1410183509951,-0.2,-0.2,19061503,19061503,https://www.sec.gov/Archives/edgar/data/1103021/000119312507245817/0001193125-07-245817-index.htm,https://www.sec.gov/Archives/edgar/data/1103021/000119312507245817/d10qsb.htm
0,2007-06-30,BDSI,2007-08-14,2007-08-14 11:47:25,Q2,19540.0,0.0,19540.0,1.0,3035021.0,1014952.0,0.0,0.0,0.0,4049973.0,646005.0,0.0,-4368421.0,-223.56299897645854,-4030433.0,-213.97108495394065,495443.0,-4180995.0,-213.97108495394065,0.0,-4180995.0,-213.97108495394065,-0.22,-0.22,19001041,19001041,https://www.sec.gov/Archives/edgar/data/1103021/000119312507182085/0001193125-07-182085-index.htm,https://www.sec.gov/Archives/edgar/data/1103021/000119312507182085/d10qsb.htm
0,2007-03-31,BDSI,2007-05-15,2007-05-15 16:15:41,Q1,43130.0,0.0,0.0,0.0,3235636.0,1204453.0,0.0,0.0,0.0,4440089.0,0.0,0.0,3529125.0,81.82529561789937,-4396959.0,-298.0645722235103,-7768113.0,-12855525,-298.0645722235103,0.0,-12855525,-298.0645722235103,-1.13,-1.13,14826776,14826776,https://www.sec.gov/Archives/edgar/data/1103021/000119312507115641/0001193125-07-115641-index.htm,https://www.sec.gov/Archives/edgar/data/1103021/000119312507252264/d10ksba.htm
0,2006-12-31,BDSI,2007-11-21,2007-11-21 17:25:25,Q4,138483.0,0.0,138483.0,1.0,1309831.0,1831100.0,0.0,0.0,0.0,3140931.0,416667.0,0.0,3680715.0,26.57882194926453,-3002448.0,0.0,-6411166.0,0.0,0.0,0.0,-9830281.0,-70.98547114086206,0.0,0.0,0.0,0.0,https://www.sec.gov/Archives/edgar/data/1103021/000119312507252264/0001193125-07-252264-index.htm,https://www.sec.gov/Archives/edgar/data/1103021/000119312507252264/d10ksba.htm
0,2006-09-30,BDSI,2006-11-14,2006-11-14 16:48:31,Q3,2564341.0,0.0,2564341.0,1.0,2343132.0,1562040.0,0.0,0.0,0.0,3905172.0,448450.0,0.0,-1283720.0,-0.500604248810903,-1340831.0,-0.5470988452783776,386333.0,-1402948.0,-0.5470988452783776,0.0,-1402948.0,-0.5470988452783776,-0.1,-0.1,13938146,13938146,https://www.sec.gov/Archives/edgar/data/1103021/000119312506234983/0001193125-06-234983-index.htm,https://www.sec.gov/Archives/edgar/data/1103021/000119312506234983/d10qsb.htm
0,2006-06-30,BDSI,2006-08-14,2006-08-14 15:06:28,Q2,24988.0,0.0,24988.0,1.0,2574652.0,865763.0,0.0,0.0,0.0,3440415.0,551879.0,0.0,-4218700.0,-168.82903793821035,-3415427.0,-119.46838482471587,982030.0,-2985276.0,-119.46838482471587,0.0,-2985276.0,-119.46838482471587,-0.23,-0.23,12945838,12945838,https://www.sec.gov/Archives/edgar/data/1103021/000119312506172453/0001193125-06-172453-index.htm,https://www.sec.gov/Archives/edgar/data/1103021/000119312506172453/d10qsb.htm
0,2006-03-31,BDSI,2006-05-17,2006-05-17 16:53:19,Q1,47966.0,0.0,47966.0,1.0,3787672.0,805450.0,0.0,0.0,0.0,4593122.0,547894.0,0.0,-3782805.0,-78.86429971229622,-4545156.0,-118.34862194054122,-583659.0,-5676710.0,-118.34862194054122,0.0,-5676710.0,-118.34862194054122,-0.48,-0.48,11870813,11870813,https://www.sec.gov/Archives/edgar/data/1103021/000119312506114801/0001193125-06-114801-index.htm,https://www.sec.gov/Archives/edgar/data/1103021/000119312506071041/d10ksb.htm
0,2005-12-31,BDSI,2006-04-03,2006-03-31 21:21:07,Q4,191856.0,0.0,191856.0,1.0,2024634.0,557129.0,0.0,0.0,0.0,2581763.0,662413.0,0.0,-2364734.0,-12.325567091985656,-2389907.0,0.0,1163603.0,0.0,0.0,0.0,-2571800.0,-13.404845300642148,0.0,0.0,0.0,0.0,https://www.sec.gov/Archives/edgar/data/1103021/000119312506071041/0001193125-06-071041-index.htm,https://www.sec.gov/Archives/edgar/data/1103021/000119312506071041/d10ksb.htm
0,2005-09-30,BDSI,2005-11-10,2005-11-10 15:59:56,Q3,59242.0,0.0,0.0,0.0,1562990.0,898094.0,0.0,0.0,0.0,2461084.0,0.0,0.0,-2146621.0,-36.23478275547753,-2401842.0,-46.08443334121063,0.0,-2730134.0,-46.08443334121063,0.0,-2730134.0,-46.08443334121063,-0.37,-0.37,7348209.0,7348209.0,https://www.sec.gov/Archives/edgar/data/1103021/000119312505223084/0001193125-05-223084-index.htm,https://www.sec.gov/Archives/edgar/data/1103021/000119312505223084/d10qsb.htm
0,2005-06-30,BDSI,2005-08-02,2005-08-02 17:24:18,Q2,510663.0,0.0,510663.0,1.0,1864767.0,1136715.0,0.0,0.0,0.0,3001482.0,196324.0,0.0,-2257548.0,-4.420817642946522,-2490819.0,-5.26206715583467,0.0,-2687143.0,-5.26206715583467,0.0,-2687143.0,-5.26206715583467,-0.37,-0.37,7269196.0,7269196.0,https://www.sec.gov/Archives/edgar/data/1103021/000119312505155162/0001193125-05-155162-index.htm,https://www.sec.gov/Archives/edgar/data/1103021/000119312505155162/d10qsb.htm
0,2005-03-31,BDSI,2005-05-16,2005-05-16 16:55:22,Q1,87801.0,0.0,87801.0,1.0,1011471.0,1008186.0,0.0,0.0,0.0,2019657.0,158466.0,0.0,-1728179.0,-19.682907939545107,-1931856.0,-23.807496497761985,0.0,-2090322.0,-23.807496497761985,0.0,-2090322.0,-23.807496497761985,-0.29,-0.29,7204517.0,7204517.0,https://www.sec.gov/Archives/edgar/data/1103021/000119312505108977/0001193125-05-108977-index.htm,https://www.sec.gov/Archives/edgar/data/1103021/000119312505123809/d10ksba.htm
0,2004-12-31,BDSI,2005-06-10,2005-06-10 16:58:42,Q4,595356.0,0.0,595356.0,1.0,1105948.0,1069924.0,0.0,0.0,0.0,2175872.0,20180.0,0.0,-1581803.0,-2.6569027607011604,-1580516.0,-2.3246964841204254,216674.0,-1384022.0,-2.3246964841204254,0.0,-1381622.0,-2.3206652826208183,0.0,0.0,0.0,0.0,https://www.sec.gov/Archives/edgar/data/1103021/000119312505123809/0001193125-05-123809-index.htm,https://www.sec.gov/Archives/edgar/data/1103021/000119312505123809/d10ksba.htm
0,2004-09-30,BDSI,2004-11-12,2004-11-12 15:14:17,Q3,664892.0,0.0,0.0,0.0,1366882.0,775133.0,0.0,0.0,0.0,2142015.0,0.0,0.0,-3896194.0,-5.859890027252546,-1477123.0,1.5171817377859862,2500000.0,1008762.0,1.5171817377859862,2400.0,1006362.0,1.5135721290074178,0.14,0.14,7098635.0,7098635.0,https://www.sec.gov/Archives/edgar/data/1103021/000119312504195215/0001193125-04-195215-index.htm,https://www.sec.gov/Archives/edgar/data/1103021/000119312504195215/d10qsb.htm
0,2004-06-30,BDSI,2004-09-02,2004-09-02 16:48:06,Q2,247338.0,0.0,247338.0,1.0,826499.0,716294.0,0.0,0.0,0.0,1542793.0,30856.0,0.0,-1214097.0,-4.908655362297746,-1295455.0,-5.362342219958114,0.0,-1326311.0,-5.362342219958114,0.0,-1326311.0,-5.362342219958114,-0.19,-0.19,6985863.0,6985863.0,https://www.sec.gov/Archives/edgar/data/1103021/000119312504151398/0001193125-04-151398-index.htm,https://www.sec.gov/Archives/edgar/data/1103021/000119312504151398/d10qsba.htm
0,2004-03-31,BDSI,2004-05-17,2004-05-17 15:26:41,Q1,271312.0,0.0,271312.0,1.0,699115.0,702931.0,0.0,0.0,0.0,1402046.0,0.0,0.0,-1050076.0,-3.870363271805154,-1130734.0,-4.146307572094121,0.0,-1124943.0,-4.146307572094121,0.0,-1124943.0,-4.146307572094121,-0.16,-0.16,6985863.0,6985863.0,https://www.sec.gov/Archives/edgar/data/1103021/000119312504089960/0001193125-04-089960-index.htm,https://www.sec.gov/Archives/edgar/data/1103021/000119312504089960/d10qsb.htm
