,date,symbol,fillingDate,acceptedDate,period,revenue,costOfRevenue,grossProfit,grossProfitRatio,researchAndDevelopmentExpenses,generalAndAdministrativeExpenses,sellingAndMarketingExpenses,otherExpenses,operatingExpenses,costAndExpenses,interestExpense,depreciationAndAmortization,ebitda,ebitdaratio,operatingIncome,operatingIncomeRatio,totalOtherIncomeExpensesNet,incomeBeforeTax,incomeBeforeTaxRatio,incomeTaxExpense,netIncome,netIncomeRatio,eps,epsdiluted,weightedAverageShsOut,weightedAverageShsOutDil,link,finalLink
0,2020-09-30,ABIO,2020-11-02,2020-11-02 16:17:40,Q3,0.0,0.0,0.0,0.0,1788.0,2852.0,0.0,0.0,4640.0,4640.0,9.0,2.0,-4638.0,0.0,-4640.0,0.0,27.0,-4622.0,0.0,0.0,-4613.0,0.0,-1.46,-1.46,1793900.0,1793900.0,https://www.sec.gov/Archives/edgar/data/907654/000156459020049656/0001564590-20-049656-index.htm,https://www.sec.gov/Archives/edgar/data/907654/000156459020049656/abio-10q_20200930.htm
0,2020-06-30,ABIO,2020-08-05,2020-08-05 16:05:36,Q2,0.0,0.0,0.0,0.0,372000.0,938000.0,0.0,0.0,1310000.0,1310000.0,3000.0,1000.0,-1307000.0,0.0,-1310000.0,0.0,26.0,-1311000.0,0.0,-9000.0,-1302000.0,0.0,-0.72579,-0.72579,1793900.0,1793900.0,https://www.sec.gov/Archives/edgar/data/907654/000156459020036784/0001564590-20-036784-index.htm,https://www.sec.gov/Archives/edgar/data/907654/000156459020036784/abio-10q_20200630.htm
0,2020-03-31,ABIO,2020-05-06 00:00:00,2020-05-06 16:17:13,Q1,0.0,0.0,0.0,0.0,365000.0,975000.0,0.0,0.0,1340000.0,1340000.0,4000.0,3000.0,-1313000.0,0.0,-1340000.0,0.0,0.0,-1320000.0,0.0,0.0,-1320000.0,0.0,-0.82807,-0.82807,1594070.0,1594070.0,https://www.sec.gov/Archives/edgar/data/907654/000156459020021946/0001564590-20-021946-index.html,https://www.sec.gov/Archives/edgar/data/907654/000156459020021946/abio-10q_20200331.htm
0,2019-12-31,ABIO,2020-02-18 00:00:00,2020-02-18 16:16:43,Q4,0.0,0.0,0.0,0.0,384000.0,894000.0,0.0,0.0,1278000.0,1278000.0,7000.0,1999.9999999999984,-1233000.0,0.0,-1278000.0,0.0,0.0,-1242000.0,0.0,-16000.0,-1226000.0,0.0,-0.76766,-0.76766,1597070.0,1597070.0,https://www.sec.gov/Archives/edgar/data/907654/000156459020005032/0001564590-20-005032-index.html,https://www.sec.gov/Archives/edgar/data/907654/000156459020005032/abio-10k_20191231.htm
0,2019-09-30,ABIO,2019-11-06 00:00:00,2019-11-06 16:21:26,Q3,0.0,0.0,0.0,0.0,347000.0,900000.0,0.0,0.0,1247000.0,1247000.0,1000.0,5000.000000000001,-1192000.0,0.0,-1247000.0,0.0,0.0,-1198000.0,0.0,-42000.0,-1156000.0,0.0,-0.7599,-0.7599,1521260.0,1521260.0,https://www.sec.gov/Archives/edgar/data/907654/000156459019041051/0001564590-19-041051-index.html,https://www.sec.gov/Archives/edgar/data/907654/000156459019041051/abio-10q_20190930.htm
0,2019-06-30,ABIO,2019-08-01 00:00:00,2019-08-01 16:16:33,Q2,0.0,0.0,0.0,0.0,440000.0,1068000.0,0.0,0.0,1508000.0,1508000.0,3000.0,5999.999999999999,-1454000.0,0.0,-1508000.0,0.0,0.0,-1463000.0,0.0,-27000.0,-1436000.0,0.0,-1.13628,-1.13628,1263770.0,1263770.0,https://www.sec.gov/Archives/edgar/data/907654/000156459019027966/0001564590-19-027966-index.html,https://www.sec.gov/Archives/edgar/data/907654/000156459019027966/abio-10q_20190630.htm
0,2019-03-31,ABIO,2019-05-08 00:00:00,2019-05-08 16:16:20,Q1,0.0,0.0,0.0,0.0,662000.0,1119000.0,0.0,0.0,1781000.0,1781000.0,3000.0,5000.0,-1738000.0,0.0,-1781000.0,0.0,0.0,-1746000.0,0.0,-82000.0,-1664000.0,0.0,-1.85721,-1.85721,895970.0,895970.0,https://www.sec.gov/Archives/edgar/data/907654/000156459019017210/0001564590-19-017210-index.html,https://www.sec.gov/Archives/edgar/data/907654/000156459019017210/abio-10q_20190331.htm
0,2018-12-31,ABIO,2019-02-27 00:00:00,2019-02-27 16:02:21,Q4,0.0,0.0,0.0,0.0,625000.0,902000.0,0.0,0.0,1527000.0,1527000.0,38000.0,4999.999999999997,-1446000.0,0.0,-1527000.0,0.0,0.0,-1489000.0,0.0,0.0,-1489000.0,0.0,-1.92477,-1.92477,773600.0,773600.0,https://www.sec.gov/Archives/edgar/data/907654/000156459019004882/0001564590-19-004882-index.html,https://www.sec.gov/Archives/edgar/data/907654/000156459019004882/abio-10k_20181231.htm
0,2018-09-30,ABIO,2018-11-14 00:00:00,2018-11-14 16:07:20,Q3,0.0,0.0,0.0,0.0,740000.0,922000.0,0.0,0.0,1662000.0,1662000.0,2000.0,7000.000000000001,-1615000.0,0.0,-1662000.0,0.0,0.0,-1624000.0,0.0,-31000.0,-1593000.0,0.0,-2.05918,-2.05918,773610.0,773610.0,https://www.sec.gov/Archives/edgar/data/907654/000156459018029560/0001564590-18-029560-index.html,https://www.sec.gov/Archives/edgar/data/907654/000156459018029560/abio-10q_20180930.htm
0,2018-06-30,ABIO,2018-08-09 00:00:00,2018-08-09 16:17:21,Q2,0.0,0.0,0.0,0.0,1150000.0,1000000.0,0.0,0.0,2160000.0,2160000.0,3000.0,0.0,-2117000.0,0.0,-2160000.0,0.0,0.0,-2120000.0,0.0,0.0,-2120000.0,0.0,-2.75325,-2.75325,770000.0,770000.0,https://www.sec.gov/Archives/edgar/data/907654/000156459018021065/0001564590-18-021065-index.html,https://www.sec.gov/Archives/edgar/data/907654/000156459018021065/abio-10q_20180630.htm
0,2018-03-31,ABIO,2018-05-08 00:00:00,2018-05-08 16:17:05,Q1,0.0,0.0,0.0,0.0,1720000.0,1050000.0,0.0,0.0,2770000.0,2770000.0,3000.0,10000.0,-2727000.0,0.0,-2770000.0,0.0,0.0,-2740000.0,0.0,0.0,-2740000.0,0.0,-3.60526,-3.60526,760000.0,760000.0,https://www.sec.gov/Archives/edgar/data/907654/000156459018011830/0001564590-18-011830-index.html,https://www.sec.gov/Archives/edgar/data/907654/000156459018011830/abio-10q_20180331.htm
0,2017-12-31,ABIO,2018-03-22 00:00:00,2018-03-22 16:16:35,Q4,0.0,0.0,0.0,0.0,2830000.0,1460000.0,0.0,0.0,4300000.0,4300000.0,40000.0,9999.999999999998,-4210000.0,0.0,-4300000.0,0.0,0.0,-4260000.0,0.0,-60000.0,-4200000.0,0.0,-6.46154,-6.46154,650000.0,650000.0,https://www.sec.gov/Archives/edgar/data/907654/000156459018006566/0001564590-18-006566-index.html,https://www.sec.gov/Archives/edgar/data/907654/000156459018006566/abio-10k_20171231.htm
0,2017-09-30,ABIO,2017-11-09 00:00:00,2017-11-09 16:31:25,Q3,0.0,0.0,0.0,0.0,3490000.0,990000.0,0.0,0.0,4480000.0,4480000.0,2000.0,10000.0,-4418000.0,0.0,-4480000.0,0.0,0.0,-4430000.0,0.0,0.0,-4430000.0,0.0,-6.92188,-6.92188,640000.0,640000.0,https://www.sec.gov/Archives/edgar/data/907654/000156459017023278/0001564590-17-023278-index.html,https://www.sec.gov/Archives/edgar/data/907654/000156459017023278/abio-10q_20170930.htm
0,2017-06-30,ABIO,2017-08-03 00:00:00,2017-08-03 16:31:15,Q2,0.0,0.0,0.0,0.0,4510000.0,1050000.0,0.0,0.0,5560000.0,5560000.0,2000.0,0.0,-5518000.0,0.0,-5560000.0,0.0,0.0,-5520000.0,0.0,0.0,-5520000.0,0.0,-10.61538,-10.61538,520000.0,520000.0,https://www.sec.gov/Archives/edgar/data/907654/000156459017015389/0001564590-17-015389-index.html,https://www.sec.gov/Archives/edgar/data/907654/000156459017015389/abio-10q_20170630.htm
0,2017-03-31,ABIO,2017-05-15 00:00:00,2017-05-15 08:46:46,Q1,0.0,0.0,0.0,0.0,3250000.0,1140000.0,0.0,0.0,4380000.0,4380000.0,2000.0,10000.0,-4328000.0,0.0,-4380000.0,0.0,0.0,-4340000.0,0.0,0.0,-4340000.0,0.0,-8.5098,-8.5098,510000.0,510000.0,https://www.sec.gov/Archives/edgar/data/907654/000156459017010898/0001564590-17-010898-index.html,https://www.sec.gov/Archives/edgar/data/907654/000156459017010898/abio-10q_20170331.htm
0,2016-12-31,ABIO,2017-03-21 00:00:00,2017-03-21 16:08:07,Q4,0.0,0.0,0.0,0.0,3120000.0,1170000.0,0.0,0.0,4290000.0,4290000.0,50000.0,0.0,-4190000.0,0.0,-4290000.0,0.0,0.0,-4240000.0,0.0,0.0,-4240000.0,0.0,-8.48,-8.48,500000.0,500000.0,https://www.sec.gov/Archives/edgar/data/907654/000156459017004897/0001564590-17-004897-index.html,https://www.sec.gov/Archives/edgar/data/907654/000156459017004897/abio-10k_20161231.htm
0,2016-09-30,ABIO,2016-11-14 00:00:00,2016-11-14 16:31:04,Q3,0.0,0.0,0.0,0.0,3720000.0,990000.0,0.0,0.0,4710000.0,4710000.0,50000.0,10000.0,-4600000.0,0.0,-4710000.0,0.0,0.0,-4660000.0,0.0,0.0,-4660000.0,0.0,-9.32,-9.32,500000.0,500000.0,https://www.sec.gov/Archives/edgar/data/907654/000156459016029259/0001564590-16-029259-index.html,https://www.sec.gov/Archives/edgar/data/907654/000156459016029259/abio-10q_20160930.htm
0,2016-06-30,ABIO,2016-08-09,2016-08-09 16:46:11,Q2,0.0,0.0,0.0,0.0,2910000.0,1030000.0,0.0,0.0,3940000.0,3940000.0,50000.0,0.0,-3840000.0,0.0,-3940000.0,0.0,0.0,-3890000.0,0.0,0.0,-3890000.0,0.0,-7.78,-7.78,500000.0,500000.0,https://www.sec.gov/Archives/edgar/data/907654/000156459016023718/abio-10q_20160630.htm,https://www.sec.gov/Archives/edgar/data/907654/000156459016023718/abio-10q_20160630.htm
0,2016-03-31,ABIO,2016-05-11 00:00:00,2016-05-11 16:47:13,Q1,0.0,0.0,0.0,0.0,2590000.0,1070000.0,0.0,0.0,3670000.0,3670000.0,20000.0,10000.0,-3620000.0,0.0,-3670000.0,0.0,0.0,-3650000.0,0.0,0.0,-3650000.0,0.0,-7.3,-7.3,500000.0,500000.0,https://www.sec.gov/Archives/edgar/data/907654/000156459016019116/0001564590-16-019116-index.html,https://www.sec.gov/Archives/edgar/data/907654/000156459016019116/abio-10q_20160331.htm
0,2015-12-31,ABIO,2016-03-17 00:00:00,2016-03-17 16:11:57,Q4,0.0,0.0,0.0,0.0,1890000.0,1280000.0,0.0,0.0,3180000.0,3180000.0,10000.0,10000.0,-3150000.0,0.0,-3180000.0,0.0,0.0,-3170000.0,0.0,0.0,-3170000.0,0.0,-6.34,-6.34,500000.0,500000.0,https://www.sec.gov/Archives/edgar/data/907654/000156459016014989/0001564590-16-014989-index.html,https://www.sec.gov/Archives/edgar/data/907654/000156459016014989/abio-10k_20151231.htm
0,2015-09-30,ABIO,2015-11-12 00:00:00,2015-11-12 16:51:39,Q3,0.0,0.0,0.0,0.0,1720000.0,1100000.0,0.0,0.0,2820000.0,2820000.0,1000.0,0.0,-2809000.0,0.0,-2820000.0,0.0,0.0,-2810000.0,0.0,0.0,-2810000.0,0.0,-5.62,-5.62,500000.0,500000.0,https://www.sec.gov/Archives/edgar/data/907654/000156459015010627/0001564590-15-010627-index.html,https://www.sec.gov/Archives/edgar/data/907654/000156459015010627/abio-10q_20150930.htm
0,2015-06-30,ABIO,2015-08-11 00:00:00,2015-08-11 16:33:10,Q2,0.0,0.0,0.0,0.0,1750000.0,970000.0,0.0,0.0,2720000.0,2720000.0,2000.0,10000.0,-2708000.0,0.0,-2720000.0,0.0,0.0,-2720000.0,0.0,0.0,-2720000.0,0.0,-12.36364,-12.36364,220000.0,220000.0,https://www.sec.gov/Archives/edgar/data/907654/000156459015007020/0001564590-15-007020-index.html,https://www.sec.gov/Archives/edgar/data/907654/000156459015007020/abio-10q_20150630.htm
0,2015-03-31,ABIO,2015-05-12 00:00:00,2015-05-12 16:39:37,Q1,0.0,0.0,0.0,0.0,1710000.0,1040000.0,0.0,0.0,2740000.0,2740000.0,1000.0,0.0,-2739000.0,0.0,-2740000.0,0.0,0.0,-2740000.0,0.0,0.0,-2740000.0,0.0,-16.11765,-16.11765,170000.0,170000.0,https://www.sec.gov/Archives/edgar/data/907654/000156459015004080/0001564590-15-004080-index.html,https://www.sec.gov/Archives/edgar/data/907654/000156459015004080/abio-10q_20150331.htm
0,2014-12-31,ABIO,2015-03-19,2015-03-19 16:53:30,Q4,0.0,0.0,0.0,0.0,1580000.0,1030000.0,0.0,0.0,2610000.0,2610000.0,3000.0,0.0,-2607000.0,0.0,-2610000.0,0.0,0.0,-2610000.0,0.0,0.0,-2610000.0,0.0,-15.35294,-15.35294,170000.0,170000.0,https://www.sec.gov/Archives/edgar/data/907654/000156459015001840/abio-10k_20141231.htm,https://www.sec.gov/Archives/edgar/data/907654/000156459015001840/abio-10k_20141231.htm
0,2014-09-30,ABIO,2014-11-12 00:00:00,2014-11-12 17:12:54,Q3,0.0,0.0,0.0,0.0,1340000.0,950000.0,0.0,-3000.0,2290000.0,2290000.0,0.0,0.0,-2280000.0,0.0,-2290000.0,0.0,0.0,-2280000.0,0.0,0.0,-2280000.0,0.0,-13.41176,-13.41176,170000.0,170000.0,https://www.sec.gov/Archives/edgar/data/907654/000156459014005554/0001564590-14-005554-index.html,https://www.sec.gov/Archives/edgar/data/907654/000156459014005554/abio-10q_20140930.htm
0,2014-06-30,ABIO,2014-08-13 00:00:00,2014-08-13 17:22:34,Q2,0.0,0.0,0.0,0.0,1400000.0,1010000.0,0.0,-2000.0,2410000.0,2410000.0,0.0,10000.0,-2400000.0,0.0,-2410000.0,0.0,0.0,-2410000.0,0.0,0.0,-2410000.0,0.0,-14.17647,-14.17647,170000.0,170000.0,https://www.sec.gov/Archives/edgar/data/907654/000156459014003628/0001564590-14-003628-index.html,https://www.sec.gov/Archives/edgar/data/907654/000156459014003628/abio-10q_20140630.htm
0,2014-03-31,ABIO,2014-05-13 00:00:00,2014-05-13 17:28:16,Q1,0.0,0.0,0.0,0.0,1310000.0,1080000.0,0.0,-1000.0,2390000.0,2390000.0,0.0,0.0,-2390000.0,0.0,-2390000.0,0.0,0.0,-2390000.0,0.0,0.0,-2390000.0,0.0,-15.93333,-15.93333,150000.0,150000.0,https://www.sec.gov/Archives/edgar/data/907654/000156459014002121/0001564590-14-002121-index.html,https://www.sec.gov/Archives/edgar/data/907654/000156459014002121/abio-10q_20140331.htm
0,2013-12-31,ABIO,2014-03-20,2014-03-20 16:56:55,Q4,0.0,0.0,0.0,0.0,1790000.0,1160000.0,0.0,-4000.0,2950000.0,2950000.0,0.0,9999.999999999998,-2940000.0,0.0,-2950000.0,0.0,0.0,-2950000.0,0.0,0.0,-2950000.0,0.0,-24.58333,-24.58333,120000.0,120000.0,https://www.sec.gov/Archives/edgar/data/907654/000156459014000934/abio-10k_20131231.htm,https://www.sec.gov/Archives/edgar/data/907654/000156459014000934/abio-10k_20131231.htm
0,2013-09-30,ABIO,2013-11-13 00:00:00,2013-11-13 16:39:18,Q3,0.0,0.0,0.0,0.0,710000.0,1010000.0,0.0,-3000.0,1730000.0,1730000.0,0.0,0.0,-1720000.0,0.0,-1730000.0,0.0,0.0,-1720000.0,0.0,0.0,-1720000.0,0.0,-19.11111,-19.11111,90000.0,90000.0,https://www.sec.gov/Archives/edgar/data/907654/000156459013001316/0001564590-13-001316-index.html,https://www.sec.gov/Archives/edgar/data/907654/000156459013001316/abio-10q_20131001.htm
0,2013-06-30,ABIO,2013-08-13 00:00:00,2013-08-13 17:11:35,Q2,0.0,0.0,0.0,0.0,250000.0,950000.0,0.0,-3000.0,1200000.0,1200000.0,0.0,10000.0,-1190000.0,0.0,-1200000.0,0.0,0.0,-1200000.0,0.0,0.0,-1200000.0,0.0,-30.0,-30.0,40000.0,40000.0,https://www.sec.gov/Archives/edgar/data/907654/000156459013000333/0001564590-13-000333-index.html,https://www.sec.gov/Archives/edgar/data/907654/000156459013000333/abio-10q_20130630.htm
0,2013-03-31,ABIO,2013-05-13 00:00:00,2013-05-13 17:22:58,Q1,0.0,0.0,0.0,0.0,180000.0,890000.0,0.0,-1000.0,1070000.0,1070000.0,0.0,10000.0,-1060000.0,0.0,-1070000.0,0.0,0.0,-1070000.0,0.0,0.0,-1070000.0,0.0,-53.5,-53.5,20000.0,20000.0,https://www.sec.gov/Archives/edgar/data/907654/000156459013000015/0001564590-13-000015-index.html,https://www.sec.gov/Archives/edgar/data/907654/000156459013000015/abio-10q_20130331.htm
0,2012-12-31,ABIO,2013-03-21 00:00:00,2013-03-21 17:20:23,Q4,0.0,0.0,0.0,0.0,190000.0,650000.0,0.0,-3000.0,840000.0,840000.0,0.0,10000.000000000002,-830000.0,0.0,-840000.0,0.0,0.0,-840000.0,0.0,0.0,-840000.0,0.0,-42.0,-42.0,20000.0,20000.0,https://www.sec.gov/Archives/edgar/data/907654/000119312513119763/0001193125-13-119763-index.html,https://www.sec.gov/Archives/edgar/data/907654/000119312513119763/d444117d10k.htm
0,2012-09-30,ABIO,2012-11-13 00:00:00,2012-11-13 17:18:05,Q3,0.0,0.0,0.0,0.0,160000.0,770000.0,0.0,-3000.0,930000.0,930000.0,0.0,9999.999999999998,-920000.0,0.0,-930000.0,0.0,0.0,-930000.0,0.0,0.0,-930000.0,0.0,-46.5,-46.5,20000.0,20000.0,https://www.sec.gov/Archives/edgar/data/907654/000119312512467759/0001193125-12-467759-index.html,https://www.sec.gov/Archives/edgar/data/907654/000119312512467759/d398032d10q.htm
0,2012-06-30,ABIO,2012-08-13 00:00:00,2012-08-13 17:02:15,Q2,0.0,0.0,0.0,0.0,320000.0,820000.0,0.0,-3000.0,1150000.0,1150000.0,0.0,10000.0,-1140000.0,0.0,-1150000.0,0.0,0.0,-1150000.0,0.0,0.0,-1150000.0,0.0,-57.5,-57.5,20000.0,20000.0,https://www.sec.gov/Archives/edgar/data/907654/000119312512352660/0001193125-12-352660-index.html,https://www.sec.gov/Archives/edgar/data/907654/000119312512352660/d350957d10q.htm
0,2012-03-31,ABIO,2012-05-14,2012-05-14 16:51:40,Q1,0.0,0.0,0.0,0.0,420000.0,980000.0,0.0,-1000.0,1410000.0,1410000.0,0.0,10000.0,-1400000.0,0.0,-1410000.0,0.0,0.0,-1410000.0,0.0,0.0,-1410000.0,0.0,-70.5,-70.5,20000.0,20000.0,https://www.sec.gov/Archives/edgar/data/907654/000119312512134451/d280818d10k.htm,https://www.sec.gov/Archives/edgar/data/907654/000119312512134451/d280818d10k.htm
0,2011-12-31,ABIO,2012-03-27 00:00:00,2012-03-27 16:32:58,Q4,0.0,0.0,0.0,0.0,600000.0,1040000.0,0.0,-5000.0,1630000.0,1630000.0,0.0,79999.99999999996,-1550000.0,0.0,-1630000.0,0.0,0.0,-1630000.0,0.0,0.0,-1630000.0,0.0,-163.0,-163.0,10000.0,10000.0,https://www.sec.gov/Archives/edgar/data/907654/000119312512134451/0001193125-12-134451-index.html,https://www.sec.gov/Archives/edgar/data/907654/000119312512134451/d280818d10k.htm
0,2011-09-30,ABIO,2011-11-14 00:00:00,2011-11-14 16:44:47,Q3,0.0,0.0,0.0,0.0,530000.0,1290000.0,0.0,-9000.0,1820000.0,1820000.0,0.0,320000.0,-1500000.0,0.0,-1820000.0,0.0,0.0,-1820000.0,0.0,0.0,-1820000.0,0.0,-182.0,-182.0,10000.0,10000.0,https://www.sec.gov/Archives/edgar/data/907654/000119312511311150/0001193125-11-311150-index.html,https://www.sec.gov/Archives/edgar/data/907654/000119312511311150/d227347d10q.htm
0,2011-06-30,ABIO,2011-08-15 00:00:00,2011-08-15 17:15:22,Q2,0.0,0.0,0.0,-0.1621153072687683,500000.0,1210000.0,0.0,-7000.0,1700000.0,1700000.0,0.0,120000.00000000001,410000.0,0.0538827788025,-1700000.0,0.0456161324772,0.0,290000.0,0.0340917853626,0.0,290000.0,0.0258397015381,29.0,29.0,10000.0,10000.0,https://www.sec.gov/Archives/edgar/data/907654/000119312511223373/0001193125-11-223373-index.html,https://www.sec.gov/Archives/edgar/data/907654/000119312511223373/d10q.htm
0,2011-03-31,ABIO,2011-05-16 00:00:00,2011-05-16 17:19:02,Q1,0.0,0.0,0.0,0.0,690000.0,1510000.0,0.0,-5000.0,2200000.0,2200000.0,5000.0,80000.0,-2125000.0,0.0,-2200000.0,0.0,0.0,-2210000.0,0.0,0.0,-2210000.0,0.0,-221.0,-221.0,10000.0,10000.0,https://www.sec.gov/Archives/edgar/data/907654/000119312511141737/0001193125-11-141737-index.html,https://www.sec.gov/Archives/edgar/data/907654/000119312511141737/d10q.htm
0,2010-12-31,ABIO,2011-03-09,2011-03-08 20:20:31,Q4,0.0,0.0,0.0,0.0,860000.0,1490000.0,0.0,-8000.0,2350000.0,2350000.0,8000.0,80000.00000000001,-1512000.0,0.0,-2350000.0,0.0,0.0,-1600000.0,0.0,0.0,-1600000.0,0.0,-160.0,-160.0,10000.0,10000.0,https://www.sec.gov/Archives/edgar/data/907654/000119312511059626/d10k.htm,https://www.sec.gov/Archives/edgar/data/907654/000119312511059626/d10k.htm
0,2010-09-30,ABIO,2010-11-15 00:00:00,2010-11-15 16:16:39,Q3,0.0,0.0,0.0,0.0,730000.0,1380000.0,0.0,-7000.0,2110000.0,2110000.0,7000.0,90000.0,-2013000.0,0.0,-2110000.0,0.0,0.0,-2110000.0,0.0,0.0,-2110000.0,0.0,-211.0,-211.0,10000.0,10000.0,https://www.sec.gov/Archives/edgar/data/907654/000119312510260668/0001193125-10-260668-index.html,https://www.sec.gov/Archives/edgar/data/907654/000119312510260668/d10q.htm
0,2010-06-30,ABIO,2010-08-10 00:00:00,2010-08-10 17:09:14,Q2,0.0,0.0,0.0,0.0,700000.0,1570000.0,0.0,-4000.0,2270000.0,2270000.0,4000.0,80000.00000000001,-2186000.0,0.0,-2270000.0,0.0,0.0,-2270000.0,0.0,0.0,-2270000.0,0.0,-227.0,-227.0,10000.0,10000.0,https://www.sec.gov/Archives/edgar/data/907654/000119312510184932/0001193125-10-184932-index.html,https://www.sec.gov/Archives/edgar/data/907654/000119312510184932/d10q.htm
0,2010-03-31,ABIO,2010-05-10 00:00:00,2010-05-10 17:22:10,Q1,0.0,0.0,0.0,0.0,820000.0,1630000.0,0.0,-2000.0,2450000.0,2450000.0,2000.0,90000.0,-2358000.0,0.0,-2450000.0,0.0,0.0,-2450000.0,0.0,0.0,-2450000.0,0.0,-245.0,-245.0,10000.0,10000.0,https://www.sec.gov/Archives/edgar/data/907654/000119312510114850/0001193125-10-114850-index.html,https://www.sec.gov/Archives/edgar/data/907654/000119312510114850/d10q.htm
0,2009-12-31,ABIO,2010-03-04 00:00:00,2010-03-04 17:18:41,Q4,0.0,0.0,0.0,0.0,800000.0,1650000.0,0.0,-185000.0,8470000.0,8470000.0,185000.0,90000.00000000001,-8195000.0,0.0,-8470000.0,0.0,0.0,-8470000.0,0.0,-2280000.0,-6190000.0,0.0,-619.0,-619.0,10000.0,10000.0,https://www.sec.gov/Archives/edgar/data/907654/000119312510048017/0001193125-10-048017-index.html,https://www.sec.gov/Archives/edgar/data/907654/000119312510048017/d10k.htm
0,2009-09-30,ABIO,2009-11-16 00:00:00,2009-11-16 16:03:18,Q3,0.0,0.0,0.0,0.0,1110000.0,2010000.0,0.0,-184000.0,4250000.0,4250000.0,184000.0,120000.0,-4006000.0,0.0,-4250000.0,0.0,0.0,-4310000.0,0.0,0.0,-4310000.0,0.0,-431.0,-431.0,10000.0,10000.0,https://www.sec.gov/Archives/edgar/data/907654/000119312509235710/0001193125-09-235710-index.html,https://www.sec.gov/Archives/edgar/data/907654/000119312509235710/d10q.htm
0,2009-06-30,ABIO,2009-08-10 00:00:00,2009-08-10 16:25:41,Q2,0.0,0.0,0.0,0.0,3510000.0,3860000.0,0.0,-113000.0,8630000.0,8630000.0,113000.0,130000.0,-8337000.0,0.0,-8630000.0,0.0,0.0,-8580000.0,0.0,0.0,-8580000.0,0.0,-858.0,-858.0,10000.0,10000.0,https://www.sec.gov/Archives/edgar/data/907654/000119312509170691/0001193125-09-170691-index.html,https://www.sec.gov/Archives/edgar/data/907654/000119312509170691/d10q.htm
0,2009-03-31,ABIO,2009-05-15 00:00:00,2009-05-15 16:07:45,Q1,0.0,0.0,0.0,0.0,4590000.0,5320000.0,0.0,-64000.0,15390000,15390000,64000.0,120000.0,10114000,0.0,-15390000,0.0,0.0,9930000.0,0.0,0.0,9930000.0,0.0,993.0,993.0,10000.0,10000.0,https://www.sec.gov/Archives/edgar/data/907654/000119312509113082/0001193125-09-113082-index.html,https://www.sec.gov/Archives/edgar/data/907654/000119312509113082/d10q.htm
0,2008-12-31,ABIO,2009-03-27 00:00:00,2009-03-26 20:47:01,Q4,0.0,0.0,0.0,1.0,2660000.0,2430000.0,0.0,-2814000.0,5090000.0,5090000.0,-80000.0,90000.0,-5170000.0,-35.23809523809524,-5090000.0,-43.904761904761905,0.0,-5180000.0,-43.904761904761905,0.0,-5180000.0,-43.904761904761905,-5191.92,-5191.92,0.0,0.0,https://www.sec.gov/Archives/edgar/data/907654/000119312509064819/0001193125-09-064819-index.html,https://www.sec.gov/Archives/edgar/data/907654/000119312509064819/d10k.htm
0,2008-09-30,ABIO,2008-11-05 00:00:00,2008-11-05 16:35:36,Q3,0.0,0.0,0.0,1.0,3770000.0,2660000.0,0.0,8613000.0,6430000.0,6430000.0,10000.0,80000.0,-6330000.0,-1.7507900974453516,-6430000.0,-1.788056360284435,0.0,-6420000.0,-1.788056360284435,0.0,-6420000.0,-1.788056360284435,-5687.48,-5687.48,0.0,0.0,https://www.sec.gov/Archives/edgar/data/907654/000119312508225918/0001193125-08-225918-index.html,https://www.sec.gov/Archives/edgar/data/907654/000119312508225918/d10q.htm
0,2008-06-30,ABIO,2008-07-24 00:00:00,2008-07-24 15:02:07,Q2,0.0,0.0,0.0,0.0,2240000.0,1750000.0,0.0,0.0,3980000.0,3980000.0,20000.0,30000.000000000004,-3920000.0,0.0,-3980000.0,0.0,0.0,-3970000.0,0.0,0.0,-3970000.0,0.0,-4100.98,-4100.98,0.0,0.0,https://www.sec.gov/Archives/edgar/data/907654/000119312508157185/0001193125-08-157185-index.html,https://www.sec.gov/Archives/edgar/data/907654/000119312508157185/d10q.htm
0,2008-03-31,ABIO,2008-05-09 00:00:00,2008-05-09 13:57:39,Q1,0.0,0.0,0.0,1.0,2360000.0,1630000.0,0.0,3942000.0,4000000.0,4000000.0,120000.0,20000.0,-3740000.0,-282.8412698412698,-4000000.0,-292.1904761904762,0.0,-3880000.0,-292.1904761904762,0.0,-3880000.0,-292.1904761904762,-4283.48,-4283.48,0.0,0.0,https://www.sec.gov/Archives/edgar/data/907654/000119312508109442/0001193125-08-109442-index.html,https://www.sec.gov/Archives/edgar/data/907654/000119312508109442/d10q.htm
0,2007-12-31,ABIO,2008-03-12,2008-03-11 17:53:46,Q4,60000.0,0.0,0.0,1.0,9200000.0,3920000.0,0.0,0.0,13120000,13120000,2000.0,579999.9999999998,-11058000,-184.3,-13060000,-217.666667,0.0,-11640000,-194.0,0.0,-11640000,-194.0,-3294.78,-3294.78,0.0,0.0,https://www.sec.gov/Archives/edgar/data/907654/000119312508053074/d10k.htm,https://www.sec.gov/Archives/edgar/data/907654/000119312508053074/d10k.htm
0,2007-09-30,ABIO,2007-11-07 00:00:00,2007-11-07 14:00:37,Q3,60000.0,0.0,0.0,1.0,9490000.0,4200000.0,0.0,2336000.0,16030000,16030000,26000.0,590000.0000000001,-13744000,-229.066667,-15970000,-266.166667,0.0,-14360000,-239.333333,0.0,-14360000,-239.333333,-3406.5,-3406.5,0.0,0.0,https://www.sec.gov/Archives/edgar/data/907654/000119312507238222/0001193125-07-238222-index.html,https://www.sec.gov/Archives/edgar/data/907654/000119312507238222/d10q.htm
0,2007-06-30,ABIO,2007-08-08 00:00:00,2007-08-08 15:44:43,Q2,45830000,0.0,0.0,1.0,11230000,7270000.0,0.0,0.0,18510000,18510000,26000.0,580000.0,29646000,0.646869,27320000,0.596116,0.0,29040000,0.633646,0.0,29040000,0.633646,8231.07,8231.07,0.0,0.0,https://www.sec.gov/Archives/edgar/data/907654/000119312507175493/0001193125-07-175493-index.html,https://www.sec.gov/Archives/edgar/data/907654/000119312507175493/d10q.htm
0,2007-03-31,ABIO,2007-05-10 00:00:00,2007-05-10 14:51:05,Q1,910000.0,0.0,0.0,1.0,12730000,5370000.0,0.0,0.0,18090000,18090000,49000.0,590000.0,-14711000,-16.165934,-17180000,-18.879121,0.0,-15350000,-16.868132,0.0,-15350000,-16.868132,-4358.13,-4358.13,0.0,0.0,https://www.sec.gov/Archives/edgar/data/907654/000119312507110003/0001193125-07-110003-index.html,https://www.sec.gov/Archives/edgar/data/907654/000119312507110003/d10q.htm
0,2006-12-31,ABIO,2007-03-01,2007-03-01 14:10:39,Q4,910000.0,0.0,0.0,1.0,39440000,6320000.0,0.0,24712000,70500000,70500000,59000.0,780000.0000000002,-64501000,-70.88022,-69590000,-76.472527,0.0,-67560000,-74.241758,0.0,-65340000,-71.802198,-12227.46,-12227.46,0.0,0.0,https://www.sec.gov/Archives/edgar/data/907654/000119312507044087/d10k.htm,https://www.sec.gov/Archives/edgar/data/907654/000119312507044087/d10k.htm
0,2006-09-30,ABIO,2006-11-08,2006-11-08 14:35:51,Q3,910000.0,0.0,0.0,1.0,23130000,6840000.0,0.0,-27016000,29700000,29700000,75000.0,839999.9999999999,-25755000,-28.302198,-28790000,-31.637363,0.0,-26670000,-29.307692,0.0,-26670000,-29.307692,-7830.09,-7830.09,0.0,0.0,https://www.sec.gov/Archives/edgar/data/907654/000119312506228165/d10q.htm,https://www.sec.gov/Archives/edgar/data/907654/000119312506228165/d10q.htm
0,2006-06-30,ABIO,2006-08-08,2006-08-08 16:00:53,Q2,1010000.0,0.0,0.0,1.0,14700000,7260000.0,0.0,26896000,21960000,21960000,88000.0,790000.0,-18022000,-17.843564,-20960000,-20.752475,0.0,-18900000,-18.712871,0.0,-18900000,-18.712871,-5511.42,-5511.42,0.0,0.0,https://www.sec.gov/Archives/edgar/data/907654/000119312506165664/d10q.htm,https://www.sec.gov/Archives/edgar/data/907654/000119312506165664/d10q.htm
0,2006-03-31,ABIO,2006-05-09,2006-05-09 15:25:09,Q1,1070000.0,0.0,0.0,1.0,12100000,10210000,0.0,-132000.0,22300000,22300000,97000.0,770000.0,-18783000,-17.554206,-21240000,-19.850467,0.0,-19650000,-18.364486,0.0,-19650000,-18.364486,-6076.75,-6076.75,0.0,0.0,https://www.sec.gov/Archives/edgar/data/907654/000119312506054722/d10k.htm,https://www.sec.gov/Archives/edgar/data/907654/000119312506054722/d10k.htm
0,2005-12-31,ABIO,2006-03-15,2006-03-15 12:57:45,Q4,180000.0,0.0,0.0,1.0,17440000,4660000.0,0.0,-21000.0,22080000,22080000,105000.0,720000.0,-20655000,-114.75,-21900000,-121.666667,0.0,-21480000,-119.333333,0.0,-21480000,-119.333333,-7575.58,-7575.58,0.0,0.0,https://www.sec.gov/Archives/edgar/data/907654/000119312506054722/d10k.htm,https://www.sec.gov/Archives/edgar/data/907654/000119312506054722/d10k.htm
0,2005-09-30,ABIO,2005-11-08,2005-11-08 16:21:30,Q3,120000.0,0.0,0.0,1.0,14800000,4180000.0,0.0,2000.0,18980000,18980000,111000.0,599999.9999999999,-17749000,-147.908333,-18850000,-157.083333,10000.0,-18460000,-153.833333,0.0,-18460000,-153.833333,-6618.9,-6618.9,0.0,0.0,https://www.sec.gov/Archives/edgar/data/907654/000119312505219809/d10q.htm,https://www.sec.gov/Archives/edgar/data/907654/000119312505219809/d10q.htm
0,2005-06-30,ABIO,2005-08-08,2005-08-08 17:38:33,Q2,200000.0,0.0,0.0,1.0,14490000,3150000.0,0.0,-1000.0,17640000,17640000,116000.0,620000.0000000001,-16274000,-81.37,-17440000,-87.2,200000.0,-17010000,-85.05,0.0,-17010000,-85.05,-6119.01,-6119.01,0.0,0.0,https://www.sec.gov/Archives/edgar/data/907654/000119312505160978/d10q.htm,https://www.sec.gov/Archives/edgar/data/907654/000119312505160978/d10q.htm
0,2005-03-31,ABIO,2005-05-10,2005-05-10 15:17:26,Q1,40000.0,0.0,0.0,1.0,11060000,3810000.0,0.0,24000.0,14890000,14890000,118000.0,730000.0,-13812000,-345.3,-14850000,-371.25,0.0,-14660000,-366.5,0.0,-14660000,-366.5,-5830.58,-5830.58,0.0,0.0,https://www.sec.gov/Archives/edgar/data/907654/000119312505052738/d10k.htm,https://www.sec.gov/Archives/edgar/data/907654/000119312505052738/d10k.htm
0,2004-12-31,ABIO,2005-03-16,2005-03-16 16:11:02,Q4,40000.0,0.0,0.0,1.0,8170000.0,2460000.0,0.0,167000.0,10820000,10820000,481000.0,4120000.0,-8379000.0,-209.475,-10780000,-269.5,-370000.0,-10840000,-271.0,0.0,-12980000,-324.5,-4995.78,-4995.78,0.0,0.0,https://www.sec.gov/Archives/edgar/data/907654/000119312505052738/d10k.htm,https://www.sec.gov/Archives/edgar/data/907654/000119312505052738/d10k.htm
0,2004-09-30,ABIO,2004-11-09,2004-11-09 16:29:32,Q3,50000.0,0.0,0.0,1.0,7730000.0,2600000.0,0.0,0.0,10330000,10330000,841000.0,0.0,-10029000,-200.58,-10270000,-205.4,0.0,-10300000,-206.0,0.0,-10870000,-217.4,-4984.88,-4984.88,0.0,0.0,https://www.sec.gov/Archives/edgar/data/907654/000119312504191344/d10q.htm,https://www.sec.gov/Archives/edgar/data/907654/000119312504191344/d10q.htm
0,2004-06-30,ABIO,2004-08-09 00:00:00,2004-08-09 16:08:41,Q2,20000.0,0.0,0.0,1.0,8700000.0,1950000.0,0.0,0.0,10650000,10650000,1004000.0,0.0,-9956000.0,-497.8,-10630000,-531.5,-700000.0,-10640000,-532.0,0.0,-10960000,-548.0,-5051.28,-5051.28,0.0,0.0,https://www.sec.gov/Archives/edgar/data/907654/000119312504135889/0001193125-04-135889-index.html,https://www.sec.gov/Archives/edgar/data/907654/000119312504135889/d10q.htm
0,2004-03-31,ABIO,2004-05-10,2004-05-10 15:46:26,Q1,80000.0,0.0,0.0,1.0,15370000,1690000.0,0.0,0.0,17040000,17040000,681000.0,0.0,-16999000,-212.4875,-16960000,-212.0,0.0,-17170000,-214.625,0.0,-17680000,-221.0,-9487.42,-9487.42,0.0,0.0,https://www.sec.gov/Archives/edgar/data/907654/000119312504040668/d10k.htm,https://www.sec.gov/Archives/edgar/data/907654/000119312504040668/d10k.htm
0,2003-12-31,ABIO,2004-03-12,2004-03-12 17:08:05,Q4,10000.0,0.0,0.0,1.0,6240000.0,2410000.0,0.0,1225000.0,8670000.0,8670000.0,558000.0,0.0,-8832000.0,-883.2,-8660000.0,-866.0,0.0,-8880000.0,-888.0,0.0,-9390000.0,-939.0,-5319.62,-5319.62,0.0,0.0,https://www.sec.gov/Archives/edgar/data/907654/000119312504040668/d10k.htm,https://www.sec.gov/Archives/edgar/data/907654/000119312504040668/d10k.htm
0,2003-09-30,ABIO,2003-11-14,2003-11-13 21:47:27,Q3,-670000.0,0.0,0.0,1.0,5700000.0,1130000.0,0.0,-1562000.0,6480000.0,6480000.0,383000.0,0.0,-10527000,15.71194,-7150000.0,10.671642,0.0,-7460000.0,11.134328,0.0,-10910000,16.283582,-9324.83,-9324.83,0.0,0.0,https://www.sec.gov/Archives/edgar/data/907654/000119312503080644/d10q.htm,https://www.sec.gov/Archives/edgar/data/907654/000119312503080644/d10q.htm
0,2003-06-30,ABIO,2003-08-14,2003-08-13 18:05:43,Q2,390000.0,0.0,0.0,1.0,7270000.0,7680000.0,0.0,1562000.0,16460000,16460000,390000.0,0.0,-15920000,-40.820513,-16070000,-41.205128,0.0,-16310000,-41.820513,0.0,-16310000,-41.820513,-10623.89,-10623.89,0.0,0.0,https://www.sec.gov/Archives/edgar/data/907654/000089161803004384/f91029e10vq.htm,https://www.sec.gov/Archives/edgar/data/907654/000089161803004384/f91029e10vq.htm
0,2003-03-31,ABIO,2003-05-14,2003-05-14 17:10:52,Q1,1280000.0,0.0,0.0,1.0,10800000,3850000.0,0.0,0.0,14690000,14690000,361000.0,0.0,-13219000,-10.327344,-13410000,-10.476563,0.0,-13580000,-10.609375,0.0,-13580000,-10.609375,-12372.9,-12372.9,0.0,0.0,https://www.sec.gov/Archives/edgar/data/907654/000089161803001536/f88137e10vk.htm,https://www.sec.gov/Archives/edgar/data/907654/000089161803001536/f88137e10vk.htm
0,2002-12-31,ABIO,2003-03-31,2003-03-28 20:51:10,Q4,3520000.0,0.0,0.0,1.0,9270000.0,9010000.0,0.0,1457000.0,19740000,19740000,308000.0,0.0,-16202000,-4.602841,-16220000,-4.607955,0.0,-16510000,-4.690341,0.0,-16510000,-4.690341,-29946.12,-29946.12,0.0,0.0,https://www.sec.gov/Archives/edgar/data/907654/000089161803001536/f88137e10vk.htm,https://www.sec.gov/Archives/edgar/data/907654/000089161803001536/f88137e10vk.htm
0,2002-09-30,ABIO,2002-11-08,2002-11-08 17:09:30,Q3,11020000,0.0,0.0,1.0,9130000.0,2880000.0,0.0,0.0,12060000,12060000,422000.0,0.0,-1018000.0,-0.092377,-1040000.0,-0.094374,0.0,-1440000.0,-0.130672,0.0,-1440000.0,-0.130672,-2783.38,-2783.38,0.0,0.0,https://www.sec.gov/Archives/edgar/data/907654/000089161802004972/f85505e10vq.htm,https://www.sec.gov/Archives/edgar/data/907654/000089161802004972/f85505e10vq.htm
0,2002-06-30,ABIO,2002-08-14,2002-08-13 20:10:19,Q2,6660000.0,0.0,0.0,1.0,10740000,3170000.0,0.0,610000.0,14500000,14500000,253000.0,0.0,-7817000.0,-1.173724,-7840000.0,-1.177177,0.0,-8070000.0,-1.211712,0.0,-8070000.0,-1.211712,-15365.74,-15365.74,0.0,0.0,https://www.sec.gov/Archives/edgar/data/907654/000089161802003813/f83576e10vq.htm,https://www.sec.gov/Archives/edgar/data/907654/000089161802003813/f83576e10vq.htm
0,2002-03-31,ABIO,2002-05-15,2002-05-15 17:13:33,Q1,5230000.0,0.0,0.0,1.0,21010000,3060000.0,0.0,0.0,24070000,24070000,259000.0,0.0,-18701000,-3.575717,-18840000,-3.602294,0.0,-19070000,-3.646272,0.0,-18960000,-3.625239,-45922.92,-45922.92,0.0,0.0,https://www.sec.gov/Archives/edgar/data/907654/000089161802001598/f79510e10-k.htm,https://www.sec.gov/Archives/edgar/data/907654/000089161802001598/f79510e10-k.htm
0,2001-12-31,ABIO,2002-04-01,2002-04-01 00:00:00,Q4,7070000.0,0.0,0.0,1.0,14980000,3650000.0,0.0,825000.0,18620000,18620000,199000.0,0.0,-11161000,-1.578642,-11550000,-1.633663,0.0,-11650000,-1.647808,0.0,-11360000,-1.606789,-27680.07,-27680.07,0.0,0.0,https://www.sec.gov/Archives/edgar/data/907654/000089161802001598/f79510e10-k.htm,https://www.sec.gov/Archives/edgar/data/907654/000089161802001598/f79510e10-k.htm
0,2001-09-30,ABIO,2001-11-14 00:00:00,2001-11-14 00:00:00,Q3,5870000.0,0.0,0.0,0.0,11350000,3600000.0,0.0,0.0,15780000,15780000,-100000.0,0.0,-10110000,-1.722317,-9910000.0,-1.688245,0.0,-10010000,-1.705281,0.0,-10010000,-1.705281,-24631.85,-24631.85,0.0,0.0,https://www.sec.gov/Archives/edgar/data/907654/000089161801502233/0000891618-01-502233-index.html,https://www.sec.gov/Archives/edgar/data/907654/000089161801502233/f77145e10-q.htm
0,2001-06-30,ABIO,2001-08-14 00:00:00,2001-08-14 00:00:00,Q2,5980000.0,0.0,0.0,0.0,11130000,3200000.0,0.0,0.0,14330000,14330000,-80000.0,0.0,-8510000.0,-1.423077,-8350000.0,-1.396321,0.0,-8430000.0,-1.409699,0.0,-8430000.0,-1.409699,-24871.91,-24871.91,0.0,0.0,https://www.sec.gov/Archives/edgar/data/907654/000109581101504256/0001095811-01-504256-index.html,https://www.sec.gov/Archives/edgar/data/907654/000109581101504256/f74775e10-q.htm
0,2001-03-31,ABIO,,,Q1,5670000.0,0.0,0.0,0.0,9050000.0,3000000.0,0.0,0.0,12050000,12050000,-290000.0,0.0,-6970000.0,-1.229277,-6390000.0,-1.126984,0.0,-6680000.0,-1.178131,0.0,-6680000.0,-1.178131,-22051.5,-22051.5,0.0,0.0,,
0,2000-12-31,ABIO,,,Q4,4290000.0,0.0,0.0,0.0,8900000.0,2020000.0,0.0,0.0,10920000,10920000,-70000.0,0.0,-6770000.0,-1.578089,-6630000.0,-1.545455,0.0,-6700000.0,-1.561772,0.0,-6700000.0,-1.561772,-22183.44,-22183.44,0.0,0.0,,
0,2000-09-30,ABIO,2000-11-13 00:00:00,2000-11-13 00:00:00,Q3,5940000.0,0.0,0.0,0.0,7910000.0,2230000.0,0.0,0.0,10140000,10140000,80000.0,0.0,-4040000.0,-0.680135,-4200000.0,-0.707071,0.0,-4120000.0,-0.693603,0.0,-4120000.0,-0.693603,-13712.21,-13712.21,0.0,0.0,https://www.sec.gov/Archives/edgar/data/907654/000089161800005030/0000891618-00-005030-index.html,https://www.sec.gov/Archives/edgar/data/907654/000089161800005030/f66749e10-q.txt
0,2000-06-30,ABIO,2000-08-14 00:00:00,2000-08-14 00:00:00,Q2,3570000.0,0.0,0.0,0.0,6430000.0,2480000.0,0.0,0.0,8910000.0,8910000.0,220000.0,0.0,-4890000.0,-1.369748,-5330000.0,-1.492997,0.0,-5110000.0,-1.431373,0.0,-5110000.0,-1.431373,-17389.2,-17389.2,0.0,0.0,https://www.sec.gov/Archives/edgar/data/907654/000089161800004419/0000891618-00-004419-index.html,https://www.sec.gov/Archives/edgar/data/907654/000089161800004419/e10-q.txt
0,2000-03-31,ABIO,2000-05-15 00:00:00,2000-05-15 00:00:00,Q1,1810000.0,0.0,0.0,0.0,5790000.0,2590000.0,0.0,0.0,8380000.0,8380000.0,240000.0,0.0,-6090000.0,-3.364641,-6570000.0,-3.629834,0.0,-6330000.0,-3.497238,0.0,-6330000.0,-3.497238,-21827.03,-21827.03,0.0,0.0,https://www.sec.gov/Archives/edgar/data/907654/000089161800002880/0000891618-00-002880-index.html,https://www.sec.gov/Archives/edgar/data/907654/0000891618-00-002880.txt
0,1999-12-31,ABIO,,,Q4,1110000.0,0.0,0.0,0.0,4010000.0,2380000.0,0.0,0.0,6400000.0,6400000.0,210000.0,0.0,-4870000.0,-4.387387,-5290000.0,-4.765766,0.0,-5080000.0,-4.576577,0.0,-5080000.0,-4.576577,-17671.86,-17671.86,0.0,0.0,,
0,1999-09-30,ABIO,,,Q3,1490000.0,0.0,0.0,0.0,4390000.0,1760000.0,0.0,0.0,6150000.0,6150000.0,320000.0,690000.0,-3320000.0,-2.228188,-4660000.0,-3.127517,0.0,-4330000.0,-2.90604,0.0,-4330000.0,-2.90604,-15097.07,-15097.07,0.0,0.0,,
0,1999-06-30,ABIO,,,Q2,1040000.0,0.0,0.0,0.0,4150000.0,1770000.0,0.0,0.0,5930000.0,5930000.0,350000.0,710000.0000000001,-3470000.0,-3.336538,-4880000.0,-4.692308,0.0,-4530000.0,-4.355769,0.0,-4530000.0,-4.355769,-15825.36,-15825.36,0.0,0.0,,
0,1999-03-31,ABIO,,,Q1,2750000.0,0.0,0.0,0.0,5600000.0,2190000.0,0.0,0.0,7790000.0,7790000.0,440000.0,659999.9999999999,-3500000.0,-1.272727,-5040000.0,-1.832727,0.0,-4600000.0,-1.672727,0.0,-4600000.0,-1.672727,-16098.63,-16098.63,0.0,0.0,,
0,1998-12-31,ABIO,,,Q4,2880000.0,0.0,0.0,0.0,5220000.0,2400000.0,0.0,0.0,7630000.0,7630000.0,460000.0,479999.9999999999,-3350000.0,-1.163194,-4750000.0,-1.649306,0.0,-4290000.0,-1.489583,0.0,-4290000.0,-1.489583,-15067.67,-15067.67,0.0,0.0,,
0,1998-09-30,ABIO,,,Q3,1350000.0,0.0,0.0,0.0,4970000.0,2600000.0,0.0,0.0,7570000.0,7570000.0,750000.0,550000.0,-4170000.0,-3.088889,-6220000.0,-4.607407,0.0,-5470000.0,-4.051852,0.0,-5470000.0,-4.051852,-19188.72,-19188.72,0.0,0.0,,
0,1998-06-30,ABIO,,,Q2,2680000.0,0.0,0.0,0.0,4920000.0,2410000.0,0.0,0.0,7340000.0,7340000.0,740000.0,509999.9999999999,-2670000.0,-0.996269,-4660000.0,-1.738806,0.0,-3920000.0,-1.462687,0.0,-3920000.0,-1.462687,-13918.4,-13918.4,0.0,0.0,,
0,1998-03-31,ABIO,,,Q1,2680000.0,0.0,0.0,0.0,4090000.0,2080000.0,0.0,0.0,6170000.0,6170000.0,800000.0,470000.00000000006,-1420000.0,-0.529851,-3490000.0,-1.302239,0.0,-2690000.0,-1.003731,0.0,-2690000.0,-1.003731,-9578.72,-9578.72,0.0,0.0,,
0,1997-12-31,ABIO,,,Q4,2430000.0,0.0,0.0,0.0,3000000.0,1890000.0,0.0,0.0,4890000.0,4890000.0,880000.0,149999.99999999997,-550000.0,-0.226337,-2460000.0,-1.012346,0.0,-1580000.0,-0.650206,0.0,-1580000.0,-0.650206,-5488.67,-5488.67,0.0,0.0,,
0,1997-09-30,ABIO,1997-11-04 00:00:00,1997-11-04 00:00:00,Q3,2360000.0,0.0,0.0,0.0,3290000.0,1230000.0,0.0,0.0,4520000.0,4520000.0,540000.0,339999.99999999994,-740000.0,-0.313559,-2160000.0,-0.915254,0.0,-1620000.0,-0.686441,0.0,-1620000.0,-0.686441,-8265.04,-8265.04,0.0,0.0,https://www.sec.gov/Archives/edgar/data/907654/000101287097002120/0001012870-97-002120-index.html,https://www.sec.gov/Archives/edgar/data/907654/0001012870-97-002120.txt
