,date,symbol,fillingDate,acceptedDate,period,revenue,costOfRevenue,grossProfit,grossProfitRatio,researchAndDevelopmentExpenses,generalAndAdministrativeExpenses,sellingAndMarketingExpenses,otherExpenses,operatingExpenses,costAndExpenses,interestExpense,depreciationAndAmortization,ebitda,ebitdaratio,operatingIncome,operatingIncomeRatio,totalOtherIncomeExpensesNet,incomeBeforeTax,incomeBeforeTaxRatio,incomeTaxExpense,netIncome,netIncomeRatio,eps,epsdiluted,weightedAverageShsOut,weightedAverageShsOutDil,link,finalLink
0,2020-09-30,CRVS,2020-10-29,2020-10-29 16:15:39,Q3,0.0,0.0,0.0,0.0,24639000,9242000.0,0.0,539000.0,33881000,33881000,-539000.0,147000.0,-33734000,0.0,-33881000,0.0,539000.0,-33342000,0.0,0.0,-33342000,0.0,-1.13,-1.13,29419431,29419431,https://www.sec.gov/Archives/edgar/data/1626971/000155837020012039/0001558370-20-012039-index.htm,https://www.sec.gov/Archives/edgar/data/1626971/000155837020012039/crvs-20200930x10q.htm
0,2020-06-30,CRVS,2020-07-30,2020-07-30 18:46:22,Q2,0.0,0.0,0.0,0.0,7857000.0,2910000.0,0.0,490000.0,10767000,10767000,156000.0,159000.00000000003,-10296000,0.0,-10767000,0.0,490000.0,-10611000,0.0,0.0,-10611000,0.0,-0.36057,-0.36057,29428250,29428250,https://www.sec.gov/Archives/edgar/data/1626971/000155837020008756/0001558370-20-008756-index.htm,https://www.sec.gov/Archives/edgar/data/1626971/000155837020008756/crvs-20200630x10q.htm
0,2020-03-31,CRVS,2020-04-30 00:00:00,2020-04-30 16:16:27,Q1,0.0,0.0,0.0,0.0,10163000,3106000.0,0.0,334000.0,13269000,13269000,334000.0,184000.0,-12417000,0.0,-13269000,0.0,0.0,-12935000,0.0,0.0,-12935000,0.0,-0.4398,-0.4398,29411230,29411230,https://www.sec.gov/Archives/edgar/data/1626971/000155837020004797/0001558370-20-004797-index.html,https://www.sec.gov/Archives/edgar/data/1626971/000155837020004797/crvs-20200331x10q.htm
0,2019-12-31,CRVS,2020-03-09 00:00:00,2020-03-09 16:08:21,Q4,0.0,0.0,0.0,0.0,8920000.0,2520000.0,0.0,2182000.0,11440000,11440000,393000.0,184999.99999999994,-10469000,0.0,-11440000,0.0,0.0,-11047000,0.0,0.0,-11047000,0.0,-0.37568,-0.37568,29405370,29405370,https://www.sec.gov/Archives/edgar/data/1626971/000155837020002232/0001558370-20-002232-index.html,https://www.sec.gov/Archives/edgar/data/1626971/000155837020002232/crvs-20191231x10k.htm
0,2019-09-30,CRVS,2019-10-29 00:00:00,2019-10-29 20:30:10,Q3,0.0,0.0,0.0,0.0,8996000.0,2517000.0,0.0,1789000.0,11513000,11513000,509000.0,186000.00000000006,-10309000,0.0,-11513000,0.0,0.0,-11004000,0.0,0.0,-11004000,0.0,-0.37443,-0.37443,29389000,29389000,https://www.sec.gov/Archives/edgar/data/1626971/000155837019009354/0001558370-19-009354-index.html,https://www.sec.gov/Archives/edgar/data/1626971/000155837019009354/crvs-20190930x10q.htm
0,2019-06-30,CRVS,2019-08-01,2019-08-01 16:23:44,Q2,0.0,0.0,0.0,0.0,10640000,2956000.0,0.0,20059000,13596000,13596000,618000.0,186000.0,-12174000,0.0,-13596000,0.0,0.0,-12978000,0.0,0.0,-12978000,0.0,-0.4428,-0.4428,29309150,29309150,https://www.sec.gov/Archives/edgar/data/1626971/000155837019006824/crvs-20190630x10q.htm,https://www.sec.gov/Archives/edgar/data/1626971/000155837019006824/crvs-20190630x10q.htm
0,2019-03-31,CRVS,2019-05-09 00:00:00,2019-05-09 16:29:07,Q1,0.0,0.0,0.0,0.0,9419000.0,2886000.0,0.0,662000.0,12305000,12305000,662000.0,186000.0,-10795000,0.0,-12305000,0.0,0.0,-11643000,0.0,0.0,-11643000,0.0,-0.39748,-0.39748,29292140,29292140,https://www.sec.gov/Archives/edgar/data/1626971/000155837019004697/0001558370-19-004697-index.html,https://www.sec.gov/Archives/edgar/data/1626971/000155837019004697/crvs-20190331x10q.htm
0,2018-12-31,CRVS,2019-03-07 00:00:00,2019-03-07 16:21:15,Q4,0.0,0.0,0.0,0.0,8394000.0,2777000.0,0.0,2283000.0,11171000,11171000,662000.0,179999.99999999994,-9667000.0,0.0,-11171000,0.0,0.0,-10509000,0.0,0.0,-10509000,0.0,-0.35842,-0.35842,29320450,29320450,https://www.sec.gov/Archives/edgar/data/1626971/000155837019001660/0001558370-19-001660-index.html,https://www.sec.gov/Archives/edgar/data/1626971/000155837019001660/crvs-20181231x10k.htm
0,2018-09-30,CRVS,2018-11-01 00:00:00,2018-11-01 16:41:18,Q3,0.0,0.0,0.0,0.0,8374000.0,2775000.0,0.0,1621000.0,11149000,11149000,651000.0,227000.00000000003,-9620000.0,0.0,-11149000,0.0,0.0,-10498000,0.0,0.0,-10498000,0.0,-0.36092,-0.36092,29087130,29087130,https://www.sec.gov/Archives/edgar/data/1626971/000155837018008268/0001558370-18-008268-index.html,https://www.sec.gov/Archives/edgar/data/1626971/000155837018008268/crvs-20180930x10q.htm
0,2018-06-30,CRVS,2018-08-02 00:00:00,2018-08-02 16:23:26,Q2,0.0,0.0,0.0,0.0,9715000.0,2543000.0,0.0,970000.0,12258000,12258000,0.0,32000.0,-25900000,0.0,-26902000,0.0,970000.0,-25932000,0.0,0.0,-25932000,0.0,-1.00568,-1.00568,263087.0,25785543,https://www.sec.gov/Archives/edgar/data/1626971/000155837018006236/0001558370-18-006236-index.html,https://www.sec.gov/Archives/edgar/data/1626971/000155837018006236/crvs-20180630x10q.htm
0,2018-03-31,CRVS,2018-05-03 00:00:00,2018-05-03 16:19:07,Q1,0.0,0.0,0.0,0.0,12103000,2541000.0,0.0,0.0,14644000,14644000,0.0,175000.0,-14126000,0.0,-14644000,0.0,0.0,-14301000,0.0,0.0,-14301000,0.0,-0.63333,-0.63333,287223.0,22580620,https://www.sec.gov/Archives/edgar/data/1626971/000110465918030262/0001104659-18-030262-index.html,https://www.sec.gov/Archives/edgar/data/1626971/000110465918030262/a18-8611_110q.htm
0,2017-12-31,CRVS,2018-03-01 00:00:00,2018-03-01 16:32:12,Q4,0.0,0.0,0.0,0.0,9688000.0,2501000.0,0.0,0.0,12189000,12189000,0.0,201000.0,-11728000,0.0,-12189000,0.0,0.0,-19288000,0.0,0.0,-11929000,0.0,-0.58223,-0.58223,470051.0,20488506,https://www.sec.gov/Archives/edgar/data/1626971/000104746918001209/0001047469-18-001209-index.html,https://www.sec.gov/Archives/edgar/data/1626971/000104746918001209/a2234682z10-k.htm
0,2017-09-30,CRVS,2017-11-02 00:00:00,2017-11-02 16:18:56,Q3,0.0,0.0,0.0,0.0,10733000,2211000.0,0.0,0.0,12944000,12944000,0.0,147000.0,-43587000,0.0,-44335000,0.0,0.0,-43734000,0.0,0.0,-43734000,0.0,-2.14107,-2.14107,506509.0,20426263,https://www.sec.gov/Archives/edgar/data/1626971/000110465917065655/0001104659-17-065655-index.html,https://www.sec.gov/Archives/edgar/data/1626971/000110465917065655/a17-20576_110q.htm
0,2017-06-30,CRVS,2017-08-03 00:00:00,2017-08-03 16:22:11,Q2,0.0,0.0,0.0,0.0,25884000,5507000.0,0.0,-601000.0,31391000,31391000,0.0,-943000.0,4415000.0,0.0,5585000.0,0.0,0.0,5358000.0,0.0,0.0,5358000.0,0.0,0.26279,0.26279,542945.0,20388820,https://www.sec.gov/Archives/edgar/data/1626971/000110465917049313/0001104659-17-049313-index.html,https://www.sec.gov/Archives/edgar/data/1626971/000110465917049313/a17-13288_110q.htm
0,2017-03-31,CRVS,2017-05-04 00:00:00,2017-05-04 16:14:05,Q1,0.0,0.0,0.0,0.0,13497000,2720000.0,0.0,0.0,16217000,16217000,0.0,185000.0,-15851000,0.0,-16217000,0.0,0.0,-16036000,0.0,0.0,-16036000,0.0,-0.78803,-0.78803,579719.0,20349391,https://www.sec.gov/Archives/edgar/data/1626971/000110465917029890/0001104659-17-029890-index.html,https://www.sec.gov/Archives/edgar/data/1626971/000110465917029890/a17-8820_110q.htm
0,2016-12-31,CRVS,2017-03-10 00:00:00,2017-03-10 08:12:30,Q4,0.0,0.0,0.0,0.0,9132000.0,2118000.0,0.0,164000.0,11414000,11250000,0.0,314000.0,-10772000,0.0,-11250000,0.0,0.0,-11086000,0.0,0.0,-11086000,0.0,-0.71884,-0.71884,766939.0,15422041,https://www.sec.gov/Archives/edgar/data/1626971/000104746917001459/0001047469-17-001459-index.html,https://www.sec.gov/Archives/edgar/data/1626971/000104746917001459/a2231221z10-k.htm
0,2016-09-30,CRVS,2016-11-03 00:00:00,2016-11-03 16:19:04,Q3,0.0,0.0,0.0,0.0,7707000.0,2768000.0,0.0,437000.0,10912000,10475000,0.0,368000.0,-24921000,0.0,-25726000,0.0,437000.0,-25289000,0.0,0.0,-25289000,0.0,-1.83281,-1.83281,804540.0,13797927,https://www.sec.gov/Archives/edgar/data/1626971/000110465916154578/0001104659-16-154578-index.html,https://www.sec.gov/Archives/edgar/data/1626971/000110465916154578/a16-17113_110q.htm
0,2016-06-30,CRVS,2016-08-04 00:00:00,2016-08-04 16:37:07,Q2,0.0,0.0,0.0,0.0,7120000.0,1705000.0,0.0,0.0,8825000.0,8825000.0,0.0,454000.0,-14538000,0.0,-15251000,0.0,123000.0,-14992000,0.0,0.0,-14992000,0.0,-1.41855,-1.41855,845734.0,10568562,https://www.sec.gov/Archives/edgar/data/1626971/000110465916137057/0001104659-16-137057-index.html,https://www.sec.gov/Archives/edgar/data/1626971/000110465916137057/a16-11489_110q.htm
