,date,symbol,fillingDate,acceptedDate,period,revenue,costOfRevenue,grossProfit,grossProfitRatio,researchAndDevelopmentExpenses,generalAndAdministrativeExpenses,sellingAndMarketingExpenses,otherExpenses,operatingExpenses,costAndExpenses,interestExpense,depreciationAndAmortization,ebitda,ebitdaratio,operatingIncome,operatingIncomeRatio,totalOtherIncomeExpensesNet,incomeBeforeTax,incomeBeforeTaxRatio,incomeTaxExpense,netIncome,netIncomeRatio,eps,epsdiluted,weightedAverageShsOut,weightedAverageShsOutDil,link,finalLink
0,2020-09-30,BLU.TO,2020-09-30,2020-09-30,Q3,3000.0,0.0,0.0,0.0,5926000.0,456000.0,0.0,0.0,0.0,6252000.0,7000.0,0.0,-5954000.0,-1984.6666666666667,-6249000.0,-1903.0,297000.0,-5709000.0,-1903.0,0.0,-5709000.0,-1903.0,-0.09,-0.09,60446443,60446443,https://www.sedar.com/ModifyCompanyDocumentSearchForm.do?lang=EN&company_search=BELLUS Health Inc&document_selection=0&industry_group=A&FromDate=13&FromMonth=05&FromYear=2000&ToDate=13&ToMonth=11&ToYear=2020&Variable=Issuer,https://www.sedar.com/ModifyCompanyDocumentSearchForm.do?lang=EN&company_search=BELLUS Health Inc&document_selection=0&industry_group=A&FromDate=13&FromMonth=05&FromYear=2000&ToDate=13&ToMonth=11&ToYear=2020&Variable=Issuer
0,2020-06-30,BLU.TO,2020-06-30,2020-06-30,Q2,4000.0,0.0,0.0,0.0,5996000.0,3439000.0,0.0,0.0,0.0,9338000.0,8000.0,0.0,-8974000.0,-2243.5,-9334000.0,-2105.5,604000.0,-8422000.0,-2105.5,0.0,-8422000.0,-2105.5,-0.14,-0.14,60332389,60332389,https://www.sedar.com/ModifyCompanyDocumentSearchForm.do?lang=EN&company_search=BELLUS Health Inc&document_selection=0&industry_group=A&FromDate=13&FromMonth=05&FromYear=2000&ToDate=13&ToMonth=11&ToYear=2020&Variable=Issuer,https://www.sedar.com/ModifyCompanyDocumentSearchForm.do?lang=EN&company_search=BELLUS Health Inc&document_selection=0&industry_group=A&FromDate=13&FromMonth=05&FromYear=2000&ToDate=13&ToMonth=11&ToYear=2020&Variable=Issuer
0,2020-03-31,BLU.TO,2020-03-31,2020-03-31,Q1,4000.0,0.0,0.0,0.0,6576000.0,2762000.0,0.0,0.0,0.0,9272000.0,9000.0,0.0,-8840000.0,-2210.0,-9268000.0,-2533.0,-1238000.0,-10132000,-2533.0,0.0,-10132000,-2533.0,-0.18,-0.18,55693165,55693165,https://www.sedar.com/ModifyCompanyDocumentSearchForm.do?lang=EN&company_search=BELLUS Health Inc&document_selection=0&industry_group=A&FromDate=13&FromMonth=05&FromYear=2000&ToDate=13&ToMonth=11&ToYear=2020&Variable=Issuer,https://www.sedar.com/ModifyCompanyDocumentSearchForm.do?lang=EN&company_search=BELLUS Health Inc&document_selection=0&industry_group=A&FromDate=13&FromMonth=05&FromYear=2000&ToDate=13&ToMonth=11&ToYear=2020&Variable=Issuer
0,2019-12-31,BLU.TO,2019-12-31,2019-12-31,Q4,7153.419065,0.0,0.0,0.0,7544579.326713,2170344.434261,0.0,0.0,0.0,9454666.832392,10124.336536,0.0,-8938736.728184,-1249.575433364325,-9447513.413327,-1438.8560845763898,-1304507.717368,-10292740.5472,-1438.8560845763898,0.0,-10292740.5472,-1438.8560845763898,-0.17027868037164734,-0.17027868037164734,60446443,60446443,https://www.sedar.com/ModifyCompanyDocumentSearchForm.do?lang=EN&company_search=BELLUS Health Inc&document_selection=0&industry_group=A&FromDate=13&FromMonth=05&FromYear=2000&ToDate=13&ToMonth=11&ToYear=2020&Variable=Issuer,https://www.sedar.com/ModifyCompanyDocumentSearchForm.do?lang=EN&company_search=BELLUS Health Inc&document_selection=0&industry_group=A&FromDate=13&FromMonth=05&FromYear=2000&ToDate=13&ToMonth=11&ToYear=2020&Variable=Issuer
0,2019-09-30,BLU.TO,2019-09-30,2019-09-30,Q3,6798.610062,0.0,0.0,0.0,5710832.452032,1661882.459586,0.0,0.0,0.0,7248073.727149,4532.406708,0.0,-6953923.017583,-1022.8448100665609,-7241275.117087,-956.6666666585768,481190.512162,-6504003.625925,-956.6666666585768,0.0,-6504003.625925,-956.6666666585768,-0.135972,-0.135972,46575019,46575019,https://www.sedar.com/ModifyCompanyDocumentSearchForm.do?lang=EN&company_search=BELLUS Health Inc&document_selection=0&industry_group=A&FromDate=13&FromMonth=05&FromYear=2000&ToDate=13&ToMonth=11&ToYear=2020&Variable=Issuer,https://www.sedar.com/ModifyCompanyDocumentSearchForm.do?lang=EN&company_search=BELLUS Health Inc&document_selection=0&industry_group=A&FromDate=13&FromMonth=05&FromYear=2000&ToDate=13&ToMonth=11&ToYear=2020&Variable=Issuer
0,2019-06-30,BLU.TO,2019-06-30,2019-06-30,Q2,6093.845216,0.0,0.0,0.0,4277879.341865,1803016.453382,0.0,0.0,0.0,5979585.618525,3808.65326,0.0,-5734610.028593,-941.0495057433044,-5973491.773309,-987.7500000536608,-252894.576478,-6019195.612431,-987.7500000536608,0.0,-6019195.612431,-987.7500000536608,-0.137111,-0.137111,43919746,43919746,https://www.sedar.com/ModifyCompanyDocumentSearchForm.do?lang=EN&company_search=BELLUS Health Inc&document_selection=0&industry_group=A&FromDate=13&FromMonth=05&FromYear=2000&ToDate=13&ToMonth=11&ToYear=2020&Variable=Issuer,https://www.sedar.com/ModifyCompanyDocumentSearchForm.do?lang=EN&company_search=BELLUS Health Inc&document_selection=0&industry_group=A&FromDate=13&FromMonth=05&FromYear=2000&ToDate=13&ToMonth=11&ToYear=2020&Variable=Issuer
0,2019-03-31,BLU.TO,2019-03-31,2019-03-31,Q1,6740.563212,0.0,0.0,0.0,2476033.553026,1050778.909527,0.0,0.0,0.0,3469143.199521,4493.708808,0.0,-3213001.797484,-476.6666666316548,-3462402.636309,-532.3333332941675,-343768.723787,-3588226.482924,-532.3333332941675,0.0,-3588226.482924,-532.3333332941675,-0.080887,-0.080887,43728895,43728895,https://www.sedar.com/ModifyCompanyDocumentSearchForm.do?lang=EN&company_search=BELLUS Health Inc&document_selection=0&industry_group=A&FromDate=13&FromMonth=05&FromYear=2000&ToDate=13&ToMonth=11&ToYear=2020&Variable=Issuer,https://www.sedar.com/ModifyCompanyDocumentSearchForm.do?lang=EN&company_search=BELLUS Health Inc&document_selection=0&industry_group=A&FromDate=13&FromMonth=05&FromYear=2000&ToDate=13&ToMonth=11&ToYear=2020&Variable=Issuer
0,2018-12-31,BLU.TO,2018-12-31,2018-12-31,Q4,5573.254406,0.0,0.0,0.0,1573230.471554,538500.647367,0.0,-3222.957486,0.0,2033999.359269,575.039824,0.0,-1959366.261489,-351.56591082215886,-2028426.104863,-300.3880900164312,282579.097634,-1674139.246194,-300.3880900164312,0.0,-1674139.246194,-300.3880900164312,-0.02769624088871532,-0.02769624088871532,60446443,60446443,https://www.sedar.com/ModifyCompanyDocumentSearchForm.do?lang=EN&company_search=BELLUS Health Inc&document_selection=0&industry_group=A&FromDate=13&FromMonth=05&FromYear=2000&ToDate=13&ToMonth=11&ToYear=2020&Variable=Issuer,https://www.sedar.com/ModifyCompanyDocumentSearchForm.do?lang=EN&company_search=BELLUS Health Inc&document_selection=0&industry_group=A&FromDate=13&FromMonth=05&FromYear=2000&ToDate=13&ToMonth=11&ToYear=2020&Variable=Issuer
0,2018-09-30,BLU.TO,2018-09-30,2018-09-30,Q3,6965.890357,0.0,0.0,0.0,1842864.993305,687301.181879,0.0,-69658.903569,0.0,2342087.135548,773.987817,0.0,-2342861.123366,-336.33333332783036,-2335121.245192,-338.55555555006845,-84364.6721,-2358340.879715,-338.55555555006845,0.0,-2358340.879715,-338.55555555006845,-0.083591,-0.083591,33231842,33231842,https://www.sedar.com/ModifyCompanyDocumentSearchForm.do?lang=EN&company_search=BELLUS Health Inc&document_selection=0&industry_group=A&FromDate=13&FromMonth=05&FromYear=2000&ToDate=13&ToMonth=11&ToYear=2020&Variable=Issuer,https://www.sedar.com/ModifyCompanyDocumentSearchForm.do?lang=EN&company_search=BELLUS Health Inc&document_selection=0&industry_group=A&FromDate=13&FromMonth=05&FromYear=2000&ToDate=13&ToMonth=11&ToYear=2020&Variable=Issuer
0,2018-06-30,BLU.TO,2018-06-30,2018-06-30,Q2,6082.725061,0.0,0.0,0.0,758059.610706,719282.238443,0.0,130018.248175,0.0,1389142.335766,760.340633,0.0,-1189933.090024,-195.62499999438984,-1383059.610706,-195.4999999944926,131538.92944,-1189172.749392,-195.4999999944926,0.0,-1189172.749392,-195.4999999944926,-0.027372,-0.027372,33193799,33193799,https://www.sedar.com/ModifyCompanyDocumentSearchForm.do?lang=EN&company_search=BELLUS Health Inc&document_selection=0&industry_group=A&FromDate=13&FromMonth=05&FromYear=2000&ToDate=13&ToMonth=11&ToYear=2020&Variable=Issuer,https://www.sedar.com/ModifyCompanyDocumentSearchForm.do?lang=EN&company_search=BELLUS Health Inc&document_selection=0&industry_group=A&FromDate=13&FromMonth=05&FromYear=2000&ToDate=13&ToMonth=11&ToYear=2020&Variable=Issuer
0,2018-03-31,BLU.TO,2018-03-31,2018-03-31,Q1,6969.126768,0.0,0.0,0.0,1087958.123292,545140.582774,0.0,0.0,0.0,1509203.119071,1548.694837,0.0,-1434865.766875,-205.8888889011812,-1502233.992303,-204.77777779002227,9292.169025,-1427122.292688,-204.77777779002227,0.0,-1427122.292688,-204.77777779002227,-0.055753,-0.055753,33193799,33193799,https://www.sedar.com/ModifyCompanyDocumentSearchForm.do?lang=EN&company_search=BELLUS Health Inc&document_selection=0&industry_group=A&FromDate=13&FromMonth=05&FromYear=2000&ToDate=13&ToMonth=11&ToYear=2020&Variable=Issuer,https://www.sedar.com/ModifyCompanyDocumentSearchForm.do?lang=EN&company_search=BELLUS Health Inc&document_selection=0&industry_group=A&FromDate=13&FromMonth=05&FromYear=2000&ToDate=13&ToMonth=11&ToYear=2020&Variable=Issuer
0,2017-12-31,BLU.TO,2017-12-31,2017-12-31,Q4,15939.413057,0.0,0.0,0.0,682194.660626,658485.542133,0.0,0.0,0.0,1260795.043688,686.444239,0.0,-1223154.907864,-76.7377633975572,-1244855.630631,-79.93263167601215,-50237.880913,-1274079.233017,-79.93263167601215,-663.584774,-1273415.648243,-79.89099998156853,-0.021066841736957127,-0.021066841736957127,60446443,60446443,https://www.sedar.com/ModifyCompanyDocumentSearchForm.do?lang=EN&company_search=BELLUS Health Inc&document_selection=0&industry_group=A&FromDate=13&FromMonth=05&FromYear=2000&ToDate=13&ToMonth=11&ToYear=2020&Variable=Issuer,https://www.sedar.com/ModifyCompanyDocumentSearchForm.do?lang=EN&company_search=BELLUS Health Inc&document_selection=0&industry_group=A&FromDate=13&FromMonth=05&FromYear=2000&ToDate=13&ToMonth=11&ToYear=2020&Variable=Issuer
0,2017-09-30,BLU.TO,2017-09-30,2017-09-30,Q3,74967.957244,0.0,0.0,0.0,1056806.365021,460287.135337,0.0,0.0,0.0,1422778.973503,806.107067,0.0,-1333301.089051,-17.784946236583092,-1347811.016259,-18.064516129047746,-20152.676679,-1354259.872796,-18.064516129047746,0.0,-1354259.872796,-18.064516129047746,-0.087059,-0.087059,18573904,18573904,https://www.sedar.com/ModifyCompanyDocumentSearchForm.do?lang=EN&company_search=BELLUS Health Inc&document_selection=0&industry_group=A&FromDate=13&FromMonth=05&FromYear=2000&ToDate=13&ToMonth=11&ToYear=2020&Variable=Issuer,https://www.sedar.com/ModifyCompanyDocumentSearchForm.do?lang=EN&company_search=BELLUS Health Inc&document_selection=0&industry_group=A&FromDate=13&FromMonth=05&FromYear=2000&ToDate=13&ToMonth=11&ToYear=2020&Variable=Issuer
0,2017-06-30,BLU.TO,2017-06-30,2017-06-30,Q2,31524.881589,0.0,0.0,0.0,882696.684505,415974.657071,0.0,0.0,0.0,1249461.770314,2306.698653,0.0,-1205634.495909,-38.243902439579124,-1217936.888725,1.5365853658877007,1256381.866273,48440.671711,1.5365853658877007,-156855.508396,205296.180107,6.512195122047156,0.011053,0.011053,18573904,18573904,https://www.sedar.com/ModifyCompanyDocumentSearchForm.do?lang=EN&company_search=BELLUS Health Inc&document_selection=0&industry_group=A&FromDate=13&FromMonth=05&FromYear=2000&ToDate=13&ToMonth=11&ToYear=2020&Variable=Issuer,https://www.sedar.com/ModifyCompanyDocumentSearchForm.do?lang=EN&company_search=BELLUS Health Inc&document_selection=0&industry_group=A&FromDate=13&FromMonth=05&FromYear=2000&ToDate=13&ToMonth=11&ToYear=2020&Variable=Issuer
0,2017-03-31,BLU.TO,2017-03-31,2017-03-31,Q1,6748.751481,0.0,0.0,0.0,191964.48657,424421.482026,0.0,0.0,0.0,612636.662217,4499.167654,0.0,-592390.407775,-87.77777777753082,-605887.910737,127.11111111071597,1454730.874788,857841.29936,127.11111111071597,0.0,857841.29936,127.11111111071597,0.05399,0.05399,17517334,17517334,https://www.sedar.com/ModifyCompanyDocumentSearchForm.do?lang=EN&company_search=BELLUS Health Inc&document_selection=0&industry_group=A&FromDate=13&FromMonth=05&FromYear=2000&ToDate=13&ToMonth=11&ToYear=2020&Variable=Issuer,https://www.sedar.com/ModifyCompanyDocumentSearchForm.do?lang=EN&company_search=BELLUS Health Inc&document_selection=0&industry_group=A&FromDate=13&FromMonth=05&FromYear=2000&ToDate=13&ToMonth=11&ToYear=2020&Variable=Issuer
0,2016-12-31,BLU.TO,2016-12-31,2016-12-31,Q4,241615.6111,0.0,0.0,0.0,202257.614034,415821.929873,0.0,0.0,0.0,550578.946654,2099.10789,0.0,-318426.113582,-1.317903723738321,-308963.335555,-1.2739132873562904,12727.884059,-307797.337413,-1.2739132873562904,32456.708429,-341400.040084,-1.4129883351895716,-0.005647975681282023,-0.005647975681282023,60446443,60446443,https://www.sedar.com/ModifyCompanyDocumentSearchForm.do?lang=EN&company_search=BELLUS Health Inc&document_selection=0&industry_group=A&FromDate=13&FromMonth=05&FromYear=2000&ToDate=13&ToMonth=11&ToYear=2020&Variable=Issuer,https://www.sedar.com/ModifyCompanyDocumentSearchForm.do?lang=EN&company_search=BELLUS Health Inc&document_selection=0&industry_group=A&FromDate=13&FromMonth=05&FromYear=2000&ToDate=13&ToMonth=11&ToYear=2020&Variable=Issuer
0,2016-09-30,BLU.TO,2016-09-30,2016-09-30,Q3,272295.113139,0.0,0.0,0.0,266970.907017,505038.980795,0.0,0.0,0.0,756037.269443,2281.802624,0.0,-466248.336186,-1.7122905027972042,-483742.156303,-1.7094972067066803,3042.403499,-465487.735311,-1.7094972067066803,0.0,-465487.735311,-1.7094972067066803,-0.027382,-0.027382,16962186,16962186,https://www.sedar.com/ModifyCompanyDocumentSearchForm.do?lang=EN&company_search=BELLUS Health Inc&document_selection=0&industry_group=A&FromDate=13&FromMonth=05&FromYear=2000&ToDate=13&ToMonth=11&ToYear=2020&Variable=Issuer,https://www.sedar.com/ModifyCompanyDocumentSearchForm.do?lang=EN&company_search=BELLUS Health Inc&document_selection=0&industry_group=A&FromDate=13&FromMonth=05&FromYear=2000&ToDate=13&ToMonth=11&ToYear=2020&Variable=Issuer
0,2016-06-30,BLU.TO,2016-06-30,2016-06-30,Q2,452163.428094,0.0,0.0,0.0,419700.412744,284437.848784,0.0,0.0,0.0,704138.261528,1545.857874,0.0,-231878.681074,-0.5128205128208531,-251974.833434,-0.6444444444441496,-57969.670269,-291394.209216,-0.6444444444441496,-12366.862991,-252747.762371,-0.5589743589754818,-0.027825,-0.027825,15740909,15740909,https://www.sedar.com/ModifyCompanyDocumentSearchForm.do?lang=EN&company_search=BELLUS Health Inc&document_selection=0&industry_group=A&FromDate=13&FromMonth=05&FromYear=2000&ToDate=13&ToMonth=11&ToYear=2020&Variable=Issuer,https://www.sedar.com/ModifyCompanyDocumentSearchForm.do?lang=EN&company_search=BELLUS Health Inc&document_selection=0&industry_group=A&FromDate=13&FromMonth=05&FromYear=2000&ToDate=13&ToMonth=11&ToYear=2020&Variable=Issuer
0,2016-03-31,BLU.TO,2016-03-31,2016-03-31,Q1,455301.839697,0.0,0.0,0.0,248066.315368,761147.576346,0.0,0.0,0.0,981479.769499,2311.176851,0.0,-504606.945857,-1.1082910321487218,-526177.929802,-1.3045685279182802,-87054.328064,-593972.450772,-1.3045685279182802,-9244.707405,-557764.013436,-1.2250423011846114,-0.027734,-0.027734,15198119,15198119,https://www.sedar.com/ModifyCompanyDocumentSearchForm.do?lang=EN&company_search=BELLUS Health Inc&document_selection=0&industry_group=A&FromDate=13&FromMonth=05&FromYear=2000&ToDate=13&ToMonth=11&ToYear=2020&Variable=Issuer,https://www.sedar.com/ModifyCompanyDocumentSearchForm.do?lang=EN&company_search=BELLUS Health Inc&document_selection=0&industry_group=A&FromDate=13&FromMonth=05&FromYear=2000&ToDate=13&ToMonth=11&ToYear=2020&Variable=Issuer
0,2015-12-31,BLU.TO,2015-12-31,2015-12-31,Q4,1431626.668185,0.0,0.0,0.0,312025.006578,607323.911274,0.0,0.0,0.0,713971.636182,1967.810793,0.0,735739.268908,0.513918387564519,717655.032002,0.5274256986846142,21305.237608,755076.695723,0.5274256986846142,2889.57361,639420.400874,0.446639068050227,0.010578296573613108,0.010578296573613108,60446443,60446443,https://www.sedar.com/ModifyCompanyDocumentSearchForm.do?lang=EN&company_search=BELLUS Health Inc&document_selection=0&industry_group=A&FromDate=13&FromMonth=05&FromYear=2000&ToDate=13&ToMonth=11&ToYear=2020&Variable=Issuer,https://www.sedar.com/ModifyCompanyDocumentSearchForm.do?lang=EN&company_search=BELLUS Health Inc&document_selection=0&industry_group=A&FromDate=13&FromMonth=05&FromYear=2000&ToDate=13&ToMonth=11&ToYear=2020&Variable=Issuer
0,2015-09-30,BLU.TO,2015-09-30,2015-09-30,Q3,441713.221601,0.0,0.0,0.0,253258.845438,463314.711359,0.0,0.0,0.0,716573.556797,2234.636872,0.0,-248044.692737,-0.5615514333891934,-274860.335196,-0.3288364249581049,105027.932961,-145251.396648,-0.3288364249581049,-12662.942272,-142271.880819,-0.3220910623941303,-0.010799,-0.010799,13173998,13173998,https://www.sedar.com/ModifyCompanyDocumentSearchForm.do?lang=EN&company_search=BELLUS Health Inc&document_selection=0&industry_group=A&FromDate=13&FromMonth=05&FromYear=2000&ToDate=13&ToMonth=11&ToYear=2020&Variable=Issuer,https://www.sedar.com/ModifyCompanyDocumentSearchForm.do?lang=EN&company_search=BELLUS Health Inc&document_selection=0&industry_group=A&FromDate=13&FromMonth=05&FromYear=2000&ToDate=13&ToMonth=11&ToYear=2020&Variable=Issuer
0,2015-06-30,BLU.TO,2015-06-30,2015-06-30,Q2,476915.516672,0.0,0.0,0.0,136146.490401,696038.86217,0.0,0.0,0.0,832185.352571,1611.20107,0.0,-323851.415037,-0.6790540540532041,-355269.835899,-0.7449324324319224,-29807.219792,-355269.835899,-0.7449324324319224,-6444.804279,-343185.827875,-0.7195945945936313,-0.029002,-0.029002,13173998,13173998,https://www.sedar.com/ModifyCompanyDocumentSearchForm.do?lang=EN&company_search=BELLUS Health Inc&document_selection=0&industry_group=A&FromDate=13&FromMonth=05&FromYear=2000&ToDate=13&ToMonth=11&ToYear=2020&Variable=Issuer,https://www.sedar.com/ModifyCompanyDocumentSearchForm.do?lang=EN&company_search=BELLUS Health Inc&document_selection=0&industry_group=A&FromDate=13&FromMonth=05&FromYear=2000&ToDate=13&ToMonth=11&ToYear=2020&Variable=Issuer
0,2015-03-31,BLU.TO,2015-03-31,2015-03-31,Q1,619971.604354,0.0,0.0,0.0,254772.046064,567124.152074,0.0,0.0,0.0,821896.198139,2366.303833,0.0,-169585.108061,-0.2735368956739637,-201924.593785,-0.015267175573085474,162486.196561,-9465.215334,-0.015267175573085474,-3943.839722,-36283.325446,-0.05852417302854801,-0.002754,-0.002754,13173998,13173998,https://www.sedar.com/ModifyCompanyDocumentSearchForm.do?lang=EN&company_search=BELLUS Health Inc&document_selection=0&industry_group=A&FromDate=13&FromMonth=05&FromYear=2000&ToDate=13&ToMonth=11&ToYear=2020&Variable=Issuer,https://www.sedar.com/ModifyCompanyDocumentSearchForm.do?lang=EN&company_search=BELLUS Health Inc&document_selection=0&industry_group=A&FromDate=13&FromMonth=05&FromYear=2000&ToDate=13&ToMonth=11&ToYear=2020&Variable=Issuer
0,2014-12-31,BLU.TO,2014-12-31,2014-12-31,Q4,868633.045748,0.0,0.0,0.0,350088.374842,431615.486801,0.0,0.0,0.0,781703.861642,13436.16129,0.0,168964.365379,0.1945175424836628,86929.184106,0.2884136775412068,94997.447069,250525.651158,0.2884136775412068,0.0,242184.676789,0.2788112632538049,0.004006599309557388,0.004006599309557388,60446443,60446443,https://www.sedar.com/ModifyCompanyDocumentSearchForm.do?lang=EN&company_search=BELLUS Health Inc&document_selection=0&industry_group=A&FromDate=13&FromMonth=05&FromYear=2000&ToDate=13&ToMonth=11&ToYear=2020&Variable=Issuer,https://www.sedar.com/ModifyCompanyDocumentSearchForm.do?lang=EN&company_search=BELLUS Health Inc&document_selection=0&industry_group=A&FromDate=13&FromMonth=05&FromYear=2000&ToDate=13&ToMonth=11&ToYear=2020&Variable=Issuer
0,2014-09-30,BLU.TO,2014-09-30,2014-09-30,Q3,376283.395151,0.0,0.0,0.0,363740.615313,725689.404935,0.0,0.0,0.0,1089430.020248,25981.472522,0.0,-669246.895662,-1.7785714285729664,-713146.625096,-1.7690476190501943,29565.123905,-665663.24428,-1.7690476190501943,0.0,-636098.120375,-1.6904761904780257,-0.032253,-0.032253,13173998,13173998,https://www.sedar.com/ModifyCompanyDocumentSearchForm.do?lang=EN&company_search=BELLUS Health Inc&document_selection=0&industry_group=A&FromDate=13&FromMonth=05&FromYear=2000&ToDate=13&ToMonth=11&ToYear=2020&Variable=Issuer,https://www.sedar.com/ModifyCompanyDocumentSearchForm.do?lang=EN&company_search=BELLUS Health Inc&document_selection=0&industry_group=A&FromDate=13&FromMonth=05&FromYear=2000&ToDate=13&ToMonth=11&ToYear=2020&Variable=Issuer
0,2014-06-30,BLU.TO,2014-06-30,2014-06-30,Q2,393667.575851,0.0,0.0,0.0,345865.084498,793896.277967,0.0,0.0,0.0,1139761.362465,26244.505057,0.0,-666422.967691,-1.6928571428581045,-746093.786613,-1.8285714285736787,-27181.808809,-719849.281557,-1.8285714285736787,0.0,-690792.865244,-1.7547619047636769,-0.067486,-0.067486,13173998,13173998,https://www.sedar.com/ModifyCompanyDocumentSearchForm.do?lang=EN&company_search=BELLUS Health Inc&document_selection=0&industry_group=A&FromDate=13&FromMonth=05&FromYear=2000&ToDate=13&ToMonth=11&ToYear=2020&Variable=Issuer,https://www.sedar.com/ModifyCompanyDocumentSearchForm.do?lang=EN&company_search=BELLUS Health Inc&document_selection=0&industry_group=A&FromDate=13&FromMonth=05&FromYear=2000&ToDate=13&ToMonth=11&ToYear=2020&Variable=Issuer
0,2014-03-31,BLU.TO,2014-03-31,2014-03-31,Q1,429716.477591,0.0,0.0,0.0,419765.148637,805152.979066,0.0,0.0,0.0,1224918.127703,25330.655521,0.0,-650455.047133,-1.513684210527521,-795201.650111,-1.4905263157900714,35281.984476,-640503.718178,-1.4905263157900714,0.0,-615173.062657,-1.4315789473693765,-0.032568,-0.032568,13173998,13173998,https://www.sedar.com/ModifyCompanyDocumentSearchForm.do?lang=EN&company_search=BELLUS Health Inc&document_selection=0&industry_group=A&FromDate=13&FromMonth=05&FromYear=2000&ToDate=13&ToMonth=11&ToYear=2020&Variable=Issuer,https://www.sedar.com/ModifyCompanyDocumentSearchForm.do?lang=EN&company_search=BELLUS Health Inc&document_selection=0&industry_group=A&FromDate=13&FromMonth=05&FromYear=2000&ToDate=13&ToMonth=11&ToYear=2020&Variable=Issuer
0,2013-12-31,BLU.TO,2013-12-31,2013-12-31,Q4,654993.416785,0.0,746000.0,1.1389427448930722,261165.169156,1020515.865825,0.0,0.0,0.0,1281681.034981,23821.429995,0.0,-467563.659578,-0.713844822857932,-626687.618196,-0.760321967957228,-6620.794076,-498005.883649,-0.760321967957228,0.0,-465130.03694,-0.710129331105442,-0.007694911625155512,-0.007694911625155512,60446443,60446443,https://www.sedar.com/ModifyCompanyDocumentSearchForm.do?lang=EN&company_search=BELLUS Health Inc&document_selection=0&industry_group=A&FromDate=13&FromMonth=05&FromYear=2000&ToDate=13&ToMonth=11&ToYear=2020&Variable=Issuer,https://www.sedar.com/ModifyCompanyDocumentSearchForm.do?lang=EN&company_search=BELLUS Health Inc&document_selection=0&industry_group=A&FromDate=13&FromMonth=05&FromYear=2000&ToDate=13&ToMonth=11&ToYear=2020&Variable=Issuer
0,2013-09-30,BLU.TO,2013-09-30,2013-09-30,Q3,511836.212412,0.0,0.0,0.0,311173.151864,956784.737975,0.0,0.0,0.0,1267957.889839,29081.602978,0.0,-563213.711006,-1.1003787878780331,-756121.677427,1.9337121212113664,1582039.202001,989743.888016,1.9337121212113664,0.0,1007192.849803,1.9678030303027194,0.069796,0.069796,13173998,16962187,https://www.sedar.com/ModifyCompanyDocumentSearchForm.do?lang=EN&company_search=BELLUS Health Inc&document_selection=0&industry_group=A&FromDate=13&FromMonth=05&FromYear=2000&ToDate=13&ToMonth=11&ToYear=2020&Variable=Issuer,https://www.sedar.com/ModifyCompanyDocumentSearchForm.do?lang=EN&company_search=BELLUS Health Inc&document_selection=0&industry_group=A&FromDate=13&FromMonth=05&FromYear=2000&ToDate=13&ToMonth=11&ToYear=2020&Variable=Issuer
0,2013-06-30,BLU.TO,2013-06-30,2013-06-30,Q2,364013.077859,0.0,0.0,0.0,232854.318735,1079683.698297,0.0,0.0,0.0,1312538.017032,33264.902676,0.0,-870590.024331,-2.3916449086156786,-948524.939173,-2.3342036553508736,54174.270073,-849680.656934,-2.3342036553508736,0.0,-824019.160584,-2.263707571800986,-0.068431,-0.068431,13173998,13173998,https://www.sedar.com/ModifyCompanyDocumentSearchForm.do?lang=EN&company_search=BELLUS Health Inc&document_selection=0&industry_group=A&FromDate=13&FromMonth=05&FromYear=2000&ToDate=13&ToMonth=11&ToYear=2020&Variable=Issuer,https://www.sedar.com/ModifyCompanyDocumentSearchForm.do?lang=EN&company_search=BELLUS Health Inc&document_selection=0&industry_group=A&FromDate=13&FromMonth=05&FromYear=2000&ToDate=13&ToMonth=11&ToYear=2020&Variable=Issuer
0,2013-03-31,BLU.TO,2013-03-31,2013-03-31,Q1,588726.718758,0.0,0.0,0.0,388225.465625,949432.404541,0.0,0.0,0.0,1337657.870166,47176.765443,0.0,-518944.419873,-0.8814691151911446,-748931.151408,-0.924874791318618,21622.684161,-544498.501155,-0.924874791318618,0.0,-527790.063394,-0.8964941569281004,-0.035383,-0.035383,13175294,13175294,https://www.sedar.com/ModifyCompanyDocumentSearchForm.do?lang=EN&company_search=BELLUS Health Inc&document_selection=0&industry_group=A&FromDate=13&FromMonth=05&FromYear=2000&ToDate=13&ToMonth=11&ToYear=2020&Variable=Issuer,https://www.sedar.com/ModifyCompanyDocumentSearchForm.do?lang=EN&company_search=BELLUS Health Inc&document_selection=0&industry_group=A&FromDate=13&FromMonth=05&FromYear=2000&ToDate=13&ToMonth=11&ToYear=2020&Variable=Issuer
0,2012-12-31,BLU.TO,2012-12-31,2012-12-31,Q4,523810.829956,0.0,0.0,0.0,66486.626384,997957.68354,0.0,0.0,0.0,1047593.676784,-19680293.686814,0.0,-19062830.81193,-36.392586257774155,-523782.846828,-0.25009130517405304,-184547.966173,-131000.534128,-0.25009130517405304,0.0,-189010.213027,-0.36083677964977706,-0.003126903811809075,-0.003126903811809075,60446443,60446443,https://www.sedar.com/ModifyCompanyDocumentSearchForm.do?lang=EN&company_search=BELLUS Health Inc&document_selection=0&industry_group=A&FromDate=13&FromMonth=05&FromYear=2000&ToDate=13&ToMonth=11&ToYear=2020&Variable=Issuer,https://www.sedar.com/ModifyCompanyDocumentSearchForm.do?lang=EN&company_search=BELLUS Health Inc&document_selection=0&industry_group=A&FromDate=13&FromMonth=05&FromYear=2000&ToDate=13&ToMonth=11&ToYear=2020&Variable=Issuer
0,2012-09-30,BLU.TO,2012-09-30,2012-09-30,Q3,491744.98349,0.0,491744.98349,1.0,236728.473457,780289.560579,0.0,0.0,0.0,1006858.013716,60960.12192,0.0,-229616.459233,-0.466942148760465,-515113.030226,-0.5909090909087211,0.0,-290576.581153,-0.5909090909087211,0.0,-260096.520193,-0.5289256198345931,-0.036576,-0.036576,13175294,13175294,https://www.sedar.com/ModifyCompanyDocumentSearchForm.do?lang=EN&company_search=BELLUS Health Inc&document_selection=0&industry_group=A&FromDate=13&FromMonth=05&FromYear=2000&ToDate=13&ToMonth=11&ToYear=2020&Variable=Issuer,https://www.sedar.com/ModifyCompanyDocumentSearchForm.do?lang=EN&company_search=BELLUS Health Inc&document_selection=0&industry_group=A&FromDate=13&FromMonth=05&FromYear=2000&ToDate=13&ToMonth=11&ToYear=2020&Variable=Issuer
0,2012-06-30,BLU.TO,2012-06-30,2012-06-30,Q2,694130.370662,0.0,694130.370662,1.0,349031.560319,1848392.488448,0.0,0.0,0.0,2185625.79884,55058.499656,0.0,-17860584.013371,-25.730878186956662,-1491495.428178,-13.345609065150407,8652049.945925,-9263592.567103,-13.345609065150407,0.0,-9319634.254252,-13.426345609058654,-1.380394,-1.380394,6824126.0,6824126.0,https://www.sedar.com/ModifyCompanyDocumentSearchForm.do?lang=EN&company_search=BELLUS Health Inc&document_selection=0&industry_group=A&FromDate=13&FromMonth=05&FromYear=2000&ToDate=13&ToMonth=11&ToYear=2020&Variable=Issuer,https://www.sedar.com/ModifyCompanyDocumentSearchForm.do?lang=EN&company_search=BELLUS Health Inc&document_selection=0&industry_group=A&FromDate=13&FromMonth=05&FromYear=2000&ToDate=13&ToMonth=11&ToYear=2020&Variable=Issuer
0,2012-03-31,BLU.TO,2012-03-31,2012-03-31,Q1,569303.705486,0.0,569303.705486,1.0,329755.139269,1280933.337343,0.0,0.0,0.0,1610688.476611,2894628.699722,0.0,-1041384.771126,-1.829225352111482,-1041384.771126,0.0,0.0,0.0,0.0,0.0,-3200328.752844,-5.6214788732350875,-1.082489,-1.082489,2649985.0,2649985.0,https://www.sedar.com/ModifyCompanyDocumentSearchForm.do?lang=EN&company_search=BELLUS Health Inc&document_selection=0&industry_group=A&FromDate=13&FromMonth=05&FromYear=2000&ToDate=13&ToMonth=11&ToYear=2020&Variable=Issuer,https://www.sedar.com/ModifyCompanyDocumentSearchForm.do?lang=EN&company_search=BELLUS Health Inc&document_selection=0&industry_group=A&FromDate=13&FromMonth=05&FromYear=2000&ToDate=13&ToMonth=11&ToYear=2020&Variable=Issuer
0,2011-12-31,BLU.TO,2011-12-31,2011-12-31,Q4,873228.360354,0.0,873228.360354,1.0,-100694.984208,961695.216678,0.0,0.0,0.0,995913.984036,-5568506.105333,0.0,-13092954.102425,-14.993734396254856,-122685.623682,0.0,0.0,0.0,0.0,0.0,-2088267.609836,-2.391433563826801,-0.034547402728660144,-0.034547402728660144,60446443,60446443,https://www.sedar.com/ModifyCompanyDocumentSearchForm.do?lang=EN&company_search=BELLUS Health Inc&document_selection=0&industry_group=A&FromDate=13&FromMonth=05&FromYear=2000&ToDate=13&ToMonth=11&ToYear=2020&Variable=Issuer,https://www.sedar.com/ModifyCompanyDocumentSearchForm.do?lang=EN&company_search=BELLUS Health Inc&document_selection=0&industry_group=A&FromDate=13&FromMonth=05&FromYear=2000&ToDate=13&ToMonth=11&ToYear=2020&Variable=Issuer
0,2011-09-30,BLU.TO,2011-09-30,2011-09-30,Q3,717933.892262,0.0,717933.892262,1.0,187915.582538,691914.811603,0.0,0.0,0.0,870193.6976,2565288.619061,0.0,2804760.528091,3.9067114093945596,-152259.805339,0.3288590604019554,0.0,236099.06524,0.3288590604019554,0.0,236099.06524,0.3288590604019554,0.0,0.0,2563429.0,6395637.0,https://www.sedar.com/ModifyCompanyDocumentSearchForm.do?lang=EN&company_search=BELLUS Health Inc&document_selection=0&industry_group=A&FromDate=13&FromMonth=05&FromYear=2000&ToDate=13&ToMonth=11&ToYear=2020&Variable=Issuer,https://www.sedar.com/ModifyCompanyDocumentSearchForm.do?lang=EN&company_search=BELLUS Health Inc&document_selection=0&industry_group=A&FromDate=13&FromMonth=05&FromYear=2000&ToDate=13&ToMonth=11&ToYear=2020&Variable=Issuer
0,2011-06-30,BLU.TO,2011-06-30,2011-06-30,Q2,742369.801346,0.0,742369.801346,1.0,352083.591459,814645.0254,0.0,0.0,0.0,1129558.501631,66080.204849,0.0,2245791.698041,3.025165751582468,-387188.700285,2.924895688457545,0.0,2171354.231198,2.924895688457545,0.0,2171354.231198,2.924895688457545,1.115114,0.0,2520811.0,6214505.0,https://www.sedar.com/ModifyCompanyDocumentSearchForm.do?lang=EN&company_search=BELLUS Health Inc&document_selection=0&industry_group=A&FromDate=13&FromMonth=05&FromYear=2000&ToDate=13&ToMonth=11&ToYear=2020&Variable=Issuer,https://www.sedar.com/ModifyCompanyDocumentSearchForm.do?lang=EN&company_search=BELLUS Health Inc&document_selection=0&industry_group=A&FromDate=13&FromMonth=05&FromYear=2000&ToDate=13&ToMonth=11&ToYear=2020&Variable=Issuer
0,2011-03-31,BLU.TO,2011-03-31,2011-03-31,Q1,767560.782377,0.0,767560.782377,1.0,834439.402825,1127676.430945,0.0,0.0,0.0,1962115.833771,167711.002048,0.0,3589838.565299,4.676943699731382,-1194555.051394,4.422252010723251,0.0,3394347.213219,4.422252010723251,0.0,3394347.213219,4.422252010723251,1.111224,0.0,2166218.0,5739466.0,https://www.sedar.com/ModifyCompanyDocumentSearchForm.do?lang=EN&company_search=BELLUS Health Inc&document_selection=0&industry_group=A&FromDate=13&FromMonth=05&FromYear=2000&ToDate=13&ToMonth=11&ToYear=2020&Variable=Issuer,https://www.sedar.com/ModifyCompanyDocumentSearchForm.do?lang=EN&company_search=BELLUS Health Inc&document_selection=0&industry_group=A&FromDate=13&FromMonth=05&FromYear=2000&ToDate=13&ToMonth=11&ToYear=2020&Variable=Issuer
0,2010-12-31,BLU.TO,2010-12-31,2010-12-31,Q4,1080807.260798,0.0,1080807.260798,1.0,1846466.844816,586121.14599,117620.258099,-2802540.738665,8339.506927,2333713.715711,170257.426383,-107213.782023,-1360120.236936,-1.2584299590398502,-1252906.454913,0.0,-2802540.738665,0.0,0.0,0.0,-4316023.954485,-3.9933336044562835,-0.07140244719585899,-0.07140244719585899,60446443,60446443,https://www.sedar.com/ModifyCompanyDocumentSearchForm.do?lang=EN&company_search=BELLUS Health Inc&document_selection=0&industry_group=A&FromDate=13&FromMonth=05&FromYear=2000&ToDate=13&ToMonth=11&ToYear=2020&Variable=Issuer,https://www.sedar.com/ModifyCompanyDocumentSearchForm.do?lang=EN&company_search=BELLUS Health Inc&document_selection=0&industry_group=A&FromDate=13&FromMonth=05&FromYear=2000&ToDate=13&ToMonth=11&ToYear=2020&Variable=Issuer
0,2010-09-30,BLU.TO,2010-09-30,2010-09-30,Q3,740453.576274,0.0,740453.576274,1.0,1898623.764295,2196162.046908,131808.490017,-1112618.724559,263616.980035,5649350.649351,140531.11068,1290947.858112,-3611982.703009,-4.878067739485682,-4908897.073076,0.0,-1112618.724559,0.0,0.0,0.0,-6093235.123086,-8.229057591628456,-3.140172,-3.140172,1959330.0,1959330.0,https://www.sedar.com/ModifyCompanyDocumentSearchForm.do?lang=EN&company_search=BELLUS Health Inc&document_selection=0&industry_group=A&FromDate=13&FromMonth=05&FromYear=2000&ToDate=13&ToMonth=11&ToYear=2020&Variable=Issuer,https://www.sedar.com/ModifyCompanyDocumentSearchForm.do?lang=EN&company_search=BELLUS Health Inc&document_selection=0&industry_group=A&FromDate=13&FromMonth=05&FromYear=2000&ToDate=13&ToMonth=11&ToYear=2020&Variable=Issuer
0,2010-06-30,BLU.TO,2010-06-30,2010-06-30,Q2,508490.655536,0.0,508490.655536,1.0,1569111.090029,3031021.724694,117635.897922,-1256047.8133,0.0,4734844.891377,111943.838346,134712.076653,-4091642.159188,-8.04664179103744,-4226354.235841,0.0,-1256047.8133,0.0,0.0,0.0,-5517503.083199,-10.850746268646766,-3.07374,-3.07374,1945942.0,1945942.0,https://www.sedar.com/ModifyCompanyDocumentSearchForm.do?lang=EN&company_search=BELLUS Health Inc&document_selection=0&industry_group=A&FromDate=13&FromMonth=05&FromYear=2000&ToDate=13&ToMonth=11&ToYear=2020&Variable=Issuer,https://www.sedar.com/ModifyCompanyDocumentSearchForm.do?lang=EN&company_search=BELLUS Health Inc&document_selection=0&industry_group=A&FromDate=13&FromMonth=05&FromYear=2000&ToDate=13&ToMonth=11&ToYear=2020&Variable=Issuer
0,2010-03-31,BLU.TO,2010-03-31,2010-03-31,Q1,67686.874632,0.0,67686.874632,1.0,1726505.787718,2455365.901511,245242.299392,208946.439082,0.0,4328036.099666,103001.765745,146164.410438,-4114184.814597,-60.78260869577743,-4260349.225034,0.0,208946.439082,0.0,0.0,0.0,-4113203.845399,-60.768115942147816,-2.118913,-2.118913,1930861.0,1930861.0,https://www.sedar.com/ModifyCompanyDocumentSearchForm.do?lang=EN&company_search=BELLUS Health Inc&document_selection=0&industry_group=A&FromDate=13&FromMonth=05&FromYear=2000&ToDate=13&ToMonth=11&ToYear=2020&Variable=Issuer,https://www.sedar.com/ModifyCompanyDocumentSearchForm.do?lang=EN&company_search=BELLUS Health Inc&document_selection=0&industry_group=A&FromDate=13&FromMonth=05&FromYear=2000&ToDate=13&ToMonth=11&ToYear=2020&Variable=Issuer
0,2009-12-31,BLU.TO,2009-12-31,2009-12-31,Q4,-110000.0,0.0,-110000.0,1.0,2024000.0,1315000.0,426000.0,15714000,187000.0,3700000.0,92000.0,174000.0,9578000.0,-87.07272727272728,-3810000.0,0.0,15714000,0.0,0.0,0.0,-5360000.0,48.72727272727273,-0.08867353865636064,-0.08867353865636064,60446443,60446443,https://www.sedar.com/ModifyCompanyDocumentSearchForm.do?lang=EN&company_search=BELLUS Health Inc&document_selection=0&industry_group=A&FromDate=13&FromMonth=05&FromYear=2000&ToDate=13&ToMonth=11&ToYear=2020&Variable=Issuer,https://www.sedar.com/ModifyCompanyDocumentSearchForm.do?lang=EN&company_search=BELLUS Health Inc&document_selection=0&industry_group=A&FromDate=13&FromMonth=05&FromYear=2000&ToDate=13&ToMonth=11&ToYear=2020&Variable=Issuer
0,2009-09-30,BLU.TO,2009-09-30,2009-09-30,Q3,99000.0,0.0,99000.0,1.0,1996000.0,2989000.0,845000.0,-1027000.0,0.0,5163000.0,80000.0,178000.0,-4886000.0,-49.35353535353536,-5064000.0,0.0,-1027000.0,0.0,0.0,0.0,-5840000.0,-58.98989898989899,-4.32004,-4.32004,1533249.0,1533249.0,https://www.sedar.com/ModifyCompanyDocumentSearchForm.do?lang=EN&company_search=BELLUS Health Inc&document_selection=0&industry_group=A&FromDate=13&FromMonth=05&FromYear=2000&ToDate=13&ToMonth=11&ToYear=2020&Variable=Issuer,https://www.sedar.com/ModifyCompanyDocumentSearchForm.do?lang=EN&company_search=BELLUS Health Inc&document_selection=0&industry_group=A&FromDate=13&FromMonth=05&FromYear=2000&ToDate=13&ToMonth=11&ToYear=2020&Variable=Issuer
0,2009-06-30,BLU.TO,2009-06-30,2009-06-30,Q2,-189000.0,0.0,-189000.0,1.0,2715000.0,2493000.0,560000.0,-822000.0,-2196000.0,3184000.0,73000.0,172000.0,-3201000.0,16.936507936507937,-3373000.0,0.0,-822000.0,0.0,0.0,0.0,12880000,-68.14814814814815,10.800099,-3.24003,1253793.0,1258488.0,https://www.sedar.com/ModifyCompanyDocumentSearchForm.do?lang=EN&company_search=BELLUS Health Inc&document_selection=0&industry_group=A&FromDate=13&FromMonth=05&FromYear=2000&ToDate=13&ToMonth=11&ToYear=2020&Variable=Issuer,https://www.sedar.com/ModifyCompanyDocumentSearchForm.do?lang=EN&company_search=BELLUS Health Inc&document_selection=0&industry_group=A&FromDate=13&FromMonth=05&FromYear=2000&ToDate=13&ToMonth=11&ToYear=2020&Variable=Issuer
0,2009-03-31,BLU.TO,2009-03-31,2009-03-31,Q1,84000.0,0.0,84000.0,1.0,3307000.0,5478000.0,1878000.0,-971000.0,0.0,8954000.0,79000.0,169000.0,-8701000.0,-103.58333333333333,-8870000.0,0.0,-971000.0,0.0,0.0,0.0,-9907000.0,-117.94047619047619,-21.600199,-21.600199,464661.0,464661.0,https://www.sedar.com/ModifyCompanyDocumentSearchForm.do?lang=EN&company_search=BELLUS Health Inc&document_selection=0&industry_group=A&FromDate=13&FromMonth=05&FromYear=2000&ToDate=13&ToMonth=11&ToYear=2020&Variable=Issuer,https://www.sedar.com/ModifyCompanyDocumentSearchForm.do?lang=EN&company_search=BELLUS Health Inc&document_selection=0&industry_group=A&FromDate=13&FromMonth=05&FromYear=2000&ToDate=13&ToMonth=11&ToYear=2020&Variable=Issuer
0,2008-12-31,BLU.TO,2008-12-31,2008-12-31,Q4,157000.0,0.0,0.0,0.0,3614000.0,4110000.0,0.0,0.0,0.0,10885000,0.0,218000.0,-11169000,-71.14012738853503,-10728000,0.0,3502000.0,0.0,0.0,0.0,-11520000,-73.37579617834395,-0.190581933828596,-0.190581933828596,60446443,60446443,https://www.sedar.com/ModifyCompanyDocumentSearchForm.do?lang=EN&company_search=BELLUS Health Inc&document_selection=0&industry_group=A&FromDate=13&FromMonth=05&FromYear=2000&ToDate=13&ToMonth=11&ToYear=2020&Variable=Issuer,https://www.sedar.com/ModifyCompanyDocumentSearchForm.do?lang=EN&company_search=BELLUS Health Inc&document_selection=0&industry_group=A&FromDate=13&FromMonth=05&FromYear=2000&ToDate=13&ToMonth=11&ToYear=2020&Variable=Issuer
0,2008-09-30,BLU.TO,2008-09-30,2008-09-30,Q3,153000.0,0.0,161965.8,1.0586,4944000.0,4850000.0,0.0,0.0,0.0,10146000,115387.4,219000.0,-9641000.0,-63.01307189542484,-9993000.0,0.0,-1138000.0,0.0,0.0,0.0,-11095000,-72.51633986928104,-23.760219,-23.760219,462539.0,462539.0,https://www.sedar.com/ModifyCompanyDocumentSearchForm.do?lang=EN&company_search=BELLUS Health Inc&document_selection=0&industry_group=A&FromDate=13&FromMonth=05&FromYear=2000&ToDate=13&ToMonth=11&ToYear=2020&Variable=Issuer,https://www.sedar.com/ModifyCompanyDocumentSearchForm.do?lang=EN&company_search=BELLUS Health Inc&document_selection=0&industry_group=A&FromDate=13&FromMonth=05&FromYear=2000&ToDate=13&ToMonth=11&ToYear=2020&Variable=Issuer
0,2008-06-30,BLU.TO,2008-06-30,2008-06-30,Q2,47000.0,0.0,0.0,0.0,7123000.0,5118000.0,0.0,0.0,-467000.0,12118000,0.0,219000.0,-11727000,-249.51063829787233,-12071000,0.0,-805000.0,0.0,0.0,0.0,-12706000,-270.3404255319149,-28.080258,-28.080258,453589.0,453589.0,https://www.sedar.com/ModifyCompanyDocumentSearchForm.do?lang=EN&company_search=BELLUS Health Inc&document_selection=0&industry_group=A&FromDate=13&FromMonth=05&FromYear=2000&ToDate=13&ToMonth=11&ToYear=2020&Variable=Issuer,https://www.sedar.com/ModifyCompanyDocumentSearchForm.do?lang=EN&company_search=BELLUS Health Inc&document_selection=0&industry_group=A&FromDate=13&FromMonth=05&FromYear=2000&ToDate=13&ToMonth=11&ToYear=2020&Variable=Issuer
0,2008-03-31,BLU.TO,2008-03-31,2008-03-31,Q1,227000.0,0.0,0.0,0.0,8780000.0,4371000.0,0.0,0.0,-397000.0,13090000,0.0,214000.0,-12527000,-55.18502202643172,-12863000,0.0,-508000.0,0.0,0.0,0.0,-12902000,-56.83700440528634,-28.080258,-28.080258,453588.0,453588.0,https://www.sedar.com/ModifyCompanyDocumentSearchForm.do?lang=EN&company_search=BELLUS Health Inc&document_selection=0&industry_group=A&FromDate=13&FromMonth=05&FromYear=2000&ToDate=13&ToMonth=11&ToYear=2020&Variable=Issuer,https://www.sedar.com/ModifyCompanyDocumentSearchForm.do?lang=EN&company_search=BELLUS Health Inc&document_selection=0&industry_group=A&FromDate=13&FromMonth=05&FromYear=2000&ToDate=13&ToMonth=11&ToYear=2020&Variable=Issuer
0,2007-12-31,BLU.TO,2007-12-31,2007-12-31,Q4,260821.514907,0.0,0.0,0.0,13310163.376309,2792294.721998,0.0,0.0,-2149998.992748,14554430.298147,0.0,261274.375504,-13691637.590653,-52.49427983552265,-14293608.783239,0.0,-2013109.790492,0.0,0.0,0.0,-15622125.705077,-59.89584759005527,-0.2584457402245654,-0.2584457402245654,60446443,60446443,https://www.sedar.com/ModifyCompanyDocumentSearchForm.do?lang=EN&company_search=BELLUS Health Inc&document_selection=0&industry_group=A&FromDate=13&FromMonth=05&FromYear=2000&ToDate=13&ToMonth=11&ToYear=2020&Variable=Issuer,https://www.sedar.com/ModifyCompanyDocumentSearchForm.do?lang=EN&company_search=BELLUS Health Inc&document_selection=0&industry_group=A&FromDate=13&FromMonth=05&FromYear=2000&ToDate=13&ToMonth=11&ToYear=2020&Variable=Issuer
0,2007-09-30,BLU.TO,2007-09-30,2007-09-30,Q3,301285.253828,0.0,0.0,0.0,11540910.556003,3633434.730056,0.0,0.0,0.0,15554704.875101,0.0,269254.63336,-14873060.032232,-49.365376643102636,-15253419.621273,0.0,355336.42224,0.0,0.0,0.0,-13902142.425463,-46.142790756694524,-31.348354,-31.348354,439767.0,439767.0,https://www.sedar.com/ModifyCompanyDocumentSearchForm.do?lang=EN&company_search=BELLUS Health Inc&document_selection=0&industry_group=A&FromDate=13&FromMonth=05&FromYear=2000&ToDate=13&ToMonth=11&ToYear=2020&Variable=Issuer,https://www.sedar.com/ModifyCompanyDocumentSearchForm.do?lang=EN&company_search=BELLUS Health Inc&document_selection=0&industry_group=A&FromDate=13&FromMonth=05&FromYear=2000&ToDate=13&ToMonth=11&ToYear=2020&Variable=Issuer
0,2007-06-30,BLU.TO,2007-06-30,2007-06-30,Q2,454230.155002,0.0,483528.0,1.064500000000817,14630209.488023,4352624.706435,0.0,0.0,0.0,19353206.200094,45696.0,262554.250822,-18528604.039455,-40.79122408633002,-18898976.045092,0.0,-13830563.644904,0.0,0.0,0.0,-31780148.426491,-69.96485829161006,-84.292518,-84.292518,375795.0,375795.0,https://www.sedar.com/ModifyCompanyDocumentSearchForm.do?lang=EN&company_search=BELLUS Health Inc&document_selection=0&industry_group=A&FromDate=13&FromMonth=05&FromYear=2000&ToDate=13&ToMonth=11&ToYear=2020&Variable=Issuer,https://www.sedar.com/ModifyCompanyDocumentSearchForm.do?lang=EN&company_search=BELLUS Health Inc&document_selection=0&industry_group=A&FromDate=13&FromMonth=05&FromYear=2000&ToDate=13&ToMonth=11&ToYear=2020&Variable=Issuer
0,2007-03-31,BLU.TO,2007-03-31,2007-03-31,Q1,508795.076283,0.0,0.0,0.0,16573339.112344,4581158.980583,0.0,-665732.489598,0.0,21507356.102635,0.0,246901.005548,-20645703.016644,-40.577639169527906,-20998561.026352,0.0,-988602.635229,0.0,0.0,0.0,-21340423.023578,-41.943061201535905,-59.007339,-59.007339,360226.0,380251.0,https://www.sedar.com/ModifyCompanyDocumentSearchForm.do?lang=EN&company_search=BELLUS Health Inc&document_selection=0&industry_group=A&FromDate=13&FromMonth=05&FromYear=2000&ToDate=13&ToMonth=11&ToYear=2020&Variable=Issuer,https://www.sedar.com/ModifyCompanyDocumentSearchForm.do?lang=EN&company_search=BELLUS Health Inc&document_selection=0&industry_group=A&FromDate=13&FromMonth=05&FromYear=2000&ToDate=13&ToMonth=11&ToYear=2020&Variable=Issuer
0,2006-12-31,BLU.TO,2006-12-31,2006-12-31,Q4,569363.287211,152088.235643,417275.051568,0.7328801504080158,11622613.04878,3164665.139301,0.0,0.0,0.0,15265372.904233,77677.0,252567.306029,-14370004.032089,-25.238726055696016,-14696009.617022,0.0,-369747.576075,0.0,0.0,0.0,-14499288.310086,-25.46579422271868,-0.23987000045785986,-0.23987000045785986,60446443,60446443,https://www.sedar.com/ModifyCompanyDocumentSearchForm.do?lang=EN&company_search=BELLUS Health Inc&document_selection=0&industry_group=A&FromDate=13&FromMonth=05&FromYear=2000&ToDate=13&ToMonth=11&ToYear=2020&Variable=Issuer,https://www.sedar.com/ModifyCompanyDocumentSearchForm.do?lang=EN&company_search=BELLUS Health Inc&document_selection=0&industry_group=A&FromDate=13&FromMonth=05&FromYear=2000&ToDate=13&ToMonth=11&ToYear=2020&Variable=Issuer
0,2006-09-30,BLU.TO,2006-09-30,2006-09-30,Q3,695680.63765,152148.486477,543532.151173,0.7812954993386684,13705403.904711,3677596.274404,0.0,0.0,0.0,17915520.329572,0.0,291284.255776,-16839468.027942,-24.20574487285646,-17219839.691922,0.0,77075.049257,0.0,0.0,0.0,-16586220.669891,-23.841716690461634,-46.341963,-46.341963,359388.0,359388.0,https://www.sedar.com/ModifyCompanyDocumentSearchForm.do?lang=EN&company_search=BELLUS Health Inc&document_selection=0&industry_group=A&FromDate=13&FromMonth=05&FromYear=2000&ToDate=13&ToMonth=11&ToYear=2020&Variable=Issuer,https://www.sedar.com/ModifyCompanyDocumentSearchForm.do?lang=EN&company_search=BELLUS Health Inc&document_selection=0&industry_group=A&FromDate=13&FromMonth=05&FromYear=2000&ToDate=13&ToMonth=11&ToYear=2020&Variable=Issuer
0,2006-06-30,BLU.TO,2006-06-30,2006-06-30,Q2,729816.908993,184206.605636,545610.303357,0.7475988794365316,12428916.711542,5807502.243762,0.0,-194217.375696,0.897505,18787036.4387,0.0,284317.896248,-17690809.549453,-24.240065325237182,-18057219.529707,0.0,-994113.265123,0.0,0.0,0.0,-18285473.882606,-25.054878363720377,-51.219534,-51.219534,359186.0,359186.0,https://www.sedar.com/ModifyCompanyDocumentSearchForm.do?lang=EN&company_search=BELLUS Health Inc&document_selection=0&industry_group=A&FromDate=13&FromMonth=05&FromYear=2000&ToDate=13&ToMonth=11&ToYear=2020&Variable=Issuer,https://www.sedar.com/ModifyCompanyDocumentSearchForm.do?lang=EN&company_search=BELLUS Health Inc&document_selection=0&industry_group=A&FromDate=13&FromMonth=05&FromYear=2000&ToDate=13&ToMonth=11&ToYear=2020&Variable=Issuer
0,2006-03-31,BLU.TO,2006-03-31,2006-03-31,Q1,718155.77286,0.0,0.0,0.0,11315205.009436,3935331.103105,0.0,205330.245325,0.85778,15673216.675244,0.0,259416.709556,-14532381.197461,-20.235695021411455,-14955060.902385,0.0,-494795.848344,0.0,0.0,0.0,-14697647.109281,-20.465820459464876,-41.649585,-41.649585,353275.0,353275.0,https://www.sedar.com/ModifyCompanyDocumentSearchForm.do?lang=EN&company_search=BELLUS Health Inc&document_selection=0&industry_group=A&FromDate=13&FromMonth=05&FromYear=2000&ToDate=13&ToMonth=11&ToYear=2020&Variable=Issuer,https://www.sedar.com/ModifyCompanyDocumentSearchForm.do?lang=EN&company_search=BELLUS Health Inc&document_selection=0&industry_group=A&FromDate=13&FromMonth=05&FromYear=2000&ToDate=13&ToMonth=11&ToYear=2020&Variable=Issuer
0,2005-12-31,BLU.TO,2005-12-31,2005-12-31,Q4,-185948.240042,0.0,-219835.0,1.1822375944528758,9518661.333844,4546997.712274,0.0,0.0,0.0,15283852.830491,81891.0,414678.419499,-14251607.28616,76.6428726775849,-15469801.070533,0.0,1259773.505582,0.0,0.0,0.0,-13509591.191364,72.6524283763729,-0.22349687625728448,-0.22349687625728448,60446443,60446443,https://www.sedar.com/ModifyCompanyDocumentSearchForm.do?lang=EN&company_search=BELLUS Health Inc&document_selection=0&industry_group=A&FromDate=13&FromMonth=05&FromYear=2000&ToDate=13&ToMonth=11&ToYear=2020&Variable=Issuer,https://www.sedar.com/ModifyCompanyDocumentSearchForm.do?lang=EN&company_search=BELLUS Health Inc&document_selection=0&industry_group=A&FromDate=13&FromMonth=05&FromYear=2000&ToDate=13&ToMonth=11&ToYear=2020&Variable=Issuer
0,2005-09-30,BLU.TO,2005-09-30,2005-09-30,Q3,791176.192319,0.0,0.0,0.0,10529032.81297,6541186.083516,0.0,0.0,0.0,17612653.851116,0.0,474505.655184,-16228901.054321,-20.512372859391544,-16821477.658797,0.0,-1852070.700555,0.0,0.0,0.0,-18126118.780372,-22.910344062860275,-53.8384,-53.8384,339059.0,340354.0,https://www.sedar.com/ModifyCompanyDocumentSearchForm.do?lang=EN&company_search=BELLUS Health Inc&document_selection=0&industry_group=A&FromDate=13&FromMonth=05&FromYear=2000&ToDate=13&ToMonth=11&ToYear=2020&Variable=Issuer,https://www.sedar.com/ModifyCompanyDocumentSearchForm.do?lang=EN&company_search=BELLUS Health Inc&document_selection=0&industry_group=A&FromDate=13&FromMonth=05&FromYear=2000&ToDate=13&ToMonth=11&ToYear=2020&Variable=Issuer
0,2005-06-30,BLU.TO,2005-06-30,2005-06-30,Q2,844655.684712,174342.0623,670313.622412,0.7935939277322867,10527633.3834,6701133.840528,0.0,1831589.988898,0.0,17873030.268399,132564.0,406797.329067,-16558453.601515,-19.603791108279694,-17028374.583687,0.0,1159272.350291,0.0,0.0,0.0,-15259908.247894,-18.066424608385997,-47.50478,-47.50478,320801.0,336548.0,https://www.sedar.com/ModifyCompanyDocumentSearchForm.do?lang=EN&company_search=BELLUS Health Inc&document_selection=0&industry_group=A&FromDate=13&FromMonth=05&FromYear=2000&ToDate=13&ToMonth=11&ToYear=2020&Variable=Issuer,https://www.sedar.com/ModifyCompanyDocumentSearchForm.do?lang=EN&company_search=BELLUS Health Inc&document_selection=0&industry_group=A&FromDate=13&FromMonth=05&FromYear=2000&ToDate=13&ToMonth=11&ToYear=2020&Variable=Issuer
0,2005-03-31,BLU.TO,2005-03-31,2005-03-31,Q1,1363424.81607,0.0,0.0,0.0,9544973.133835,5272775.068199,0.0,228903.03381,0.0,15289549.475076,0.0,411826.899231,-13454323.385963,-9.868034692770502,-13926124.659006,0.0,-394833.429776,0.0,0.0,0.0,-14028081.342482,-10.288855811585712,-48.236635,-48.236635,290755.0,320079.0,https://www.sedar.com/ModifyCompanyDocumentSearchForm.do?lang=EN&company_search=BELLUS Health Inc&document_selection=0&industry_group=A&FromDate=13&FromMonth=05&FromYear=2000&ToDate=13&ToMonth=11&ToYear=2020&Variable=Issuer,https://www.sedar.com/ModifyCompanyDocumentSearchForm.do?lang=EN&company_search=BELLUS Health Inc&document_selection=0&industry_group=A&FromDate=13&FromMonth=05&FromYear=2000&ToDate=13&ToMonth=11&ToYear=2020&Variable=Issuer
0,2004-12-31,BLU.TO,2004-12-31,2004-12-31,Q4,0.0,0.0,0.0,0.0,9343670.901113,4947344.525583,0.0,0.0,0.0,14840003.261499,0.0,480232.315462,-14181219.601601,0.0,-14730208.229306,0.0,394527.990721,0.0,0.0,0.0,-14241312.666357,0.0,-0.23560216217118019,-0.23560216217118019,60446443,60446443,https://www.sedar.com/ModifyCompanyDocumentSearchForm.do?lang=EN&company_search=BELLUS Health Inc&document_selection=0&industry_group=A&FromDate=13&FromMonth=05&FromYear=2000&ToDate=13&ToMonth=11&ToYear=2020&Variable=Issuer,https://www.sedar.com/ModifyCompanyDocumentSearchForm.do?lang=EN&company_search=BELLUS Health Inc&document_selection=0&industry_group=A&FromDate=13&FromMonth=05&FromYear=2000&ToDate=13&ToMonth=11&ToYear=2020&Variable=Issuer
0,2004-09-30,BLU.TO,2004-09-30,2004-09-30,Q3,0.0,0.0,0.0,0.0,5836126.198273,4423547.601868,0.0,0.0,-0.792902,10725204.766926,0.0,416581.165407,-10222883.306003,0.0,-10725204.766926,0.0,-310687.525274,0.0,0.0,0.0,-10922006.993395,0.0,-38.707514,-38.707514,280381.0,315236.0,https://www.sedar.com/ModifyCompanyDocumentSearchForm.do?lang=EN&company_search=BELLUS Health Inc&document_selection=0&industry_group=A&FromDate=13&FromMonth=05&FromYear=2000&ToDate=13&ToMonth=11&ToYear=2020&Variable=Issuer,https://www.sedar.com/ModifyCompanyDocumentSearchForm.do?lang=EN&company_search=BELLUS Health Inc&document_selection=0&industry_group=A&FromDate=13&FromMonth=05&FromYear=2000&ToDate=13&ToMonth=11&ToYear=2020&Variable=Issuer
0,2004-06-30,BLU.TO,2004-06-30,2004-06-30,Q2,0.0,0.0,0.0,0.0,5193136.607759,5148100.753098,0.0,0.0,0.750098,10715536.019683,0.0,331263.314231,-10341238.110954,0.0,-10715536.019683,0.0,-12009.811275,0.0,0.0,0.0,-10555408.203066,0.0,-38.261626,-38.261626,279278.0,323213.0,https://www.sedar.com/ModifyCompanyDocumentSearchForm.do?lang=EN&company_search=BELLUS Health Inc&document_selection=0&industry_group=A&FromDate=13&FromMonth=05&FromYear=2000&ToDate=13&ToMonth=11&ToYear=2020&Variable=Issuer,https://www.sedar.com/ModifyCompanyDocumentSearchForm.do?lang=EN&company_search=BELLUS Health Inc&document_selection=0&industry_group=A&FromDate=13&FromMonth=05&FromYear=2000&ToDate=13&ToMonth=11&ToYear=2020&Variable=Issuer
0,2004-03-31,BLU.TO,2004-03-31,2004-03-31,Q1,0.0,0.0,0.0,0.0,3928279.769985,3350091.517823,0.0,0.0,0.762649,7559463.705557,23610.0,242079.132411,-7278372.050457,0.0,-7559463.705557,0.0,336109.8824,0.0,0.0,0.0,-6995279.205625,0.0,-24.897836,-24.897836,276514.0,322385.0,https://www.sedar.com/ModifyCompanyDocumentSearchForm.do?lang=EN&company_search=BELLUS Health Inc&document_selection=0&industry_group=A&FromDate=13&FromMonth=05&FromYear=2000&ToDate=13&ToMonth=11&ToYear=2020&Variable=Issuer,https://www.sedar.com/ModifyCompanyDocumentSearchForm.do?lang=EN&company_search=BELLUS Health Inc&document_selection=0&industry_group=A&FromDate=13&FromMonth=05&FromYear=2000&ToDate=13&ToMonth=11&ToYear=2020&Variable=Issuer
0,2003-09-30,BLU.TO,2003-09-30,2003-09-30,Q3,0.0,0.0,0.0,0.0,2532096.555906,2232440.447577,0.0,0.0,0.0,5003262.903333,21610.0,206762.4633,-4764537.003483,0.0,-5003262.903333,0.0,-93892.040202,0.0,0.0,0.0,-5019244.621608,0.0,-22.345088,-22.345088,222535.0,262036.0,https://www.sedar.com/ModifyCompanyDocumentSearchForm.do?lang=EN&company_search=BELLUS Health Inc&document_selection=0&industry_group=A&FromDate=13&FromMonth=05&FromYear=2000&ToDate=13&ToMonth=11&ToYear=2020&Variable=Issuer,https://www.sedar.com/ModifyCompanyDocumentSearchForm.do?lang=EN&company_search=BELLUS Health Inc&document_selection=0&industry_group=A&FromDate=13&FromMonth=05&FromYear=2000&ToDate=13&ToMonth=11&ToYear=2020&Variable=Issuer
0,2003-06-30,BLU.TO,2003-06-30,2003-06-30,Q2,0.0,0.0,0.0,0.0,3557528.080962,2480580.215142,0.0,0.0,0.0,6329095.785958,0.0,0.0,-6476494.157746,0.0,-6767482.3289,0.0,2634507.992097,0.0,0.0,0.0,-3562522.086304,0.0,-0.05893683580858513,-0.05893683580858513,60446443,60446443,https://www.sedar.com/ModifyCompanyDocumentSearchForm.do?lang=EN&company_search=BELLUS Health Inc&document_selection=0&industry_group=A&FromDate=13&FromMonth=05&FromYear=2000&ToDate=13&ToMonth=11&ToYear=2020&Variable=Issuer,https://www.sedar.com/ModifyCompanyDocumentSearchForm.do?lang=EN&company_search=BELLUS Health Inc&document_selection=0&industry_group=A&FromDate=13&FromMonth=05&FromYear=2000&ToDate=13&ToMonth=11&ToYear=2020&Variable=Issuer
0,2003-03-31,BLU.TO,2003-03-31,2003-03-31,Q1,110096.881004,0.0,0.0,0.0,2566264.017768,1170032.293668,0.0,0.0,-0.681301,3955489.242257,0.0,0.0,-3600754.050983,-32.7053229677976,-3845392.361253,0.0,46040.278516,0.0,0.0,0.0,-3821371.050157,-34.70916719264884,-18.418843,-18.418843,206443.0,236582.0,https://www.sedar.com/ModifyCompanyDocumentSearchForm.do?lang=EN&company_search=BELLUS Health Inc&document_selection=0&industry_group=A&FromDate=13&FromMonth=05&FromYear=2000&ToDate=13&ToMonth=11&ToYear=2020&Variable=Issuer,https://www.sedar.com/ModifyCompanyDocumentSearchForm.do?lang=EN&company_search=BELLUS Health Inc&document_selection=0&industry_group=A&FromDate=13&FromMonth=05&FromYear=2000&ToDate=13&ToMonth=11&ToYear=2020&Variable=Issuer
0,2002-12-31,BLU.TO,2002-12-31,2002-12-31,Q4,145954.100527,0.0,0.0,0.0,3484896.875457,612806.245276,0.0,0.0,0.0,4291641.41751,0.0,0.0,-3950824.016933,-27.068948406846154,-4145687.316983,0.0,0.0,0.0,0.0,0.0,-4177677.204617,-28.623225997300246,-21.347606,-21.347606,197789.0,223333.0,https://www.sedar.com/ModifyCompanyDocumentSearchForm.do?lang=EN&company_search=BELLUS Health Inc&document_selection=0&industry_group=A&FromDate=13&FromMonth=05&FromYear=2000&ToDate=13&ToMonth=11&ToYear=2020&Variable=Issuer,https://www.sedar.com/ModifyCompanyDocumentSearchForm.do?lang=EN&company_search=BELLUS Health Inc&document_selection=0&industry_group=A&FromDate=13&FromMonth=05&FromYear=2000&ToDate=13&ToMonth=11&ToYear=2020&Variable=Issuer
0,2002-09-30,BLU.TO,2002-09-30,2002-09-30,Q3,159025.2355,0.0,0.0,0.0,2002317.507325,470074.666835,0.0,0.0,-0.6301,2630416.811065,0.0,0.0,-2313366.30856,-14.547164802406469,-2471391.575565,0.0,0.0,0.0,0.0,0.0,-2496395.828739,-15.69811118901943,-13.600755,-13.600755,186977.0,202874.0,https://www.sedar.com/ModifyCompanyDocumentSearchForm.do?lang=EN&company_search=BELLUS Health Inc&document_selection=0&industry_group=A&FromDate=13&FromMonth=05&FromYear=2000&ToDate=13&ToMonth=11&ToYear=2020&Variable=Issuer,https://www.sedar.com/ModifyCompanyDocumentSearchForm.do?lang=EN&company_search=BELLUS Health Inc&document_selection=0&industry_group=A&FromDate=13&FromMonth=05&FromYear=2000&ToDate=13&ToMonth=11&ToYear=2020&Variable=Issuer
0,2002-06-30,BLU.TO,2002-06-30,2002-06-30,Q2,235468.45051,0.0,199000.0,0.845123835354532,1279666.432633,719906.679131,0.0,0.0,0.0,2172566.913284,99000.0,0.0,-1764104.661254,-7.4918939562099895,-1937098.462774,0.0,-1373225.987376,0.0,0.0,0.0,-3379917.486328,-14.354014217222957,-0.055915903708808806,-0.055915903708808806,60446443,60446443,https://www.sedar.com/ModifyCompanyDocumentSearchForm.do?lang=EN&company_search=BELLUS Health Inc&document_selection=0&industry_group=A&FromDate=13&FromMonth=05&FromYear=2000&ToDate=13&ToMonth=11&ToYear=2020&Variable=Issuer,https://www.sedar.com/ModifyCompanyDocumentSearchForm.do?lang=EN&company_search=BELLUS Health Inc&document_selection=0&industry_group=A&FromDate=13&FromMonth=05&FromYear=2000&ToDate=13&ToMonth=11&ToYear=2020&Variable=Issuer
0,2002-03-31,BLU.TO,2002-03-31,2002-03-31,Q1,128534.70437,0.0,0.0,0.0,2546868.142203,743620.289673,0.0,0.0,0.0,3430309.110289,0.0,0.0,-3161953.727506,-24.60000000003112,-3301774.405919,0.0,653332.497335,0.0,0.0,0.0,-2681672.832152,-20.863414634171768,-16.251952,-16.251952,166674.0,166674.0,https://www.sedar.com/ModifyCompanyDocumentSearchForm.do?lang=EN&company_search=BELLUS Health Inc&document_selection=0&industry_group=A&FromDate=13&FromMonth=05&FromYear=2000&ToDate=13&ToMonth=11&ToYear=2020&Variable=Issuer,https://www.sedar.com/ModifyCompanyDocumentSearchForm.do?lang=EN&company_search=BELLUS Health Inc&document_selection=0&industry_group=A&FromDate=13&FromMonth=05&FromYear=2000&ToDate=13&ToMonth=11&ToYear=2020&Variable=Issuer
0,2001-12-31,BLU.TO,2001-12-31,2001-12-31,Q4,945363.635222,0.0,0.0,0.0,2481186.949585,576640.410055,0.0,0.0,0.0,3197904.496288,0.0,0.0,-2112463.724419,-2.234551495015915,-2252540.861066,0.0,491212.201158,0.0,0.0,0.0,-1786454.603701,-1.889700996676783,-10.854508,-10.854508,166639.0,172156.0,https://www.sedar.com/ModifyCompanyDocumentSearchForm.do?lang=EN&company_search=BELLUS Health Inc&document_selection=0&industry_group=A&FromDate=13&FromMonth=05&FromYear=2000&ToDate=13&ToMonth=11&ToYear=2020&Variable=Issuer,https://www.sedar.com/ModifyCompanyDocumentSearchForm.do?lang=EN&company_search=BELLUS Health Inc&document_selection=0&industry_group=A&FromDate=13&FromMonth=05&FromYear=2000&ToDate=13&ToMonth=11&ToYear=2020&Variable=Issuer
0,2001-09-30,BLU.TO,2001-09-30,2001-09-30,Q3,954977.805961,0.0,0.0,0.0,1443880.786303,403931.515536,0.0,0.0,0.0,1982244.768548,0.0,0.0,-892834.495878,-0.9349269588307711,-1027266.962587,0.0,0.0,0.0,0.0,0.0,-1052631.578947,-1.1022576361214282,-6.163658,-6.163658,166634.0,166634.0,https://www.sedar.com/ModifyCompanyDocumentSearchForm.do?lang=EN&company_search=BELLUS Health Inc&document_selection=0&industry_group=A&FromDate=13&FromMonth=05&FromYear=2000&ToDate=13&ToMonth=11&ToYear=2020&Variable=Issuer,https://www.sedar.com/ModifyCompanyDocumentSearchForm.do?lang=EN&company_search=BELLUS Health Inc&document_selection=0&industry_group=A&FromDate=13&FromMonth=05&FromYear=2000&ToDate=13&ToMonth=11&ToYear=2020&Variable=Issuer
0,2001-06-30,BLU.TO,2001-06-30,2001-06-30,Q2,3100743.687523,0.0,0.0,0.0,2237877.084245,-1022984.132654,0.0,0.0,0.0,1314782.85951,0.0,0.0,1885850.735932,0.6081930420500168,1785960.828013,0.0,0.0,0.0,0.0,0.0,-1091344.984815,-0.35196233381250897,-0.018054742854182505,-0.018054742854182505,60446443,60446443,https://www.sedar.com/ModifyCompanyDocumentSearchForm.do?lang=EN&company_search=BELLUS Health Inc&document_selection=0&industry_group=A&FromDate=13&FromMonth=05&FromYear=2000&ToDate=13&ToMonth=11&ToYear=2020&Variable=Issuer,https://www.sedar.com/ModifyCompanyDocumentSearchForm.do?lang=EN&company_search=BELLUS Health Inc&document_selection=0&industry_group=A&FromDate=13&FromMonth=05&FromYear=2000&ToDate=13&ToMonth=11&ToYear=2020&Variable=Issuer
0,2001-03-31,BLU.TO,2001-03-31,2001-03-31,Q1,810279.187817,0.0,0.0,0.0,1649746.192893,498096.446701,0.0,0.0,0.0,2227791.878173,0.0,0.0,-1337563.451777,-1.6507439310894483,-1417512.690355,0.0,646573.604061,0.0,0.0,0.0,-419416.243655,-0.517619420517221,-2.741142,-2.741142,160525.0,160525.0,https://www.sedar.com/ModifyCompanyDocumentSearchForm.do?lang=EN&company_search=BELLUS Health Inc&document_selection=0&industry_group=A&FromDate=13&FromMonth=05&FromYear=2000&ToDate=13&ToMonth=11&ToYear=2020&Variable=Issuer,https://www.sedar.com/ModifyCompanyDocumentSearchForm.do?lang=EN&company_search=BELLUS Health Inc&document_selection=0&industry_group=A&FromDate=13&FromMonth=05&FromYear=2000&ToDate=13&ToMonth=11&ToYear=2020&Variable=Issuer
0,2000-12-31,BLU.TO,2000-12-31,2000-12-31,Q4,2538846.282094,0.0,3807000.0,1.4995000000000185,1171057.019006,709569.856619,0.0,0.0,0.0,1938646.215405,196000.0,0.0,658308.227343,0.25929424399811946,600200.066689,0.0,0.0,0.0,0.0,0.0,789596.532177,0.3110060415023447,5.041727,4.32148,160482.0,160482.0,https://www.sedar.com/ModifyCompanyDocumentSearchForm.do?lang=EN&company_search=BELLUS Health Inc&document_selection=0&industry_group=A&FromDate=13&FromMonth=05&FromYear=2000&ToDate=13&ToMonth=11&ToYear=2020&Variable=Issuer,https://www.sedar.com/ModifyCompanyDocumentSearchForm.do?lang=EN&company_search=BELLUS Health Inc&document_selection=0&industry_group=A&FromDate=13&FromMonth=05&FromYear=2000&ToDate=13&ToMonth=11&ToYear=2020&Variable=Issuer
0,2000-09-30,BLU.TO,2000-09-30,2000-09-30,Q3,665.601704,0.0,0.0,0.0,1062300.319489,258919.062833,0.0,0.0,0.0,1367145.899894,0.0,0.0,-1320553.780618,-1983.9999998227167,-1366480.29819,0.0,0.0,0.0,0.0,0.0,-1066293.929712,-1601.9999998557696,-6.469708,-6.469708,156481.0,156481.0,https://www.sedar.com/ModifyCompanyDocumentSearchForm.do?lang=EN&company_search=BELLUS Health Inc&document_selection=0&industry_group=A&FromDate=13&FromMonth=05&FromYear=2000&ToDate=13&ToMonth=11&ToYear=2020&Variable=Issuer,https://www.sedar.com/ModifyCompanyDocumentSearchForm.do?lang=EN&company_search=BELLUS Health Inc&document_selection=0&industry_group=A&FromDate=13&FromMonth=05&FromYear=2000&ToDate=13&ToMonth=11&ToYear=2020&Variable=Issuer
