,date,symbol,fillingDate,acceptedDate,period,revenue,costOfRevenue,grossProfit,grossProfitRatio,researchAndDevelopmentExpenses,generalAndAdministrativeExpenses,sellingAndMarketingExpenses,otherExpenses,operatingExpenses,costAndExpenses,interestExpense,depreciationAndAmortization,ebitda,ebitdaratio,operatingIncome,operatingIncomeRatio,totalOtherIncomeExpensesNet,incomeBeforeTax,incomeBeforeTaxRatio,incomeTaxExpense,netIncome,netIncomeRatio,eps,epsdiluted,weightedAverageShsOut,weightedAverageShsOutDil,link,finalLink
0,2020-09-30,OSUR,2020-11-05,2020-11-05 16:18:56,Q3,48011000,17722000,30289000,0.6308762575243173,8007000.0,17957000,7849000.0,314000.0,0.0,43686000,0.0,0.0,6716000.0,0.13988460977692613,4325000.0,0.09787340401158068,374000.0,4699000.0,0.09787340401158068,3659000.0,1040000.0,0.02166170252650434,0.01,0.01,71537000,72662000,https://www.sec.gov/Archives/edgar/data/1116463/000156459020051334/0001564590-20-051334-index.htm,https://www.sec.gov/Archives/edgar/data/1116463/000156459020051334/osur-10q_20200930.htm
0,2020-06-30,OSUR,2020-08-06,2020-08-06 16:18:46,Q2,29259000,11995000,17264000,0.5900406712464541,6924000.0,20401000,10121000,216000.0,0.0,39320000,0.0,0.0,-8318000.0,-0.28428859496223385,-10061000,-0.3139205030930654,876000.0,-9185000.0,-0.3139205030930654,1309000.0,-10494000,-0.35865887419255615,-0.16,-0.16,64745000,64745000,https://www.sec.gov/Archives/edgar/data/1116463/000156459020037770/0001564590-20-037770-index.htm,https://www.sec.gov/Archives/edgar/data/1116463/000156459020037770/osur-10q_20200630.htm
0,2020-03-31,OSUR,2020-05-11,2020-05-11 16:16:49,Q1,31596000,15465000,16131000,0.5105393087732625,5644000.0,17423000,7369000.0,1430000.0,0.0,38532000,0.0,0.0,-3629000.0,-0.1148563109254336,-6936000.0,-0.20939359412583872,320000.0,-6616000.0,-0.20939359412583872,712000.0,-7328000.0,-0.231928092163565,-0.12,-0.12,61927000,61927000,https://www.sec.gov/Archives/edgar/data/1116463/000156459020024205/0001564590-20-024205-index.htm,https://www.sec.gov/Archives/edgar/data/1116463/000156459020008195/osur-10k_20191231.htm
0,2019-12-31,OSUR,2020-03-02,2020-03-02 17:02:27,Q4,49668000,19829000,29839000,0.6007691068696143,6104000.0,19471000,7932000.0,477000.0,0.0,45404000,0.0,0.0,6641000.0,0.13370781992429734,4264000.0,0.09184988322461142,298000.0,4562000.0,0.09184988322461142,2124000.0,2438000.0,0.04908593057904486,0.04,0.04,61729000,62199000,https://www.sec.gov/Archives/edgar/data/1116463/000156459020008195/0001564590-20-008195-index.htm,https://www.sec.gov/Archives/edgar/data/1116463/000156459020008195/osur-10k_20191231.htm
0,2019-09-30,OSUR,2019-11-08,2019-11-08 16:07:18,Q3,35989000,14343000,21646000,0.6014615576981855,4619000.0,16511000,8955000.0,1195000.0,0.0,35473000,0.0,0.0,-10098000,-0.2805857345299953,516000.0,0.3958709605712857,13731000,14247000,0.3958709605712857,1169000.0,13078000,0.3633888132484926,0.21,0.21,61726000,62143000,https://www.sec.gov/Archives/edgar/data/1116463/000156459019042250/0001564590-19-042250-index.htm,https://www.sec.gov/Archives/edgar/data/1116463/000156459019042250/osur-10q_20190930.htm
0,2019-06-30,OSUR,2019-08-07,2019-08-07 16:31:42,Q2,38826000,13808000,25018000,0.6443620254468655,4535000.0,14949000,7687000.0,524000.0,0.0,33292000,0.0,0.0,7667000.0,0.19747076701179622,5534000.0,0.14961623654252304,275000.0,5809000.0,0.14961623654252304,1411000.0,4398000.0,0.11327460979755834,0.07,0.07,61709000,62128000,https://www.sec.gov/Archives/edgar/data/1116463/000156459019030124/0001564590-19-030124-index.htm,https://www.sec.gov/Archives/edgar/data/1116463/000156459019030124/osur-10q_20190630.htm
0,2019-03-31,OSUR,2019-05-09,2019-05-09 16:17:42,Q1,30122000,12042000,18080000,0.6002257486222694,4371000.0,16225000,7295000.0,524000.0,0.0,32638000,0.0,0.0,505000.0,0.016765155036186176,-2516000.0,-0.10912290020582963,-771000.0,-3287000.0,-0.10912290020582963,-29000.0,-3258000.0,-0.10816014872850409,-0.05,-0.05,61531000,61531000,https://www.sec.gov/Archives/edgar/data/1116463/000156459019018010/0001564590-19-018010-index.htm,https://www.sec.gov/Archives/edgar/data/1116463/000156459019005491/osur-10k_20181231.htm
0,2018-12-31,OSUR,2019-02-28,2019-02-28 16:31:47,Q4,50246000,15540000,34706000,0.6907216494845361,4059000.0,18135000,8377000.0,1629000.0,0.0,37734000,0.0,0.0,14146000,0.2815348485451578,12512000,0.28143533813636906,1629000.0,14141000,0.28143533813636906,3843000.0,10298000,0.20495163794132867,0.17,0.16,61268000,62511000,https://www.sec.gov/Archives/edgar/data/1116463/000156459019005491/0001564590-19-005491-index.htm,https://www.sec.gov/Archives/edgar/data/1116463/000156459019005491/osur-10k_20181231.htm
0,2018-09-30,OSUR,2018-11-08,2018-11-08 08:02:06,Q3,45885000,17340000,28545000,0.6220987250735535,3855000.0,13833000,7304000.0,510000.0,0.0,35028000,0.0,0.0,12699000,0.27675711016672117,10857000,0.24772801569140243,510000.0,11367000,0.24772801569140243,3271000.0,8096000.0,0.17644110275689223,0.13,0.13,61208000,62606000,https://www.sec.gov/Archives/edgar/data/1116463/000156459018028291/0001564590-18-028291-index.htm,https://www.sec.gov/Archives/edgar/data/1116463/000156459018028291/osur-10q_20180930.htm
0,2018-06-30,OSUR,2018-08-09,2018-08-09 16:06:51,Q2,43625000,17730000,25895000,0.5935816618911175,4261000.0,16076000,7429000.0,736000.0,0.0,38067000,0.0,0.0,7436000.0,0.17045272206303724,5558000.0,0.14427507163323783,736000.0,6294000.0,0.14427507163323783,2173000.0,4121000.0,0.09446418338108882,0.07,0.07,61100000,62244000,https://www.sec.gov/Archives/edgar/data/1116463/000156459018021034/0001564590-18-021034-index.htm,https://www.sec.gov/Archives/edgar/data/1116463/000156459018021034/osur-10q_20180630.htm
0,2018-03-31,OSUR,2018-05-09,2018-05-09 16:16:31,Q1,41987000,17520000,24467000,0.5827279872341439,4075000.0,20890000,7499000.0,412000.0,0.0,42485000,0.0,0.0,1370000.0,0.032629147116964775,-498000.0,-0.0020482530306999785,412000.0,-86000.0,-0.0020482530306999785,2033000.0,-2119000.0,-0.05046800200061924,-0.03,-0.03,60865000,60865000,https://www.sec.gov/Archives/edgar/data/1116463/000156459018012418/0001564590-18-012418-index.htm,https://www.sec.gov/Archives/edgar/data/1116463/000119312518064054/d519538d10k.htm
0,2017-12-31,OSUR,2018-02-28,2018-02-28 16:30:10,Q4,52028000,23503000,28525000,0.5482624740524333,3829000.0,14535000,6991000.0,118000.0,0.0,41867000,0.0,0.0,11974000,0.2301453063734912,10161000,0.19756669485661568,118000.0,10279000,0.19756669485661568,2963000.0,7316000.0,0.14061659106634888,0.12,0.12,60652000,62371000,https://www.sec.gov/Archives/edgar/data/1116463/000119312518064054/0001193125-18-064054-index.htm,https://www.sec.gov/Archives/edgar/data/1116463/000119312518064054/d519538d10k.htm
0,2017-09-30,OSUR,2017-11-09,2017-11-09 16:05:03,Q3,42314000,17670000,24644000,0.5824077137590395,3228000.0,14097000,7162000.0,113000.0,0.0,34995000,0.0,0.0,9017000.0,0.2130973200359219,7319000.0,0.17563926832726756,113000.0,7432000.0,0.17563926832726756,1669000.0,5763000.0,0.1361960580422555,0.1,0.09,60090000,62172000,https://www.sec.gov/Archives/edgar/data/1116463/000119312517338742/0001193125-17-338742-index.htm,https://www.sec.gov/Archives/edgar/data/1116463/000119312517338742/d480771d10q.htm
0,2017-06-30,OSUR,2017-08-09,2017-08-09 16:14:05,Q2,40176000,14699000,25477000,0.6341348068498606,3338000.0,15252000,7502000.0,96000.0,0.0,33289000,0.0,0.0,8370000.0,0.20833333333333334,6887000.0,0.17381023496614895,96000.0,6983000.0,0.17381023496614895,1555000.0,5428000.0,0.13510553564317004,0.09,0.09,58478000,60728000,https://www.sec.gov/Archives/edgar/data/1116463/000119312517252790/0001193125-17-252790-index.htm,https://www.sec.gov/Archives/edgar/data/1116463/000119312517252790/d435147d10q.htm
0,2017-03-31,OSUR,2017-05-09,2017-05-09 16:05:50,Q1,32546000,12236000,20310000,0.6240398205616665,2970000.0,13969000,6877000.0,467000.0,0.0,29175000,0.0,0.0,-7721000.0,-0.23723345418791864,3371000.0,0.5019971732317335,12967000,16338000,0.5019971732317335,3897000.0,12441000,0.38225895655380077,0.22,0.21,56929000,58772000,https://www.sec.gov/Archives/edgar/data/1116463/000119312517164160/0001193125-17-164160-index.htm,https://www.sec.gov/Archives/edgar/data/1116463/000119312517082033/d354040d10k.htm
0,2016-12-31,OSUR,2017-03-14,2017-03-14 16:10:41,Q4,35499000,11545000,23954000,0.6747795712555283,1207000.0,15674000,7121000.0,92000.0,0.0,28426000,0.0,0.0,8548000.0,0.24079551536663005,7073000.0,0.20183667145553397,92000.0,7165000.0,0.20183667145553397,-31000.0,7196000.0,0.2027099354911406,0.13,0.13,55811000,57232000,https://www.sec.gov/Archives/edgar/data/1116463/000119312517082033/0001193125-17-082033-index.htm,https://www.sec.gov/Archives/edgar/data/1116463/000119312517082033/d354040d10k.htm
0,2016-09-30,OSUR,2016-11-08,2016-11-08 16:09:28,Q3,32251000,9576000.0,22675000,0.7030789742953707,3196000.0,13335000,6428000.0,498000.0,0.0,26107000,0.0,0.0,7578000.0,0.2349694583113702,6144000.0,0.205947102415429,498000.0,6642000.0,0.205947102415429,400000.0,6242000.0,0.19354438622058232,0.11,0.11,55653000,56524000,https://www.sec.gov/Archives/edgar/data/1116463/000119312516762972/0001193125-16-762972-index.htm,https://www.sec.gov/Archives/edgar/data/1116463/000119312516762972/d281107d10q.htm
0,2016-06-30,OSUR,2016-08-08,2016-08-08 16:34:51,Q2,31359000,10274000,21085000,0.6723747568481138,2985000.0,13751000,7397000.0,-340000.0,0.0,27010000,0.0,0.0,5773000.0,0.18409388054466022,4349000.0,0.1278420868012373,-340000.0,4009000.0,0.1278420868012373,173000.0,3836000.0,0.12232532925157052,0.07,0.07,55543000,56208000,https://www.sec.gov/Archives/edgar/data/1116463/000119312516675198/0001193125-16-675198-index.htm,https://www.sec.gov/Archives/edgar/data/1116463/000119312516675198/d232650d10q.htm
0,2016-03-31,OSUR,2016-05-10,2016-05-10 16:08:36,Q1,29089000,8776000.0,20313000,0.6983052012788339,2366000.0,15248000,8706000.0,-192000.0,0.0,26390000,0.0,0.0,4053000.0,0.1393310185980955,2699000.0,0.0861837808106157,-192000.0,2507000.0,0.0861837808106157,61000.0,2446000.0,0.08408676819416275,0.04,0.04,55451000,56079000,https://www.sec.gov/Archives/edgar/data/1116463/000119312516585580/0001193125-16-585580-index.htm,https://www.sec.gov/Archives/edgar/data/1116463/000119312516503534/d111696d10k.htm
0,2015-12-31,OSUR,2016-03-14,2016-03-14 16:24:41,Q4,32382000,10452000,21930000,0.6772280896794516,2693000.0,15145000,8623000.0,379000.0,0.0,28290000,0.0,0.0,5529000.0,0.17074300537335557,4092000.0,0.13807053301216726,379000.0,4471000.0,0.13807053301216726,-145000.0,4616000.0,0.14254832931875733,0.08,0.08,56308000,56678000,https://www.sec.gov/Archives/edgar/data/1116463/000119312516503534/0001193125-16-503534-index.htm,https://www.sec.gov/Archives/edgar/data/1116463/000119312516503534/d111696d10k.htm
0,2015-09-30,OSUR,2015-11-06,2015-11-06 16:03:22,Q3,29861000,9192000.0,20669000,0.6921737383208868,2525000.0,16608000,9677000.0,81000.0,0.0,28325000,0.0,0.0,2946000.0,0.09865711128227454,1536000.0,0.05415089916613643,81000.0,1617000.0,0.05415089916613643,147000.0,1470000.0,0.04922809015103312,0.03,0.03,56482000,56692000,https://www.sec.gov/Archives/edgar/data/1116463/000119312515370144/0001193125-15-370144-index.htm,https://www.sec.gov/Archives/edgar/data/1116463/000119312515370144/d29397d10q.htm
0,2015-06-30,OSUR,2015-08-07,2015-08-07 16:37:32,Q2,30388000,9692000.0,20696000,0.6810583124917731,2996000.0,14979000,8904000.0,-95000.0,0.0,27667000,0.0,0.0,4161000.0,0.13692905094116098,2721000.0,0.08641569040410689,-95000.0,2626000.0,0.08641569040410689,658000.0,1968000.0,0.06476240621297881,0.03,0.03,56453000,56687000,https://www.sec.gov/Archives/edgar/data/1116463/000119312515283158/0001193125-15-283158-index.htm,https://www.sec.gov/Archives/edgar/data/1116463/000119312515283158/d24814d10q.htm
0,2015-03-31,OSUR,2015-05-08,2015-05-08 16:10:43,Q1,27088000,10090000,16998000,0.6275103366804489,3440000.0,13849000,7884000.0,409000.0,0.0,27379000,0.0,0.0,1118000.0,0.04127288836385115,-291000.0,0.0043561724748966335,409000.0,118000.0,0.0043561724748966335,5000.0,113000.0,0.004171588895451861,0.002006,0.001976,56343000,57173000,https://www.sec.gov/Archives/edgar/data/1116463/000119312515179570/0001193125-15-179570-index.htm,https://www.sec.gov/Archives/edgar/data/1116463/000119312515089338/d846888d10k.htm
0,2014-12-31,OSUR,2015-03-12,2015-03-12 16:38:00,Q4,28681000,10705000,17976000,0.6267563892472369,3816000.0,16723000,10290000,287000.0,0.0,31244000,0.0,0.0,5043000.0,0.17583068930650952,-2563000.0,-0.07935567100170844,287000.0,-2276000.0,-0.07935567100170844,376000.0,-2652000.0,-0.09246539520937205,-0.05,-0.05,56105000,56105000,https://www.sec.gov/Archives/edgar/data/1116463/000119312515089338/0001193125-15-089338-index.htm,https://www.sec.gov/Archives/edgar/data/1116463/000119312515089338/d846888d10k.htm
0,2014-09-30,OSUR,2014-11-07,2014-11-07 16:13:28,Q3,27845000,9140000.0,18705000,0.6717543544622014,2990000.0,14833000,9216000.0,268000.0,0.0,26963000,0.0,0.0,2506000.0,0.08999820434548393,882000.0,0.041300053869635485,268000.0,1150000.0,0.041300053869635485,10000.0,1140000.0,0.04094092296642126,0.02,0.02,56018000,56666000,https://www.sec.gov/Archives/edgar/data/1116463/000119312514403358/0001193125-14-403358-index.htm,https://www.sec.gov/Archives/edgar/data/1116463/000119312514403358/d811738d10q.htm
0,2014-06-30,OSUR,2014-08-06,2014-08-06 16:32:25,Q2,26401000,10385000,16016000,0.6066436877391008,2771000.0,16248000,10272000,-142000.0,0.0,29404000,0.0,0.0,-6934000.0,-0.26264156660732546,-3003000.0,0.08920116662247642,5358000.0,2355000.0,0.08920116662247642,-174000.0,2529000.0,0.09579182606719443,0.05,0.04,55907000,57243000,https://www.sec.gov/Archives/edgar/data/1116463/000119312514298314/0001193125-14-298314-index.htm,https://www.sec.gov/Archives/edgar/data/1116463/000119312514298314/d747214d10q.htm
0,2014-03-31,OSUR,2014-05-08,2014-05-08 07:04:52,Q1,23537000,9610000.0,13927000,0.5917066745974423,2481000.0,17064000,11340000,118000.0,0.0,29155000,0.0,0.0,-4079000.0,-0.1733016102307006,-5618000.0,-0.23367463992862303,118000.0,-5500000.0,-0.23367463992862303,131000.0,-5631000.0,-0.23924034498874114,-0.1,-0.1,55762000,55762000,https://www.sec.gov/Archives/edgar/data/1116463/000119312514188620/0001193125-14-188620-index.htm,https://www.sec.gov/Archives/edgar/data/1116463/000119312514098958/d654506d10k.htm
0,2013-12-31,OSUR,2014-03-14,2014-03-14 09:09:24,Q4,28768000,11640000,17128000,0.5953837597330367,2212000.0,17153000,11241000,164000.0,0.0,31005000,0.0,0.0,7933000.0,0.27575778642936594,-2237000.0,0.21645578420467185,8464000.0,6227000.0,0.21645578420467185,14000.0,6213000.0,0.2159691323692992,0.11,0.11,55616000,56176000,https://www.sec.gov/Archives/edgar/data/1116463/000119312514098958/0001193125-14-098958-index.htm,https://www.sec.gov/Archives/edgar/data/1116463/000119312514098958/d654506d10k.htm
0,2013-09-30,OSUR,2013-11-07,2013-11-07 07:59:22,Q3,24671000,9738000.0,14933000,0.6052855579425236,2670000.0,14323000,8981000.0,41000.0,0.0,26731000,0.0,0.0,-394000.0,-0.015970167403023792,-2060000.0,-0.08183697458554579,41000.0,-2019000.0,-0.08183697458554579,-127000.0,-1892000.0,-0.07668923027035791,-0.03,-0.03,55592000,55592000,https://www.sec.gov/Archives/edgar/data/1116463/000119312513431559/0001193125-13-431559-index.htm,https://www.sec.gov/Archives/edgar/data/1116463/000119312513431559/d608237d10q.htm
0,2013-06-30,OSUR,2013-08-08,2013-08-08 08:22:15,Q2,24337000,9838000.0,14499000,0.5957595430825492,2693000.0,17382000,12369000,42000.0,0.0,29913000,0.0,0.0,-3915000.0,-0.16086617085096766,-5576000.0,-0.22739039322841764,42000.0,-5534000.0,-0.22739039322841764,-249000.0,-5285000.0,-0.21715905822410322,-0.1,-0.1,55559000,55559000,https://www.sec.gov/Archives/edgar/data/1116463/000119312513325636/0001193125-13-325636-index.htm,https://www.sec.gov/Archives/edgar/data/1116463/000119312513325636/d565368d10q.htm
0,2013-03-31,OSUR,2013-05-09,2013-05-09 16:19:42,Q1,21164000,9135000.0,12029000,0.5683708183708184,3357000.0,19261000,13874000,-47000.0,0.0,31753000,0.0,0.0,-9034000.0,-0.42685692685692683,-10589000,-0.5025515025515026,-47000.0,-10636000,-0.5025515025515026,-410000.0,-10226000,-0.48317898317898317,-0.18,-0.18,55449000,55449000,https://www.sec.gov/Archives/edgar/data/1116463/000119312513211069/0001193125-13-211069-index.htm,https://www.sec.gov/Archives/edgar/data/1116463/000119312513105190/d444996d10k.htm
0,2012-12-31,OSUR,2013-03-13,2013-03-13 16:07:54,Q4,22144609,8893264.0,13251345,0.5984004955788562,2894345.0,16507466,11596818,25000.0,0.0,28295075,337.0,0.0,-4328910.0,-0.19548369537705543,-6150466.0,-0.27655213962007635,37104.0,-6124139.0,-0.27655213962007635,-258574.0,-5865565.0,-0.2648755279445214,-0.11,-0.11,55224000,55224000,https://www.sec.gov/Archives/edgar/data/1116463/000119312513105190/0001193125-13-105190-index.htm,https://www.sec.gov/Archives/edgar/data/1116463/000119312513105190/d444996d10k.htm
0,2012-09-30,OSUR,2012-11-09,2012-11-09 16:31:26,Q3,22115322,8226922.0,13888400,0.6279989954475906,2993839.0,13822656,8602488.0,0.0,0.0,25043417,22592.0,0.0,-1082043.0,-0.04892730026720841,-2928095.0,-0.1339536001329757,-16740.0,-2962427.0,-0.1339536001329757,-526997.0,-2435430.0,-0.11012410309919973,-0.04,-0.04,54441000,54441000,https://www.sec.gov/Archives/edgar/data/1116463/000119312512463416/0001193125-12-463416-index.htm,https://www.sec.gov/Archives/edgar/data/1116463/000119312512463416/d398478d10q.htm
0,2012-06-30,OSUR,2012-08-08,2012-08-08 16:31:09,Q2,22615636,7916770.0,14698866,0.6499426326104647,3112439.0,15126187,9014173.0,0.0,0.0,26155396,74299.0,0.0,-1731908.0,-0.07658011474892858,-3539760.0,-0.16152139166017707,-41683.0,-3652909.0,-0.16152139166017707,-90574.0,-3562335.0,-0.15751646338842737,-0.07,-0.07,48235000,48235000,https://www.sec.gov/Archives/edgar/data/1116463/000119312512344130/0001193125-12-344130-index.htm,https://www.sec.gov/Archives/edgar/data/1116463/000119312512344130/d344867d10q.htm
0,2012-03-31,OSUR,2012-05-09,2012-05-09 16:08:44,Q1,20944433,7212044.0,13732389,0.6556581885028828,3444377.0,13939691,7873521.0,0.0,0.0,24596112,74772.0,0.0,-1840035.0,-0.08785317797812908,-3651679.0,-0.18012065545054382,-48681.0,-3772525.0,-0.18012065545054382,-520855.0,-3251670.0,-0.1552522333738994,-0.07,-0.07,47807000,47807000,https://www.sec.gov/Archives/edgar/data/1116463/000119312512222015/0001193125-12-222015-index.htm,https://www.sec.gov/Archives/edgar/data/1116463/000119312512114853/d279006d10k.htm
0,2011-12-31,OSUR,2012-03-14,2012-03-14 16:12:38,Q4,23690108,9094005.0,14596103,0.6161264862110379,3296957.0,11579370,6357343.0,0.0,0.0,23970332,73465.0,0.0,1603527.0,0.06768761881541444,-280224.0,-0.018504896642936367,-88056.0,-438383.0,-0.018504896642936367,-553642.0,115259.0,0.004865279634858566,0.0,0.0,0.0,0.0,https://www.sec.gov/Archives/edgar/data/1116463/000119312512114853/0001193125-12-114853-index.htm,https://www.sec.gov/Archives/edgar/data/1116463/000119312512114853/d279006d10k.htm
0,2011-09-30,OSUR,2011-11-09,2011-11-09 16:09:31,Q3,21713902,8120148.0,13593754,0.6260392075086274,5546435.0,12252298,5742248.0,0.0,0.0,25918881,85105.0,0.0,-2874942.0,-0.13240098440160594,-4204979.0,-0.19502174229210392,52193.0,-4234683.0,-0.19502174229210392,-315308.0,-3919375.0,-0.18050072253250476,-0.08,-0.08,47028000,47028000,https://www.sec.gov/Archives/edgar/data/1116463/000119312511304542/0001193125-11-304542-index.htm,https://www.sec.gov/Archives/edgar/data/1116463/000119312511304542/d242403d10q.htm
0,2011-06-30,OSUR,2011-08-05,2011-08-05 16:09:36,Q2,19063560,6802596.0,12260964,0.6431623474314346,5142987.0,9477357.0,5351841.0,0.0,0.0,21422940,79556.0,0.0,-1486029.0,-0.07795128506952531,-2359380.0,-0.12790895299723662,-17939.0,-2438400.0,-0.12790895299723662,0.0,-2438400.0,-0.12790895299723662,-0.05,-0.05,46814000,46814000,https://www.sec.gov/Archives/edgar/data/1116463/000119312511212324/0001193125-11-212324-index.htm,https://www.sec.gov/Archives/edgar/data/1116463/000119312511212324/d10q.htm
0,2011-03-31,OSUR,2011-05-04,2011-05-04 17:13:42,Q1,17413728,6146897.0,11266831,0.6470085555488175,4420240.0,9399487.0,4931876.0,0.0,0.0,19966624,78187.0,0.0,-1684872.0,-0.09675538747360703,-2552896.0,-0.14919855185518,-5965.0,-2598103.0,-0.14919855185518,0.0,-2598103.0,-0.14919855185518,-0.06,-0.06,46517531,46517531,https://www.sec.gov/Archives/edgar/data/1116463/000119312511126328/0001193125-11-126328-index.htm,https://www.sec.gov/Archives/edgar/data/1116463/000119312511062311/d10k.htm
0,2010-12-31,OSUR,2011-03-10,2011-03-10 16:14:19,Q4,18817366,6853461.0,11963905,0.6357906308459962,4048125.0,8847621.0,4829701.0,0.0,0.0,19749207,84873.0,0.0,-7885.0,-0.0004190278278054431,-931841.0,-0.054349742679182626,-18479.0,-1022719.0,-0.054349742679182626,0.0,-1022719.0,-0.054349742679182626,0.0,0.0,0.0,0.0,https://www.sec.gov/Archives/edgar/data/1116463/000119312511062311/0001193125-11-062311-index.htm,https://www.sec.gov/Archives/edgar/data/1116463/000119312511062311/d10k.htm
0,2010-09-30,OSUR,2010-11-09,2010-11-09 17:12:28,Q3,19034110,7220383.0,11813727,0.6206608556953805,3008359.0,8516618.0,4593270.0,0.0,0.0,18745360,77562.0,0.0,1107331.0,0.05817613747109794,288750.0,0.014392792728422815,14301.0,273954.0,0.014392792728422815,0.0,273954.0,0.014392792728422815,0.01,0.01,46213539,46566386,https://www.sec.gov/Archives/edgar/data/1116463/000119312510254381/0001193125-10-254381-index.htm,https://www.sec.gov/Archives/edgar/data/1116463/000119312510254381/d10q.htm
0,2010-06-30,OSUR,2010-08-05,2010-08-05 09:00:58,Q2,19217836,7040201.0,12177635,0.6336631762285827,3028658.0,9684293.0,5610352.0,0.0,0.0,19753152,77955.0,0.0,194520.0,0.010121847225670987,-535316.0,-0.02876525744105632,11763.0,-552806.0,-0.02876525744105632,0.0,-552806.0,-0.02876525744105632,-0.01,-0.01,46202000,46202000,https://www.sec.gov/Archives/edgar/data/1116463/000119312510178385/0001193125-10-178385-index.htm,https://www.sec.gov/Archives/edgar/data/1116463/000119312510178385/d10q.htm
0,2010-03-31,OSUR,2010-05-06,2010-05-06 08:32:35,Q1,17945524,6541462.0,11404062,0.6354822517302922,3106775.0,10472987,5694344.0,0.0,0.0,20121224,75795.0,0.0,-1484046.0,-0.08269727871975206,-2175700.0,-0.12233546370671594,14005.0,-2195374.0,-0.12233546370671594,0.0,-2195374.0,-0.12233546370671594,-0.05,-0.05,46112000,46112000,https://www.sec.gov/Archives/edgar/data/1116463/000119312510109932/0001193125-10-109932-index.htm,https://www.sec.gov/Archives/edgar/data/1116463/000119312510057039/d10k.htm
0,2009-12-31,OSUR,2010-03-15,2010-03-15 16:19:00,Q4,20886897,8512143.0,12374754,0.5924649314831207,4660978.0,11117084,5684395.0,0.0,0.0,24290205,91349.0,0.0,-2667518.0,-0.12771250799005712,-3403308.0,-0.1655155382822063,-7902.0,-3457106.0,-0.1655155382822063,-622284.0,-2834822.0,-0.13572250583703266,0.0,0.0,0.0,0.0,https://www.sec.gov/Archives/edgar/data/1116463/000119312510057039/0001193125-10-057039-index.htm,https://www.sec.gov/Archives/edgar/data/1116463/000119312510057039/d10k.htm
0,2009-09-30,OSUR,2009-11-05,2009-11-04 18:06:15,Q3,21609317,7705653.0,13903664,0.6434106177441887,2925242.0,9202617.0,5227933.0,0.0,0.0,19833512,89890.0,0.0,2580581.0,0.119419831732766,1775805.0,0.08326695378664675,-4508.0,1799342.0,0.08326695378664675,0.0,1799342.0,0.08326695378664675,0.04,0.04,45879576,46024101,https://www.sec.gov/Archives/edgar/data/1116463/000119312509224061/0001193125-09-224061-index.htm,https://www.sec.gov/Archives/edgar/data/1116463/000119312509224061/d10q.htm
0,2009-06-30,OSUR,2009-08-06,2009-08-06 09:14:32,Q2,17273561,7393657.0,9879904.0,0.5719668341692833,2432640.0,9723711.0,5289032.0,0.0,0.0,19550008,90285.0,0.0,-1215031.0,-0.07034050477489848,-2276447.0,-0.2987045925272733,-3029584.0,-5159692.0,-0.2987045925272733,0.0,-5159692.0,-0.2987045925272733,-0.11,-0.11,45870720,45870720,https://www.sec.gov/Archives/edgar/data/1116463/000119312509166490/0001193125-09-166490-index.htm,https://www.sec.gov/Archives/edgar/data/1116463/000119312509166490/d10q.htm
0,2009-03-31,OSUR,2009-05-07,2009-05-07 16:45:45,Q1,17256451,6284379.0,10972072,0.6358243650447013,3352498.0,9479816.0,5022765.0,0.0,0.0,19116693,89664.0,0.0,-676880.0,-0.03922475136979209,-1860242.0,-0.0937597771407342,-3425.0,-1617961.0,-0.0937597771407342,0.0,-1617961.0,-0.0937597771407342,-0.04,-0.04,45837606,45837606,https://www.sec.gov/Archives/edgar/data/1116463/000119312509103487/0001193125-09-103487-index.htm,https://www.sec.gov/Archives/edgar/data/1116463/000119312509049845/d10k.htm
0,2008-12-31,OSUR,2009-03-10,2009-03-10 17:02:07,Q4,17209268,7582658.0,9626610.0,0.5593852103413114,5391673.0,10406038,0.0,0.0,0.0,23380369,0.0,0.0,-4933596.0,-0.28668250154509767,-6171101.0,-0.32920092824401365,26978.0,-5665307.0,-0.32920092824401365,23606786,-29272093,-1.7009493372989484,0.0,0.0,0.0,0.0,https://www.sec.gov/Archives/edgar/data/1116463/000119312509049845/0001193125-09-049845-index.htm,https://www.sec.gov/Archives/edgar/data/1116463/000119312509049845/d10k.htm
0,2008-09-30,OSUR,2008-11-06,2008-11-06 16:03:59,Q3,16860182,7144718.0,9715464.0,0.5762371960160335,4166646.0,8889004.0,0.0,0.0,0.0,20200368,0.0,0.0,-2621083.0,-0.15545994699226853,-3340186.0,-0.16327421613835486,16230.0,-2752833.0,-0.16327421613835486,-991181.0,-1761652.0,-0.10448594208532269,-0.04,-0.04,46691600,46691600,https://www.sec.gov/Archives/edgar/data/1116463/000119312508227905/0001193125-08-227905-index.htm,https://www.sec.gov/Archives/edgar/data/1116463/000119312508227905/d10q.htm
0,2008-06-30,OSUR,2008-08-06,2008-08-06 16:30:19,Q2,18946198,7802893.0,11143305,0.5881552066541266,6099501.0,8851813.0,0.0,0.0,0.0,22754207,0.0,0.0,-3105504.0,-0.16391172519151337,-3808009.0,-0.16170991140280494,-6344.0,-3063788.0,-0.16170991140280494,-820494.0,-2243294.0,-0.11840338626251029,-0.05,-0.05,46847027,46847027,https://www.sec.gov/Archives/edgar/data/1116463/000119312508168297/0001193125-08-168297-index.htm,https://www.sec.gov/Archives/edgar/data/1116463/000119312508168297/d10q.htm
0,2008-03-31,OSUR,2008-05-07,2008-05-07 16:24:09,Q1,18088819,7445851.0,10642968,0.5883727400887808,4597631.0,9056770.0,0.0,0.0,0.0,21100252,0.0,0.0,-7131454.0,-0.39424652322520337,-3011433.0,0.15114087879369018,4810714.0,2733960.0,0.15114087879369018,732223.0,2001737.0,0.11066156391967878,0.04,0.04,46783527,47267643,https://www.sec.gov/Archives/edgar/data/1116463/000119312508105918/0001193125-08-105918-index.htm,https://www.sec.gov/Archives/edgar/data/1116463/000119312508054266/d10k.htm
0,2007-12-31,OSUR,2008-03-12,2008-03-12 16:59:40,Q4,19809102,8281148.0,11527954,0.5819523772455713,4239640.0,8730853.0,0.0,0.0,0.0,21251641,0.0,0.0,-605341.0,-0.030558730022188788,-1442539.0,-0.018824326312217483,-97935.0,-372893.0,-0.018824326312217483,-400195.0,27302.0,0.001378255309099827,0.0,0.0,0.0,0.0,https://www.sec.gov/Archives/edgar/data/1116463/000119312508054266/0001193125-08-054266-index.htm,https://www.sec.gov/Archives/edgar/data/1116463/000119312508054266/d10k.htm
0,2007-09-30,OSUR,2007-11-02,2007-11-02 17:12:30,Q3,21415331,8647522.0,12767809,0.596199470370082,3672087.0,10053465,0.0,0.0,0.0,22373074,0.0,0.0,-292139.0,-0.013641582285139557,-957743.0,0.005961943805584887,9752.0,127677.0,0.005961943805584887,123618.0,4059.0,0.0001895371124546242,0.0,0.0,46340646,46988171,https://www.sec.gov/Archives/edgar/data/1116463/000119312507233934/0001193125-07-233934-index.htm,https://www.sec.gov/Archives/edgar/data/1116463/000119312507233934/d10q.htm
0,2007-06-30,OSUR,2007-08-03,2007-08-03 16:15:18,Q2,21352368,7889704.0,13462664,0.6304998115431506,3304408.0,9573888.0,0.0,0.0,0.0,20768000,0.0,0.0,1257964.0,0.0589144960409075,584368.0,0.07276490363972746,-7916.0,1553703.0,0.07276490363972746,599148.0,954555.0,0.044704877697874075,0.02,0.02,46215245,46628756,https://www.sec.gov/Archives/edgar/data/1116463/000119312507170683/0001193125-07-170683-index.htm,https://www.sec.gov/Archives/edgar/data/1116463/000119312507170683/d10q.htm
0,2007-03-31,OSUR,2007-05-10,2007-05-10 16:00:00,Q1,20109075,7584420.0,12524655,0.6228359583919201,2919884.0,9008094.0,0.0,0.0,0.0,19512398,0.0,0.0,-166966.0,-0.008303017418752478,596677.0,0.1484547648263284,1419343.0,2985288.0,0.1484547648263284,1498765.0,1486523.0,0.07392299247976349,0.03,0.03,46114260,46553920,https://www.sec.gov/Archives/edgar/data/1116463/000119312507110176/0001193125-07-110176-index.htm,https://www.sec.gov/Archives/edgar/data/1116463/000119312507057268/d10k.htm
0,2006-12-31,OSUR,2007-03-16,2007-03-16 17:15:41,Q4,17733866,6240021.0,11493845,0.6481296858789843,3497702.0,7802021.0,0.0,0.0,0.0,17539744,0.0,0.0,105872.0,0.005970046238084803,194122.0,0.10071740702224771,571116.0,1786109.0,0.10071740702224771,760971.0,1025138.0,0.05780679745747487,0.0,0.0,0.0,0.0,https://www.sec.gov/Archives/edgar/data/1116463/000119312507057268/0001193125-07-057268-index.htm,https://www.sec.gov/Archives/edgar/data/1116463/000119312507057268/d10k.htm
0,2006-09-30,OSUR,2006-11-09,2006-11-09 16:28:37,Q3,17639315,6365346.0,11273969,0.6391387080507378,1752519.0,7042184.0,0.0,0.0,0.0,15160049,0.0,0.0,3033689.0,0.17198451300404807,2479266.0,0.1927113949719703,-9899.0,3399297.0,0.1927113949719703,1264751.0,2134546.0,0.12101070818226219,0.05,0.05,45922110,47247439,https://www.sec.gov/Archives/edgar/data/1116463/000119312506230425/0001193125-06-230425-index.htm,https://www.sec.gov/Archives/edgar/data/1116463/000119312506230425/d10q.htm
0,2006-06-30,OSUR,2006-08-09,2006-08-09 17:07:52,Q2,17564414,6532836.0,11031578,0.6280641073479594,1748495.0,7380156.0,0.0,0.0,0.0,15661487,0.0,0.0,2989356.0,0.1701938931751438,1902927.0,0.12520389237010696,-637355.0,2199133.0,0.12520389237010696,990907.0,1208226.0,0.06878828977727353,0.03,0.03,45902299,47821805,https://www.sec.gov/Archives/edgar/data/1116463/000119312506167946/0001193125-06-167946-index.htm,https://www.sec.gov/Archives/edgar/data/1116463/000119312506167946/d10q.htm
0,2006-03-31,OSUR,2006-05-10,2006-05-10 12:05:41,Q1,15217325,5617992.0,9599333.0,0.6308160599842614,1648766.0,7064219.0,0.0,0.0,0.0,14330977,0.0,0.0,1351412.0,0.08880746123250965,886348.0,0.11019768586134554,-18253.0,1676914.0,0.11019768586134554,777275.0,899639.0,0.059119391877350325,0.02,0.018717,45839732,48066154,https://www.sec.gov/Archives/edgar/data/1116463/000119312506107027/0001193125-06-107027-index.htm,https://www.sec.gov/Archives/edgar/data/1116463/000119312506053910/d10k.htm
0,2005-12-31,OSUR,2006-03-15,2006-03-14 18:46:05,Q4,18030928,7200926.0,10830002,0.6006347537963659,1518549.0,7129447.0,0.0,0.0,0.0,15848922,0.0,0.0,2701777.0,0.14984126163667227,2182006.0,0.1612109482107632,18318.0,2906783.0,0.1612109482107632,0.0,20635972,1.1444764240642522,0.0,0.0,0.0,0.0,https://www.sec.gov/Archives/edgar/data/1116463/000119312506053910/0001193125-06-053910-index.htm,https://www.sec.gov/Archives/edgar/data/1116463/000119312506053910/d10k.htm
0,2005-09-30,OSUR,2005-11-09,2005-11-09 16:21:50,Q3,18076792,6432218.0,11644574,0.6441725943408543,1297900.0,7133044.0,0.0,0.0,0.0,14863162,0.0,0.0,3795027.0,0.20993918611222612,3213630.0,0.21066243390973355,-1259.0,3808101.0,0.21066243390973355,0.0,3808101.0,0.21066243390973355,0.08,0.08,45372065,46676379,https://www.sec.gov/Archives/edgar/data/1116463/000119312505221579/0001193125-05-221579-index.htm,https://www.sec.gov/Archives/edgar/data/1116463/000119312505221579/d10q.htm
0,2005-06-30,OSUR,2005-08-05,2005-08-05 13:07:21,Q2,17430182,7970140.0,9460042.0,0.5427391406469536,1254100.0,7243937.0,0.0,0.0,0.0,16468177,0.0,0.0,1520963.0,0.08726030514196581,962005.0,0.08276884314805204,39162.0,1442676.0,0.08276884314805204,0.0,1442676.0,0.08276884314805204,0.03,0.03,44783546,45871551,https://www.sec.gov/Archives/edgar/data/1116463/000119312505158857/0001193125-05-158857-index.htm,https://www.sec.gov/Archives/edgar/data/1116463/000119312505158857/d10q.htm
0,2005-03-31,OSUR,2005-05-05,2005-05-05 16:07:46,Q1,15828289,6370622.0,9457667.0,0.597516699372876,1198534.0,7044060.0,0.0,0.0,0.0,14613216,0.0,0.0,1844059.0,0.11650400115893765,1215073.0,0.0986422474343247,1528.0,1561338.0,0.0986422474343247,0.0,1561338.0,0.0986422474343247,0.03,0.03,44644729,45045555,https://www.sec.gov/Archives/edgar/data/1116463/000119312505097449/0001193125-05-097449-index.htm,https://www.sec.gov/Archives/edgar/data/1116463/000119312505051144/d10k.htm
0,2004-12-31,OSUR,2005-03-15,2005-03-15 16:45:46,Q4,14208931,5706174.0,8502757.0,0.59840933846466,1316583.0,7685762.0,0.0,0.0,0.0,14708519,0.0,0.0,212172.0,0.014932298566303123,-499588.0,-0.01829328328781384,-49421.0,-259928.0,-0.01829328328781384,0.0,-245480.0,-0.017276458024885897,0.0,0.0,0.0,0.0,https://www.sec.gov/Archives/edgar/data/1116463/000119312505051144/0001193125-05-051144-index.htm,https://www.sec.gov/Archives/edgar/data/1116463/000119312505051144/d10k.htm
0,2004-09-30,OSUR,2004-11-02,2004-11-02 17:17:27,Q3,14176012,5721750.0,8454262.0,0.5963780222533671,1464918.0,7470094.0,0.0,0.0,0.0,14656762,0.0,0.0,144799.0,0.010214367764361373,-480750.0,-0.020392688719507293,-5057.0,-289087.0,-0.020392688719507293,4987.0,-294074.0,-0.02074448018243777,-0.01,-0.01,44538745,44538745,https://www.sec.gov/Archives/edgar/data/1116463/000119312504183881/0001193125-04-183881-index.htm,https://www.sec.gov/Archives/edgar/data/1116463/000119312504183881/d10q.htm
0,2004-06-30,OSUR,2004-08-04,2004-08-03 18:23:58,Q2,13214713,5524736.0,7689977.0,0.581925388769321,1513617.0,6226939.0,0.0,0.0,0.0,13265292,0.0,0.0,548599.0,0.041514257630869474,-50579.0,0.011130548200327923,7625.0,147087.0,0.011130548200327923,4961.0,142126.0,0.010755133312392029,0.0,0.0,44465017,45334105,https://www.sec.gov/Archives/edgar/data/1116463/000119312504130362/0001193125-04-130362-index.htm,https://www.sec.gov/Archives/edgar/data/1116463/000119312504130362/d10q.htm
0,2004-03-31,OSUR,2004-05-07,2004-05-07 16:23:11,Q1,12408608,5190530.0,7218078.0,0.5816992526478393,1767157.0,5776688.0,0.0,0.0,0.0,12734375,0.0,0.0,278013.0,0.022404849923536953,-325767.0,-0.01271004773460488,-6293.0,-157714.0,-0.01271004773460488,4500.0,-162214.0,-0.013072699210096734,0.0,0.0,44270845,44270845,https://www.sec.gov/Archives/edgar/data/1116463/000119312504082126/0001193125-04-082126-index.htm,https://www.sec.gov/Archives/edgar/data/1116463/000119312504034555/d10k.htm
0,2003-12-31,OSUR,2004-03-04,2004-03-04 14:56:43,Q4,11880520,4658434.0,7222086.0,0.6078930888546966,1777755.0,5065542.0,0.0,0.0,0.0,11501731,0.0,0.0,1105782.0,0.09307521892981116,378789.0,0.037324208031298295,-64218.0,443431.0,0.037324208031298295,8473.0,434958.0,0.036611023759902765,0.0,0.0,0.0,0.0,https://www.sec.gov/Archives/edgar/data/1116463/000119312504034555/0001193125-04-034555-index.htm,https://www.sec.gov/Archives/edgar/data/1116463/000119312504034555/d10k.htm
0,2003-09-30,OSUR,2003-10-31,2003-10-31 12:13:00,Q3,10331271,4002032.0,6329239.0,0.6126292689447407,2201946.0,4114818.0,0.0,0.0,0.0,10318796,0.0,0.0,648015.0,0.06272364745828465,12475.0,0.005351906846698727,8977.0,55292.0,0.005351906846698727,2674.0,52618.0,0.005093080996520176,0.0,0.0,38665545,39777279,https://www.sec.gov/Archives/edgar/data/1116463/000119312503070675/0001193125-03-070675-index.htm,https://www.sec.gov/Archives/edgar/data/1116463/000119312503070675/d10q.htm
0,2003-06-30,OSUR,2003-07-31,2003-07-31 14:25:18,Q2,9628858.0,3820875.0,5807983.0,0.6031850298342752,1965275.0,4394766.0,0.0,0.0,0.0,10180916,0.0,0.0,94396.0,0.009803447096218472,-552058.0,-0.053972028666327825,-3796.0,-519689.0,-0.053972028666327825,10564.0,-530253.0,-0.055069147348522536,-0.01,-0.01,38412351,38412351,https://www.sec.gov/Archives/edgar/data/1116463/000119312503027022/0001193125-03-027022-index.htm,https://www.sec.gov/Archives/edgar/data/1116463/000119312503027022/d10q.htm
0,2003-03-31,OSUR,2003-05-15,2003-05-15 10:37:08,Q1,8610636.0,3580116.0,5030520.0,0.5842216533134138,2054711.0,4100758.0,0.0,0.0,0.0,9735585.0,0.0,0.0,-498102.0,-0.057847294903651716,-1124949.0,-0.1263531520784295,0.0,-1087981.0,-0.1263531520784295,4879.0,-1092860.0,-0.12691977688988362,-0.03,-0.03,38248521,38248521,https://www.sec.gov/Archives/edgar/data/1116463/000095010903003170/0000950109-03-003170-index.htm,https://www.sec.gov/Archives/edgar/data/1116463/000095010903003170/d10q.htm
0,2002-12-31,OSUR,2003-03-31 00:00:00,2003-03-31 14:04:26,Q4,8247728.0,3444353.0,4803375.0,0.5823876587588728,1753598.0,3172968.0,0.0,0.0,0.0,8370919.0,0.0,0.0,523634.0,0.06348827216416449,-123191.0,-0.009917397857931299,0.0,-81796.0,-0.009917397857931299,0.0,-81796.0,-0.009917397857931299,0.0,0.0,0.0,0.0,https://www.sec.gov/Archives/edgar/data/1116463/000095010903001919/0000950109-03-001919-index.html,https://www.sec.gov/Archives/edgar/data/1116463/000095010903001919/d10k.htm
0,2002-09-30,OSUR,2002-11-13 00:00:00,2002-11-13 10:36:59,Q3,8106533.0,3349522.0,4757011.0,0.5868120193922606,1890266.0,3268037.0,0.0,0.0,0.0,8507825.0,0.0,0.0,156385.0,0.01929123091215443,-401292.0,-0.047720030252143546,-2271.0,-386844.0,-0.047720030252143546,0.0,-386844.0,-0.047720030252143546,-0.01,-0.01,37536302,37536302,https://www.sec.gov/Archives/edgar/data/1116463/000102140802013812/0001021408-02-013812-index.html,https://www.sec.gov/Archives/edgar/data/1116463/000102140802013812/d10q.txt
0,2002-06-30,OSUR,2002-07-31 00:00:00,2002-07-31 16:44:12,Q2,7930032.0,3200451.0,4729581.0,0.5964138606250264,2210224.0,3873905.0,0.0,0.0,0.0,9284580.0,0.0,0.0,-868232.0,-0.1094865695371721,-1354548.0,-0.161554959677338,1759.0,-1281136.0,-0.161554959677338,0.0,-1281136.0,-0.161554959677338,-0.03,-0.03,37493741,37493741,https://www.sec.gov/Archives/edgar/data/1116463/000093066102002587/0000930661-02-002587-index.html,https://www.sec.gov/Archives/edgar/data/1116463/000093066102002587/d10q.txt
0,2002-03-31,OSUR,2002-05-10 00:00:00,2002-05-10 12:53:58,Q1,7725474.0,2894230.0,4831244.0,0.6253653821111818,2420263.0,4072482.0,0.0,0.0,0.0,9386975.0,0.0,0.0,-1172443.0,-0.1517632445594924,-1661501.0,-0.20616171900908603,-182.0,-1592697.0,-0.20616171900908603,0.0,-1592697.0,-0.20616171900908603,-0.04,-0.04,37434075,37434075,https://www.sec.gov/Archives/edgar/data/1116463/000093066102001568/0000930661-02-001568-index.html,https://www.sec.gov/Archives/edgar/data/1116463/000093066102001568/d10q.txt
0,2001-12-31,OSUR,2002-03-29 00:00:00,2002-03-29 00:00:00,Q4,8062870.0,3753943.0,4308927.0,0.5344160330006561,2551257.0,4250173.0,0.0,0.0,0.0,10105373,0.0,0.0,-1577199.0,-0.1956126044448193,-2042503.0,-0.2845719948355858,100211.0,-2294467.0,-0.2845719948355858,8044.0,-2302511.0,-0.285569654477872,0.0,0.0,0.0,0.0,https://www.sec.gov/Archives/edgar/data/1116463/000093066102000960/0000930661-02-000960-index.html,https://www.sec.gov/Archives/edgar/data/1116463/000093066102000960/d10k.txt
0,2001-09-30,OSUR,2001-11-14 00:00:00,2001-11-14 00:00:00,Q3,8598654.0,2872753.0,5725901.0,0.6659066639964814,2247975.0,3488898.0,0.0,0.0,0.0,8609626.0,0.0,0.0,604841.0,0.07034135807767122,-10972.0,0.0016815422506824905,-114819.0,14459.0,0.0016815422506824905,-1199.0,15658.0,0.0018209826793821452,0.0,0.0,37057079,39009095,https://www.sec.gov/Archives/edgar/data/1116463/000089291701500058/0000892917-01-500058-index.html,https://www.sec.gov/Archives/edgar/data/1116463/000089291701500058/ost10-qbody.txt
0,2001-06-30,OSUR,2001-08-14 00:00:00,2001-08-14 00:00:00,Q2,8507796.0,3013355.0,5494441.0,0.6458124995004582,2423422.0,3667879.0,0.0,0.0,0.0,9104656.0,0.0,0.0,-188684.0,-0.022177776712088537,-596860.0,-0.051505818898337476,54435.0,-438201.0,-0.051505818898337476,5976.0,-444177.0,-0.052208233483736564,-0.01,-0.01,36701511,36701511,https://www.sec.gov/Archives/edgar/data/1116463/000089291701500028/0000892917-01-500028-index.html,https://www.sec.gov/Archives/edgar/data/1116463/000089291701500028/main10q.txt
0,2001-03-31,OSUR,2001-04-02 00:00:00,2001-04-02 00:00:00,Q1,7404024.0,2693644.0,4710380.0,0.636191887006309,2166659.0,3325873.0,0.0,0.0,0.0,8186176.0,0.0,0.0,71321.0,0.009632734847969159,-782152.0,-0.13246742582141818,-386705.0,-980792.0,-0.13246742582141818,15967.0,-996759.0,-0.1346239558380686,-0.03,-0.03,36456576,36456576,https://www.sec.gov/Archives/edgar/data/1116463/000089291701000014/0000892917-01-000014-index.html,https://www.sec.gov/Archives/edgar/data/1116463/000089291701000014/0000892917-01-000014-0001.txt
0,2000-12-31,OSUR,2001-04-02 00:00:00,2001-04-02 00:00:00,Q4,9101583.0,2016977.0,7084606.0,0.7783927257489164,3766421.0,3286470.0,0.0,0.0,0.0,9944503.0,0.0,0.0,1782411.0,0.19583527392982078,-842920.0,-0.4012733828829556,-1750696.0,-3652223.0,-0.4012733828829556,0.0,-3652223.0,-0.4012733828829556,0.0,0.0,0.0,0.0,https://www.sec.gov/Archives/edgar/data/1116463/000089291701000014/0000892917-01-000014-index.html,https://www.sec.gov/Archives/edgar/data/1116463/000089291701000014/0000892917-01-000014-0001.txt
