,date,symbol,fillingDate,acceptedDate,period,revenue,costOfRevenue,grossProfit,grossProfitRatio,researchAndDevelopmentExpenses,generalAndAdministrativeExpenses,sellingAndMarketingExpenses,otherExpenses,operatingExpenses,costAndExpenses,interestExpense,depreciationAndAmortization,ebitda,ebitdaratio,operatingIncome,operatingIncomeRatio,totalOtherIncomeExpensesNet,incomeBeforeTax,incomeBeforeTaxRatio,incomeTaxExpense,netIncome,netIncomeRatio,eps,epsdiluted,weightedAverageShsOut,weightedAverageShsOutDil,link,finalLink
0,2020-09-30,QDEL,2020-10-30,2020-10-29 17:50:02,Q3,476058000,92439000,383619000,0.8058240802591281,21448000,53823000,37413000,0.0,0.0,167710000,1797000.0,0.0,320763000,0.6737897483079793,308348000,0.6213066475093371,-10773000,295778000,0.6213066475093371,63510000,232268000,0.4878985333719841,5.52,5.33,42105000,43596000,https://www.sec.gov/Archives/edgar/data/353569/000035356920000072/0000353569-20-000072-index.htm,https://www.sec.gov/Archives/edgar/data/353569/000035356920000072/qdel-20200930.htm
0,2020-06-30,QDEL,2020-07-31,2020-07-30 19:38:33,Q2,201754000,53003000,148751000,0.7372889756832578,20970000,43246000,27567000,0.0,0.0,117219000,3467000.0,0.0,96421000,0.47791369687837665,84535000,0.39749397781456625,-872000.0,80196000,0.39749397781456625,12544000,67652000,0.3353192501759569,1.61,1.55,42117000,43746000,https://www.sec.gov/Archives/edgar/data/353569/000035356920000052/0000353569-20-000052-index.htm,https://www.sec.gov/Archives/edgar/data/353569/000035356920000052/qdel-20200630.htm
0,2020-03-31,QDEL,2020-05-07 00:00:00,2020-05-06 18:11:16,Q1,174653000,59662000,114991000,0.6583969356380939,16379000,45070000,30738000,0.0,0.0,121111000,2807000.0,0.0,66022000,0.3780181273725616,53542000,0.2795314137174855,-1914000.0,48821000,0.2795314137174855,8584000.0,40237000,0.230382529930777,0.96,0.93,42056000,43403000,https://www.sec.gov/Archives/edgar/data/353569/000035356920000032/0000353569-20-000032-index.html,https://www.sec.gov/Archives/edgar/data/353569/000035356920000032/qdel-20200331.htm
0,2019-12-31,QDEL,2020-02-13 00:00:00,2020-02-13 17:02:26,Q4,152178000,57338000,94840000,0.6232175478715715,14924000,42302000,28000000,0.0,0.0,114564000,2551000.0,0.0,52665000,0.3460749911288097,37614000,0.21364454783214393,-2551000.0,32512000,0.21364454783214393,1886000.0,30626000,0.20125116639724533,0.73,0.71,41875000,43290000,https://www.sec.gov/Archives/edgar/data/353569/000035356920000018/0000353569-20-000018-index.html,https://www.sec.gov/Archives/edgar/data/353569/000035356920000018/qdel-12312019x10k.htm
0,2019-09-30,QDEL,2019-10-31 00:00:00,2019-10-30 18:29:48,Q3,126492000,50633000,75859000,0.5997138158934953,11976000,38745000,26599000,0.0,0.0,101354000,3152000.0,0.0,37420000,0.29582898523226764,25138000,0.13858583942067482,-4456000.0,17530000,0.13858583942067482,1349000.0,16181000,0.12792113335230687,0.39,0.38,41642000,43206000,https://www.sec.gov/Archives/edgar/data/353569/000035356919000060/0000353569-19-000060-index.html,https://www.sec.gov/Archives/edgar/data/353569/000035356919000060/qdel-20190930x10q.htm
0,2019-06-30,QDEL,2019-08-09,2019-08-08 17:50:17,Q2,108252000,49073000,59179000,0.5466781214203894,11723000,39802000,26926000,0.0,0.0,100598000,4505000.0,0.0,20141000,0.18605660865388168,7654000.0,0.005219303107563833,-2584000.0,565000.0,0.005219303107563833,-705000.0,1270000.0,0.011731884861249677,0.03,0.03,40209000,41429000,https://www.sec.gov/Archives/edgar/data/353569/000035356919000051/qdel-20190630x10q1.htm,https://www.sec.gov/Archives/edgar/data/353569/000035356919000051/qdel-20190630x10q1.htm
0,2019-03-31,QDEL,2019-05-09 00:00:00,2019-05-08 18:05:30,Q1,147968000,57041000,90927000,0.6145044874567474,13930000,43020000,29589000,0.0,0.0,113991000,4582000.0,0.0,45948000,0.31052660034602075,33977000,0.17957261029411764,-2824000.0,26571000,0.17957261029411764,1727000.0,24844000,0.1679011678200692,0.63,0.6,39704000,42907000,https://www.sec.gov/Archives/edgar/data/353569/000035356919000028/0000353569-19-000028-index.html,https://www.sec.gov/Archives/edgar/data/353569/000035356919000028/qdel-20190331x10q.htm
0,2018-12-31,QDEL,2019-02-15 00:00:00,2019-02-15 16:18:17,Q4,132588000,50456000,82132000,0.6194527408211905,12641000,38679000,26380000,0.0,0.0,101776000,4808000.0,0.0,42755000,0.32246507979606,30812000,0.17143331221528343,-3274000.0,22730000,0.17143331221528343,-9749000.0,32479000,0.24496183666696836,0.82,0.78,39507000,42816000,https://www.sec.gov/Archives/edgar/data/353569/000035356919000013/0000353569-19-000013-index.html,https://www.sec.gov/Archives/edgar/data/353569/000035356919000013/qdel-12312018x10k.htm
0,2018-09-30,QDEL,2018-11-07 00:00:00,2018-11-07 16:21:52,Q3,117399000,47757000,69642000,0.5932077786011806,13103000,37124000,26504000,0.0,0.0,97984000,4786000.0,0.0,30119000,0.25655244082147205,19415000,0.09208766684554383,-3818000.0,10811000,0.09208766684554383,-11000.0,10822000,0.09218136440685185,0.28,0.27,39290000,42889000,https://www.sec.gov/Archives/edgar/data/353569/000035356918000060/0000353569-18-000060-index.html,https://www.sec.gov/Archives/edgar/data/353569/000035356918000060/qdel-20180930x10q.htm
0,2018-06-30,QDEL,2018-08-08 00:00:00,2018-08-08 16:20:57,Q2,103155000,45487000,57668000,0.5590422180214241,13284000,39045000,27545000,0.0,0.0,97816000,6839000.0,0.0,16883000,0.16366632737143133,5339000.0,-0.08562842324657069,-7333000.0,-8833000.0,-0.08562842324657069,-5757000.0,-3076000.0,-0.029819204110319422,-0.08,-0.08,37925000,37925000,https://www.sec.gov/Archives/edgar/data/353569/000035356918000051/0000353569-18-000051-index.html,https://www.sec.gov/Archives/edgar/data/353569/000035356918000051/qdel-20180630x10q.htm
0,2018-03-31,QDEL,2018-05-09 00:00:00,2018-05-09 16:27:27,Q1,169143000,62872000,106271000,0.6282908544840756,12621000,39090000,28558000,0.0,0.0,114583000,7850000.0,0.0,66635000,0.39395659294206675,54560000,0.2286585906599741,-8034000.0,38676000,0.2286585906599741,4718000.0,33958000,0.20076503313764094,0.96,0.86,35236000,41948000,https://www.sec.gov/Archives/edgar/data/353569/000035356918000035/0000353569-18-000035-index.html,https://www.sec.gov/Archives/edgar/data/353569/000035356918000035/qdel-20180331x10q.htm
0,2017-12-31,QDEL,2018-02-27 00:00:00,2018-02-27 17:20:41,Q4,114890000,60885000,54005000,0.47005831665070935,10674000,37144000,28435000,0.0,0.0,101519000,9201000.0,0.0,26320000,0.22908869353294456,13371000,-0.04625293759247976,-9484000.0,-5314000.0,-0.04625293759247976,-226000.0,-5088000.0,-0.04428583862825311,-0.15,-0.15,34333000,34333000,https://www.sec.gov/Archives/edgar/data/353569/000035356918000021/0000353569-18-000021-index.html,https://www.sec.gov/Archives/edgar/data/353569/000035356918000021/qdel-12312017x10k.htm
0,2017-09-30,QDEL,2017-11-02 00:00:00,2017-11-02 16:27:12,Q3,50894000,19391000,31503000,0.6189924156089126,7468000.0,19478000,12898000,0.0,0.0,48840000,2784000.0,0.0,8290000.0,0.16288757024403663,2054000.0,-0.10455063465241482,-4591000.0,-5321000.0,-0.10455063465241482,204000.0,-5525000.0,-0.10855896569340197,-0.16,-0.16,33913000,33913000,https://www.sec.gov/Archives/edgar/data/353569/000035356917000056/0000353569-17-000056-index.html,https://www.sec.gov/Archives/edgar/data/353569/000035356917000056/qdel-20170930x10q.htm
0,2017-06-30,QDEL,2017-07-27 00:00:00,2017-07-27 16:32:17,Q2,38267000,17755000,20512000,0.5360232053727755,7627000.0,19143000,12360000,0.0,0.0,46915000,2778000.0,0.0,-2761000.0,-0.07215093945174694,-8648000.0,-0.36075469725873466,-2379000.0,-13805000,-0.36075469725873466,-1963000.0,-11842000,-0.30945723469307757,-0.35,-0.35,33500000,33500000,https://www.sec.gov/Archives/edgar/data/353569/000035356917000045/0000353569-17-000045-index.html,https://www.sec.gov/Archives/edgar/data/353569/000035356917000045/qdel-20170630x10q.htm
0,2017-03-31,QDEL,2017-04-27 00:00:00,2017-04-27 16:46:31,Q1,73692000,23570000,50122000,0.6801552407316941,7875000.0,20727000,13555000,0.0,0.0,54463000,2825000.0,0.0,24919000,0.3381506812137003,19229000,0.2226021820550399,0.0,16404000,0.2226021820550399,2114000.0,14290000,0.19391521467730555,0.43,0.42,33202000,33998000,https://www.sec.gov/Archives/edgar/data/353569/000035356917000028/0000353569-17-000028-index.html,https://www.sec.gov/Archives/edgar/data/353569/000035356917000028/qdel-20170331x10q.htm
0,2016-12-31,QDEL,2017-02-16 00:00:00,2017-02-16 17:12:13,Q4,52808000,19119000,33689000,0.6379525829419785,7508000.0,17975000,11445000,0.0,0.0,46893000,3141000.0,0.0,11114000,0.21046053628238146,5915000.0,0.05252991970913498,0.0,2774000.0,0.05252991970913498,4724000.0,-1950000.0,-0.03692622329950008,0.0,0.0,0.0,0.0,https://www.sec.gov/Archives/edgar/data/353569/000035356917000012/0000353569-17-000012-index.html,https://www.sec.gov/Archives/edgar/data/353569/000035356917000012/qdel-12312016x10k.htm
0,2016-09-30,QDEL,2016-10-28 00:00:00,2016-10-27 18:10:33,Q3,49341000,17728000,31613000,0.6407044851137998,8801000.0,18414000,11853000,0.0,0.0,47216000,3006000.0,0.0,7312000.0,0.1481931861940374,2125000.0,-0.01785533329279909,0.0,-881000.0,-0.01785533329279909,-309000.0,-572000.0,-0.0115927930118968,-0.02,-0.02,32673000,32673000,https://www.sec.gov/Archives/edgar/data/353569/000035356916000112/0000353569-16-000112-index.html,https://www.sec.gov/Archives/edgar/data/353569/000035356916000112/qdel-20160930x10q.htm
0,2016-06-30,QDEL,2016-07-28,2016-07-28 16:31:50,Q2,39133000,17318000,21815000,0.5574578999821123,9656000.0,18888000,12206000,0.0,0.0,48152000,2924000.0,0.0,-2732000.0,-0.06981320113459229,-9019000.0,-0.3051899931004523,0.0,-11943000,-0.3051899931004523,-4103000.0,-7840000.0,-0.2003424219967802,-0.24,-0.24,32541000,32541000,https://www.sec.gov/Archives/edgar/data/353569/000035356916000105/0000353569-16-000105-index.htm,https://www.sec.gov/Archives/edgar/data/353569/000035356916000105/qdel-20160630x10q.htm
0,2016-03-31,QDEL,2016-04-29 00:00:00,2016-04-29 13:12:28,Q1,50321000,19249000,31072000,0.6174758053297827,12707000,19606000,12317000,0.0,0.0,53781000,2689000.0,0.0,2663000.0,0.052920251982273805,-3460000.0,-0.12219550485880647,0.0,-6149000.0,-0.12219550485880647,-2703000.0,-3446000.0,-0.06848035611374972,-0.11,-0.11,32727000,32727000,https://www.sec.gov/Archives/edgar/data/353569/000035356916000094/0000353569-16-000094-index.html,https://www.sec.gov/Archives/edgar/data/353569/000035356916000094/qdel-20160331x10q.htm
0,2015-12-31,QDEL,2016-02-23 00:00:00,2016-02-22 19:28:14,Q4,52412000,18122000,34290000,0.6542394871403495,9939000.0,19471000,12063000,0.0,0.0,49750000,2989000.0,0.0,8511000.0,0.16238647637945508,2662000.0,-0.00623902922994734,0.0,-327000.0,-0.00623902922994734,50000.0,-377000.0,-0.0071930092345264445,-0.01,-0.01,33522000,33522000,https://www.sec.gov/Archives/edgar/data/353569/000035356916000078/0000353569-16-000078-index.html,https://www.sec.gov/Archives/edgar/data/353569/000035356916000078/qdel-12312015x10k.htm
0,2015-09-30,QDEL,2015-10-29 00:00:00,2015-10-29 16:08:51,Q3,46812000,16961000,29851000,0.637678373066735,8419000.0,18001000,12112000,0.0,0.0,45600000,3090000.0,0.0,6929000.0,0.14801760232419037,1212000.0,-0.0401179184824404,0.0,-1878000.0,-0.0401179184824404,-1116000.0,-762000.0,-0.016277877467316074,-0.02,-0.02,33683000,33683000,https://www.sec.gov/Archives/edgar/data/353569/000035356915000061/0000353569-15-000061-index.html,https://www.sec.gov/Archives/edgar/data/353569/000035356915000061/qdel-20150930x10q.htm
0,2015-06-30,QDEL,2015-07-23 00:00:00,2015-07-23 16:22:45,Q2,34873000,15493000,19380000,0.5557307945975396,9105000.0,17882000,11592000,0.0,0.0,44698000,3061000.0,0.0,-4207000.0,-0.12063774266624609,-9825000.0,-0.3695122300920483,0.0,-12886000,-0.3695122300920483,-3955000.0,-8931000.0,-0.25610070828434606,-0.26,-0.26,34597000,34597000,https://www.sec.gov/Archives/edgar/data/353569/000035356915000046/0000353569-15-000046-index.html,https://www.sec.gov/Archives/edgar/data/353569/000035356915000046/qdel-20150630x10q.htm
0,2015-03-31,QDEL,2015-04-24 00:00:00,2015-04-24 16:32:13,Q1,61302000,21112000,40190000,0.6556066686241885,8051000.0,21249000,11389000,0.0,0.0,52613000,2895000.0,0.0,14891000,0.24291213989755636,8689000.0,0.09451567648690092,0.0,5794000.0,0.09451567648690092,1803000.0,3991000.0,0.06510391178101857,0.12,0.11,34641000,35745000,https://www.sec.gov/Archives/edgar/data/353569/000035356915000026/0000353569-15-000026-index.html,https://www.sec.gov/Archives/edgar/data/353569/000035356915000026/qdel-20150331x10q.htm
0,2014-12-31,QDEL,2015-02-24,2015-02-23 20:22:52,Q4,63597000,21263000,42334000,0.6656603298897746,9199000.0,18015000,11153000,0.0,0.0,50682000,820000.0,0.0,20702000,0.3255184993002815,12915000,0.19018192682044752,0.0,12095000,0.19018192682044752,4982000.0,7113000.0,0.11184489834426152,0.21,0.2,34602000,35761000,https://www.sec.gov/Archives/edgar/data/353569/000035356915000010/0000353569-15-000010-index.htm,https://www.sec.gov/Archives/edgar/data/353569/000035356915000010/qdel-12302014x10k.htm
0,2014-09-30,QDEL,2014-10-24 00:00:00,2014-10-23 19:53:51,Q3,40857000,16768000,24089000,0.5895929706047923,11506000,16939000,11060000,0.0,0.0,47420000,224000.0,0.0,322000.0,0.007881146437574956,-6563000.0,-0.2532001860146364,-3558000.0,-10345000,-0.2532001860146364,-4578000.0,-5767000.0,-0.14115084318476637,-0.17,-0.17,34340000,34340000,https://www.sec.gov/Archives/edgar/data/353569/000035356914000011/0000353569-14-000011-index.html,https://www.sec.gov/Archives/edgar/data/353569/000035356914000011/qdel-20140930x10q.htm
0,2014-06-30,QDEL,2014-07-24 00:00:00,2014-07-24 17:17:20,Q2,31488000,15902000,15586000,0.4949822154471545,8127000.0,15236000,9393000.0,0.0,0.0,41473000,372000.0,0.0,-3624000.0,-0.11509146341463415,-9985000.0,-0.3289189532520325,0.0,-10357000,-0.3289189532520325,-3449000.0,-6908000.0,-0.21938516260162602,-0.2,-0.2,34347000,34347000,https://www.sec.gov/Archives/edgar/data/353569/000144530514002869/0001445305-14-002869-index.html,https://www.sec.gov/Archives/edgar/data/353569/000144530514002869/qdel-20140630x10q.htm
0,2014-03-31,QDEL,2014-04-25 00:00:00,2014-04-25 12:26:27,Q1,46673000,20247000,26426000,0.5661945878773595,9081000.0,17324000,9927000.0,-16000.0,0.0,48860000,179000.0,0.0,5135000.0,0.11002078289375013,-2187000.0,-0.05090737685599812,-16000.0,-2376000.0,-0.05090737685599812,-864000.0,-1512000.0,-0.03239560345381698,-0.04,-0.04,34199000,34199000,https://www.sec.gov/Archives/edgar/data/353569/000119312514158967/0001193125-14-158967-index.html,https://www.sec.gov/Archives/edgar/data/353569/000119312514158967/d690348d10q.htm
0,2013-12-31,QDEL,2014-02-27,2014-02-27 17:11:21,Q4,50170000,18679000,31491000,0.6276858680486347,11290000,16588000,9667000.0,31000.0,0.0,48771000,187000.0,0.0,7667000.0,0.15282041060394658,1399000.0,-0.001773968507075942,-1301000.0,-89000.0,-0.001773968507075942,-1228000.0,1139000.0,0.022702810444488738,0.03,0.03,34024000,35126000,https://www.sec.gov/Archives/edgar/data/353569/000119312514073364/0001193125-14-073364-index.htm,https://www.sec.gov/Archives/edgar/data/353569/000119312514073364/d649166d10k.htm
0,2013-09-30,QDEL,2013-10-25 00:00:00,2013-10-25 16:00:25,Q3,33539000,15297000,18242000,0.5439041116312353,7462000.0,14453000,8658000.0,0.0,0.0,39383000,191000.0,0.0,493000.0,0.014699305286383017,-5844000.0,-0.18354751185187393,-124000.0,-6156000.0,-0.18354751185187393,-1795000.0,-4361000.0,-0.1300277289126092,-0.13,-0.13,33976000,33976000,https://www.sec.gov/Archives/edgar/data/353569/000119312513411519/0001193125-13-411519-index.html,https://www.sec.gov/Archives/edgar/data/353569/000119312513411519/d595788d10q.htm
0,2013-06-30,QDEL,2013-07-31 00:00:00,2013-07-31 17:23:25,Q2,29706000,13671000,16035000,0.5397899414259746,7945000.0,13191000,7120000.0,-189000.0,0.0,36829000,195000.0,0.0,-2050000.0,-0.06900962768464283,-7123000.0,-0.24614555981956507,-189000.0,-7312000.0,-0.24614555981956507,-5557000.0,-1755000.0,-0.059078973944657644,-0.05,-0.05,33802000,33802000,https://www.sec.gov/Archives/edgar/data/353569/000119312513312877/0001193125-13-312877-index.html,https://www.sec.gov/Archives/edgar/data/353569/000119312513312877/d555383d10q.htm
0,2013-03-31,QDEL,2013-04-24 00:00:00,2013-04-24 14:35:31,Q1,61995000,19547000,42448000,0.6847003790628277,7524000.0,15971000,8442000.0,0.0,0.0,44806000,204000.0,0.0,24251000,0.39117670779901603,17189000,0.2740704895556093,0.0,16991000,0.2740704895556093,4624000.0,12367000,0.1994838293410759,0.37,0.36,33501000,34575000,https://www.sec.gov/Archives/edgar/data/353569/000119312513170016/0001193125-13-170016-index.html,https://www.sec.gov/Archives/edgar/data/353569/000119312513170016/d509265d10q.htm
0,2012-12-31,QDEL,2013-02-22 00:00:00,2013-02-22 16:58:08,Q4,53925000,17597000,36328000,0.6736764024107557,7283000.0,13158000,8330000.0,-3000.0,0.0,39808000,261000.0,0.0,20869000,0.38700046360686136,14117000,0.2570050996754752,-3000.0,13859000,0.2570050996754752,5119000.0,8740000.0,0.16207695873898934,0.26,0.26,33213000,33979000,https://www.sec.gov/Archives/edgar/data/353569/000119312513071645/0001193125-13-071645-index.html,https://www.sec.gov/Archives/edgar/data/353569/000119312513071645/d444100d10k.htm
0,2012-09-30,QDEL,2012-10-29 00:00:00,2012-10-26 17:58:01,Q3,32998000,14872000,18126000,0.5493060185465786,5085000.0,12535000,7776000.0,0.0,0.0,34220000,286000.0,0.0,4409000.0,0.13361415843384447,-1222000.0,-0.04627553185041518,-27000.0,-1527000.0,-0.04627553185041518,-851000.0,-676000.0,-0.02048609006606461,-0.02,-0.02,33004000,33004000,https://www.sec.gov/Archives/edgar/data/353569/000119312512437971/0001193125-12-437971-index.html,https://www.sec.gov/Archives/edgar/data/353569/000119312512437971/d398839d10q.htm
0,2012-06-30,QDEL,2012-07-27 00:00:00,2012-07-27 15:04:58,Q2,30858000,14008000,16850000,0.5460496467690712,6844000.0,12806000,7677000.0,0.0,0.0,35377000,292000.0,0.0,772000.0,0.025017823578974658,-4519000.0,-0.15561604770237863,0.0,-4802000.0,-0.15561604770237863,-1680000.0,-3122000.0,-0.10117311556160477,-0.09,-0.09,32946000,32946000,https://www.sec.gov/Archives/edgar/data/353569/000119312512319286/0001193125-12-319286-index.html,https://www.sec.gov/Archives/edgar/data/353569/000119312512319286/d362975d10q.htm
0,2012-03-31,QDEL,2012-04-30,2012-04-27 18:34:59,Q1,37960000,14808000,23152000,0.6099051633298208,8504000.0,12460000,6536000.0,0.0,0.0,37490000,407000.0,0.0,6068000.0,0.15985247629083246,470000.0,0.0021338250790305584,0.0,81000.0,0.0021338250790305584,30000.0,51000.0,0.0013435194942044257,0.0,0.0,32997000,33504000,https://www.sec.gov/Archives/edgar/data/353569/000119312512191949/0001193125-12-191949-index.htm,https://www.sec.gov/Archives/edgar/data/353569/000119312512096692/d291256d10k.htm
0,2011-12-31,QDEL,2012-03-05 00:00:00,2012-03-05 15:58:09,Q4,38391000,15286000,23105000,0.601833763121565,5927000.0,13257000,6755000.0,0.0,0.0,36252000,444000.0,0.0,7937000.0,0.20674116329348025,2139000.0,0.035711494881612876,0.0,1371000.0,0.035711494881612876,413000.0,958000.0,0.02495376520538668,0.0,0.0,0.0,0.0,https://www.sec.gov/Archives/edgar/data/353569/000119312512096692/0001193125-12-096692-index.html,https://www.sec.gov/Archives/edgar/data/353569/000119312512096692/d291256d10k.htm
0,2011-09-30,QDEL,2011-10-27 00:00:00,2011-10-26 18:28:55,Q3,33108000,14996000,18112000,0.5470581128428175,6134000.0,11431000,6487000.0,0.0,0.0,34352000,485000.0,0.0,4096000.0,0.12371632233901173,-1244000.0,-0.05095445209617011,0.0,-1687000.0,-0.05095445209617011,-574000.0,-1113000.0,-0.03361725262776368,-0.03,-0.03,33019000,33019000,https://www.sec.gov/Archives/edgar/data/353569/000119312511282356/0001193125-11-282356-index.html,https://www.sec.gov/Archives/edgar/data/353569/000119312511282356/d245687d10q.htm
0,2011-06-30,QDEL,2011-08-03 00:00:00,2011-08-03 16:50:13,Q2,27509000,12540000,14969000,0.5441491875386237,6450000.0,11847000,6254000.0,0.0,0.0,32612000,499000.0,0.0,-1660000.0,-0.06034388745501472,-5103000.0,-0.2015703951434076,0.0,-5545000.0,-0.2015703951434076,-1885000.0,-3660000.0,-0.13304736631647823,-0.11,-0.11,32900000,32900000,https://www.sec.gov/Archives/edgar/data/353569/000095012311072273/0000950123-11-072273-index.html,https://www.sec.gov/Archives/edgar/data/353569/000095012311072273/a57919e10vq.htm
0,2011-03-31,QDEL,2011-04-29 00:00:00,2011-04-29 17:14:24,Q1,59595000,20043000,39552000,0.6636798389126605,7814000.0,12014000,6255000.0,0.0,0.0,41647000,655000.0,0.0,21379000,0.35873814917358837,17948000,0.2910479067035825,0.0,17345000,0.2910479067035825,5897000.0,11448000,0.19209665240372514,0.35,0.35,32451000,32838000,https://www.sec.gov/Archives/edgar/data/353569/000095012311042202/0000950123-11-042202-index.html,https://www.sec.gov/Archives/edgar/data/353569/000095012311042202/a59371e10vq.htm
0,2010-12-31,QDEL,2011-02-25,2011-02-25 17:41:28,Q4,31709000,13811000,17898000,0.5644454255889495,5799000.0,10583000,5904000.0,0.0,0.0,32209000,690000.0,0.0,3066000.0,0.09669179097417137,-500000.0,-0.039925573181115774,-95000.0,-1266000.0,-0.039925573181115774,-840000.0,-426000.0,-0.013434671544356493,0.0,0.0,0.0,0.0,https://www.sec.gov/Archives/edgar/data/353569/000095012311018919/0000950123-11-018919-index.htm,https://www.sec.gov/Archives/edgar/data/353569/000095012311018919/a58792e10vk.htm
0,2010-09-30,QDEL,2010-10-29 00:00:00,2010-10-29 14:40:55,Q3,28225000,12807000,15418000,0.5462533215234721,6148000.0,10556000,5797000.0,0.0,115000.0,31459000,645000.0,0.0,105000.0,0.003720106288751107,-3234000.0,-0.14097431355181578,-115000.0,-3979000.0,-0.14097431355181578,1882000.0,-5861000.0,-0.20765279007971657,-0.21,-0.21,28183000,28183000,https://www.sec.gov/Archives/edgar/data/353569/000095012310098084/0000950123-10-098084-index.html,https://www.sec.gov/Archives/edgar/data/353569/000095012310098084/a57652e10vq.htm
0,2010-06-30,QDEL,2010-07-30 00:00:00,2010-07-30 16:16:37,Q2,25026000,12636000,12390000,0.4950851114840566,6349000.0,11064000,6272000.0,0.0,0.0,31840000,611000.0,0.0,-3557000.0,-0.14213218253016863,-6814000.0,-0.32486214337089425,-716000.0,-8130000.0,-0.32486214337089425,-5663000.0,-2467000.0,-0.09857747942140174,-0.09,-0.09,28406000,28406000,https://www.sec.gov/Archives/edgar/data/353569/000095012310070514/0000950123-10-070514-index.html,https://www.sec.gov/Archives/edgar/data/353569/000095012310070514/a56867e10vq.htm
0,2010-03-31,QDEL,2010-05-03 00:00:00,2010-04-30 17:45:06,Q1,28379000,13353000,15026000,0.5294760210014448,6275000.0,10240000,5999000.0,0.0,0.0,30844000,399000.0,0.0,-87000.0,-0.003065647133443744,-2465000.0,-0.14253497304344762,-1350000.0,-4045000.0,-0.14253497304344762,-1528000.0,-2517000.0,-0.08869234292963106,-0.09,-0.09,28505000,28505000,https://www.sec.gov/Archives/edgar/data/353569/000095012310042109/0000950123-10-042109-index.html,https://www.sec.gov/Archives/edgar/data/353569/000095012310042109/a55920e10vq.htm
0,2009-12-31,QDEL,2010-02-26 00:00:00,2010-02-26 16:47:51,Q4,66597000,19049000,47548000,0.7139660945688244,3523000.0,11467000,6809000.0,0.0,0.0,34363000,308000.0,0.0,34195000,0.5134615673378681,32234000,0.473624938060273,-457000.0,31542000,0.473624938060273,11435000,20107000,0.3019205069297416,0.0,0.0,0.0,0.0,https://www.sec.gov/Archives/edgar/data/353569/000095012310018231/0000950123-10-018231-index.html,https://www.sec.gov/Archives/edgar/data/353569/000095012310018231/a55188e10vk.htm
0,2009-09-30,QDEL,2009-10-21 00:00:00,2009-10-20 19:34:47,Q3,56152000,17670000,38482000,0.6853184214275538,3157000.0,10725000,6400000.0,0.0,0.0,31897000,148000.0,0.0,25920000,0.4616042171249466,24255000,0.430171676877048,-5000.0,24155000,0.430171676877048,9215000.0,14940000,0.26606354181507336,0.5,0.5,29713000,30149000,https://www.sec.gov/Archives/edgar/data/353569/000095012309051681/0000950123-09-051681-index.html,https://www.sec.gov/Archives/edgar/data/353569/000095012309051681/a54058e10vq.htm
0,2009-06-30,QDEL,2009-07-23 00:00:00,2009-07-23 17:07:09,Q2,24643000,10075000,14568000,0.5911617903664327,2950000.0,9083000.0,5403000.0,0.0,0.0,22455000,153000.0,0.0,3614000.0,0.1466542222943635,2188000.0,0.04232439232236335,-1085000.0,1043000.0,0.04232439232236335,406000.0,637000.0,0.02584912551231587,0.02,0.02,29677000,30063000,https://www.sec.gov/Archives/edgar/data/353569/000095012309024849/0000950123-09-024849-index.html,https://www.sec.gov/Archives/edgar/data/353569/000095012309024849/a53201e10vq.htm
0,2009-03-31,QDEL,2009-04-24 00:00:00,2009-04-24 17:10:24,Q1,16890000,8424000.0,8466000.0,0.5012433392539964,2896000.0,8855000.0,4735000.0,0.0,0.0,20523000,158000.0,0.0,-1947000.0,-0.1152753108348135,-3633000.0,-0.2718176435760805,-953000.0,-4591000.0,-0.2718176435760805,-1790000.0,-2801000.0,-0.16583777383066903,-0.09,-0.09,31053000,31053000,https://www.sec.gov/Archives/edgar/data/353569/000104746909004512/0001047469-09-004512-index.html,https://www.sec.gov/Archives/edgar/data/353569/000104746909004512/a2192426z10-q.htm
0,2008-12-31,QDEL,2009-02-27 00:00:00,2009-02-27 17:04:58,Q4,33483000,13767000,19716000,0.5888361257951796,2392000.0,7457000.0,4846000.0,0.0,0.0,24684000,161000.0,0.0,11632000,0.34740017322223216,8799000.0,0.26858405758145926,-10000.0,8993000.0,0.26858405758145926,2923000.0,6070000.0,0.1812860257444076,0.0,0.0,0.0,0.0,https://www.sec.gov/Archives/edgar/data/353569/000104746909002006/0001047469-09-002006-index.html,https://www.sec.gov/Archives/edgar/data/353569/000104746909002006/a2190997z10-k.htm
0,2008-09-30,QDEL,2008-10-27 00:00:00,2008-10-24 19:08:56,Q3,31868000,12070000,19798000,0.621250156897201,2753000.0,8579000.0,5141000.0,0.0,0.0,24516000,166000.0,0.0,9782000.0,0.3069536839462784,7352000.0,0.24193548387096775,160000.0,7710000.0,0.24193548387096775,2969000.0,4741000.0,0.14876992594452115,0.15,0.15,31915000,32648000,https://www.sec.gov/Archives/edgar/data/353569/000104746908011235/0001047469-08-011235-index.html,https://www.sec.gov/Archives/edgar/data/353569/000104746908011235/a2188602z10-q.htm
0,2008-06-30,QDEL,2008-07-25 00:00:00,2008-07-25 17:03:34,Q2,21916000,10242000,11674000,0.5326701952911115,2935000.0,8689000.0,0.0,0.0,0.0,23009000,0.0,0.0,987000.0,0.045035590436210984,-1093000.0,-0.03814564701587881,0.0,-836000.0,-0.03814564701587881,-323000.0,-513000.0,-0.02340755612338018,-0.02,-0.02,31757000,31757000,https://www.sec.gov/Archives/edgar/data/353569/000104746908008409/0001047469-08-008409-index.html,https://www.sec.gov/Archives/edgar/data/353569/000104746908008409/a2186959z10-q.htm
0,2008-03-31,QDEL,2008-04-25 00:00:00,2008-04-25 17:20:06,Q1,40865000,14127000,26738000,0.6543007463599657,3067000.0,8959000.0,0.0,0.0,0.0,27304000,0.0,0.0,15643000,0.38279701456013704,13561000,0.34019331946653614,-15000.0,13902000,0.34019331946653614,5352000.0,8550000.0,0.20922549859292794,0.27,0.26,32001000,32835000,https://www.sec.gov/Archives/edgar/data/353569/000104746908005263/0001047469-08-005263-index.html,https://www.sec.gov/Archives/edgar/data/353569/000104746908005263/a2184999z10-q.htm
0,2007-12-31,QDEL,2008-03-04,2008-03-03 19:50:14,Q4,37981000,15146000,22835000,0.6012216634633106,3081000.0,7248000.0,0.0,0.0,0.0,26817000,0.0,0.0,13646000,0.3592849056107001,11164000,0.2999394434059135,-113000.0,11392000,0.2999394434059135,3286000.0,8106000.0,0.21342250072404623,0.0,0.0,0.0,0.0,https://www.sec.gov/Archives/edgar/data/353569/000104746908002163/0001047469-08-002163-index.htm,https://www.sec.gov/Archives/edgar/data/353569/000104746908002163/a2183151z10-k.htm
0,2007-09-30,QDEL,2007-10-26 00:00:00,2007-10-26 17:05:18,Q3,27570000,11159000,16411000,0.5952484584693507,3128000.0,8213000.0,0.0,0.0,0.0,23829000,0.0,0.0,6169000.0,0.2237577076532463,3741000.0,0.14504896626768227,0.0,3999000.0,0.14504896626768227,1579000.0,2420000.0,0.0877765687341313,0.08,0.07,31784000,32762000,https://www.sec.gov/Archives/edgar/data/353569/000104746907008034/0001047469-07-008034-index.html,https://www.sec.gov/Archives/edgar/data/353569/000104746907008034/a2180363z10-q.htm
0,2007-06-30,QDEL,2007-07-27 00:00:00,2007-07-27 17:08:15,Q2,18580000,9316000.0,9264000.0,0.49860064585575886,3282000.0,7846000.0,0.0,0.0,0.0,21742000,0.0,0.0,-761000.0,-0.04095801937567277,-3162000.0,-0.1522604951560818,36000.0,-2829000.0,-0.1522604951560818,-1117000.0,-1712000.0,-0.09214208826695372,-0.05,-0.05,31682000,31682000,https://www.sec.gov/Archives/edgar/data/353569/000110465907056908/0001104659-07-056908-index.html,https://www.sec.gov/Archives/edgar/data/353569/000110465907056908/a07-18704_110q.htm
0,2007-03-31,QDEL,2007-05-07 00:00:00,2007-05-07 16:39:26,Q1,33934000,12952000,20982000,0.6183179112394649,3364000.0,8351000.0,0.0,0.0,0.0,26191000,0.0,0.0,10401000,0.30650674839394115,7743000.0,0.23463193257499854,-40000.0,7962000.0,0.23463193257499854,3145000.0,4817000.0,0.14195202451818234,0.15,0.14,32655000,33629000,https://www.sec.gov/Archives/edgar/data/353569/000110465907036519/0001104659-07-036519-index.html,https://www.sec.gov/Archives/edgar/data/353569/000110465907036519/a07-10622_110q.htm
0,2006-12-31,QDEL,2007-03-14,2007-03-14 17:17:21,Q4,38774000,15291000,23483000,0.6056377985247846,3144000.0,7877000.0,0.0,0.0,0.0,27913000,0.0,0.0,13231000,0.34123381647495743,10861000,0.2993758704286377,593000.0,11608000,0.2993758704286377,0.0,18296000,0.4718625883323877,0.0,0.0,0.0,0.0,https://www.sec.gov/Archives/edgar/data/353569/000110465907019206/0001104659-07-019206-index.htm,https://www.sec.gov/Archives/edgar/data/353569/000110465907019206/a07-3195_110k.htm
0,2006-09-30,QDEL,2006-11-03,2006-11-03 16:27:57,Q3,23720000,10344000,13376000,0.5639123102866779,3126000.0,7402000.0,0.0,0.0,0.0,21721000,0.0,0.0,3937000.0,0.16597807757166946,1999000.0,0.09034569983136594,-14000.0,2143000.0,0.09034569983136594,0.0,2143000.0,0.09034569983136594,0.07,0.06,32551000,33744000,https://www.sec.gov/Archives/edgar/data/353569/000110465906071227/0001104659-06-071227-index.htm,https://www.sec.gov/Archives/edgar/data/353569/000110465906071227/a06-19104_110q.htm
0,2006-06-30,QDEL,2006-08-04,2006-08-04 16:11:00,Q2,16471000,8669000.0,7802000.0,0.47368101511747923,3498000.0,7447000.0,0.0,0.0,0.0,20679000,0.0,0.0,-1941000.0,-0.11784348248436646,-4208000.0,-0.24582599720721268,-57000.0,-4049000.0,-0.24582599720721268,0.0,-4049000.0,-0.24582599720721268,-0.12,-0.12142,33347000,33347000,https://www.sec.gov/Archives/edgar/data/353569/000110465906051588/0001104659-06-051588-index.htm,https://www.sec.gov/Archives/edgar/data/353569/000110465906051588/a06-15032_110q.htm
0,2006-03-31,QDEL,2006-05-10,2006-05-10 17:03:02,Q1,27050000,10514000,16536000,0.6113123844731978,3279000.0,7010000.0,0.0,0.0,0.0,21868000,0.0,0.0,7171000.0,0.26510166358595194,5182000.0,0.19696857670979667,23000.0,5328000.0,0.19696857670979667,0.0,5328000.0,0.19696857670979667,0.16,0.15,33269000,34708000,https://www.sec.gov/Archives/edgar/data/353569/000110465906033405/0001104659-06-033405-index.htm,https://www.sec.gov/Archives/edgar/data/353569/000110465906015383/a05-21466_110k.htm
0,2005-12-31,QDEL,2006-03-09 00:00:00,2006-03-09 17:03:21,Q4,34778000,12831000,21947000,0.6310598654321697,3525000.0,7830000.0,0.0,0.0,0.0,24717000,0.0,0.0,10556000,0.30352521709126457,10061000,0.2904997412157111,36000.0,10103000,0.2904997412157111,336000.0,9602000.0,0.27609408246592676,0.0,0.0,0.0,0.0,https://www.sec.gov/Archives/edgar/data/353569/000110465906015383/0001104659-06-015383-index.html,https://www.sec.gov/Archives/edgar/data/353569/000110465906015383/a05-21466_110k.htm
0,2005-09-30,QDEL,2005-11-08,2005-11-08 17:11:15,Q3,20032000,9280000.0,10752000,0.536741214057508,2968000.0,6141000.0,0.0,0.0,0.0,18704000,0.0,0.0,1642000.0,0.0819688498402556,1328000.0,0.06404752396166134,1000.0,1283000.0,0.06404752396166134,467000.0,700000.0,0.03494408945686901,0.02,0.02,32808000,33787000,https://www.sec.gov/Archives/edgar/data/353569/000110465905053583/0001104659-05-053583-index.htm,https://www.sec.gov/Archives/edgar/data/353569/000110465905053583/a05-17923_110q.htm
0,2005-06-30,QDEL,2005-08-09,2005-08-09 16:12:01,Q2,14823000,6623000.0,8200000.0,0.5531943601160358,2986000.0,6934000.0,0.0,0.0,0.0,16858000,0.0,0.0,-1727000.0,-0.11650812925858463,-2035000.0,-0.13883829184375632,7000.0,-2058000.0,-0.13883829184375632,-803000.0,-1710000.0,-0.1153612629022465,-0.05,-0.05,32263000,32263000,https://www.sec.gov/Archives/edgar/data/353569/000110465905037893/0001104659-05-037893-index.htm,https://www.sec.gov/Archives/edgar/data/353569/000110465905037893/a05-12534_210q.htm
0,2005-03-31,QDEL,2005-05-10,2005-05-10 16:07:25,Q1,22666000,8367000.0,14299000,0.6308567899055855,3350000.0,8278000.0,0.0,0.0,17000000,37310000,0.0,0.0,2666000.0,0.11762110650313244,-14644000,-0.6465631342098297,-16995000,-14655000,-0.6465631342098297,3000000.0,-17851000,-0.7875672813906291,-0.56,-0.56,31906000,31906000,https://www.sec.gov/Archives/edgar/data/353569/000110465905022182/0001104659-05-022182-index.htm,https://www.sec.gov/Archives/edgar/data/353569/000104746905006601/a2151147z10-k.htm
0,2004-12-31,QDEL,2005-03-16,2005-03-15 18:16:00,Q4,30522000,10857000,19665000,0.644289365048162,3323000.0,6314000.0,0.0,0.0,0.0,20397000,0.0,0.0,11933000,0.3909638948954852,10125000,0.3315313544328681,-1808000.0,10119000,0.3315313544328681,0.0,-644000.0,-0.021099534761811152,0.0,0.0,0.0,0.0,https://www.sec.gov/Archives/edgar/data/353569/000104746905006601/0001047469-05-006601-index.htm,https://www.sec.gov/Archives/edgar/data/353569/000104746905006601/a2151147z10-k.htm
0,2004-09-30,QDEL,2004-11-09,2004-11-08 17:59:59,Q1,14151000,7568000.0,6583000.0,0.4651968058794432,2584000.0,8549000.0,0.0,0.0,0.0,19220000,0.0,0.0,-5706000.0,-0.40322238711045155,-5069000.0,-0.3638612112218218,1156000.0,-5149000.0,-0.3638612112218218,-1504000.0,-3645000.0,-0.25757896968412125,-0.12,-0.12,31618000,31618000,https://www.sec.gov/Archives/edgar/data/353569/000104746904033460/0001047469-04-033460-index.htm,https://www.sec.gov/Archives/edgar/data/353569/000104746904033460/a2145032z10-q.htm
0,2004-06-30,QDEL,2004-08-09,2004-08-09 16:49:49,Q1,14282000,7408000.0,6874000.0,0.4813051393362274,2936000.0,7396000.0,0.0,0.0,0.0,18259000,0.0,0.0,-4258000.0,-0.2981375157540961,-3977000.0,-0.27181067077440135,800000.0,-3882000.0,-0.27181067077440135,-1592000.0,-2290000.0,-0.16034168883909816,-0.07,-0.07,31595000,31595000,https://www.sec.gov/Archives/edgar/data/353569/000104746904025848/0001047469-04-025848-index.htm,https://www.sec.gov/Archives/edgar/data/353569/000104746904025848/a2140967z10-q.htm
0,2004-03-31,QDEL,2004-05-10,2004-05-10 17:19:11,Q1,19736000,9401000.0,10335000,0.5236623429266315,2497000.0,6583000.0,0.0,0.0,0.0,18999000,0.0,0.0,749000.0,0.03795095257397649,737000.0,0.02513173895419538,506000.0,496000.0,0.02513173895419538,204000.0,292000.0,0.014795297932711796,0.01,0.008938,30939000,32671000,https://www.sec.gov/Archives/edgar/data/353569/000104746904016690/0001047469-04-016690-index.htm,https://www.sec.gov/Archives/edgar/data/353569/000104746904008036/a2130233z10-k.htm
0,2003-12-31,QDEL,2004-03-15,2004-03-15 17:11:14,Q4,33213000,13241000,19972000,0.6013308042031734,2226000.0,7982000.0,0.0,0.0,0.0,23967000,0.0,0.0,10926000,0.3289675729383073,9246000.0,0.2738686658838407,-1162000.0,9096000.0,0.2738686658838407,-9713000.0,18809000,0.5663143949658266,0.0,0.0,0.0,0.0,https://www.sec.gov/Archives/edgar/data/353569/000104746904008036/0001047469-04-008036-index.htm,https://www.sec.gov/Archives/edgar/data/353569/000104746904008036/a2130233z10-k.htm
0,2003-09-30,QDEL,2003-11-14,2003-11-14 16:59:54,Q1,18619000,9158000.0,9461000.0,0.5081368494548579,1901000.0,6370000.0,0.0,0.0,0.0,17948000,0.0,0.0,2157000.0,0.11584940114936355,671000.0,-0.04237606745797304,-967000.0,-789000.0,-0.04237606745797304,-308000.0,-481000.0,-0.025833825661958215,-0.02,-0.02,29125000,29125000,https://www.sec.gov/Archives/edgar/data/353569/000104746903037542/0001047469-03-037542-index.htm,https://www.sec.gov/Archives/edgar/data/353569/000104746903037542/a2122282z10-q.htm
0,2003-06-30,QDEL,2003-08-14,2003-08-14 16:32:21,Q1,18878000,9288000.0,9590000.0,0.5079987286788855,1895000.0,6820000.0,0.0,0.0,0.0,18520000,0.0,0.0,1051000.0,0.05567327047356711,358000.0,-0.033213264116961544,-176000.0,-627000.0,-0.033213264116961544,-260000.0,-367000.0,-0.01944061870960907,-0.01,-0.01,29002000,29002000,https://www.sec.gov/Archives/edgar/data/353569/000104746903027769/0001047469-03-027769-index.htm,https://www.sec.gov/Archives/edgar/data/353569/000104746903027769/a2116071z10-q.htm
0,2003-03-31,QDEL,2003-05-15,2003-05-15 16:27:12,Q1,24395000,11125000,13270000,0.5439639270342284,2443000.0,7333000.0,0.0,0.0,0.0,21404000,0.0,0.0,2976000.0,0.12199221151875385,2991000.0,0.11555646648903464,518000.0,2819000.0,0.11555646648903464,1129000.0,1690000.0,0.06927649108423857,0.06,0.058302,28902000,28987000,https://www.sec.gov/Archives/edgar/data/353569/000091205703000203/0000912057-03-000203-index.htm,https://www.sec.gov/Archives/edgar/data/353569/000104746903011365/a2103232z10-k.htm
0,2002-12-31,QDEL,2003-03-31,2003-03-31 17:25:19,Q4,22764000,11234000,11530000,0.5065014935863644,2001000.0,7269000.0,0.0,0.0,0.0,20989000,0.0,0.0,1782000.0,0.0782814971006853,1775000.0,0.07081356527850993,478000.0,1612000.0,0.07081356527850993,1046000.0,566000.0,0.024863820066772097,0.0,0.0,0.0,0.0,https://www.sec.gov/Archives/edgar/data/353569/000104746903011365/0001047469-03-011365-index.htm,https://www.sec.gov/Archives/edgar/data/353569/000104746903011365/a2103232z10-k.htm
0,2002-09-30,QDEL,2002-11-14 00:00:00,2002-11-14 18:17:44,Q3,14508000,7903000.0,6605000.0,0.4552660601047698,1644000.0,6329000.0,0.0,0.0,0.0,16359000,0.0,0.0,-1836000.0,-0.12655086848635236,-1851000.0,-0.13785497656465398,468000.0,-2000000.0,-0.13785497656465398,-811000.0,-1189000.0,-0.08195478356768679,-0.04,-0.04,28850000,28850000,https://www.sec.gov/Archives/edgar/data/353569/000091205702042551/0000912057-02-042551-index.html,https://www.sec.gov/Archives/edgar/data/353569/000091205702042551/a2091002z10-q.htm
0,2002-06-30,QDEL,2002-08-14 00:00:00,2002-08-14 17:47:37,Q2,17789000,9149000.0,8640000.0,0.4856934060374389,1544000.0,5919000.0,0.0,0.0,0.0,17098000,0.0,0.0,688000.0,0.038675586036314574,691000.0,0.029062904041823597,489000.0,517000.0,0.029062904041823597,212000.0,305000.0,0.017145426949238294,0.01,0.01,28800000,29978000,https://www.sec.gov/Archives/edgar/data/353569/000091205702032191/0000912057-02-032191-index.html,https://www.sec.gov/Archives/edgar/data/353569/000091205702032191/a2085684z10-q.htm
0,2002-03-31,QDEL,2002-05-14 00:00:00,2002-05-14 17:13:58,Q1,21212000,9981000.0,11231000,0.5294644540825948,1559000.0,6330000.0,0.0,0.0,0.0,18361000,0.0,0.0,2792000.0,0.1316236092777673,2851000.0,0.12785215915519518,550000.0,2712000.0,0.12785215915519518,1103000.0,1609000.0,0.07585329059023195,0.06,0.05,28754000,30133000,https://www.sec.gov/Archives/edgar/data/353569/000091205702020294/0000912057-02-020294-index.html,https://www.sec.gov/Archives/edgar/data/353569/000091205702020294/a2078445z10-q.htm
0,2001-12-31,QDEL,2002-03-29 00:00:00,2002-03-29 15:23:32,Q4,21553000,10021000,11532000,0.5350531248550086,1435000.0,7186000.0,0.0,0.0,0.0,19761000,0.0,0.0,2496000.0,0.11580754419338375,1792000.0,0.1474040736788382,415000.0,3177000.0,0.1474040736788382,1800000.0,1378000.0,0.06393541502343061,0.0,0.0,0.0,0.0,https://www.sec.gov/Archives/edgar/data/353569/000091205702012633/0000912057-02-012633-index.html,https://www.sec.gov/Archives/edgar/data/353569/000091205702012633/a2072360z10-k.htm
0,2001-09-30,QDEL,2001-11-14 00:00:00,2001-11-13 19:52:52,Q3,16568000,8072000.0,8496000.0,0.5127957508450024,1484000.0,5291000.0,0.0,0.0,0.0,15946000,0.0,0.0,1192000.0,0.07194591984548528,622000.0,0.02257363592467407,529000.0,374000.0,0.02257363592467407,449000.0,-75000.0,-0.004526798647996137,0.0,0.0,28302000,28952000,https://www.sec.gov/Archives/edgar/data/353569/000091205701539326/0000912057-01-539326-index.html,https://www.sec.gov/Archives/edgar/data/353569/000091205701539326/a2062518z10-q.htm
0,2001-03-31,QDEL,2001-04-02 00:00:00,2001-04-02 17:11:00,Q1,19544000,8994000.0,10550000,0.5398076135898485,1533000.0,6323000.0,0.0,0.0,0.0,17953000,0.0,0.0,2857000.0,0.14618297175603767,1591000.0,0.05638559148587802,-163000.0,1102000.0,0.05638559148587802,685000.0,417000.0,0.021336471551371264,0.01,0.01,28124000,29038000,https://www.sec.gov/Archives/edgar/data/353569/000091205701506557/0000912057-01-506557-index.html,https://www.sec.gov/Archives/edgar/data/353569/000091205701506557/a2042239z10-k.htm
