,date,symbol,fillingDate,acceptedDate,period,revenue,costOfRevenue,grossProfit,grossProfitRatio,researchAndDevelopmentExpenses,generalAndAdministrativeExpenses,sellingAndMarketingExpenses,otherExpenses,operatingExpenses,costAndExpenses,interestExpense,depreciationAndAmortization,ebitda,ebitdaratio,operatingIncome,operatingIncomeRatio,totalOtherIncomeExpensesNet,incomeBeforeTax,incomeBeforeTaxRatio,incomeTaxExpense,netIncome,netIncomeRatio,eps,epsdiluted,weightedAverageShsOut,weightedAverageShsOutDil,link,finalLink
0,2020-09-30,UNH,2020-11-02,2020-11-02 16:15:17,Q3,65115000000,7935000000,57180000000,0.8781386777240268,0.0,0.0,0.0,0.0,0.0,7935000000,395000000,719000000,5370000000,0.08246947707901406,4651000000,0.07142747446824849,351000000,4256000000,0.06536128388236198,-1000000000,5256000000,0.08071872840359365,12.0,12.0,949000000,949000000,https://www.sec.gov/Archives/edgar/data/731766/000073176620000049/0000731766-20-000049-index.htm,https://www.sec.gov/Archives/edgar/data/731766/000073176620000049/unh-20200930.htm
0,2020-06-30,UNH,2020-08-03,2020-07-31 20:03:23,Q2,61797000000,7501000000,54296000000,0.8786187031732932,0.0,10001000000,0.0,7501000000,52897000000,52897000000,430000000,717000000,9899000000,0.160186,9241000000,0.149538,341000000,8811000000,0.14258,2115000000,6637000000,0.1074,6.91354,6.91354,960000000,960000000,https://www.sec.gov/Archives/edgar/data/731766/000073176620000042/0000731766-20-000042-index.htm,https://www.sec.gov/Archives/edgar/data/731766/000073176620000042/unh-20200630.htm
0,2020-03-31,UNH,2020-05-06 00:00:00,2020-05-06 17:11:29,Q1,64056000000,0.0,0.0,0.8806755561074805,0.0,10015000000,0.0,7687000000,59425000000,59425000000,437000000,723000000,5636000000,0.087986,4996000000,0.077994,0.0,4559000000,0.071172,1094000000,3382000000,0.052798,3.51559,3.51559,962000000,962000000,https://www.sec.gov/Archives/edgar/data/731766/000073176620000026/0000731766-20-000026-index.html,https://www.sec.gov/Archives/edgar/data/731766/000073176620000026/unh202033110-q.htm
0,2019-12-31,UNH,2020-02-14 00:00:00,2020-02-14 17:18:38,Q4,60468000000,0.0,0.0,0.8930887834354115,0.0,9301000000,0.0,6511000000,55806000000,55806000000,437000000,718000000,5686000000,0.094033,5095000000,0.084259,0.0,4658000000,0.077032,990000000,3541000000,0.05856,3.67705,3.67705,963000000,963000000,https://www.sec.gov/Archives/edgar/data/731766/000073176620000006/0000731766-20-000006-index.html,https://www.sec.gov/Archives/edgar/data/731766/000073176620000006/unh2019123110-k.htm
0,2019-09-30,UNH,2019-11-06 00:00:00,2019-11-06 16:07:31,Q3,59885000000,0.0,0.0,0.8901923746085401,0.0,8960000000,0.0,6627000000,55337000000,55337000000,449000000,709000000,5632000000,0.094047,5014000000,0.083727,0.0,4565000000,0.076229,936000000,3538000000,0.05908,3.67394,3.67394,963000000,963000000,https://www.sec.gov/Archives/edgar/data/731766/000073176619000034/0000731766-19-000034-index.html,https://www.sec.gov/Archives/edgar/data/731766/000073176619000034/unh201993010-q.htm
0,2019-06-30,UNH,2019-08-07 00:00:00,2019-08-06 17:35:52,Q2,60013000000,0.0,0.0,0.8746101163462332,0.0,8415000000,0.0,7598000000,55851000000,55851000000,418000000,654000000,5306000000,0.088414,4744000000,0.07905,0.0,4326000000,0.072084,941000000,3293000000,0.054871,3.41598,3.41598,964000000,964000000,https://www.sec.gov/Archives/edgar/data/731766/000073176619000025/0000731766-19-000025-index.html,https://www.sec.gov/Archives/edgar/data/731766/000073176619000025/unh201963010-q.htm
0,2019-03-31,UNH,2019-05-07 00:00:00,2019-05-07 17:10:28,Q1,59903000000,0.0,0.0,0.8776115938183989,0.0,8517000000,0.0,7381000000,55476000000,55476000000,400000000,639000000,5381000000,0.089829,4832000000,0.080664,0.0,4432000000,0.073986,875000000,3467000000,0.057877,3.5559,3.5559,975000000,975000000,https://www.sec.gov/Archives/edgar/data/731766/000073176619000013/0000731766-19-000013-index.html,https://www.sec.gov/Archives/edgar/data/731766/000073176619000013/unh201933110-q.htm
0,2018-12-31,UNH,2019-02-12 00:00:00,2019-02-12 17:16:04,Q4,58076000000,0.0,0.0,0.8694729274012701,0.0,8703000000,0.0,7625000000,53920000000,53920000000,374000000,637000000,5010000000,0.086266,4497000000,0.077433,0.0,4123000000,0.070993,959000000,3040000000,0.052345,3.10204,3.10204,980000000,980000000,https://www.sec.gov/Archives/edgar/data/731766/000073176619000005/0000731766-19-000005-index.html,https://www.sec.gov/Archives/edgar/data/731766/000073176619000005/unh2018123110-k.htm
0,2018-09-30,UNH,2018-11-08 00:00:00,2018-11-08 16:12:46,Q3,56174000000,0.0,0.0,0.881215078859891,0.0,8479000000,0.0,6718000000,51966000000,51966000000,353000000,611000000,5105000000,0.090878,4590000000,0.08171,0.0,4237000000,0.075426,953000000,3188000000,0.056752,3.24313,3.24313,983000000,983000000,https://www.sec.gov/Archives/edgar/data/731766/000073176618000040/0000731766-18-000040-index.html,https://www.sec.gov/Archives/edgar/data/731766/000073176618000040/unh201893010-q.htm
0,2018-06-30,UNH,2018-08-07 00:00:00,2018-08-07 16:07:58,Q2,55731000000,0.0,0.0,0.8846236137360483,0.0,8386000000,0.0,6471000000,51882000000,51882000000,344000000,598000000,4714000000,0.084585,4204000000,0.075434,0.0,3860000000,0.069261,850000000,2922000000,0.05243,2.97556,2.97556,982000000,982000000,https://www.sec.gov/Archives/edgar/data/731766/000073176618000030/0000731766-18-000030-index.html,https://www.sec.gov/Archives/edgar/data/731766/000073176618000030/unh201863010-q.htm
0,2018-03-31,UNH,2018-05-07 00:00:00,2018-05-07 16:17:34,Q1,54890000000,0.0,0.0,0.8879466550699427,0.0,8506000000,0.0,6184000000,51135000000,51135000000,329000000,582000000,4547000000,0.082838,4053000000,0.073839,0.0,3724000000,0.067845,800000000,2836000000,0.051667,2.87335,2.87335,987000000,987000000,https://www.sec.gov/Archives/edgar/data/731766/000073176618000018/0000731766-18-000018-index.html,https://www.sec.gov/Archives/edgar/data/731766/000073176618000018/unh201833110-q.htm
0,2017-12-31,UNH,2018-02-13 00:00:00,2018-02-13 16:10:43,Q4,51763000000,0.0,0.0,0.875549835769578,0.0,7820000000,0.0,6479000000,48084000000,48084000000,308000000,578000000,5651000000,0.109171,3977000000,0.076831,0.0,3669000000,0.070881,1148000000,3617000000,0.069876,3.64985,3.64985,991000000,991000000,https://www.sec.gov/Archives/edgar/data/731766/000073176618000005/0000731766-18-000005-index.html,https://www.sec.gov/Archives/edgar/data/731766/000073176618000005/unh2017123110-k.htm
0,2017-09-30,UNH,2017-11-07 00:00:00,2017-11-07 16:13:45,Q3,50075000000,0.0,0.0,0.8794165573705338,0.0,7387000000,0.0,6068000000,46234000000,46234000000,294000000,578000000,4590000000,0.091663,4088000000,0.081638,0.0,3794000000,0.075766,1233000000,2485000000,0.049626,2.51264,2.51264,989000000,989000000,https://www.sec.gov/Archives/edgar/data/731766/000073176617000045/0000731766-17-000045-index.html,https://www.sec.gov/Archives/edgar/data/731766/000073176617000045/unh930201710-q.htm
0,2017-06-30,UNH,2017-08-04 00:00:00,2017-08-04 16:54:46,Q2,49797000000,0.0,0.0,0.8823447146025213,0.0,7328000000,0.0,5889000000,46322000000,46322000000,301000000,556000000,4221000000,0.084764,3731000000,0.074924,0.0,3430000000,0.06888,1080000000,2284000000,0.045866,2.31878,2.31878,985000000,985000000,https://www.sec.gov/Archives/edgar/data/731766/000073176617000028/0000731766-17-000028-index.html,https://www.sec.gov/Archives/edgar/data/731766/000073176617000028/unh630201710-q.htm
0,2017-03-31,UNH,2017-05-08 00:00:00,2017-05-08 16:46:48,Q1,48501000000,0.0,0.0,0.8835047103010898,0.0,7022000000,0.0,5676000000,45310000000,45310000000,283000000,533000000,3927000000,0.080967,3413000000,0.07037,0.0,3130000000,0.064535,939000000,2172000000,0.044783,2.22769,2.22769,975000000,975000000,https://www.sec.gov/Archives/edgar/data/731766/000073176617000016/0000731766-17-000016-index.html,https://www.sec.gov/Archives/edgar/data/731766/000073176617000016/unh331201710-q.htm
0,2016-12-31,UNH,2017-02-08 00:00:00,2017-02-08 16:22:01,Q4,47274000000,0.0,0.0,0.8672977805827286,0.0,7817000000,0.0,6308000000,44348000000,44348000000,268000000,527000000,3690000000,0.078056,3187000000,0.067415,0.0,2919000000,0.061746,1211000000,1684000000,0.035622,1.73967,1.73967,968000000,968000000,https://www.sec.gov/Archives/edgar/data/731766/000073176617000009/0000731766-17-000009-index.html,https://www.sec.gov/Archives/edgar/data/731766/000073176617000009/unh2016123110-k.htm
0,2016-09-30,UNH,2016-11-08 00:00:00,2016-11-08 16:38:28,Q3,46102000000,0.0,0.0,0.8676905795692653,0.0,7033000000,0.0,6125000000,42713000000,42713000000,269000000,515000000,4085000000,0.088608,3580000000,0.077654,0.0,3311000000,0.071819,1333000000,1968000000,0.042688,2.03096,2.03096,969000000,969000000,https://www.sec.gov/Archives/edgar/data/731766/000073176616000088/0000731766-16-000088-index.html,https://www.sec.gov/Archives/edgar/data/731766/000073176616000088/unh930201610-q.htm
0,2016-06-30,UNH,2016-08-02 00:00:00,2016-08-02 16:37:24,Q2,46292000000,0.0,0.0,0.8686457997203398,0.0,6793000000,0.0,6106000000,43282000000,43282000000,271000000,511000000,3708000000,0.0801,3203000000,0.069191,0.0,2932000000,0.063337,1172000000,1754000000,0.03789,1.81386,1.81386,967000000,967000000,https://www.sec.gov/Archives/edgar/data/731766/000073176616000081/0000731766-16-000081-index.html,https://www.sec.gov/Archives/edgar/data/731766/000073176616000081/unh201663010-q.htm
0,2016-03-31,UNH,2016-05-04 00:00:00,2016-05-04 17:27:59,Q1,44344000000,0.0,0.0,0.8680126664720282,0.0,6758000000,0.0,5877000000,41567000000,41567000000,259000000,502000000,3446000000,0.077711,2960000000,0.066751,0.0,2701000000,0.06091,1074000000,1611000000,0.03633,1.66598,1.66598,967000000,967000000,https://www.sec.gov/Archives/edgar/data/731766/000073176616000068/0000731766-16-000068-index.html,https://www.sec.gov/Archives/edgar/data/731766/000073176616000068/unh201633110-q.htm
0,2015-12-31,UNH,2016-02-09 00:00:00,2016-02-09 16:12:06,Q4,43419000000,0.0,0.0,0.8189178650886488,0.0,6210000000,0.0,7895000000,41131000000,41131000000,260000000,484000000,2918000000,0.067206,2468000000,0.056841,0.0,2208000000,0.050853,956000000,1218000000,0.028052,1.25957,1.25957,967000000,967000000,https://www.sec.gov/Archives/edgar/data/731766/000073176616000058/0000731766-16-000058-index.html,https://www.sec.gov/Archives/edgar/data/731766/000073176616000058/unh2015123110-k.htm
0,2015-09-30,UNH,2015-11-05 00:00:00,2015-11-05 16:05:14,Q3,41319000000,0.0,0.0,0.8529730772011859,0.0,6301000000,0.0,6100000000,38471000000,38471000000,229000000,452000000,3449000000,0.083472,3018000000,0.073041,0.0,2789000000,0.067499,1171000000,1597000000,0.03865,1.6515,1.6515,967000000,967000000,https://www.sec.gov/Archives/edgar/data/731766/000073176615000049/0000731766-15-000049-index.html,https://www.sec.gov/Archives/edgar/data/731766/000073176615000049/unh201593010-q.htm
0,2015-06-30,UNH,2015-07-29 00:00:00,2015-07-29 17:25:52,Q2,36049000000,0.0,0.0,0.9693627113035326,0.0,5852000000,0.0,1111000000,33368000000,33368000000,151000000,379000000,3274000000,0.090821,2895000000,0.080307,0.0,2744000000,0.076119,1159000000,1585000000,0.043968,1.64079,1.64079,966000000,966000000,https://www.sec.gov/Archives/edgar/data/731766/000073176615000037/0000731766-15-000037-index.html,https://www.sec.gov/Archives/edgar/data/731766/000073176615000037/unh201563010-q.htm
0,2015-03-31,UNH,2015-05-06 00:00:00,2015-05-06 17:25:37,Q1,35610000000,0.0,0.0,0.9692359324309207,0.0,5949000000,0.0,1100000000,33116000000,33116000000,150000000,378000000,3018000000,0.084751,2640000000,0.074136,0.0,2490000000,0.069924,1077000000,1413000000,0.03968,1.4582,1.4582,969000000,969000000,https://www.sec.gov/Archives/edgar/data/731766/000073176615000016/0000731766-15-000016-index.html,https://www.sec.gov/Archives/edgar/data/731766/000073176615000016/unh201533110-q.htm
0,2014-12-31,UNH,2015-02-10,2015-02-10 16:45:11,Q4,33267000000,0.0,0.0,0.9698501480573086,0.0,5845000000,0.0,1008000000,30668000000,30668000000,151000000,381000000,3146000000,0.094568,2765000000,0.083115,0.0,2614000000,0.078576,1104000000,1510000000,0.04539,1.49062,1.49062,1013000000,1013000000,https://www.sec.gov/Archives/edgar/data/731766/000073176615000007/unh2014123110-k.htm,https://www.sec.gov/Archives/edgar/data/731766/000073176615000007/unh2014123110-k.htm
0,2014-09-30,UNH,2014-11-10 00:00:00,2014-11-10 12:26:44,Q3,32587000000,0.0,0.0,0.9708477059739308,0.0,5436000000,0.0,955000000,29856000000,29856000000,152000000,373000000,3276000000,0.100531,2903000000,0.089085,0.0,2751000000,0.08442,1149000000,1602000000,0.049161,1.63136,1.63136,982000000,982000000,https://www.sec.gov/Archives/edgar/data/731766/000073176614000051/0000731766-14-000051-index.html,https://www.sec.gov/Archives/edgar/data/731766/000073176614000051/unh201493010-q.htm
0,2014-06-30,UNH,2014-08-04 00:00:00,2014-08-04 16:04:27,Q2,32324000000,0.0,0.0,0.9714803217289864,0.0,5206000000,0.0,929000000,30022000000,30022000000,155000000,364000000,2916000000,0.090212,2552000000,0.078951,0.0,2397000000,0.074155,989000000,1408000000,0.043559,1.42079,1.42079,991000000,991000000,https://www.sec.gov/Archives/edgar/data/731766/000073176614000042/0000731766-14-000042-index.html,https://www.sec.gov/Archives/edgar/data/731766/000073176614000042/unh201463010-q.htm
0,2014-03-31,UNH,2014-05-06 00:00:00,2014-05-06 16:40:54,Q1,31517000000,0.0,0.0,0.9718682982212691,0.0,5194000000,0.0,892000000,29654000000,29654000000,160000000,360000000,2414000000,0.076594,2054000000,0.065171,0.0,1894000000,0.060095,795000000,1099000000,0.03487,1.11801,1.11801,983000000,983000000,https://www.sec.gov/Archives/edgar/data/731766/000073176614000025/0000731766-14-000025-index.html,https://www.sec.gov/Archives/edgar/data/731766/000073176614000025/unh201433110-q.htm
0,2013-12-31,UNH,2014-02-12,2014-02-12 16:32:19,Q4,30933000000,0.0,0.0,0.9756724619982646,0.0,5054000000,0.0,757000000,28665000000,28665000000,176000000,350000000,2802000000,0.090583,2452000000,0.079268,0.0,2276000000,0.073578,849000000,1427000000,0.046132,1.4073,1.4073,1014000000,1014000000,https://www.sec.gov/Archives/edgar/data/731766/000073176614000008/unh2013123110-k.htm,https://www.sec.gov/Archives/edgar/data/731766/000073176614000008/unh2013123110-k.htm
0,2013-09-30,UNH,2013-11-07 00:00:00,2013-11-07 16:03:34,Q3,30461000000,0.0,0.0,0.9761298328108673,0.0,4869000000,0.0,731000000,27993000000,27993000000,178000000,349000000,2980000000,0.09783,2631000000,0.086373,0.0,2453000000,0.080529,883000000,1570000000,0.051541,1.5332,1.5332,1024000000,1024000000,https://www.sec.gov/Archives/edgar/data/731766/000073176613000034/0000731766-13-000034-index.html,https://www.sec.gov/Archives/edgar/data/731766/000073176613000034/unh201393010-q.htm
0,2013-06-30,UNH,2013-08-05 00:00:00,2013-08-05 16:09:40,Q2,30213000000,0.0,0.0,0.9779992107340174,0.0,4825000000,0.0,669000000,28007000000,28007000000,176000000,340000000,2741000000,0.090723,2401000000,0.079469,0.0,2225000000,0.073644,789000000,1436000000,0.047529,1.39961,1.39961,1026000000,1026000000,https://www.sec.gov/Archives/edgar/data/731766/000073176613000026/0000731766-13-000026-index.html,https://www.sec.gov/Archives/edgar/data/731766/000073176613000026/unh201363010-q.htm
0,2013-03-31,UNH,2013-05-06 00:00:00,2013-05-06 16:47:57,Q1,30137000000,0.0,0.0,0.9775214238628873,0.0,4614000000,0.0,682000000,28201000000,28201000000,178000000,336000000,2427000000,0.080532,2139000000,0.070976,0.0,1961000000,0.06507,721000000,1192000000,0.039553,1.15841,1.15841,1029000000,1029000000,https://www.sec.gov/Archives/edgar/data/731766/000073176613000014/0000731766-13-000014-index.html,https://www.sec.gov/Archives/edgar/data/731766/000073176613000014/unh201333110-q.htm
0,2012-12-31,UNH,2013-02-07 00:00:00,2013-02-06 18:00:09,Q4,28585000000,0.0,0.0,0.9776843129757725,0.0,4853000000,0.0,642000000,26668000000,26668000000,173000000,370000000,2471000000,0.086444,2101000000,0.0735,0.0,1928000000,0.067448,684000000,1244000000,0.043519,1.19961,1.19961,1037000000,1037000000,https://www.sec.gov/Archives/edgar/data/731766/000073176613000005/0000731766-13-000005-index.html,https://www.sec.gov/Archives/edgar/data/731766/000073176613000005/unh2012123110-k.htm
0,2012-09-30,UNH,2012-10-30 00:00:00,2012-10-30 16:11:40,Q3,27157000000,0.0,0.0,0.9770346494762289,0.0,4277000000,0.0,627000000,24692000000,24692000000,158000000,317000000,2927000000,0.107781,2610000000,0.096108,0.0,2452000000,0.09029,895000000,1557000000,0.057333,1.49856,1.49856,1039000000,1039000000,https://www.sec.gov/Archives/edgar/data/731766/000073176612000038/0000731766-12-000038-index.html,https://www.sec.gov/Archives/edgar/data/731766/000073176612000038/unh201293010q.htm
0,2012-06-30,UNH,2012-08-07 00:00:00,2012-08-07 16:05:06,Q2,27087000000,0.0,0.0,0.9772602237300568,0.0,4080000000,0.0,620000000,25039000000,25039000000,153000000,326000000,2552000000,0.094215,2226000000,0.08218,0.0,2073000000,0.076531,736000000,1337000000,0.049359,1.27455,1.27455,1049000000,1049000000,https://www.sec.gov/Archives/edgar/data/731766/000073176612000028/0000731766-12-000028-index.html,https://www.sec.gov/Archives/edgar/data/731766/000073176612000028/unh201263010q.htm
0,2012-03-31,UNH,2012-05-03,2012-05-03 16:23:59,Q1,27110000000,0.0,0.0,0.9767612345135988,0.0,4096000000,0.0,634000000,24965000000,24965000000,148000000,296000000,2613000000,0.096385,2317000000,0.085467,0.0,2169000000,0.080007,781000000,1388000000,0.051199,1.30943,1.30943,1060000000,1060000000,https://www.sec.gov/Archives/edgar/data/731766/000073176612000009/unh2011123110k.htm,https://www.sec.gov/Archives/edgar/data/731766/000073176612000009/unh2011123110k.htm
0,2011-12-31,UNH,2012-02-09 00:00:00,2012-02-08 19:46:55,Q4,25774000000,0.0,0.0,0.9759607964192005,0.0,4308000000,0.0,623000000,23842000000,23842000000,139000000,290000000,2364000000,0.09172,2074000000,0.080469,0.0,1935000000,0.075076,677000000,1258000000,0.048809,1.17023,1.17023,1075000000,1075000000,https://www.sec.gov/Archives/edgar/data/731766/000073176612000009/0000731766-12-000009-index.html,https://www.sec.gov/Archives/edgar/data/731766/000073176612000009/unh2011123110k.htm
0,2011-09-30,UNH,2011-11-04 00:00:00,2011-11-04 17:05:48,Q3,25110000000,0.0,0.0,0.9759098101265823,0.0,3899000000,0.0,609000000,23210000000,23210000000,129000000,294000000,2364000000,0.094146,2070000000,0.082437,0.0,1941000000,0.0773,670000000,1271000000,0.050617,1.17359,1.17359,1083000000,1083000000,https://www.sec.gov/Archives/edgar/data/731766/000073176611000012/0000731766-11-000012-index.html,https://www.sec.gov/Archives/edgar/data/731766/000073176611000012/unh201193010q.htm
0,2011-06-30,UNH,2011-08-02 00:00:00,2011-08-02 16:20:15,Q2,25074000000,0.0,0.0,0.9780454941745265,0.0,3733000000,0.0,554000000,23135000000,23135000000,119000000,270000000,2369000000,0.09448,2099000000,0.083712,0.0,1980000000,0.078966,713000000,1267000000,0.05053,1.15814,1.15814,1094000000,1094000000,https://www.sec.gov/Archives/edgar/data/731766/000119312511206372/0001193125-11-206372-index.html,https://www.sec.gov/Archives/edgar/data/731766/000119312511206372/d10q.htm
0,2011-03-31,UNH,2011-05-03 00:00:00,2011-05-03 17:28:02,Q1,25250000000,0.0,0.0,0.9764469959106638,0.0,3617000000,0.0,599000000,23211000000,23211000000,118000000,270000000,2491000000,0.098653,2221000000,0.08796,0.0,2103000000,0.083287,757000000,1346000000,0.053307,1.22475,1.22475,1099000000,1099000000,https://www.sec.gov/Archives/edgar/data/731766/000119312511124184/0001193125-11-124184-index.html,https://www.sec.gov/Archives/edgar/data/731766/000119312511124184/d10q.htm
0,2010-12-31,UNH,2011-02-10,2011-02-10 16:04:42,Q4,23879000000,0.0,0.0,0.9765709529754474,0.0,4087000000,0.0,563000000,22228000000,22228000000,118000000,320000000,2122000000,0.088865,1802000000,0.075464,0.0,1684000000,0.070522,641000000,1043000000,0.043679,0.94304,0.94304,1106000000,1106000000,https://www.sec.gov/Archives/edgar/data/731766/000119312511030615/d10k.htm,https://www.sec.gov/Archives/edgar/data/731766/000119312511030615/d10k.htm
0,2010-09-30,UNH,2010-11-03 00:00:00,2010-11-03 16:08:09,Q3,23532000000,0.0,0.0,0.9773533885414907,0.0,3548000000,0.0,536000000,21523000000,21523000000,119000000,247000000,2392000000,0.101649,2145000000,0.091152,0.0,2026000000,0.086096,749000000,1277000000,0.054267,1.13612,1.13612,1124000000,1124000000,https://www.sec.gov/Archives/edgar/data/731766/000119312510246111/0001193125-10-246111-index.html,https://www.sec.gov/Archives/edgar/data/731766/000119312510246111/d10q.htm
0,2010-06-30,UNH,2010-08-05 00:00:00,2010-08-05 15:35:10,Q2,23115000000,0.0,0.0,0.9770460797799174,0.0,3359000000,0.0,534000000,21363000000,21363000000,119000000,249000000,2150000000,0.093013,1901000000,0.082241,0.0,1782000000,0.077093,659000000,1123000000,0.048583,0.98943,0.98943,1135000000,1135000000,https://www.sec.gov/Archives/edgar/data/731766/000119312510179226/0001193125-10-179226-index.html,https://www.sec.gov/Archives/edgar/data/731766/000119312510179226/d10q.htm
0,2010-03-31,UNH,2010-05-05 00:00:00,2010-05-05 16:22:54,Q1,23020000000,0.0,0.0,0.9791747510024577,0.0,3276000000,0.0,483000000,21177000000,21177000000,125000000,248000000,2264000000,0.098349,2016000000,0.087576,0.0,1891000000,0.082146,700000000,1191000000,0.051738,1.03028,1.03028,1156000000,1156000000,https://www.sec.gov/Archives/edgar/data/731766/000119312510108897/0001193125-10-108897-index.html,https://www.sec.gov/Archives/edgar/data/731766/000119312510108897/d10q.htm
0,2009-12-31,UNH,2010-02-10 00:00:00,2010-02-10 16:37:06,Q4,21643000000,0.0,0.0,0.9771850899742931,0.0,3413000000,0.0,497000000,20209000000,20209000000,144000000,258000000,1833000000,0.084693,1575000000,0.072772,0.0,1431000000,0.066118,487000000,944000000,0.043617,0.81309,0.81309,1161000000,1161000000,https://www.sec.gov/Archives/edgar/data/731766/000119312510027229/0001193125-10-027229-index.html,https://www.sec.gov/Archives/edgar/data/731766/000119312510027229/d10k.htm
0,2009-09-30,UNH,2009-11-03 00:00:00,2009-11-03 16:14:24,Q3,21555000000,0.0,0.0,0.9796266420834293,0.0,3156000000,0.0,442000000,20019000000,20019000000,137000000,250000000,1926000000,0.089353,1676000000,0.077755,0.0,1539000000,0.071399,504000000,1035000000,0.048017,0.88918,0.88918,1164000000,1164000000,https://www.sec.gov/Archives/edgar/data/731766/000119312509222100/0001193125-09-222100-index.html,https://www.sec.gov/Archives/edgar/data/731766/000119312509222100/d10q.htm
0,2009-06-30,UNH,2009-08-06 00:00:00,2009-08-06 16:07:57,Q2,21502000000,0.0,0.0,0.9902820955670697,0.0,3037000000,0.0,422000000,20215000000,20215000000,139000000,249000000,1689000000,0.078551,1440000000,0.066971,0.0,1301000000,0.060506,442000000,859000000,0.03995,0.72797,0.72797,1180000000,1180000000,https://www.sec.gov/Archives/edgar/data/731766/000119312509167160/0001193125-09-167160-index.html,https://www.sec.gov/Archives/edgar/data/731766/000119312509167160/d10q.htm
0,2009-03-31,UNH,2009-05-07 00:00:00,2009-05-07 16:05:52,Q1,21846000000,0.0,0.0,-0.7264957264957265,0.0,3128000000,0.0,404000000,20336000000,20336000000,131000000,234000000,1902000000,0.087064,1668000000,0.076353,0.0,1537000000,0.070356,553000000,984000000,0.045043,0.81322,0.81322,1210000000,1210000000,https://www.sec.gov/Archives/edgar/data/731766/000119312509103335/0001193125-09-103335-index.html,https://www.sec.gov/Archives/edgar/data/731766/000119312509103335/d10q.htm
0,2008-12-31,UNH,2009-02-11 00:00:00,2009-02-11 17:25:19,Q4,20345000000,0.0,0.0,0.979710570059646,0.0,3486000000,0.0,415000000,19175000000,19175000000,155000000,259000000,1538000000,0.075596,1279000000,0.062866,0.0,1124000000,0.055247,398000000,726000000,0.035684,0.59852,0.59852,1213000000,1213000000,https://www.sec.gov/Archives/edgar/data/731766/000119312509025587/0001193125-09-025587-index.html,https://www.sec.gov/Archives/edgar/data/731766/000119312509025587/d10k.htm
0,2008-09-30,UNH,2008-11-07 00:00:00,2008-11-07 16:06:27,Q3,20013000000,0.0,0.0,0.9807997618575114,0.0,2974000000,0.0,387000000,18558000000,18558000000,166000000,254000000,1852000000,0.09254,1598000000,0.079848,0.0,1432000000,0.071553,512000000,920000000,0.04597,0.7498,0.7498,1227000000,1227000000,https://www.sec.gov/Archives/edgar/data/731766/000119312508229996/0001193125-08-229996-index.html,https://www.sec.gov/Archives/edgar/data/731766/000119312508229996/d10q.htm
0,2008-06-30,UNH,2008-08-07 00:00:00,2008-08-07 17:03:30,Q2,20032000000,0.0,0.0,0.98258681925809,0.0,3746000000,0.0,353000000,19599000000,19599000000,164000000,243000000,916000000,0.045727,673000000,0.033596,0.0,509000000,0.025409,172000000,337000000,0.016823,0.27068,0.27068,1245000000,1245000000,https://www.sec.gov/Archives/edgar/data/731766/000119312508170237/0001193125-08-170237-index.html,https://www.sec.gov/Archives/edgar/data/731766/000119312508170237/d10q.htm
0,2008-03-31,UNH,2008-05-02 00:00:00,2008-05-02 17:15:16,Q1,20025000000,0.0,0.0,0.9839933018124507,0.0,2897000000,0.0,325000000,18591000000,18591000000,154000000,225000000,1938000000,0.096779,1713000000,0.085543,0.0,1559000000,0.077853,565000000,994000000,0.049638,0.77778,0.77778,1278000000,1278000000,https://www.sec.gov/Archives/edgar/data/731766/000119312508100902/0001193125-08-100902-index.html,https://www.sec.gov/Archives/edgar/data/731766/000119312508100902/d10q.htm
0,2007-12-31,UNH,2008-02-21,2008-02-21 17:12:48,Q4,18426000000,0.0,0.0,0.9887195936915263,0.0,2698000000,0.0,211000000,16667000000,16667000000,153000000,207000000,2245000000,0.121839,2038000000,0.110605,0.0,1885000000,0.102301,669000000,1216000000,0.065994,0.92261,0.92261,1318000000,1318000000,https://www.sec.gov/Archives/edgar/data/731766/000119312508035391/d10k.htm,https://www.sec.gov/Archives/edgar/data/731766/000119312508035391/d10k.htm
0,2007-09-30,UNH,2007-11-01 00:00:00,2007-11-01 17:18:13,Q3,18377000000,0.0,0.0,0.9889715723539804,0.0,2616000000,0.0,206000000,16524000000,16524000000,142000000,202000000,2357000000,0.128258,2155000000,0.117266,0.0,2013000000,0.109539,730000000,1283000000,0.069816,0.95178,0.95178,1348000000,1348000000,https://www.sec.gov/Archives/edgar/data/731766/000119312507232664/0001193125-07-232664-index.html,https://www.sec.gov/Archives/edgar/data/731766/000119312507232664/d10q.htm
0,2007-06-30,UNH,2007-08-06 00:00:00,2007-08-06 06:09:31,Q2,18707000000,0.0,0.0,0.9904736842105263,0.0,2605000000,0.0,181000000,16926000000,16926000000,133000000,196000000,2270000000,0.121345,2074000000,0.110868,0.0,1941000000,0.103758,713000000,1228000000,0.065644,0.89179,0.89179,1377000000,1377000000,https://www.sec.gov/Archives/edgar/data/731766/000119312507171261/0001193125-07-171261-index.html,https://www.sec.gov/Archives/edgar/data/731766/000119312507171261/d10q.htm
0,2007-03-31,UNH,2007-05-09 00:00:00,2007-05-09 17:16:52,Q1,18777000000,0.0,0.0,0.9910747099280727,0.0,2664000000,0.0,170000000,17465000000,17465000000,116000000,191000000,1773000000,0.094424,1582000000,0.084252,0.0,1466000000,0.078074,539000000,927000000,0.049369,0.66262,0.66262,1399000000,1399000000,https://www.sec.gov/Archives/edgar/data/731766/000119312507108409/0001193125-07-108409-index.html,https://www.sec.gov/Archives/edgar/data/731766/000119312507108409/d10q.htm
0,2006-12-31,UNH,2007-03-06,2007-03-06 06:18:47,Q4,17876000000,0.0,0.0,1.0,0.0,2556000000,0.0,168000000,16147000000,16147000000,95000000,177000000,2124000000,0.118819,1981000000,0.110819,0.0,1852000000,0.103603,677000000,1175000000,0.065731,0.84109,0.84109,1397000000,1397000000,https://www.sec.gov/Archives/edgar/data/731766/000119312507046861/d10k.htm,https://www.sec.gov/Archives/edgar/data/731766/000119312507046861/d10k.htm
0,2006-09-30,UNH,2007-03-06,2007-03-06 06:14:45,Q3,17744000000,0.0,0.0,0.9915971062882583,0.0,2419000000,0.0,151000000,16107000000,16107000000,129000000,168000000,2031000000,0.114461,1863000000,0.104993,0.0,1734000000,0.097723,622000000,1112000000,0.062669,0.79599,0.79599,1397000000,1397000000,https://www.sec.gov/Archives/edgar/data/731766/000119312507046858/d10q.htm,https://www.sec.gov/Archives/edgar/data/731766/000119312507046858/d10q.htm
0,2006-06-30,UNH,2007-03-06,2007-03-06 06:11:33,Q2,17669000000,0.0,0.0,0.984320752603875,0.0,2475000000,0.0,143000000,16196000000,16196000000,116000000,168000000,1835000000,0.103854,1667000000,0.094346,0.0,1551000000,0.087781,570000000,981000000,0.055521,0.70323,0.70323,1395000000,1395000000,https://www.sec.gov/Archives/edgar/data/731766/000119312507046855/d10q.htm,https://www.sec.gov/Archives/edgar/data/731766/000119312507046855/d10q.htm
0,2006-03-31,UNH,2006-05-10,2006-05-10 17:32:00,Q1,17382000000,0.0,0.0,1.0,0.0,2531000000,0.0,137000000,16108000000,16108000000,82000000,157000000,1630000000,0.093775,1473000000,0.084743,0.0,1391000000,0.080025,500000000,891000000,0.05126,0.62791,0.62791,1419000000,1419000000,https://www.sec.gov/Archives/edgar/data/731766/000119312506038949/d10k.htm,https://www.sec.gov/Archives/edgar/data/731766/000119312506038949/d10k.htm
0,2005-12-31,UNH,2006-02-24,2006-02-24 17:00:10,Q4,12165000000,0.0,0.0,1.0,0.0,1941000000,0.0,45000000,10989000000,10989000000,75000000,120000000,1417000000,0.116482,1297000000,0.106617,0.0,1222000000,0.100452,444000000,778000000,0.063954,0.57973,0.57973,1342000000,1342000000,https://www.sec.gov/Archives/edgar/data/731766/000119312506038949/d10k.htm,https://www.sec.gov/Archives/edgar/data/731766/000119312506038949/d10k.htm
0,2005-09-30,UNH,2005-11-04,2005-11-04 08:48:57,Q3,11472000000,0.0,0.0,1.0,0.0,1778000000,0.0,16000000,10290000000,10290000000,62000000,116000000,1439000000,0.125436,1323000000,0.115324,0.0,1261000000,0.10992,461000000,800000000,0.069735,0.60514,0.60514,1322000000,1322000000,https://www.sec.gov/Archives/edgar/data/731766/000119312505216378/d10q.htm,https://www.sec.gov/Archives/edgar/data/731766/000119312505216378/d10q.htm
0,2005-06-30,UNH,2005-08-08,2005-08-08 17:24:32,Q2,11250000000,0.0,0.0,1.0,0.0,1705000000,0.0,12000000,10117000000,10117000000,104000000,108000000,1419000000,0.126133,1262000000,0.112178,0.0,1207000000,0.107289,438000000,769000000,0.068356,0.58082,0.58082,1324000000,1324000000,https://www.sec.gov/Archives/edgar/data/731766/000119312505160946/d10q.htm,https://www.sec.gov/Archives/edgar/data/731766/000119312505160946/d10q.htm
0,2005-03-31,UNH,2005-05-05,2005-05-05 17:06:23,Q1,11033000000,0.0,0.0,1.0,0.0,1710000000,0.0,16000000,9949000000,9949000000,49000000,109000000,1307000000,0.118463,1198000000,0.108583,0.0,1149000000,0.104142,413000000,736000000,0.066709,0.54762,0.54762,1344000000,1344000000,https://www.sec.gov/Archives/edgar/data/731766/000119312505039947/d10k.htm,https://www.sec.gov/Archives/edgar/data/731766/000119312505039947/d10k.htm
0,2004-12-31,UNH,2005-03-01,2005-03-01 17:14:38,Q4,10401000000,0.0,0.0,1.0,0.0,1592000000,0.0,0.0,9323000000,9323000000,42000000,106000000,1294000000,0.124411,1188000000,0.11422,0.0,1146000000,0.110182,407000000,739000000,0.071051,0.54378,0.54378,1359000000,1359000000,https://www.sec.gov/Archives/edgar/data/731766/000119312505039947/d10k.htm,https://www.sec.gov/Archives/edgar/data/731766/000119312505039947/d10k.htm
0,2004-09-30,UNH,2004-11-09,2004-11-08 19:47:37,Q3,9762000000,0.0,0.0,1.0,0.0,1488000000,0.0,0.0,8767000000,8767000000,34000000,99000000,1191000000,0.122004,1092000000,0.111862,0.0,1058000000,0.108379,360000000,698000000,0.071502,0.52051,0.52051,1341000000,1341000000,https://www.sec.gov/Archives/edgar/data/731766/000095013404016793/c89291e10vq.htm,https://www.sec.gov/Archives/edgar/data/731766/000095013404016793/c89291e10vq.htm
0,2004-06-30,UNH,2004-08-09,2004-08-09 17:21:23,Q2,8614000000,0.0,0.0,1.0,0.0,1346000000,0.0,0.0,7759000000,7759000000,28000000,87000000,1032000000,0.119805,945000000,0.109705,0.0,917000000,0.106455,321000000,596000000,0.06919,0.46635,0.46635,1278000000,1278000000,https://www.sec.gov/Archives/edgar/data/731766/000095013404011798/c87271e10vq.htm,https://www.sec.gov/Archives/edgar/data/731766/000095013404011798/c87271e10vq.htm
0,2004-03-31,UNH,2004-05-07,2004-05-07 10:04:38,Q1,8053000000,0.0,0.0,1.0,0.0,1317000000,0.0,0.0,7268000000,7268000000,24000000,82000000,958000000,0.118962,876000000,0.108779,0.0,852000000,0.105799,298000000,554000000,0.068794,0.43968,0.43968,1260000000,1260000000,https://www.sec.gov/Archives/edgar/data/731766/000095013404003522/c82635e10vk.htm,https://www.sec.gov/Archives/edgar/data/731766/000095013404003522/c82635e10vk.htm
0,2003-12-31,UNH,2004-03-15,2004-03-15 17:10:43,Q4,7446000000,0.0,0.0,1.0,0.0,1255000000,0.0,0.0,6713000000,6713000000,24000000,77000000,887000000,0.119124,810000000,0.108783,0.0,786000000,0.10556,279000000,507000000,0.06809,0.41626,0.41626,1218000000,1218000000,https://www.sec.gov/Archives/edgar/data/731766/000095013404003522/c82635e10vk.htm,https://www.sec.gov/Archives/edgar/data/731766/000095013404003522/c82635e10vk.htm
0,2003-09-30,UNH,2003-11-14,2003-11-14 15:00:13,Q3,7175000000,0.0,0.0,1.0,0.0,1226000000,0.0,0.0,6475000000,6475000000,24000000,75000000,838000000,0.116794,763000000,0.106341,0.0,739000000,0.102997,263000000,476000000,0.066341,0.38574,0.38574,1234000000,1234000000,https://www.sec.gov/Archives/edgar/data/731766/000095013403015425/c79390e10vq.htm,https://www.sec.gov/Archives/edgar/data/731766/000095013403015425/c79390e10vq.htm
0,2003-06-30,UNH,2003-08-13,2003-08-13 16:43:42,Q2,7027000000,0.0,0.0,1.0,0.0,1195000000,0.0,0.0,6378000000,6378000000,24000000,74000000,783000000,0.111427,709000000,0.100897,0.0,685000000,0.097481,246000000,439000000,0.062473,0.35518,0.35518,1236000000,1236000000,https://www.sec.gov/Archives/edgar/data/731766/000095013403011638/c77715e10vq.htm,https://www.sec.gov/Archives/edgar/data/731766/000095013403011638/c77715e10vq.htm
0,2003-03-31,UNH,2003-05-15,2003-05-15 16:46:15,Q1,6918000000,0.0,0.0,1.0,0.0,1199000000,0.0,0.0,6322000000,6322000000,23000000,73000000,726000000,0.104944,653000000,0.094391,0.0,630000000,0.091067,227000000,403000000,0.058254,0.32343,0.32343,1246000000,1246000000,https://www.sec.gov/Archives/edgar/data/731766/000095013403008200/c76981e10vq.htm,https://www.sec.gov/Archives/edgar/data/731766/000095013403008200/c76981e10vq.htm
0,2002-12-31,UNH,,,Q4,6627000000,0.0,0.0,0.0,0.0,1172000000,0.0,0.0,6073000000,6073000000,-22000000,71000000,636000000,0.095971,609000000,0.091897,0.0,587000000,0.088577,208000000,379000000,0.05719,0.30079,0.30079,1260000000,1260000000,,
0,2002-09-30,UNH,2002-11-14,2002-11-14 18:12:38,Q3,6195000000,0.0,0.0,1.0,0.0,1100000000,0.0,0.0,5675000000,5675000000,24000000,66000000,638000000,0.102986,572000000,0.092333,0.0,548000000,0.088458,195000000,353000000,0.056981,0.27994,0.27994,1261000000,1261000000,https://www.sec.gov/Archives/edgar/data/731766/000095013402014483/c72837e10vq.htm,https://www.sec.gov/Archives/edgar/data/731766/000095013402014483/c72837e10vq.htm
0,2002-06-30,UNH,2002-08-13 00:00:00,2002-08-12 21:58:08,Q2,6027000000,0.0,0.0,1.0,0.0,1075000000,0.0,0.0,5555000000,5555000000,20000000,62000000,585000000,0.097063,523000000,0.086776,0.0,503000000,0.083458,178000000,325000000,0.053924,0.25371,0.25371,1281000000,1281000000,https://www.sec.gov/Archives/edgar/data/731766/000095013402009610/0000950134-02-009610-index.html,https://www.sec.gov/Archives/edgar/data/731766/000095013402009610/c70907e10vq.htm
0,2002-03-31,UNH,2002-05-14 00:00:00,2002-05-14 17:26:09,Q1,5951000000,0.0,0.0,1.0,0.0,1040000000,0.0,0.0,5531000000,5531000000,24000000,56000000,538000000,0.090405,482000000,0.080995,0.0,458000000,0.076962,163000000,295000000,0.049572,0.22939,0.22939,1286000000,1286000000,https://www.sec.gov/Archives/edgar/data/731766/000095013702003025/0000950137-02-003025-index.html,https://www.sec.gov/Archives/edgar/data/731766/000095013702003025/c69365e10-q.htm
0,2001-12-31,UNH,,,Q4,5956000000,0.0,0.0,0.0,0.0,1050000000,0.0,0.0,5599000000,5599000000,-24000000,70000000,443000000,0.074379,421000000,0.070685,0.0,397000000,0.066655,150000000,247000000,0.041471,0.19103,0.19103,1293000000,1293000000,,
0,2001-09-30,UNH,2001-11-13 00:00:00,2001-11-13 00:00:00,Q3,5872000000,0.0,0.0,1.0,0.0,1013000000,0.0,0.0,5545000000,5545000000,-1000000.0,67000000,439000000,0.074762,396000000,0.067439,0.0,373000000,0.063522,142000000,231000000,0.039339,0.17824,0.17824,1296000000,1296000000,https://www.sec.gov/Archives/edgar/data/731766/000091205701539251/0000912057-01-539251-index.html,https://www.sec.gov/Archives/edgar/data/731766/000091205701539251/a2063056z10-q.htm
0,2001-06-30,UNH,2001-08-14 00:00:00,2001-08-14 00:00:00,Q2,5739000000,0.0,0.0,1.0,0.0,971000000,0.0,0.0,5429000000,5429000000,1000000.0,64000000,425000000,0.074055,384000000,0.066911,0.0,360000000,0.062729,137000000,223000000,0.038857,0.17049,0.17049,1308000000,1308000000,https://www.sec.gov/Archives/edgar/data/731766/000091205701528595/0000912057-01-528595-index.html,https://www.sec.gov/Archives/edgar/data/731766/000091205701528595/a2056221z10-q.htm
0,2001-03-31,UNH,2001-05-15 00:00:00,2001-05-15 00:00:00,Q1,5606000000,0.0,0.0,1.0,0.0,945000000,0.0,0.0,5315000000,5315000000,23000000,64000000,429000000,0.076525,365000000,0.065109,0.0,342000000,0.061006,130000000,212000000,0.037817,0.15964,0.15964,1328000000,1328000000,https://www.sec.gov/Archives/edgar/data/731766/000091205701516177/0000912057-01-516177-index.html,https://www.sec.gov/Archives/edgar/data/731766/000091205701516177/a2048654z10-q.htm
0,2000-12-31,UNH,,,Q4,5370000000,0.0,0.0,0.0,0.0,887000000,0.0,0.0,5104000000,5104000000,6000000.0,62000000,404000000,0.075233,330000000,0.061453,0.0,336000000,0.06257,126000000,210000000,0.039106,0.15766,0.15766,1332000000,1332000000,,
0,2000-09-30,UNH,2000-11-06 00:00:00,2000-11-06 00:00:00,Q3,5313000000,0.0,0.0,1.0,0.0,893000000,0.0,0.0,5060000000,5060000000,35000000,62000000,388000000,0.073028,309000000,0.058159,0.0,291000000,0.054771,109000000,182000000,0.034256,0.13552,0.13552,1343000000,1343000000,https://www.sec.gov/Archives/edgar/data/731766/000091205700047441/0000912057-00-047441-index.html,https://www.sec.gov/Archives/edgar/data/731766/000091205700047441/a2029141z10-q.htm
0,2000-06-30,UNH,2000-08-11 00:00:00,2000-08-11 00:00:00,Q2,5165000000,0.0,0.0,0.0,0.0,879000000,0.0,0.0,4932000000,4932000000,-16000000,61000000,317000000,0.061375,288000000,0.05576,0.0,272000000,0.052662,102000000,170000000,0.032914,0.12602,0.12602,1349000000,1349000000,https://www.sec.gov/Archives/edgar/data/731766/000091205700036683/0000912057-00-036683-index.html,https://www.sec.gov/Archives/edgar/data/731766/000091205700036683/a10-q.htm
0,2000-03-31,UNH,2000-05-15 00:00:00,2000-05-15 00:00:00,Q1,5042000000,0.0,0.0,0.0,0.0,861000000,0.0,0.0,4826000000,4826000000,-17000000,62000000,301000000,0.059699,273000000,0.054145,0.0,256000000,0.050774,82000000,174000000,0.03451,0.12898,0.12898,1349000000,1349000000,https://www.sec.gov/Archives/edgar/data/731766/000091205700024846/0000912057-00-024846-index.html,https://www.sec.gov/Archives/edgar/data/731766/000091205700024846/0000912057-00-024846-d1.html
0,1999-12-31,UNH,,,Q4,4937000000,0.0,0.0,0.0,0.0,864000000,0.0,0.0,4734000000,4734000000,-17000000,62000000,286000000,0.05793,258000000,0.052258,0.0,241000000,0.048815,84000000,157000000,0.031801,0.11477,0.11477,1368000000,1368000000,,
0,1999-09-30,UNH,,,Q3,4849000000,0.0,0.0,0.0,0.0,834000000,0.0,0.0,4664000000,4664000000,-10000000,61000000,280000000,0.057744,239000000,0.049289,0.0,229000000,0.047226,85000000,144000000,0.029697,0.10098,0.10098,1426000000,1426000000,,
0,1999-06-30,UNH,1999-08-13 00:00:00,1999-08-13 00:00:00,Q2,4805000000,0.0,0.0,0.0,0.0,832000000,0.0,0.0,4633000000,4633000000,-11000000,55000000,258000000,0.053694,225000000,0.046826,0.0,214000000,0.044537,79000000,135000000,0.028096,0.09494,0.09494,1422000000,1422000000,https://www.sec.gov/Archives/edgar/data/731766/000104746999031947/0001047469-99-031947-index.html,https://www.sec.gov/Archives/edgar/data/731766/0001047469-99-031947.txt
0,1999-03-31,UNH,,,Q1,4752000000,0.0,0.0,0.0,0.0,813000000,0.0,0.0,4588000000,4588000000,-11000000,55000000,254000000,0.053451,221000000,0.046507,0.0,210000000,0.044192,78000000,132000000,0.027778,0.09029,0.09029,1462000000,1462000000,,
0,1998-12-31,UNH,,,Q4,4581000000,0.0,0.0,0.0,0.0,797000000,0.0,0.0,4431000000,4431000000,-4000000.0,52000000,258000000,0.05632,214000000,0.046715,0.0,210000000,0.045842,78000000,132000000,0.028815,0.08824,0.08824,1496000000,1496000000,,
0,1998-09-30,UNH,1998-11-12 00:00:00,1998-11-12 00:00:00,Q3,4297000000,0.0,0.0,0.0,0.0,749000000,0.0,0.0,4146000000,4146000000,0.0,43000000,257000000,0.059809,214000000,0.049802,0.0,214000000,0.049802,79000000,135000000,0.031417,0.08698,0.08698,1552000000,1552000000,https://www.sec.gov/Archives/edgar/data/731766/000104746998040415/0001047469-98-040415-index.html,https://www.sec.gov/Archives/edgar/data/731766/0001047469-98-040415.txt
0,1998-06-30,UNH,1998-08-14 00:00:00,1998-08-14 00:00:00,Q2,4175000000,0.0,0.0,0.0,0.0,706000000,0.0,0.0,4914000000,4914000000,0.0,48000000,-631000000,-0.151138,-679000000,-0.162635,0.0,-679000000,-0.162635,-114000000,-565000000,-0.135329,-0.36593,-0.36593,1544000000,1544000000,https://www.sec.gov/Archives/edgar/data/731766/000104746998031820/0001047469-98-031820-index.html,https://www.sec.gov/Archives/edgar/data/731766/0001047469-98-031820.txt
0,1998-03-31,UNH,1998-05-15 00:00:00,1998-05-15 00:00:00,Q1,4053000000,0.0,0.0,0.0,0.0,712000000,0.0,0.0,3906000000,3906000000,0.0,42000000,251000000,0.061929,209000000,0.051567,0.0,209000000,0.051567,77000000,132000000,0.032568,0.08291,0.08291,1592000000,1592000000,https://www.sec.gov/Archives/edgar/data/731766/000104746998020676/0001047469-98-020676-index.html,https://www.sec.gov/Archives/edgar/data/731766/0001047469-98-020676.txt
0,1997-12-31,UNH,,,Q4,2994000000,0.0,0.0,0.0,0.0,606000000,0.0,0.0,2861000000,2861000000,0.0,40000000,232000000,0.077488,192000000,0.064128,0.0,192000000,0.064128,73000000,119000000,0.039746,0.07712,0.07712,1543000000,1543000000,,
0,1997-09-30,UNH,1997-11-14 00:00:00,1997-11-14 00:00:00,Q3,2902000000,0.0,0.0,0.0,0.0,591000000,0.0,0.0,2772000000,2772000000,0.0,37000000,224000000,0.077188,187000000,0.064438,0.0,187000000,0.064438,71000000,116000000,0.039972,0.07552,0.07552,1536000000,1536000000,https://www.sec.gov/Archives/edgar/data/731766/000104746997005017/0001047469-97-005017-index.html,https://www.sec.gov/Archives/edgar/data/731766/0001047469-97-005017.txt
0,1997-06-30,UNH,1997-08-14 00:00:00,1997-08-14 00:00:00,Q2,2867000000,0.0,0.0,0.0,0.0,592000000,0.0,0.0,2746000000,2746000000,0.0,35000000,220000000,0.076735,185000000,0.064527,0.0,185000000,0.064527,69000000,116000000,0.04046,0.07592,0.07592,1528000000,1528000000,https://www.sec.gov/Archives/edgar/data/731766/000091205797027978/0000912057-97-027978-index.html,https://www.sec.gov/Archives/edgar/data/731766/0000912057-97-027978.txt
0,1997-03-31,UNH,1997-05-15 00:00:00,1997-05-15 00:00:00,Q1,2800000000,0.0,0.0,0.0,0.0,575000000,0.0,0.0,2673000000,2673000000,0.0,34000000,212000000,0.075714,178000000,0.063571,0.0,178000000,0.063571,69000000,109000000,0.038929,0.07209,0.07209,1512000000,1512000000,https://www.sec.gov/Archives/edgar/data/731766/000091205797018076/0000912057-97-018076-index.html,https://www.sec.gov/Archives/edgar/data/731766/0000912057-97-018076.txt
0,1996-12-31,UNH,,,Q4,2626000000,0.0,0.0,0.0,0.0,567000000,0.0,0.0,2520000000,2520000000,0.0,36000000,192000000,0.073115,156000000,0.059406,0.0,156000000,0.059406,61000000,95000000,0.036177,0.06279,0.06279,1513000000,1513000000,,
0,1996-09-30,UNH,1996-11-14 00:00:00,1996-11-14 00:00:00,Q3,2543000000,0.0,0.0,0.0,0.0,548000000,0.0,0.0,2438000000,2438000000,0.0,34000000,183000000,0.071962,149000000,0.058592,0.0,149000000,0.058592,58000000,91000000,0.035785,0.06079,0.06079,1497000000,1497000000,https://www.sec.gov/Archives/edgar/data/731766/000073176696000017/0000731766-96-000017-index.html,https://www.sec.gov/Archives/edgar/data/731766/0000731766-96-000017.txt
0,1996-06-30,UNH,1996-08-14 00:00:00,1996-08-14 00:00:00,Q2,2447000000,0.0,0.0,0.0,0.0,542000000,0.0,0.0,2395000000,2395000000,0.0,32000000,114000000,0.046588,97000000,0.03964,-15000000,82000000,0.03351,32000000,50000000,0.020433,0.03349,0.03349,1493000000,1493000000,https://www.sec.gov/Archives/edgar/data/731766/000073176696000013/0000731766-96-000013-index.html,https://www.sec.gov/Archives/edgar/data/731766/0000731766-96-000013.txt
0,1996-03-31,UNH,1996-05-15 00:00:00,1996-05-15 00:00:00,Q1,2272000000,0.0,0.0,0.0,0.0,508000000,0.0,0.0,2125000000,2125000000,0.0,31000000,223000000,0.098151,194000000,0.085387,0.0,193000000,0.084947,73000000,119000000,0.052377,0.08241,0.08241,1444000000,1444000000,https://www.sec.gov/Archives/edgar/data/731766/000073176696000005/0000731766-96-000005-index.html,https://www.sec.gov/Archives/edgar/data/731766/0000731766-96-000005.txt
0,1995-12-31,UNH,,,Q4,2147000000,0.0,0.0,0.0,0.0,531000000,0.0,0.0,2170000000,2170000000,0.0,35000000,57000000,0.026549,23000000,0.010713,0.0,23000000,0.010713,9000000.0,13000000,0.006055,0.00905,0.00905,1436000000,1436000000,,
0,1995-09-30,UNH,1995-11-14 00:00:00,1995-11-14 00:00:00,Q3,1176000000,0.0,0.0,0.0,0.0,173000000,0.0,0.0,1065000000,1065000000,0.0,19000000,169000000,0.143707,151000000,0.128401,0.0,150000000,0.127551,56000000,94000000,0.079932,0.06634,0.06634,1417000000,1417000000,https://www.sec.gov/Archives/edgar/data/731766/000073176695000023/0000731766-95-000023-index.html,https://www.sec.gov/Archives/edgar/data/731766/0000731766-95-000023.txt
0,1995-06-30,UNH,1995-08-14 00:00:00,1995-08-14 00:00:00,Q2,1118000000,0.0,0.0,0.0,0.0,170000000,0.0,0.0,1014000000,1014000000,0.0,20000000,163000000,0.145796,144000000,0.128801,0.0,144000000,0.128801,53000000,90000000,0.080501,0.06383,0.06383,1410000000,1410000000,https://www.sec.gov/Archives/edgar/data/731766/000073176695000018/0000731766-95-000018-index.html,https://www.sec.gov/Archives/edgar/data/731766/0000731766-95-000018.txt
0,1995-03-31,UNH,1995-05-12 00:00:00,1995-05-12 00:00:00,Q1,1070000000,0.0,0.0,0.0,0.0,158000000,0.0,0.0,961000000,961000000,0.0,20000000,162000000,0.151402,143000000,0.133645,0.0,143000000,0.133645,53000000,89000000,0.083178,0.06308,0.06308,1411000000,1411000000,https://www.sec.gov/Archives/edgar/data/731766/000073176695000011/0000731766-95-000011-index.html,https://www.sec.gov/Archives/edgar/data/731766/0000731766-95-000011.txt
