,date,symbol,fillingDate,acceptedDate,period,revenue,costOfRevenue,grossProfit,grossProfitRatio,researchAndDevelopmentExpenses,generalAndAdministrativeExpenses,sellingAndMarketingExpenses,otherExpenses,operatingExpenses,costAndExpenses,interestExpense,depreciationAndAmortization,ebitda,ebitdaratio,operatingIncome,operatingIncomeRatio,totalOtherIncomeExpensesNet,incomeBeforeTax,incomeBeforeTaxRatio,incomeTaxExpense,netIncome,netIncomeRatio,eps,epsdiluted,weightedAverageShsOut,weightedAverageShsOutDil,link,finalLink
0,2020-09-30,ARAY,2020-11-04,2020-11-04 16:15:17,Q1,85332000,49929000,35403000,0.4148853888342005,12148000,17787000,8898000.0,-4694000.0,0.0,79864000,0.0,0.0,7128000.0,0.08353255519617495,5468000.0,0.008742324098814045,-4722000.0,746000.0,0.008742324098814045,344000.0,402000.0,0.0047110111095485865,0.004408,0.004385,91194000,91681000,https://www.sec.gov/Archives/edgar/data/1138723/000156459020050481/0001564590-20-050481-index.htm,https://www.sec.gov/Archives/edgar/data/1138723/000156459020050481/aray-10q_20200930.htm
0,2020-06-30,ARAY,2020-08-25,2020-08-25 16:28:33,Q4,94977000,55232000,39745000,0.4184697347778936,12215000,22303000,11555000,2713000.0,0.0,89750000,0.0,0.0,18418000,0.19392063341651136,5227000.0,0.001158175137138465,12963000,110000.0,0.001158175137138465,262000.0,-152000.0,-0.0016003874622276973,-0.01,-0.01,90748000,90748000,https://www.sec.gov/Archives/edgar/data/1138723/000156459020041201/0001564590-20-041201-index.htm,https://www.sec.gov/Archives/edgar/data/1138723/000156459020041201/aray-10k_20200630.htm
0,2020-03-31,ARAY,2020-05-08 00:00:00,2020-05-08 16:08:05,Q3,99548000,60415000,39133000,0.3931068429300438,11164000,20000000,11106000,-5281000.0,0.0,91579000,0.0,0.0,9838000.0,0.09882669666894363,7969000.0,0.0292321292240929,-5059000.0,2910000.0,0.0292321292240929,285000.0,2625000.0,0.026369188733073493,0.03,0.03,90476000,90855000,https://www.sec.gov/Archives/edgar/data/1138723/000156459020023554/0001564590-20-023554-index.html,https://www.sec.gov/Archives/edgar/data/1138723/000156459020023554/aray-10q_20200331.htm
0,2019-12-31,ARAY,2020-02-04 00:00:00,2020-02-04 16:11:27,Q2,98826000,60926000,37900000,0.38350231720397465,13064000,21213000,11327000,7766000.0,0.0,95203000,0.0,0.0,5470000.0,0.0553498067310222,3623000.0,0.11524295225952684,7766000.0,11389000,0.11524295225952684,679000.0,10710000,0.10837229069273269,0.12,0.12,89517000,90279000,https://www.sec.gov/Archives/edgar/data/1138723/000156459020003251/0001564590-20-003251-index.html,https://www.sec.gov/Archives/edgar/data/1138723/000156459020003251/aray-10q_20191231.htm
0,2019-09-30,ARAY,2019-11-06 00:00:00,2019-11-06 17:28:04,Q1,89577000,56634000,32943000,0.3677618138584681,13341000,23882000,13266000,-4439000.0,0.0,93857000,0.0,0.0,-2415000.0,-0.026960045547406143,-4280000.0,-0.09733525346908246,-4439000.0,-8719000.0,-0.09733525346908246,637000.0,-9356000.0,-0.10444645388883307,-0.11,-0.11,88772000,88772000,https://www.sec.gov/Archives/edgar/data/1138723/000156459019041145/0001564590-19-041145-index.html,https://www.sec.gov/Archives/edgar/data/1138723/000156459019041145/aray-10q_20190930.htm
0,2019-06-30,ARAY,2019-08-23 00:00:00,2019-08-23 16:57:06,Q4,117417000,71491000,45926000,0.39113586618632734,16051000,26617000,14920000,11955000,0.0,114159000,0.0,0.0,7818000.0,0.06658320345435499,3258000.0,-0.004564926714189598,11290000,-536000.0,-0.004564926714189598,864000.0,-1400000.0,-0.01192331604452507,-0.02,-0.02,88202000,88202000,https://www.sec.gov/Archives/edgar/data/1138723/000156459019032909/0001564590-19-032909-index.html,https://www.sec.gov/Archives/edgar/data/1138723/000156459019032909/aray-10k_20190630.htm
0,2019-03-31,ARAY,2019-05-09 00:00:00,2019-05-09 16:31:46,Q3,103221000,62755000,40466000,0.3920326290192887,12913000,24672000,12903000,-3829000.0,0.0,100340000,0.0,0.0,4795000.0,0.04645372550159367,2881000.0,-0.009184177638271281,-3829000.0,-948000.0,-0.009184177638271281,236000.0,-1184000.0,-0.01147053409674388,-0.01,-0.01,87962000,87962000,https://www.sec.gov/Archives/edgar/data/1138723/000156459019018048/0001564590-19-018048-index.html,https://www.sec.gov/Archives/edgar/data/1138723/000156459019018048/aray-10q_20190331.htm
0,2018-12-31,ARAY,2019-02-08 00:00:00,2019-02-07 18:12:49,Q2,102318000,63938000,38380000,0.37510506460251375,13640000,25608000,15139000,-3321000.0,0.0,103186000,0.0,0.0,1177000.0,0.011503352293829042,-868000.0,-0.04094098790046717,-3321000.0,-4189000.0,-0.04094098790046717,451000.0,-4640000.0,-0.04534881448034559,-0.05,-0.05,87237000,87237000,https://www.sec.gov/Archives/edgar/data/1138723/000095012319000839/0000950123-19-000839-index.html,https://www.sec.gov/Archives/edgar/data/1138723/000095012319000839/aray-10q_20181231.htm
0,2018-09-30,ARAY,2018-11-06 00:00:00,2018-11-06 17:29:26,Q1,95829000,57950000,37879000,0.3952770038297384,13889000,28678000,13036000,-3983000.0,0.0,100517000,0.0,0.0,-2559000.0,-0.02670381617255737,-4688000.0,-0.09048409145457012,-3983000.0,-8671000.0,-0.09048409145457012,535000.0,-9206000.0,-0.09606695259263898,-0.11,-0.11,86479000,86479000,https://www.sec.gov/Archives/edgar/data/1138723/000156459018027536/0001564590-18-027536-index.html,https://www.sec.gov/Archives/edgar/data/1138723/000156459018027536/aray-10q_20180930.htm
0,2018-06-30,ARAY,2018-08-24 00:00:00,2018-08-24 16:11:57,Q4,113786000,65801000,47985000,0.4217126887314784,14588000,30304000,16864000,11495000,0.0,110693000,0.0,0.0,1173000.0,0.010308825338793876,3093000.0,-0.011925895980173308,10509000,-1357000.0,-0.011925895980173308,-411000.0,-946000.0,-0.00831385231926599,-0.01,-0.01,85677000,85677000,https://www.sec.gov/Archives/edgar/data/1138723/000156459018022303/0001564590-18-022303-index.html,https://www.sec.gov/Archives/edgar/data/1138723/000156459018022303/aray-10k_20180630.htm
0,2018-03-31,ARAY,2018-05-02 00:00:00,2018-05-02 16:16:46,Q3,99832000,63583000,36249000,0.3631000080134626,13906000,26164000,14612000,-4465000.0,0.0,103653000,0.0,0.0,-1441000.0,-0.0144342495392259,-3821000.0,-0.0829994390576168,-4465000.0,-8286000.0,-0.0829994390576168,566000.0,-8852000.0,-0.08866896385928359,-0.1,-0.1,85459000,85459000,https://www.sec.gov/Archives/edgar/data/1138723/000156459018010312/0001564590-18-010312-index.html,https://www.sec.gov/Archives/edgar/data/1138723/000156459018010312/aray-10q_20180331.htm
0,2017-12-31,ARAY,2018-02-05 00:00:00,2018-02-02 20:32:47,Q2,100329000,60974000,39355000,0.39225946635568976,14664000,25708000,13872000,-3738000.0,0.0,101346000,0.0,0.0,1476000.0,0.014711598839817002,-1017000.0,-0.04739407349819095,-3738000.0,-4755000.0,-0.04739407349819095,-36000.0,-4719000.0,-0.047035254014292975,-0.06,-0.06,84586000,84586000,https://www.sec.gov/Archives/edgar/data/1138723/000110465918006339/0001104659-18-006339-index.html,https://www.sec.gov/Archives/edgar/data/1138723/000110465918006339/a17-27659_110q.htm
0,2017-09-30,ARAY,2017-11-03 00:00:00,2017-11-03 16:17:55,Q1,90950000,52844000,38106000,0.4189774601429357,14093000,26065000,14757000,-6571000.0,0.0,93002000,0.0,0.0,462000.0,0.005079714128642111,-2052000.0,-0.0948103353490929,-6571000.0,-8623000.0,-0.0948103353490929,759000.0,-9382000.0,-0.10315557998900494,-0.11,-0.11,83747000,83747000,https://www.sec.gov/Archives/edgar/data/1138723/000110465917066040/0001104659-17-066040-index.html,https://www.sec.gov/Archives/edgar/data/1138723/000110465917066040/a17-20812_110q.htm
0,2017-06-30,ARAY,2017-08-25 00:00:00,2017-08-25 17:31:58,Q4,112094000,68909000,43185000,0.3852570164326369,13264000,27106000,16230000,10895000,0.0,109279000,0.0,0.0,5594000.0,0.04990454440023551,2815000.0,-0.04334754759398362,9628000.0,-4859000.0,-0.04334754759398362,396000.0,-5255000.0,-0.04688029689367852,-0.06,-0.06,83179000,83179000,https://www.sec.gov/Archives/edgar/data/1138723/000104746917005403/0001047469-17-005403-index.html,https://www.sec.gov/Archives/edgar/data/1138723/000104746917005403/a2233072z10-k.htm
0,2017-03-31,ARAY,2017-05-05 00:00:00,2017-05-05 16:40:45,Q3,97312000,61887000,35425000,0.3640352680039461,12484000,24209000,13025000,-2919000.0,0.0,98580000,0.0,0.0,3300000.0,0.033911542255836896,-1268000.0,-0.043026553765208815,-2919000.0,-4187000.0,-0.043026553765208815,842000.0,-5029000.0,-0.05167913515291023,-0.06,-0.06,82913000,82913000,https://www.sec.gov/Archives/edgar/data/1138723/000110465917030321/0001104659-17-030321-index.html,https://www.sec.gov/Archives/edgar/data/1138723/000110465917030321/a17-8932_110q.htm
0,2016-12-31,ARAY,2017-02-03 00:00:00,2017-02-03 16:56:49,Q2,87502000,56115000,31387000,0.3587003725629129,11944000,24266000,13904000,-4120000.0,0.0,92325000,0.0,0.0,-198000.0,-0.002262805421590364,-4823000.0,-0.10220337820849809,-4120000.0,-8943000.0,-0.10220337820849809,426000.0,-9369000.0,-0.10707183835798038,-0.11,-0.11,82328000,82328000,https://www.sec.gov/Archives/edgar/data/1138723/000110465917006464/0001104659-17-006464-index.html,https://www.sec.gov/Archives/edgar/data/1138723/000110465917006464/a16-23642_110q.htm
0,2016-09-30,ARAY,2016-11-01 00:00:00,2016-11-01 16:18:19,Q1,86506000,55162000,31344000,0.36233324856079346,12229000,25662000,14318000,-4005000.0,0.0,93053000,0.0,0.0,-1892000.0,-0.021871315284488938,-6547000.0,-0.12197997826740342,-4005000.0,-10552000,-0.12197997826740342,-626000.0,-9926000.0,-0.11474348600097103,-0.12,-0.12,81576000,81576000,https://www.sec.gov/Archives/edgar/data/1138723/000110465916153742/0001104659-16-153742-index.html,https://www.sec.gov/Archives/edgar/data/1138723/000110465916153742/a16-18779_110q.htm
0,2016-06-30,ARAY,2016-08-24,2016-08-24 16:07:31,Q4,94973000,57673000,37300000,0.3927432006991461,14155000,26105000,15803000,15303000,0.0,97933000,0.0,0.0,857000.0,0.009023617238583597,-2960000.0,-0.07508449769934614,13289000,-7131000.0,-0.07508449769934614,76000.0,-7207000.0,-0.07588472513240606,-0.09,-0.09,81081000,81081000,https://www.sec.gov/Archives/edgar/data/1138723/000104746916015108/a2229520z10-k.htm,https://www.sec.gov/Archives/edgar/data/1138723/000104746916015108/a2229520z10-k.htm
0,2016-03-31,ARAY,2016-04-29 00:00:00,2016-04-29 16:17:14,Q3,105284000,60340000,44944000,0.42688347707153984,13270000,26232000,12516000,-3963000.0,0.0,99842000,0.0,0.0,10025000,0.09521864670795183,5442000.0,0.014047718551726759,-3963000.0,1479000.0,0.014047718551726759,723000.0,756000.0,0.0071805782455073896,0.01,0.01,80860000,82071000,https://www.sec.gov/Archives/edgar/data/1138723/000110465916116199/0001104659-16-116199-index.html,https://www.sec.gov/Archives/edgar/data/1138723/000110465916116199/a16-6681_110q.htm
0,2015-12-31,ARAY,2016-02-01 00:00:00,2016-02-01 06:32:10,Q2,108912000,66341000,42571000,0.3908752019979433,14931000,27764000,15076000,-5070000.0,0.0,109036000,0.0,0.0,4378000.0,0.04019759071543999,-124000.0,-0.04768987806669605,-5070000.0,-5194000.0,-0.04768987806669605,833000.0,-6027000.0,-0.055338254737769946,-0.08,-0.08,80346000,80346000,https://www.sec.gov/Archives/edgar/data/1138723/000110465916092618/0001104659-16-092618-index.html,https://www.sec.gov/Archives/edgar/data/1138723/000110465916092618/a15-25227_110q.htm
0,2015-09-30,ARAY,2015-11-05 00:00:00,2015-11-05 09:16:15,Q1,89631000,55733000,33898000,0.3781950441253584,14296000,26833000,13417000,-5091000.0,0.0,96862000,0.0,0.0,-2672000.0,-0.029811114458167375,-7231000.0,-0.1374747576173422,-5091000.0,-12322000,-0.1374747576173422,704000.0,-13026000,-0.14532918298356595,-0.12,-0.12,79760000,79760000,https://www.sec.gov/Archives/edgar/data/1138723/000110465915076056/0001104659-15-076056-index.html,https://www.sec.gov/Archives/edgar/data/1138723/000110465915076056/a15-20418_110q.htm
0,2015-06-30,ARAY,2015-08-28 00:00:00,2015-08-28 08:32:06,Q4,101750000,61298000,40452000,0.3975626535626536,14850000,27080000,15677000,15055000,0.0,103228000,0.0,0.0,1048000.0,0.010299754299754299,-1478000.0,-0.05397542997542998,12504000,-5492000.0,-0.05397542997542998,108000.0,-5600000.0,-0.055036855036855035,-0.07,-0.07,79170000,79170000,https://www.sec.gov/Archives/edgar/data/1138723/000104746915007028/0001047469-15-007028-index.html,https://www.sec.gov/Archives/edgar/data/1138723/000104746915007028/a2225792z10-k.htm
0,2015-03-31,ARAY,2015-05-07 00:00:00,2015-05-06 18:46:12,Q3,97515000,58855000,38660000,0.39645182792390915,12836000,24652000,12987000,-3618000.0,0.0,96343000,0.0,0.0,6076000.0,0.06230836281597703,1172000.0,-0.025083320514792597,-3618000.0,-2446000.0,-0.025083320514792597,521000.0,-2967000.0,-0.0304260882941086,-0.04,-0.04,78746000,78746000,https://www.sec.gov/Archives/edgar/data/1138723/000110465915035008/0001104659-15-035008-index.html,https://www.sec.gov/Archives/edgar/data/1138723/000110465915035008/a15-6902_110q.htm
0,2014-12-31,ARAY,2015-02-06,2015-02-06 16:05:49,Q2,98155000,59666000,38489000,0.3921247007284397,13917000,28163000,15802000,-5528000.0,0.0,101746000,0.0,0.0,1391000.0,0.014171463501604606,-3591000.0,-0.09290408028118792,-5528000.0,-9119000.0,-0.09290408028118792,873000.0,-9992000.0,-0.10179817635372625,-0.13,-0.13,77924000,77924000,https://www.sec.gov/Archives/edgar/data/1138723/000110465915007436/a14-26647_110q.htm,https://www.sec.gov/Archives/edgar/data/1138723/000110465915007436/a14-26647_110q.htm
0,2014-09-30,ARAY,2014-11-07 00:00:00,2014-11-07 16:01:12,Q1,82381000,54580000,27801000,0.3374685910586179,14149000,28924000,17974000,-5461000.0,0.0,97653000,0.0,0.0,-10294000,-0.12495599713526177,-15272000,-0.2516721088600527,-5461000.0,-20733000,-0.2516721088600527,917000.0,-21650000,-0.2628033162986611,-0.28,-0.28,77290000,77290000,https://www.sec.gov/Archives/edgar/data/1138723/000110465914078383/0001104659-14-078383-index.html,https://www.sec.gov/Archives/edgar/data/1138723/000110465914078383/a14-21179_110q.htm
0,2014-06-30,ARAY,2014-08-29 00:00:00,2014-08-29 16:05:18,Q4,102000000,63553000,38447000,0.3769313725490196,13576000,29538000,17859000,9709000.0,0.0,106667000,0.0,0.0,422000.0,0.004137254901960785,-4667000.0,-0.09152941176470589,9618000.0,-9336000.0,-0.09152941176470589,473000.0,-9809000.0,-0.09616666666666666,-0.13,-0.13,76879000,76879000,https://www.sec.gov/Archives/edgar/data/1138723/000104746914007280/0001047469-14-007280-index.html,https://www.sec.gov/Archives/edgar/data/1138723/000104746914007280/a2221251z10-k.htm
0,2014-03-31,ARAY,2014-05-07 00:00:00,2014-05-07 16:30:50,Q3,97144000,57440000,39704000,0.4087128386724862,13763000,26416000,15310000,-3312000.0,0.0,97619000,0.0,0.0,4495000.0,0.04627151445277115,-475000.0,-0.03898336490158939,-3312000.0,-3787000.0,-0.03898336490158939,878000.0,-4665000.0,-0.04802149386477806,-0.06,-0.06,76382000,76382000,https://www.sec.gov/Archives/edgar/data/1138723/000110465914035813/0001104659-14-035813-index.html,https://www.sec.gov/Archives/edgar/data/1138723/000110465914035813/a14-9795_110q.htm
0,2013-12-31,ARAY,2014-02-07,2014-02-07 16:31:13,Q2,93634000,55463000,38171000,0.40766174680137557,13435000,25452000,14262000,-3775000.0,0.0,94350000,0.0,0.0,4412000.0,0.047119636029647353,-716000.0,-0.04796334664758528,-3775000.0,-4491000.0,-0.04796334664758528,950000.0,-5441000.0,-0.058109233825319864,-0.07,-0.07,75280000,75280000,https://www.sec.gov/Archives/edgar/data/1138723/000110465914007551/a14-3056_110q.htm,https://www.sec.gov/Archives/edgar/data/1138723/000110465914007551/a14-3056_110q.htm
0,2013-09-30,ARAY,2013-11-08 00:00:00,2013-11-08 13:54:56,Q1,76641000,50163000,26478000,0.3454808783810232,12950000,25814000,14454000,-2460000.0,0.0,88927000,0.0,0.0,-6838000.0,-0.08922117404522384,-12286000,-0.1924035437950966,-2460000.0,-14746000,-0.1924035437950966,787000.0,-15533000,-0.20267219895356273,-0.21,-0.21,74700000,74700000,https://www.sec.gov/Archives/edgar/data/1138723/000110465913082727/0001104659-13-082727-index.html,https://www.sec.gov/Archives/edgar/data/1138723/000110465913082727/a13-21235_110q.htm
0,2013-06-30,ARAY,2013-08-29 00:00:00,2013-08-29 15:47:43,Q4,84900000,57615000,27285000,0.32137809187279154,14687000,25323000,13076000,8597000.0,0.0,97625000,0.0,0.0,-9761000.0,-0.11497055359246172,-12725000,-0.20034157832744406,6094000.0,-17009000,-0.20034157832744406,1706000.0,-18715000,-0.22043580683156655,-0.25,-0.25,74270000,74270000,https://www.sec.gov/Archives/edgar/data/1138723/000104746913008757/0001047469-13-008757-index.html,https://www.sec.gov/Archives/edgar/data/1138723/000104746913008757/a2216404z10-k.htm
0,2013-03-31,ARAY,2013-05-09 00:00:00,2013-05-09 14:22:06,Q3,70547000,50494000,20053000,0.28425021616794477,15697000,29391000,12646000,-5565000.0,0.0,95582000,0.0,0.0,-19110000,-0.27088324095992744,-25035000,-0.4337533842686436,-5565000.0,-30600000,-0.4337533842686436,603000.0,-31203000,-0.4423008774292316,-0.42,-0.42,74016000,74016000,https://www.sec.gov/Archives/edgar/data/1138723/000110465913039494/0001104659-13-039494-index.html,https://www.sec.gov/Archives/edgar/data/1138723/000110465913039494/a13-9677_110q.htm
0,2012-12-31,ARAY,2013-02-06 00:00:00,2013-02-06 17:19:37,Q2,77779000,51153000,26626000,0.3423289062600445,17239000,31653000,15761000,-2580000.0,0.0,100045000,0.0,0.0,-16173000,-0.20793530387379627,-22266000,-0.319443551601332,-2580000.0,-24846000,-0.319443551601332,667000.0,-29171000,-0.37504982064567555,-0.4,-0.4,72870000,72870000,https://www.sec.gov/Archives/edgar/data/1138723/000110465913008061/0001104659-13-008061-index.html,https://www.sec.gov/Archives/edgar/data/1138723/000110465913008061/a13-2708_110q.htm
0,2012-09-30,ARAY,2012-11-08 00:00:00,2012-11-08 15:11:58,Q1,82748000,59072000,23676000,0.2861217189539324,20209000,26158000,12889000,0.0,0.0,105439000,0.0,0.0,-1917000.0,-0.02316672306279306,-22691000,-0.43068110407502297,-12947000,-35638000,-0.43068110407502297,597000.0,-24130000,-0.2916082563929038,-0.34,-0.34,71995000,71995000,https://www.sec.gov/Archives/edgar/data/1138723/000110465912075938/0001104659-12-075938-index.html,https://www.sec.gov/Archives/edgar/data/1138723/000110465912075938/a12-20557_110q.htm
0,2012-06-30,ARAY,2012-09-10 00:00:00,2012-09-07 20:25:23,Q4,100533000,64043000,36490000,0.36296539444759435,22892000,30253000,14500000,0.0,0.0,117188000,0.0,0.0,-16538000,-0.16450319795490037,-16655000,-0.21090587170381864,2903000.0,-21203000,-0.21090587170381864,443000.0,-20264000,-0.201565655058538,-0.28,-0.28,71473000,71473000,https://www.sec.gov/Archives/edgar/data/1138723/000104746912008730/0001047469-12-008730-index.html,https://www.sec.gov/Archives/edgar/data/1138723/000104746912008730/a2210941z10-k.htm
0,2012-03-31,ARAY,2012-05-08,2012-05-08 17:01:55,Q3,101816000,65705000,36111000,0.3546692071972971,23783000,26662000,12449000,0.0,0.0,116150000,0.0,0.0,-5391000.0,-0.05294845603834368,-14334000,-0.15013357429087767,-952000.0,-15286000,-0.15013357429087767,1247000.0,-14881000,-0.1461558104816532,-0.21,-0.21,71120000,71120000,https://www.sec.gov/Archives/edgar/data/1138723/000110465912034551/a12-8211_110q.htm,https://www.sec.gov/Archives/edgar/data/1138723/000110465912034551/a12-8211_110q.htm
0,2011-12-31,ARAY,2012-02-08 00:00:00,2012-02-08 17:05:59,Q2,106423000,66180000,40243000,0.37814194300104303,19874000,27680000,14017000,0.0,0.0,113734000,0.0,0.0,5404000.0,0.05077849712937993,-7311000.0,-0.11110380274940568,-4513000.0,-11824000,-0.11110380274940568,367000.0,-10387000,-0.09760108247277374,-0.15,-0.15,70698000,70698000,https://www.sec.gov/Archives/edgar/data/1138723/000110465912007843/0001104659-12-007843-index.html,https://www.sec.gov/Archives/edgar/data/1138723/000110465912007843/a11-32302_110q.htm
0,2011-09-30,ARAY,2011-11-08 00:00:00,2011-11-08 17:06:21,Q1,100451000,76023000,24428000,0.24318324357149257,20565000,28550000,13581000,0.0,0.0,125138000,0.0,0.0,-13510000,-0.1344934346099093,-24687000,-0.27421329802590316,-2858000.0,-27545000,-0.27421329802590316,538000.0,-26510000,-0.2639097669510508,-0.38,-0.38,70263000,70263000,https://www.sec.gov/Archives/edgar/data/1138723/000110465911062201/0001104659-11-062201-index.html,https://www.sec.gov/Archives/edgar/data/1138723/000110465911062201/a11-25091_110q.htm
0,2011-06-30,ARAY,2011-09-19 00:00:00,2011-09-19 17:29:26,Q4,75223000,42997000,32226000,0.4284062055488348,15036000,42503000,13307000,0.0,0.0,100536000,0.0,0.0,-19336000,-0.25704904085186714,-25313000,-0.3368517607646597,-546000.0,-25339000,-0.3368517607646597,70000.0,-24980000,-0.3320792842614626,0.0,0.0,0.0,0.0,https://www.sec.gov/Archives/edgar/data/1138723/000104746911008120/0001047469-11-008120-index.html,https://www.sec.gov/Archives/edgar/data/1138723/000104746911008120/a2205595z10-k.htm
0,2011-03-31,ARAY,2011-05-10 00:00:00,2011-05-10 16:11:43,Q3,54747000,27434000,27313000,0.4988949166164356,9291000.0,18548000,8127000.0,0.0,0.0,55273000,0.0,0.0,1008000.0,0.018411967779056387,-526000.0,-0.009205983889528193,22000.0,-504000.0,-0.009205983889528193,656000.0,-1160000.0,-0.021188375618755365,-0.02,-0.02,59960000,59960000,https://www.sec.gov/Archives/edgar/data/1138723/000110465911027814/0001104659-11-027814-index.html,https://www.sec.gov/Archives/edgar/data/1138723/000110465911027814/a11-9592_110q.htm
0,2010-12-31,ARAY,2011-01-27,2011-01-27 16:43:37,Q2,54246000,24780000,29466000,0.5431921247649596,9313000.0,16468000,7987000.0,0.0,0.0,50561000,0.0,0.0,4510000.0,0.08313977067433544,3685000.0,0.08039302437046049,676000.0,4361000.0,0.08039302437046049,263000.0,4098000.0,0.07554474062603694,0.07,0.07,59282000,61376000,https://www.sec.gov/Archives/edgar/data/1138723/000110465911003440/a11-4501_110q.htm,https://www.sec.gov/Archives/edgar/data/1138723/000110465911003440/a11-4501_110q.htm
0,2010-09-30,ARAY,2010-11-08 00:00:00,2010-11-08 17:14:59,Q1,38068000,19831000,18237000,0.47906378060313126,8047000.0,16319000,7760000.0,0.0,0.0,44197000,0.0,0.0,-6356000.0,-0.16696437953136492,-6129000.0,-0.11855101397499213,1616000.0,-4513000.0,-0.11855101397499213,127000.0,-4640000.0,-0.12188714931175791,-0.08,-0.08,58667000,58667000,https://www.sec.gov/Archives/edgar/data/1138723/000110465910056946/0001104659-10-056946-index.html,https://www.sec.gov/Archives/edgar/data/1138723/000110465910056946/a10-20399_110q.htm
0,2010-06-30,ARAY,2010-09-01 00:00:00,2010-08-31 19:15:39,Q4,61788000,30730000,31058000,0.5026542370686865,8373000.0,16689000,8296000.0,0.0,0.0,55792000,0.0,0.0,10369000,0.16781575710493948,5996000.0,0.0859875704020198,-2464000.0,5313000.0,0.0859875704020198,293000.0,5020000.0,0.08124554929759824,0.0,0.0,0.0,0.0,https://www.sec.gov/Archives/edgar/data/1138723/000104746910007812/0001047469-10-007812-index.html,https://www.sec.gov/Archives/edgar/data/1138723/000104746910007812/a2199984z10-k.htm
0,2010-03-31,ARAY,2010-05-06 00:00:00,2010-05-06 16:54:41,Q3,51940000,26564000,25376000,0.48856372737774356,7719000.0,14898000,7179000.0,0.0,0.0,49181000,0.0,0.0,4658000.0,0.08968040046207162,2759000.0,0.04874855602618406,-227000.0,2532000.0,0.04874855602618406,260000.0,2272000.0,0.04374278013092029,0.04,0.04,57851000,60470000,https://www.sec.gov/Archives/edgar/data/1138723/000110465910026431/0001104659-10-026431-index.html,https://www.sec.gov/Archives/edgar/data/1138723/000110465910026431/a10-6208_110q.htm
0,2009-12-31,ARAY,2010-02-04 00:00:00,2010-02-04 16:35:28,Q2,57321000,31357000,25964000,0.4529579037351058,7769000.0,20493000,10063000,0.0,0.0,59619000,0.0,0.0,-674000.0,-0.011758343364560981,-2298000.0,-0.0326581880986026,426000.0,-1872000.0,-0.0326581880986026,-696000.0,-1176000.0,-0.020516041241429844,-0.02,-0.02,57405000,57405000,https://www.sec.gov/Archives/edgar/data/1138723/000110465910004954/0001104659-10-004954-index.html,https://www.sec.gov/Archives/edgar/data/1138723/000110465910004954/a10-2603_110q.htm
0,2009-09-30,ARAY,2009-11-06 00:00:00,2009-11-06 15:48:55,Q1,50575000,28956000,21619000,0.4274641621354424,7662000.0,17579000,8649000.0,0.0,0.0,54197000,0.0,0.0,-2265000.0,-0.04478497281265447,-3622000.0,-0.062026693030153235,485000.0,-3137000.0,-0.062026693030153235,139000.0,-3276000.0,-0.06477508650519032,-0.06,-0.06,56713000,56713000,https://www.sec.gov/Archives/edgar/data/1138723/000110465909063339/0001104659-09-063339-index.html,https://www.sec.gov/Archives/edgar/data/1138723/000110465909063339/a09-32750_110q.htm
0,2009-06-30,ARAY,2009-09-09 00:00:00,2009-09-08 21:52:00,Q4,58803000,31713000,27090000,0.4606907810825978,9185000.0,17580000,9870000.0,0.0,0.0,58478000,0.0,0.0,8007000.0,0.13616652211621855,325000.0,0.01651276295427104,-3210000.0,971000.0,0.01651276295427104,-251000.0,1222000.0,0.020781252657177354,0.0,0.0,0.0,0.0,https://www.sec.gov/Archives/edgar/data/1138723/000104746909008217/0001047469-09-008217-index.html,https://www.sec.gov/Archives/edgar/data/1138723/000104746909008217/a2194315z10-k.htm
0,2009-06-27,ARAY,2009-09-09 00:00:00,2009-09-08 21:52:00,Q4,58803000,56683000,2120000.0,0.036052582351240585,9185000.0,7710000.0,9870000.0,3082000.0,26765000,-29918000,0.0,1668000.0,1993000.0,0.033892828597180416,325000.0,0.0055269288981854665,646000.0,971000.0,0.01651276295427104,-251000.0,1222000.0,0.020781252657177354,0.02081,0.02081,55413000,58729000,https://www.sec.gov/Archives/edgar/data/1138723/000104746909008217/0001047469-09-008217-index.html,https://www.sec.gov/Archives/edgar/data/1138723/000104746909008217/a2194315z10-k.htm
0,2009-03-31,ARAY,2009-05-06 00:00:00,2009-05-06 15:01:07,Q3,61301000,30939000,30362000,0.4952937146212949,9259000.0,20241000,11420000,0.0,0.0,60439000,0.0,0.0,1966000.0,0.03207125495505783,862000.0,0.023441705681799645,575000.0,1437000.0,0.023441705681799645,221000.0,1216000.0,0.019836544265183276,0.02,0.02,55724000,58772000,https://www.sec.gov/Archives/edgar/data/1138723/000110465909029943/0001104659-09-029943-index.html,https://www.sec.gov/Archives/edgar/data/1138723/000110465909029943/a09-12394_110q.htm
0,2009-03-28,ARAY,2009-05-06 00:00:00,2009-05-06 15:01:07,Q3,61301000,82657000,-21356000,-0.3483793086572813,9259000.0,8821000.0,11420000,0.0,29500000,112157000,0.0,1679000.0,2541000.0,0.04145119981729499,862000.0,0.014061760819562487,575000.0,1437000.0,0.023441705681799645,221000.0,1216000.0,0.019836544265183276,0.02205,0.02205,55138000,55138000,https://www.sec.gov/Archives/edgar/data/1138723/000110465909029943/0001104659-09-029943-index.html,https://www.sec.gov/Archives/edgar/data/1138723/000110465909029943/a09-12394_110q.htm
0,2008-12-31,ARAY,2009-02-05 00:00:00,2009-02-05 17:00:10,Q2,57637000,28228000,29409000,0.5102451550219477,8794000.0,19982000,0.0,0.0,0.0,57004000,0.0,0.0,1551000.0,0.026909797525894823,633000.0,0.02396030327740861,748000.0,1381000.0,0.02396030327740861,31000.0,1350000.0,0.023422454326214065,0.02,0.02,55064000,58267000,https://www.sec.gov/Archives/edgar/data/1138723/000110465909006895/0001104659-09-006895-index.html,https://www.sec.gov/Archives/edgar/data/1138723/000110465909006895/a09-4377_110q.htm
0,2008-12-27,ARAY,2009-02-05 00:00:00,2009-02-05 17:00:10,Q2,57637000,36846000,20791000,0.36072314658986415,8794000.0,9259000.0,10723000,45000.0,28776000,65622000,-45000.0,1666000.0,2299000.0,0.039887572219234176,633000.0,0.010982528584069262,703000.0,1381000.0,0.02396030327740861,31000.0,1350000.0,0.023422454326214065,0.02461,0.02461,54845000,54845000,https://www.sec.gov/Archives/edgar/data/1138723/000110465909006895/0001104659-09-006895-index.html,https://www.sec.gov/Archives/edgar/data/1138723/000110465909006895/a09-4377_110q.htm
0,2008-09-30,ARAY,2008-12-19 00:00:00,2008-12-19 15:08:17,Q1,55857000,27428000,28429000,0.5089603809728414,8754000.0,23913000,0.0,0.0,0.0,60095000,0.0,0.0,-2600000.0,-0.04654743362514994,-4238000.0,-0.05594643464561291,0.0,-3125000.0,-0.05594643464561291,54000.0,-3179000.0,-0.05691318903628909,-0.06,-0.06,54625000,54625000,https://www.sec.gov/Archives/edgar/data/1138723/000110465908077584/0001104659-08-077584-index.html,https://www.sec.gov/Archives/edgar/data/1138723/000110465908077584/a08-26482_110q.htm
0,2008-09-27,ARAY,2008-12-19 00:00:00,2008-12-19 15:08:17,Q1,55857000,55488000,369000.0,0.006606155002953972,8754000.0,10433000,13480000,-45000.0,32667000,88155000,45000.0,1638000.0,-2600000.0,-0.04654743362514994,-4238000.0,-0.0758723168089944,1158000.0,-3125000.0,-0.05594643464561291,54000.0,-3179000.0,-0.05691318903628909,-0.0582,-0.0582,54625000,54625000,https://www.sec.gov/Archives/edgar/data/1138723/000110465908077584/0001104659-08-077584-index.html,https://www.sec.gov/Archives/edgar/data/1138723/000110465908077584/a08-26482_110q.htm
0,2008-06-30,ARAY,2008-09-10 00:00:00,2008-09-10 17:29:23,Q4,50939000,24043000,26896000,0.528004083315338,8405000.0,19071000,0.0,0.0,0.0,51519000,0.0,0.0,1079000.0,0.021182198315632422,-580000.0,0.00883409568307191,0.0,450000.0,0.00883409568307191,259000.0,191000.0,0.0037495828343705215,0.0,0.0,0.0,0.0,https://www.sec.gov/Archives/edgar/data/1138723/000104746908009989/0001047469-08-009989-index.html,https://www.sec.gov/Archives/edgar/data/1138723/000104746908009989/a2187725z10-k.htm
0,2008-06-28,ARAY,2008-09-10 00:00:00,2008-09-10 17:29:23,Q4,50939000,56707000,-5768000.0,-0.11323347533324173,8405000.0,8460000.0,10611000,7843000.0,27476000,-29231000,-7843000.0,1659000.0,1079000.0,0.021182198315632422,-580000.0,-0.011386167769292684,371000.0,450000.0,0.00883409568307191,259000.0,191000.0,0.0037495828343705215,0.00316,0.00316,54531000,60434000,https://www.sec.gov/Archives/edgar/data/1138723/000104746908009989/0001047469-08-009989-index.html,https://www.sec.gov/Archives/edgar/data/1138723/000104746908009989/a2187725z10-k.htm
0,2008-03-31,ARAY,2008-05-13 00:00:00,2008-05-12 19:06:42,Q3,58758000,32475000,26283000,0.44730930256305523,8632000.0,18735000,0.0,0.0,0.0,59842000,0.0,0.0,1042000.0,0.01773375540351952,-1084000.0,0.00444194833044011,0.0,261000.0,0.00444194833044011,-323000.0,584000.0,0.009939072126348753,0.01,0.01,54856000,60125000,https://www.sec.gov/Archives/edgar/data/1138723/000110465908032539/0001104659-08-032539-index.html,https://www.sec.gov/Archives/edgar/data/1138723/000110465908032539/a08-11803_110q.htm
0,2008-03-29,ARAY,2008-05-13 00:00:00,2008-05-12 19:06:42,Q3,58758000,65463000,-6705000.0,-0.11411212090268559,8632000.0,7943000.0,10792000,-462000.0,27367000,92830000,462000.0,2126000.0,1042000.0,0.01773375540351952,-1084000.0,-0.01844855168657885,1807000.0,261000.0,0.00444194833044011,-323000.0,584000.0,0.009939072126348753,0.0096,0.0096,54539000,60862000,https://www.sec.gov/Archives/edgar/data/1138723/000110465908032539/0001104659-08-032539-index.html,https://www.sec.gov/Archives/edgar/data/1138723/000110465908032539/a08-11803_110q.htm
0,2007-12-31,ARAY,,,Q2,52038000,24176000,27862000,0.5354164264575887,8128000.0,19143000,0.0,0.0,0.0,51447000,0.0,0.0,2676000.0,0.05142395941427418,591000.0,0.0535762327529882,0.0,2788000.0,0.0535762327529882,445000.0,2343000.0,0.04502478957684769,0.04,0.04,54737000,61293000,,
0,2007-12-29,ARAY,2008-02-11,2008-02-11 17:29:19,Q2,52038000,48882000,3156000.0,0.060647988008762824,8128000.0,7976000.0,11167000,-135000.0,27271000,76153000,135000.0,2085000.0,2676000.0,0.05142395941427418,591000.0,0.011357085206964141,2332000.0,2788000.0,0.0535762327529882,445000.0,2343000.0,0.04502478957684769,0.03825,0.03825,54380000,61257000,https://www.sec.gov/Archives/edgar/data/1138723/000110465908009061/0001104659-08-009061-index.htm,https://www.sec.gov/Archives/edgar/data/1138723/000110465908009061/a08-4897_110q.htm
0,2007-09-30,ARAY,2007-11-13 00:00:00,2007-11-13 15:21:53,Q1,48646000,22735000,25911000,0.5326439995066398,7715000.0,18057000,0.0,0.0,0.0,48507000,0.0,0.0,1957000.0,0.04022941249023558,139000.0,0.056551412243555484,0.0,2751000.0,0.056551412243555484,486000.0,2265000.0,0.04656086831394154,0.04,0.04,54025000,61154000,https://www.sec.gov/Archives/edgar/data/1138723/000110465907082434/0001104659-07-082434-index.html,https://www.sec.gov/Archives/edgar/data/1138723/000110465907082434/a07-28975_110q.htm
0,2007-09-29,ARAY,2007-11-13 00:00:00,2007-11-13 15:21:53,Q1,48646000,45791000,2855000.0,0.05868930641779386,7715000.0,7901000.0,10156000,-62000.0,25772000,71563000,62000.0,1818000.0,1957000.0,0.04022941249023558,139000.0,0.0028573777905685975,2674000.0,2751000.0,0.056551412243555484,486000.0,2265000.0,0.04656086831394154,0.03704,0.03704,54025000,61154000,https://www.sec.gov/Archives/edgar/data/1138723/000110465907082434/0001104659-07-082434-index.html,https://www.sec.gov/Archives/edgar/data/1138723/000110465907082434/a07-28975_110q.htm
0,2007-06-30,ARAY,2007-09-04 00:00:00,2007-08-31 22:00:20,Q4,43994000,19078000,24916000,0.5663499568122926,7510000.0,17825000,0.0,0.0,0.0,44413000,0.0,0.0,1363000.0,0.03098149747692867,-419000.0,0.04002818566168114,0.0,1761000.0,0.04002818566168114,1259000.0,502000.0,0.011410646906396326,0.0,0.0,0.0,0.0,https://www.sec.gov/Archives/edgar/data/1138723/000110465907066624/0001104659-07-066624-index.html,https://www.sec.gov/Archives/edgar/data/1138723/000110465907066624/a07-22477_110k.htm
0,2007-03-31,ARAY,2007-05-14 00:00:00,2007-05-14 16:18:53,Q3,37340000,16222000,21118000,0.5655597214783075,6951000.0,15930000,0.0,0.0,0.0,39103000,0.0,0.0,-93000.0,-0.0024906266738082485,-1763000.0,-0.0193626138189609,0.0,-723000.0,-0.0193626138189609,62000.0,-785000.0,-0.021023031601499733,-0.02,-0.02,37018000,49851000,https://www.sec.gov/Archives/edgar/data/1138723/000110465907039449/0001104659-07-039449-index.html,https://www.sec.gov/Archives/edgar/data/1138723/000110465907039449/a07-14044_110q.htm
