,date,symbol,fillingDate,acceptedDate,period,revenue,costOfRevenue,grossProfit,grossProfitRatio,researchAndDevelopmentExpenses,generalAndAdministrativeExpenses,sellingAndMarketingExpenses,otherExpenses,operatingExpenses,costAndExpenses,interestExpense,depreciationAndAmortization,ebitda,ebitdaratio,operatingIncome,operatingIncomeRatio,totalOtherIncomeExpensesNet,incomeBeforeTax,incomeBeforeTaxRatio,incomeTaxExpense,netIncome,netIncomeRatio,eps,epsdiluted,weightedAverageShsOut,weightedAverageShsOutDil,link,finalLink
0,2020-09-30,AHPI,2020-11-16,2020-11-16 16:00:52,Q1,10189548,8315737.0,1873811.0,0.18389539948190048,0.0,0.0,0.0,0.0,0.0,8315737.0,-18250.0,164534.0,29247.0,0.0028702941484744955,-135287.0,-0.01327703642987893,0.0,-153381.0,-0.015052777610940152,0.0,-153381.0,-0.015052777610940152,-0.0382158892150072,-0.0382158892150072,4013540.0,4013540.0,https://www.sec.gov/Archives/edgar/data/874710/000110465920125764/0001104659-20-125764-index.htm,https://www.sec.gov/Archives/edgar/data/874710/000110465920125764/tm2034253-1_10q.htm
0,2020-06-30,AHPI,2020-09-28,2020-09-28 15:45:43,Q4,8511630.0,7133410.0,1378220.0,0.16192198204104266,0.0,2015780.0,0.0,0.0,2015780.0000000012,9149190.000000002,-12590.0,157530.0,-523430.0,-0.061496,-637560.0,-0.074905,-18220.0,-668370.0,-0.078524,-130360.0,-538010.0,-0.063209,-0.13405,-0.13405,4013540.0,4013540.0,https://www.sec.gov/Archives/edgar/data/874710/000110465920109282/0001104659-20-109282-index.htm,https://www.sec.gov/Archives/edgar/data/874710/000110465920109282/tm2024734d1_10k.htm
0,2020-03-31,AHPI,2020-05-15,2020-05-15 10:16:09,Q3,8097220.0,6511690.0,1585530.0,0.1958116489363016,0.0,1890300.0,0.0,0.0,1890290.0000000002,8401980.0,-25789.0,139400.00000000003,-216868.99999999997,-0.026783,-304760.0,-0.037638,-10.0,-330480.0,-0.040814,0.0,-330480.0,-0.040814,-0.08234,-0.08234,4013540.0,4013540.0,https://www.sec.gov/Archives/edgar/data/874710/000110465920062206/0001104659-20-062206-index.htm,https://www.sec.gov/Archives/edgar/data/874710/000110465920062206/tm2014535d1_10q.htm
0,2019-12-31,AHPI,2020-02-14,2020-02-14 17:27:33,Q2,7309790.0,5962610.0,1347180.0,0.18429804412985873,0.0,2859630.0,0.0,0.0,2859630.000000001,8822240.000000002,-170.0,142079.99999999997,-1389570.0,-0.190097,-1512450.0,-0.206907,-10.0,-1531480.0,-0.209511,0.0,-1531480.0,-0.209511,-0.38158,-0.38158,4013540.0,4013540.0,https://www.sec.gov/Archives/edgar/data/874710/000110465920022065/0001104659-20-022065-index.htm,https://www.sec.gov/Archives/edgar/data/874710/000110465920022065/tm205409-1_10q.htm
0,2019-09-30,AHPI,2019-11-14,2019-11-14 13:01:08,Q1,7975640.0,6715940.0,1259700.0,0.15794343776800357,0.0,1867090.0,0.0,0.0,1867090.000000001,8583030.000000002,-6720.0,180790.0,-440050.0,-0.055174,-607390.0,-0.076156,-10.0,-614120.0,-0.076999,0.0,-614120.0,-0.076999,-0.15301,-0.15301,4013540.0,4013540.0,https://www.sec.gov/Archives/edgar/data/874710/000110465919064005/0001104659-19-064005-index.htm,https://www.sec.gov/Archives/edgar/data/874710/000114420419046264/tv529740_10k.htm
0,2019-06-30,AHPI,2019-09-27,2019-09-27 16:02:05,Q4,7689600.0,6285520.0,1404080.0,0.1825946733250104,0.0,1837070.0,0.0,0.0,1837059.9999999993,8122579.999999999,30264.0,186199.9999999999,-228246.0000000001,-0.029682,-432980.0,-0.056307,-90.0,-444710.0,-0.057833,29450.0,-474160.0,-0.061663,-0.11814,-0.11814,4013540.0,4013540.0,https://www.sec.gov/Archives/edgar/data/874710/000114420419046264/0001144204-19-046264-index.htm,https://www.sec.gov/Archives/edgar/data/874710/000114420419046264/tv529740_10k.htm
0,2019-03-31,AHPI,2019-05-15,2019-05-15 15:01:46,Q3,8316030.0,6765550.0,1550480.0,0.1864447338453565,0.0,1903410.0,0.0,0.0,1153410.0,7918960.0,-25959.0,200140.00000000003,552661.0,0.066457,397070.0,0.047748,-50.0,378480.0,0.045512,0.0,378480.0,0.045512,0.0943,0.0943,4013540.0,4013540.0,https://www.sec.gov/Archives/edgar/data/874710/000114420419026475/0001144204-19-026475-index.htm,https://www.sec.gov/Archives/edgar/data/874710/000114420419026475/tv521319_10q.htm
0,2018-12-31,AHPI,2019-02-14,2019-02-14 13:01:30,Q2,8107000.0,6901760.0,1205240.0,0.14866658443320588,0.0,1967030.0,0.0,0.0,1967019.9999999988,8868779.999999998,12526.0,216630.00000000003,-550274.0,-0.067876,-761780.0,-0.093966,0.0,-779430.0,-0.096143,0.0,-779430.0,-0.096143,-0.1942,-0.1942,4013540.0,4013540.0,https://www.sec.gov/Archives/edgar/data/874710/000114420419007873/0001144204-19-007873-index.htm,https://www.sec.gov/Archives/edgar/data/874710/000114420419007873/tv512894_10q.htm
0,2018-09-30,AHPI,2018-11-14,2018-11-14 12:31:37,Q1,7268900.0,6390070.0,878830.0,0.1209027500722255,0.0,2105140.0,0.0,0.0,2105140.0000000005,8495210.0,-8260.0,219100.0,-1023740.0,-0.140838,-1226310.0,-0.168706,0.0,-1234580.0,-0.169844,0.0,-1234580.0,-0.169844,-0.3076,-0.3076,4013540.0,4013540.0,https://www.sec.gov/Archives/edgar/data/874710/000114420418059714/0001144204-18-059714-index.htm,https://www.sec.gov/Archives/edgar/data/874710/000114420418051429/tv503179_10k.htm
0,2018-06-30,AHPI,2018-09-28,2018-09-28 12:02:39,Q4,8680000.0,6730000.0,1950000.0,0.22465437788018433,0.0,2050000.0,0.0,0.0,2039999.999999999,8769999.999999998,10136.0,230000.0000000001,-809863.9999999999,-0.093302,-100000.0,-0.011521,0.0,-110000.0,-0.012673,-910000.0,-140000.0,-0.016129,-0.03491,-0.03491,4010000.0,4010000.0,https://www.sec.gov/Archives/edgar/data/874710/000114420418051429/0001144204-18-051429-index.htm,https://www.sec.gov/Archives/edgar/data/874710/000114420418051429/tv503179_10k.htm
0,2018-03-31,AHPI,2018-05-15,2018-05-15 13:03:19,Q3,8470000.0,7230000.0,1240000.0,0.14639905548996457,0.0,2120000.0,0.0,0.0,2119999.999999999,9349999.999999998,13433.0,219999.99999999997,-666567.0,-0.078697,-890000.0,-0.105077,0.0,-900000.0,-0.106257,0.0,-900000.0,-0.106257,-0.22444,-0.22444,4010000.0,4010000.0,https://www.sec.gov/Archives/edgar/data/874710/000114420418028645/0001144204-18-028645-index.htm,https://www.sec.gov/Archives/edgar/data/874710/000114420418028645/tv493786_10q.htm
0,2017-12-31,AHPI,2018-02-14,2018-02-14 17:22:40,Q2,8720000.0,6810000.0,1910000.0,0.2190366972477064,0.0,2150000.0,0.0,0.0,2150000.0000000014,8960000.000000002,0.0,240000.0,-140000.0,-0.016055,-240000.0,-0.027523,0.0,-240000.0,-0.027523,136386.0,-380000.0,-0.043578,-0.09476,-0.09476,4010000.0,4010000.0,https://www.sec.gov/Archives/edgar/data/874710/000114420418009053/0001144204-18-009053-index.htm,https://www.sec.gov/Archives/edgar/data/874710/000114420418009053/tv485561_10q.htm
0,2017-09-30,AHPI,2017-11-13,2017-11-13 12:03:14,Q1,7900000.0,6540000.0,1360000.0,0.17215189873417722,0.0,2120000.0,0.0,0.0,2120000.0,8660000.0,0.0,240000.0,-530000.0,-0.067089,-770000.0,-0.097468,0.0,-770000.0,-0.097468,0.0,-770000.0,-0.097468,-0.19202,-0.19202,4010000.0,4010000.0,https://www.sec.gov/Archives/edgar/data/874710/000114420417058136/0001144204-17-058136-index.htm,https://www.sec.gov/Archives/edgar/data/874710/000114420417050431/v475571_10k.htm
0,2017-06-30,AHPI,2017-09-28,2017-09-28 17:01:47,Q4,8220000.0,6650000.0,1570000.0,0.19099756690997566,0.0,2030000.0,0.0,0.0,2029999.9999999993,8680000.0,0.0,250000.0000000001,-199999.9999999999,-0.024331,-460000.0,-0.055961,0.0,-460000.0,-0.055961,40000.0,-490000.0,-0.059611,-0.12219,-0.12219,4010000.0,4010000.0,https://www.sec.gov/Archives/edgar/data/874710/000114420417050431/0001144204-17-050431-index.htm,https://www.sec.gov/Archives/edgar/data/874710/000114420417050431/v475571_10k.htm
0,2017-03-31,AHPI,2017-05-15,2017-05-15 15:01:04,Q3,8580000.0,6850000.0,1730000.0,0.20163170163170163,0.0,2140000.0,0.0,0.0,2130000.000000001,8980000.000000002,0.0,279999.9999999999,-120000.0000000001,-0.013986,-400000.0,-0.04662,0.0,-400000.0,-0.04662,0.0,-400000.0,-0.04662,-0.09975,-0.09975,4010000.0,4010000.0,https://www.sec.gov/Archives/edgar/data/874710/000114420417027366/0001144204-17-027366-index.htm,https://www.sec.gov/Archives/edgar/data/874710/000114420417027366/v466464_10q.htm
0,2016-12-31,AHPI,2017-02-14,2017-02-14 14:01:39,Q2,8270000.0,6570000.0,1700000.0,0.20556227327690446,0.0,2070000.0,0.0,0.0,2070000.0000000002,8640000.0,0.0,280000.0,-90000.0,-0.010883,-370000.0,-0.04474,0.0,-370000.0,-0.04474,0.0,-370000.0,-0.04474,-0.09227,-0.09227,4010000.0,4010000.0,https://www.sec.gov/Archives/edgar/data/874710/000114420417008550/0001144204-17-008550-index.htm,https://www.sec.gov/Archives/edgar/data/874710/000114420417008550/v458357_10q.htm
0,2016-09-30,AHPI,2016-11-14,2016-11-14 11:33:46,Q1,8440000.0,6880000.0,1560000.0,0.1848341232227488,0.0,2370000.0,0.0,0.0,2380000.0,9260000.0,0.0,280000.0,-540000.0,-0.063981,-820000.0,-0.097156,0.0,-820000.0,-0.097156,0.0,-820000.0,-0.097156,-0.20449,-0.20449,4010000.0,4010000.0,https://www.sec.gov/Archives/edgar/data/874710/000114420416133887/0001144204-16-133887-index.htm,https://www.sec.gov/Archives/edgar/data/874710/000114420416125029/v449072_10k.htm
0,2016-06-30,AHPI,2016-09-23,2016-09-23 15:16:51,Q4,9800000.0,7550000.0,2250000.0,0.22959183673469388,0.0,2090000.0,0.0,0.0,2090000.0000000007,9640000.0,0.0,290000.00000000006,440000.00000000006,0.044898,170000.0,0.017347,-20000.0,140000.0,0.014286,430000.0,-280000.0,-0.028571,-0.06983,-0.06983,4010000.0,4010000.0,https://www.sec.gov/Archives/edgar/data/874710/000114420416125029/0001144204-16-125029-index.htm,https://www.sec.gov/Archives/edgar/data/874710/000114420416125029/v449072_10k.htm
0,2016-03-31,AHPI,2016-05-13,2016-05-13 17:11:04,Q3,8840000.0,7210000.0,1630000.0,0.18438914027149322,0.0,2390000.0,0.0,0.0,2389999.9999999995,9600000.0,0.0,309999.99999999994,-470000.00000000006,-0.053167,-760000.0,-0.085973,-20000.0,-780000.0,-0.088235,0.0,-780000.0,-0.088235,-0.19451,-0.19451,4010000.0,4010000.0,https://www.sec.gov/Archives/edgar/data/874710/000114420416101889/0001144204-16-101889-index.htm,https://www.sec.gov/Archives/edgar/data/874710/000114420416101889/v438981_10q.htm
0,2015-12-31,AHPI,2016-02-16,2016-02-16 12:01:10,Q2,8850000.0,7070000.0,1780000.0,0.20112994350282487,0.0,2470000.0,0.0,0.0,2459999.999999999,9529999.999999998,0.0,310000.0,-400000.0,-0.045198,-690000.0,-0.077966,-20000.0,-710000.0,-0.080226,0.0,-710000.0,-0.080226,-0.17706,-0.17706,4010000.0,4010000.0,https://www.sec.gov/Archives/edgar/data/874710/000114420416082221/0001144204-16-082221-index.htm,https://www.sec.gov/Archives/edgar/data/874710/000114420416082221/v430780_10q.htm
0,2015-09-30,AHPI,2015-11-13,2015-11-13 14:31:35,Q1,8460000.0,6760000.0,1700000.0,0.20094562647754138,0.0,2330000.0,0.0,0.0,2340000.0,9100000.0,0.0,320000.0,-330000.0,-0.039007,-630000.0,-0.074468,-20000.0,-650000.0,-0.076832,-120000.0,-530000.0,-0.062648,-0.13217,-0.13217,4010000.0,4010000.0,https://www.sec.gov/Archives/edgar/data/874710/000114420415065222/0001144204-15-065222-index.htm,https://www.sec.gov/Archives/edgar/data/874710/000114420415056494/v420407_10k.htm
0,2015-06-30,AHPI,2015-09-25,2015-09-25 12:33:25,Q4,9110000.0,7480000.0,1630000.0,0.17892425905598244,0.0,2110000.0,0.0,0.0,2109999.9999999995,9590000.0,0.0,320000.00000000006,-179999.99999999994,-0.019759,-470000.0,-0.051592,-30000.0,-500000.0,-0.054885,20000.0,-520000.0,-0.05708,-0.12968,-0.12968,4010000.0,4010000.0,https://www.sec.gov/Archives/edgar/data/874710/000114420415056494/0001144204-15-056494-index.htm,https://www.sec.gov/Archives/edgar/data/874710/000114420415056494/v420407_10k.htm
0,2015-03-31,AHPI,2015-05-13,2015-05-13 11:04:39,Q3,8500000.0,6800000.0,1700000.0,0.2,0.0,2190000.0,0.0,0.0,2190000.0000000005,8990000.0,0.0,319999.99999999994,-180000.00000000006,-0.021176,-490000.0,-0.057647,-10000.0,-500000.0,-0.058824,0.0,-500000.0,-0.058824,-0.12469,-0.12469,4010000.0,4010000.0,https://www.sec.gov/Archives/edgar/data/874710/000114420415029991/0001144204-15-029991-index.htm,https://www.sec.gov/Archives/edgar/data/874710/000114420415029991/v409588_10q.htm
0,2014-12-31,AHPI,2015-02-13,2015-02-13 16:19:03,Q2,9000000.0,6840000.0,2160000.0,0.24,0.0,2190000.0,0.0,0.0,2189999.9999999995,9030000.0,0.0,340000.0,300000.0,0.033333,-40000.0,-0.004444,-10000.0,-40000.0,-0.004444,0.0,-40000.0,-0.004444,-0.00998,-0.00998,4010000.0,4010000.0,https://www.sec.gov/Archives/edgar/data/874710/000114420415009056/0001144204-15-009056-index.htm,https://www.sec.gov/Archives/edgar/data/874710/000114420415009056/v400544_10q.htm
0,2014-09-30,AHPI,2014-11-12,2014-11-12 09:15:43,Q1,8850000.0,7270000.0,1580000.0,0.17853107344632768,0.0,2270000.0,0.0,0.0,2269999.9999999995,9540000.0,0.0,330000.0,-380000.0,-0.042938,-700000.0,-0.079096,-10000.0,-710000.0,-0.080226,0.0,-710000.0,-0.080226,-0.17706,-0.17706,4010000.0,4010000.0,https://www.sec.gov/Archives/edgar/data/874710/000114420414066863/0001144204-14-066863-index.htm,https://www.sec.gov/Archives/edgar/data/874710/000114420414058017/v389352_10k.htm
0,2014-06-30,AHPI,2014-09-26,2014-09-26 13:02:11,Q4,9800000.0,7940000.0,1860000.0,0.18979591836734694,0.0,2260000.0,0.0,0.0,2249999.999999999,10189999.999999998,0.0,330000.00000000006,-79999.99999999993,-0.008163,-400000.0,-0.040816,-10000.0,-410000.0,-0.041837,-60000.0,-350000.0,-0.035714,-0.08728,-0.08728,4010000.0,4010000.0,https://www.sec.gov/Archives/edgar/data/874710/000114420414058017/0001144204-14-058017-index.htm,https://www.sec.gov/Archives/edgar/data/874710/000114420414058017/v389352_10k.htm
0,2014-03-31,AHPI,2014-05-13,2014-05-13 11:02:29,Q3,9120000.0,7370000.0,1750000.0,0.19188596491228072,0.0,2710000.0,0.0,0.0,2710000.0,10080000,0.0,329999.99999999994,-640000.0,-0.070175,-960000.0,-0.105263,-10000.0,-970000.0,-0.10636,0.0,-970000.0,-0.10636,-0.2419,-0.2419,4010000.0,4010000.0,https://www.sec.gov/Archives/edgar/data/874710/000114420414029797/0001144204-14-029797-index.htm,https://www.sec.gov/Archives/edgar/data/874710/000114420414029797/v377205_10q.htm
0,2013-12-31,AHPI,2014-02-13,2014-02-13 17:16:14,Q2,8750000.0,6810000.0,1940000.0,0.22171428571428572,0.0,2840000.0,0.0,0.0,2830000.000000001,9640000.000000002,0.0,320000.0,-580000.0,-0.066286,-890000.0,-0.101714,-10000.0,-900000.0,-0.102857,0.0,-900000.0,-0.102857,-0.22167,-0.22167,4060000.0,4060000.0,https://www.sec.gov/Archives/edgar/data/874710/000114420414008612/0001144204-14-008612-index.htm,https://www.sec.gov/Archives/edgar/data/874710/000114420414008612/v367089_10q.htm
0,2013-09-30,AHPI,2013-11-13,2013-11-13 16:16:27,Q1,8710000.0,6950000.0,1760000.0,0.2020665901262916,0.0,2620000.0,0.0,0.0,2620000.0,9570000.0,0.0,300000.0,-570000.0,-0.065442,-860000.0,-0.098737,-10000.0,-870000.0,-0.099885,-280000.0,-590000.0,-0.067738,-0.14713,-0.14713,4010000.0,4010000.0,https://www.sec.gov/Archives/edgar/data/874710/000114420413061045/0001144204-13-061045-index.htm,https://www.sec.gov/Archives/edgar/data/874710/000114420413052878/v355226_10k.htm
0,2013-06-30,AHPI,2013-09-27,2013-09-27 17:18:05,Q4,10130000,7660000.0,2470000.0,0.24383020730503455,0.0,2600000.0,0.0,0.0,2599999.9999999995,10260000,66.0,320000.00000000006,190066.00000000006,0.018763,-120000.0,-0.011846,-10000.0,-130000.0,-0.012833,-30000.0,-100000.0,-0.009872,-0.02494,-0.02494,4010000.0,4010000.0,https://www.sec.gov/Archives/edgar/data/874710/000114420413052878/0001144204-13-052878-index.htm,https://www.sec.gov/Archives/edgar/data/874710/000114420413052878/v355226_10k.htm
0,2013-03-31,AHPI,2013-05-10,2013-05-10 09:10:42,Q3,9210000.0,7530000.0,1680000.0,0.18241042345276873,0.0,2640000.0,0.0,0.0,2639999.9999999995,10170000,66.0,339999.99999999994,-109934.00000000003,-0.011936,-960000.0,-0.104235,510000.0,-450000.0,-0.04886,-170000.0,-280000.0,-0.030402,-0.06983,-0.06983,4010000.0,4010000.0,https://www.sec.gov/Archives/edgar/data/874710/000114420413027682/0001144204-13-027682-index.htm,https://www.sec.gov/Archives/edgar/data/874710/000114420413027682/v343817_10q.htm
0,2012-12-31,AHPI,2013-02-11,2013-02-11 14:08:30,Q2,9920000.0,7820000.0,2100000.0,0.21169354838709678,0.0,2860000.0,0.0,0.0,2849999.9999999995,10670000,66.0,340000.0,-419934.0,-0.042332,-750000.0,-0.075605,-10000.0,-760000.0,-0.076613,-290000.0,-470000.0,-0.047379,-0.11605,-0.11605,4050000.0,4050000.0,https://www.sec.gov/Archives/edgar/data/874710/000114420413007330/0001144204-13-007330-index.htm,https://www.sec.gov/Archives/edgar/data/874710/000114420413007330/v332497_10q.htm
0,2012-09-30,AHPI,2012-11-07,2012-11-07 14:54:13,Q1,9290000.0,7310000.0,1980000.0,0.2131324004305705,0.0,2640000.0,0.0,0.0,2639999.9999999995,9950000.0,0.0,310000.0,-350000.0,-0.037675,-660000.0,-0.071044,-10000.0,-660000.0,-0.071044,-250000.0,-410000.0,-0.044133,-0.10099,-0.10099,4060000.0,4060000.0,https://www.sec.gov/Archives/edgar/data/874710/000114420412060015/0001144204-12-060015-index.htm,https://www.sec.gov/Archives/edgar/data/874710/000114420412053494/v323781_10k.htm
0,2012-06-30,AHPI,2012-09-28,2012-09-28 12:29:40,Q4,10670000,8170000.0,2500000.0,0.23430178069353327,0.0,2730000.0,0.0,0.0,2730000.0000000005,10900000,270.0,330000.00000000006,90270.00000000007,0.00846,-230000.0,-0.021556,-10000.0,-240000.0,-0.022493,-80000.0,-160000.0,-0.014995,-0.03941,-0.03941,4060000.0,4060000.0,https://www.sec.gov/Archives/edgar/data/874710/000114420412053494/0001144204-12-053494-index.htm,https://www.sec.gov/Archives/edgar/data/874710/000114420412053494/v323781_10k.htm
0,2012-03-31,AHPI,2012-05-10,2012-05-10 16:16:44,Q3,10700000,8380000.0,2320000.0,0.21682242990654205,0.0,2560000.0,0.0,0.0,2549999.999999999,10929999.999999998,10000.0,319999.99999999994,89999.99999999996,0.008411,-230000.0,-0.021495,-10000.0,-240000.0,-0.02243,-90000.0,-150000.0,-0.014019,-0.03695,-0.03695,4060000.0,4060000.0,https://www.sec.gov/Archives/edgar/data/874710/000114420412027633/0001144204-12-027633-index.htm,https://www.sec.gov/Archives/edgar/data/874710/000114420412027633/v310279_10q.htm
0,2011-12-31,AHPI,2012-02-13,2012-02-13 16:11:18,Q2,10680000,7950000.0,2730000.0,0.2556179775280899,0.0,2690000.0,0.0,0.0,2690000.0000000005,10640000,10000.0,320000.0,360000.0,0.033708,40000.0,0.003745,-10000.0,40000.0,0.003745,10000.0,20000.0,0.001873,0.00493,0.00493,4060000.0,4060000.0,https://www.sec.gov/Archives/edgar/data/874710/000114420412007720/0001144204-12-007720-index.htm,https://www.sec.gov/Archives/edgar/data/874710/000114420412007720/v300191_10q.htm
0,2011-09-30,AHPI,2011-11-08,2011-11-08 16:11:44,Q1,11400000,8990000.0,2410000.0,0.21140350877192982,0.0,2630000.0,0.0,0.0,2629999.999999999,11619999.999999998,-336.0,310000.0,79664.0,0.006988,-230000.0,-0.020175,-10000.0,-230000.0,-0.020175,-90000.0,-140000.0,-0.012281,-0.03448,-0.03448,4060000.0,4060000.0,https://www.sec.gov/Archives/edgar/data/874710/000114420411062032/0001144204-11-062032-index.htm,https://www.sec.gov/Archives/edgar/data/874710/000114420411055070/v235780_10k.htm
0,2011-06-30,AHPI,2011-09-27,2011-09-27 16:38:29,Q4,12100000,9070000.0,3030000.0,0.25041322314049586,0.0,2810000.0,0.0,0.0,2810000.0000000005,11880000,10000.0,290000.00000000006,510000.00000000006,0.042149,220000.0,0.018182,-10000.0,220000.0,0.018182,100000.0,110000.0,0.009091,0.02703,0.02703,4070000.0,4070000.0,https://www.sec.gov/Archives/edgar/data/874710/000114420411055070/0001144204-11-055070-index.htm,https://www.sec.gov/Archives/edgar/data/874710/000114420411055070/v235780_10k.htm
0,2011-03-31,AHPI,2011-05-06,2011-05-06 16:18:18,Q3,11340000,8730000.0,2610000.0,0.23015873015873015,0.0,2490000.0,0.0,0.0,2490000.0,11220000,10000.0,320000.00000000006,430000.00000000006,0.037919,110000.0,0.0097,-20000.0,100000.0,0.008818,40000.0,60000.0,0.005291,0.01463,0.01463,4100000.0,4100000.0,https://www.sec.gov/Archives/edgar/data/874710/000114420411026828/0001144204-11-026828-index.htm,https://www.sec.gov/Archives/edgar/data/874710/000114420411026828/v221312_10q.htm
0,2010-12-31,AHPI,2011-02-08,2011-02-08 17:26:26,Q2,11400000,8590000.0,2810000.0,0.24649122807017543,0.0,2600000.0,0.0,0.0,2599999.9999999995,11190000,10000.0,370000.0,570000.0,0.05,210000.0,0.018421,-30000.0,190000.0,0.016667,70000.0,120000.0,0.010526,0.02956,0.02956,4060000.0,4060000.0,https://www.sec.gov/Archives/edgar/data/874710/000114420411006723/0001144204-11-006723-index.htm,https://www.sec.gov/Archives/edgar/data/874710/000114420411006723/v210370_10q.htm
0,2010-09-30,AHPI,2010-11-05,2010-11-05 11:51:16,Q1,11940000,9390000.0,2550000.0,0.2135678391959799,0.0,2680000.0,0.0,0.0,2679999.9999999995,12070000,-66000.0,380000.0,174000.0,0.014573,-130000.0,-0.010888,-20000.0,-140000.0,-0.011725,-50000.0,-90000.0,-0.007538,-0.02222,-0.02222,4050000.0,4050000.0,https://www.sec.gov/Archives/edgar/data/874710/000114420410057827/0001144204-10-057827-index.htm,https://www.sec.gov/Archives/edgar/data/874710/000114420410050694/v197334_10k.htm
0,2010-06-30,AHPI,2010-09-23,2010-09-23 17:28:27,Q4,11670000,8770000.0,2900000.0,0.24850042844901457,0.0,2670000.0,0.0,0.0,2679999.9999999995,11450000,-1505000.0,410000.0000000001,-874999.9999999999,-0.074979,220000.0,0.018852,-10000.0,210000.0,0.017995,130000.0,90000.0,0.007712,0.02217,0.02217,4060000.0,4060000.0,https://www.sec.gov/Archives/edgar/data/874710/000114420410050694/0001144204-10-050694-index.htm,https://www.sec.gov/Archives/edgar/data/874710/000114420410050694/v197334_10k.htm
0,2010-03-31,AHPI,2010-05-07,2010-05-07 14:43:25,Q3,11630000,8780000.0,2850000.0,0.24505588993981084,0.0,2710000.0,0.0,0.0,2710000.000000001,11490000.000000002,-190000.0,240000.0,110000.0,0.009458,140000.0,0.012038,-80000.0,60000.0,0.005159,20000.0,40000.0,0.003439,0.00978,0.00978,4090000.0,4090000.0,https://www.sec.gov/Archives/edgar/data/874710/000114420410025325/0001144204-10-025325-index.htm,https://www.sec.gov/Archives/edgar/data/874710/000114420410025325/v183755_10q.htm
0,2009-12-31,AHPI,2010-02-08,2010-02-08 16:38:47,Q2,11410000,8470000.0,2940000.0,0.25766871165644173,0.0,2900000.0,0.0,0.0,2899999.9999999986,11369999.999999998,-161000.0,350000.0,219000.0,0.019194,40000.0,0.003506,-10000.0,30000.0,0.002629,10000.0,20000.0,0.001753,0.00487,0.00487,4110000.0,4110000.0,https://www.sec.gov/Archives/edgar/data/874710/000114420410005961/0001144204-10-005961-index.htm,https://www.sec.gov/Archives/edgar/data/874710/000114420410005961/v173509_10q.htm
0,2009-09-30,AHPI,2009-11-06,2009-11-06 17:08:09,Q1,11320000,8920000.0,2400000.0,0.21201413427561838,0.0,3590000.0,0.0,0.0,3590000.0,12510000,-2413000.0,360000.0,-3263000.0,-0.288251,-1190000.0,-0.105124,-10000.0,-1200000.0,-0.106007,-460000.0,-750000.0,-0.066254,-0.18797,-0.18797,3990000.0,3990000.0,https://www.sec.gov/Archives/edgar/data/874710/000114420409057176/0001144204-09-057176-index.htm,https://www.sec.gov/Archives/edgar/data/874710/000114420409050123/v161155_10k.htm
0,2009-06-30,AHPI,2009-09-25,2009-09-25 17:27:00,Q4,12710000,9600000.0,3110000.0,0.24468922108575925,0.0,3260000.0,0.0,0.0,19240000.000000004,28840000.000000004,0.0,219999.99999999997,-15900000,-1.250983,-16130000,-1.269079,0.0,-16120000,-1.268293,-40000.0,-16080000,-1.265146,-4.07089,-4.07089,3950000.0,3950000.0,https://www.sec.gov/Archives/edgar/data/874710/000114420409050123/0001144204-09-050123-index.htm,https://www.sec.gov/Archives/edgar/data/874710/000114420409050123/v161155_10k.htm
0,2009-03-31,AHPI,2009-05-12,2009-05-12 16:08:46,Q3,12390000,9920000.0,2470000.0,0.1993543179983858,0.0,3200000.0,0.0,0.0,3189999.9999999995,13110000,10000.0,320000.00000000006,-399999.99999999994,-0.032284,-720000.0,-0.058111,-10000.0,-730000.0,-0.058918,-280000.0,-450000.0,-0.03632,-0.11392,-0.11392,3950000.0,3950000.0,https://www.sec.gov/Archives/edgar/data/874710/000114420409025741/0001144204-09-025741-index.htm,https://www.sec.gov/Archives/edgar/data/874710/000114420409025741/v148840_10q.htm
0,2008-12-31,AHPI,2009-02-10,2009-02-09 17:59:08,Q2,12530000,9820000.0,2710000.0,0.2162809257781325,0.0,3400000.0,0.0,0.0,3400000.0000000005,13220000,-5849000.0,370000.0,-6169000.0,-0.492338,-690000.0,-0.055068,-10000.0,-690000.0,-0.055068,-250000.0,-440000.0,-0.035116,-0.11139,-0.11139,3950000.0,3950000.0,https://www.sec.gov/Archives/edgar/data/874710/000114420409006246/0001144204-09-006246-index.htm,https://www.sec.gov/Archives/edgar/data/874710/000114420409006246/v139344_10q.htm
0,2008-09-30,AHPI,2008-11-07,2008-11-07 15:34:39,Q1,14440000,10940000,3500000.0,0.24238227146814403,0.0,3180000.0,0.0,0.0,3179999.9999999995,14120000,30000.0,380000.0,750000.0,0.051939,320000.0,0.022161,-10000.0,340000.0,0.023546,130000.0,210000.0,0.014543,0.0516,0.0516,4070000.0,4070000.0,https://www.sec.gov/Archives/edgar/data/874710/000114420408061918/0001144204-08-061918-index.htm,https://www.sec.gov/Archives/edgar/data/874710/000095013708012047/c35709e10vk.htm
0,2008-06-30,AHPI,2008-09-26,2008-09-26 11:37:11,Q4,14690000,10580000,4110000.0,0.27978216473791695,0.0,3100000.0,0.0,0.0,3090000.0,13670000,-20000.0,270000.0,1270000.0,0.086453,1020000.0,0.069435,-30000.0,1020000.0,0.069435,330000.0,690000.0,0.046971,0.16995,0.16995,4060000.0,4060000.0,https://www.sec.gov/Archives/edgar/data/874710/000095013708012047/0000950137-08-012047-index.htm,https://www.sec.gov/Archives/edgar/data/874710/000095013708012047/c35709e10vk.htm
0,2008-03-31,AHPI,2008-05-12,2008-05-12 16:43:10,Q3,13940000,10780000,3160000.0,0.2266857962697274,0.0,3010000.0,0.0,0.0,3010000.0,13790000,10000.0,289999.9999999999,459999.9999999999,0.032999,150000.0,0.01076,-10000.0,160000.0,0.011478,60000.0,100000.0,0.007174,0.02463,0.02463,4060000.0,4060000.0,https://www.sec.gov/Archives/edgar/data/874710/000095013708007251/0000950137-08-007251-index.htm,https://www.sec.gov/Archives/edgar/data/874710/000095013708007251/c26656e10vq.htm
0,2007-12-31,AHPI,2008-02-11,2008-02-11 11:14:11,Q2,13630000,10710000,2920000.0,0.21423330887747616,0.0,2930000.0,0.0,-15150000,2939999.9999999995,13650000,40000.0,340000.0,390000.0,0.028613,-20000.0,-0.001467,-10000.0,10000.0,0.000734,0.0,10000.0,0.000734,0.00246,0.00246,4070000.0,4070000.0,https://www.sec.gov/Archives/edgar/data/874710/000114420408007361/0001144204-08-007361-index.htm,https://www.sec.gov/Archives/edgar/data/874710/000114420408007361/v102601_10q.htm
0,2007-09-30,AHPI,2007-11-14,2007-11-14 12:30:09,Q1,14100000,10940000,3160000.0,0.22411347517730495,0.0,3040000.0,0.0,15150000,3040000.000000001,13980000.000000002,40000.0,330000.0,520000.0,0.036879,120000.0,0.008511,-20000.0,150000.0,0.010638,60000.0,90000.0,0.006383,0.02222,0.02222,4050000.0,4050000.0,https://www.sec.gov/Archives/edgar/data/874710/000114420407061036/0001144204-07-061036-index.htm,https://www.sec.gov/Archives/edgar/data/874710/000095013707014817/c18864e10vk.htm
0,2007-06-30,AHPI,2007-09-28,2007-09-28 13:19:18,Q4,14050000,10060000,3990000.0,0.28398576512455515,0.0,2770000.0,0.0,0.0,2769999.9999999995,12830000,30000.0,309999.99999999994,1580000.0,0.112456,1220000.0,0.086833,-10000.0,1240000.0,0.088256,370000.0,870000.0,0.061922,0.21376,0.21376,4070000.0,4070000.0,https://www.sec.gov/Archives/edgar/data/874710/000095013707014817/0000950137-07-014817-index.htm,https://www.sec.gov/Archives/edgar/data/874710/000095013707014817/c18864e10vk.htm
0,2007-03-31,AHPI,2007-05-02,2007-05-02 17:25:51,Q3,13700000,10250000,3450000.0,0.2518248175182482,0.0,3000000.0,0.0,0.0,3010000.0,13260000,30000.0,310000.00000000006,810000.0,0.059124,450000.0,0.032847,-10000.0,470000.0,0.034307,190000.0,280000.0,0.020438,0.06931,0.06931,4040000.0,4040000.0,https://www.sec.gov/Archives/edgar/data/874710/000114420407022279/0001144204-07-022279-index.htm,https://www.sec.gov/Archives/edgar/data/874710/000114420407022279/v073456_10-q.htm
0,2006-12-31,AHPI,2007-02-08,2007-02-07 17:38:07,Q2,14270000,10760000,3510000.0,0.24597056762438682,0.0,3090000.0,0.0,0.0,3090000.0,13850000,30000.0,310000.0,840000.0,0.058865,430000.0,0.030133,50000.0,510000.0,0.035739,210000.0,290000.0,0.020322,0.07196,0.07196,4030000.0,4030000.0,https://www.sec.gov/Archives/edgar/data/874710/000095013707001666/0000950137-07-001666-index.htm,https://www.sec.gov/Archives/edgar/data/874710/000095013707001666/c12117e10vq.htm
0,2006-09-30,AHPI,2006-11-09 00:00:00,2006-11-09 16:13:39,Q1,14480000,10960000,3520000.0,0.243094,0.0,3190000.0,0.0,0.0,3189999.9999999995,14150000,30000.0,300000.0,680000.0,0.046961,330000.0,0.02279,-10000.0,350000.0,0.024171,150000.0,200000.0,0.013812,0.04963,0.04963,4030000.0,4030000.0,https://www.sec.gov/Archives/edgar/data/874710/000095013706012165/0000950137-06-012165-index.html,https://www.sec.gov/Archives/edgar/data/874710/000095013706012165/c09902e10vq.txt
0,2006-06-30,AHPI,,Not found...,Q4,14460000,11160000,3300000.0,0.228216,0.0,2920000.0,0.0,0.0,2920000.0,14080000,20000.0,190000.00000000006,600000.0000000001,0.041494,380000.0,0.026279,-10000.0,390000.0,0.026971,-240000.0,630000.0,0.043568,0.15594,0.15594,4040000.0,4040000.0,,
0,2006-03-31,AHPI,,,Q3,14760000,11350000,3410000.0,0.23103,0.0,2990000.0,0.0,0.0,2990000.0,14340000,10000.0,290000.00000000006,720000.0,0.04878,410000.0,0.027778,-10000.0,410000.0,0.027778,180000.0,240000.0,0.01626,0.05955,0.05955,4030000.0,4030000.0,,
0,2005-12-31,AHPI,,,Q2,13340000,9770000.0,3570000.0,0.267616,0.0,3030000.0,0.0,0.0,3030000.000000001,12800000.000000002,20000.0,290000.0,860000.0,0.064468,540000.0,0.04048,-10000.0,550000.0,0.041229,230000.0,320000.0,0.023988,0.0794,0.0794,4030000.0,4030000.0,,
0,2005-09-30,AHPI,,,Q1,14990000,11010000,3970000.0,0.264843,0.0,3170000.0,0.0,0.0,3170000.0,14180000,10000.0,290000.0,1110000.0,0.074049,800000.0,0.053369,-10000.0,800000.0,0.053369,340000.0,470000.0,0.031354,0.11663,0.11663,4030000.0,4030000.0,,
0,2005-06-30,AHPI,,,Q4,14180000,10290000,3900000.0,0.275035,0.0,2840000.0,0.0,0.0,2840000.0000000014,13130000.000000002,-10000.0,189999.99999999994,1210000.0,0.085331,1060000.0,0.074753,-10000.0,1040000.0,0.073343,-480000.0,1510000.0,0.106488,0.37469,0.37469,4030000.0,4030000.0,,
0,2005-03-31,AHPI,2005-05-02 00:00:00,2005-05-02 17:29:22,Q3,14330000,10600000,3730000.0,0.260293,0.0,3010000.0,0.0,0.0,3010000.0,13610000,-20000.0,309999.99999999994,979999.9999999999,0.068388,720000.0,0.050244,-10000.0,690000.0,0.048151,280000.0,410000.0,0.028611,0.10149,0.10149,4040000.0,4040000.0,https://www.sec.gov/Archives/edgar/data/874710/000095013705005268/0000950137-05-005268-index.html,https://www.sec.gov/Archives/edgar/data/874710/000095013705005268/c94719e10vq.txt
0,2004-12-31,AHPI,,,Q2,13670000,10260000,3410000.0,0.249451,0.0,3060000.0,0.0,0.0,3050000.000000001,13310000,-30000.0,330000.0,610000.0,0.044623,360000.0,0.026335,-10000.0,320000.0,0.023409,130000.0,180000.0,0.013168,0.04444,0.04444,4050000.0,4050000.0,,
0,2004-09-30,AHPI,,,Q1,13940000,10530000,3410000.0,0.24462,0.0,2930000.0,0.0,0.0,2930000.0000000014,13460000.000000002,-70000.0,320000.0,650000.0,0.046628,480000.0,0.034433,-10000.0,400000.0,0.028694,160000.0,240000.0,0.017217,0.05955,0.05955,4030000.0,4030000.0,,
0,2004-06-30,AHPI,,,Q4,15260000,10620000,4640000.0,0.304063,0.0,3090000.0,0.0,0.0,3090000.0000000014,13710000.000000002,-100000.0,340000.0000000001,1680000.0,0.110092,1550000.0,0.101573,-10000.0,1450000.0,0.09502,580000.0,860000.0,0.056356,0.21554,0.21554,3990000.0,3990000.0,,
0,2004-03-31,AHPI,,,Q3,14960000,10750000,4210000.0,0.281417,0.0,3050000.0,0.0,0.0,3050000.000000001,13800000,-110000.0,329999.99999999994,1260000.0,0.084225,1160000.0,0.07754,-10000.0,1040000.0,0.069519,410000.0,630000.0,0.042112,0.1575,0.1575,4000000.0,4000000.0,,
0,2003-12-31,AHPI,,,Q2,15080000,10970000,4110000.0,0.272546,0.0,3340000.0,0.0,0.0,3330000.0,14300000,-150000.0,310000.0,800000.0,0.05305,770000.0,0.051061,10000.0,640000.0,0.04244,260000.0,380000.0,0.025199,0.095,0.095,4000000.0,4000000.0,,
0,2003-09-30,AHPI,,,Q1,13810000,10410000,3400000.0,0.246198,0.0,3180000.0,0.0,0.0,3179999.9999999995,13590000,-200000.0,330000.0,140000.0,0.010138,220000.0,0.01593,-10000.0,20000.0,0.001448,10000.0,0.0,0.0,0.0,0.0,3980000.0,3980000.0,,
0,2003-06-30,AHPI,,,Q4,14330000,11080000,3240000.0,0.226099,0.0,3380000.0,0.0,0.0,3380000.000000001,14460000.000000002,-180000.0,199999.99999999997,-310000.00000000006,-0.021633,-140000.0,-0.00977,-10000.0,-320000.0,-0.022331,-220000.0,-110000.0,-0.007676,-0.02813,-0.02813,3910000.0,3910000.0,,
0,2003-03-31,AHPI,,,Q3,16440000,12200000,4240000.0,0.257908,0.0,3420000.0,0.0,0.0,3430000.0000000014,15630000.000000002,-210000.0,250000.0,640000.0,0.038929,820000.0,0.049878,-10000.0,600000.0,0.036496,230000.0,370000.0,0.022506,0.09367,0.09367,3950000.0,3950000.0,,
0,2002-12-31,AHPI,,,Q2,14850000,11470000,3380000.0,0.227609,0.0,3430000.0,0.0,0.0,3420000.0,14890000,-220000.0,360000.0,-130000.0,-0.008754,-40000.0,-0.002694,-10000.0,-270000.0,-0.018182,-90000.0,-180000.0,-0.012121,-0.04604,-0.04604,3910000.0,3910000.0,,
0,2002-09-30,AHPI,,,Q1,15240000,12060000,3180000.0,0.208661,0.0,3320000.0,0.0,0.0,3320000.0000000005,15380000,-220000.0,360000.0,-240000.0,-0.015748,-140000.0,-0.009186,-10000.0,-380000.0,-0.024934,-140000.0,-240000.0,-0.015748,-0.06138,-0.06138,3910000.0,3910000.0,,
0,2002-06-30,AHPI,,,Q4,15680000,15120000,570000.0,0.036352,0.0,3180000.0,0.0,0.0,12740000,27860000,-200000.0,169999.99999999994,-12420000,-0.792092,-12180000,-0.776786,-10000.0,-12380000,-0.789541,-1040000.0,-11350000,-0.723852,-2.88071,-2.88071,3940000.0,3940000.0,,
0,2002-03-31,AHPI,,,Q3,15190000,11800000,3390000.0,0.223173,0.0,3070000.0,0.0,0.0,3059999.9999999986,14859999.999999998,-270000.0,339999.99999999994,119999.99999999997,0.0079,330000.0,0.021725,0.0,50000.0,0.003292,20000.0,30000.0,0.001975,0.00752,0.00752,3990000.0,3990000.0,,
0,2001-12-31,AHPI,,,Q2,15400000,11770000,3630000.0,0.235714,0.0,3170000.0,0.0,0.0,3170000.0,14940000,-280000.0,370000.0,250000.0,0.016234,450000.0,0.029221,-10000.0,160000.0,0.01039,60000.0,100000.0,0.006494,0.02513,0.02513,3980000.0,3980000.0,,
0,2001-09-30,AHPI,2001-11-13 00:00:00,2001-11-13 00:00:00,Q1,14150000,11320000,2830000.0,0.2,0.0,3360000.0,0.0,0.0,3359999.9999999995,14680000,-300000.0,510000.0,-640000.0,-0.04523,-530000.0,-0.037456,-20000.0,-850000.0,-0.060071,-340000.0,-510000.0,-0.036042,-0.13077,-0.13077,3900000.0,3900000.0,https://www.sec.gov/Archives/edgar/data/874710/000095012401503940/0000950124-01-503940-index.html,https://www.sec.gov/Archives/edgar/data/874710/000095012401503940/c66055e10-q.txt
0,2001-06-30,AHPI,2001-09-28 00:00:00,2001-09-28 00:00:00,Q4,16560000,11850000,4710000.0,0.28442,0.0,3610000.0,0.0,0.0,3689999.9999999995,15540000,-330000.0,570000.0000000003,900000.0000000003,0.054348,1010000.0,0.06099,-20000.0,660000.0,0.039855,30000.0,630000.0,0.038043,0.15517,0.15517,4060000.0,4060000.0,https://www.sec.gov/Archives/edgar/data/874710/000095013401506871/0000950134-01-506871-index.html,https://www.sec.gov/Archives/edgar/data/874710/000095013401506871/c65120e10-k.txt
0,2001-03-31,AHPI,,,Q3,16640000,12470000,4180000.0,0.251202,0.0,3580000.0,0.0,0.0,3569999.9999999986,16039999.999999998,-380000.0,639999.9999999999,459999.9999999999,0.027644,600000.0,0.036058,-20000.0,200000.0,0.012019,160000.0,40000.0,0.002404,0.01005,0.01005,3980000.0,3980000.0,,
0,2000-12-31,AHPI,,,Q2,16710000,12530000,4180000.0,0.25015,0.0,3760000.0,0.0,0.0,3760000.0,16290000,-420000.0,850000.0,420000.0,0.025135,420000.0,0.025135,-20000.0,-20000.0,-0.001197,80000.0,-90000.0,-0.005386,-0.02308,-0.02308,3900000.0,3900000.0,,
0,2000-09-30,AHPI,2000-11-14 00:00:00,2000-11-14 00:00:00,Q1,15020000,11410000,3610000.0,0.240346,0.0,3630000.0,0.0,0.0,3629999.999999999,15039999.999999998,-400000.0,890000.0,40000.0,0.002663,-20000.0,-0.001332,-20000.0,-440000.0,-0.029294,-100000.0,-350000.0,-0.023302,-0.08974,-0.08974,3900000.0,3900000.0,https://www.sec.gov/Archives/edgar/data/874710/000095012400006884/0000950124-00-006884-index.html,https://www.sec.gov/Archives/edgar/data/874710/000095012400006884/c58517e10-q.txt
0,2000-06-30,AHPI,2000-09-28 00:00:00,2000-09-28 00:00:00,Q4,14720000,11780000,2950000.0,0.200408,0.0,3900000.0,0.0,0.0,3900000.0000000005,15680000,-390000.0,680000.0000000002,-1159999.9999999998,-0.078804,-960000.0,-0.065217,-100000.0,-1450000.0,-0.098505,-560000.0,-890000.0,-0.060462,-0.22821,-0.22821,3900000.0,3900000.0,https://www.sec.gov/Archives/edgar/data/874710/000101540200002637/0001015402-00-002637-index.html,https://www.sec.gov/Archives/edgar/data/874710/000101540200002637/0001015402-00-002637-0001.txt
0,2000-03-31,AHPI,2000-05-15 00:00:00,2000-05-15 00:00:00,Q3,16730000,12100000,4630000.0,0.276748,0.0,3780000.0,0.0,0.0,3710000.000000001,15810000.000000002,-420000.0,879999.9999999999,949999.9999999999,0.056784,920000.0,0.054991,-20000.0,490000.0,0.029289,280000.0,210000.0,0.012552,0.0529,0.0529,3970000.0,3970000.0,https://www.sec.gov/Archives/edgar/data/874710/000101540200001303/0001015402-00-001303-index.html,https://www.sec.gov/Archives/edgar/data/874710/0001015402-00-001303.txt
0,1999-12-31,AHPI,,,Q2,16760000,12130000,4630000.0,0.276253,0.0,4270000.0,0.0,0.0,4269999.999999998,16399999.999999998,-420000.0,880000.0,380000.0,0.022673,360000.0,0.02148,-20000.0,-80000.0,-0.004773,50000.0,-130000.0,-0.007757,-0.03333,-0.03333,3900000.0,3900000.0,,
0,1999-09-30,AHPI,,,Q1,16070000,12040000,4030000.0,0.250778,0.0,4640000.0,0.0,0.0,4949999.999999999,16990000,-440000.0,890000.0,-920000.0,-0.05725,-920000.0,-0.05725,-10000.0,-1370000.0,-0.085252,-470000.0,-900000.0,-0.056005,-0.23077,-0.23077,3900000.0,3900000.0,,
0,1999-06-30,AHPI,,,Q4,18620000,14460000,4170000.0,0.223953,0.0,4530000.0,0.0,0.0,4480000.0,18940000,-480000.0,799999.9999999998,-450000.0000000002,-0.024168,-320000.0,-0.017186,40000.0,-770000.0,-0.041353,-30000.0,-740000.0,-0.039742,-0.19221,-0.19221,3850000.0,3850000.0,,
0,1999-03-31,AHPI,,,Q3,19230000,14290000,4940000.0,0.25689,0.0,4600000.0,0.0,0.0,4600000.000000001,18890000,-470000.0,940000.0,290000.0,0.015081,340000.0,0.017681,-50000.0,-180000.0,-0.00936,10000.0,-190000.0,-0.00988,-0.04872,-0.04872,3900000.0,3900000.0,,
0,1998-12-31,AHPI,,,Q2,17090000,13670000,3420000.0,0.200117,0.0,4720000.0,0.0,0.0,6020000.000000001,19690000,-440000.0,1000000.0,-2490000.0,-0.145699,-2600000.0,-0.152136,-10000.0,-3050000.0,-0.178467,-1140000.0,-1910000.0,-0.111761,-0.4961,-0.4961,3850000.0,3850000.0,,
0,1998-09-30,AHPI,,,Q1,17860000,13450000,4410000.0,0.24692,0.0,4880000.0,0.0,0.0,5850000.000000001,19300000,-530000.0,1040000.0,-1490000.0,-0.083427,-1440000.0,-0.080627,-20000.0,-2000000.0,-0.111982,-720000.0,-1280000.0,-0.071669,-0.32821,-0.32821,3900000.0,3900000.0,,
0,1998-06-30,AHPI,,,Q4,19480000,14600000,4880000.0,0.250513,0.0,4910000.0,0.0,0.0,4900000.0,19500000,-580000.0,960000.0,-270000.0,-0.01386,-30000.0,-0.00154,-40000.0,-650000.0,-0.033368,-340000.0,-310000.0,-0.015914,-0.07949,-0.07949,3900000.0,3900000.0,,
0,1998-03-31,AHPI,,,Q3,22790000,16280000,6510000.0,0.285652,0.0,5410000.0,0.0,0.0,5410000.0,21690000,-490000.0,1029999.9999999998,1079999.9999999998,0.047389,1100000.0,0.048267,-70000.0,540000.0,0.023695,300000.0,240000.0,0.010531,0.06154,0.06154,3900000.0,3900000.0,,
0,1997-12-31,AHPI,,,Q2,24030000,17290000,6740000.0,0.280483,0.0,6320000.0,0.0,0.0,3289999.999999999,20580000,-1220000.0,1550000.0,2530000.0,0.105285,3460000.0,0.143987,-40000.0,2200000.0,0.091552,8890000.0,-6690000.0,-0.278402,-1.71538,-1.71538,3900000.0,3900000.0,,
0,1997-09-30,AHPI,,,Q1,30170000,20940000,9230000.0,0.305933,0.0,7250000.0,0.0,0.0,7259999.999999998,28199999.999999996,-1860000.0,1340000.0,-980000.0,-0.032483,1980000.0,0.065628,-50000.0,70000.0,0.00232,180000.0,-640000.0,-0.021213,-0.1641,-0.1641,3900000.0,3900000.0,,
0,1997-06-30,AHPI,,,Q4,30130000,22070000,8060000.0,0.267507,0.0,9160000.0,0.0,0.0,9149999.999999998,31220000,-3350000.0,1480000.0000000005,-6380000.0,-0.211749,-1090000.0,-0.036177,-60000.0,-4500000.0,-0.149353,-1020000.0,-3490000.0,-0.115831,-0.89487,-0.89487,3900000.0,3900000.0,,
0,1997-03-31,AHPI,,,Q3,30470000,20740000,9730000.0,0.31933,0.0,8140000.0,0.0,0.0,8140000.0,28880000,-1730000.0,1429999.9999999998,-520000.0000000003,-0.017066,1580000.0,0.051854,-70000.0,-220000.0,-0.00722,80000.0,-300000.0,-0.009846,-0.07692,-0.07692,3900000.0,3900000.0,,
0,1996-12-31,AHPI,,,Q2,28390000,19660000,8730000.0,0.307503,0.0,8230000.0,0.0,0.0,8239999.999999998,27899999.999999996,-1410000.0,1420000.0000000002,-939999.9999999998,-0.03311,490000.0,0.01726,-30000.0,-950000.0,-0.033462,-390000.0,-560000.0,-0.019725,-0.14359,-0.14359,3900000.0,3900000.0,,
0,1996-09-30,AHPI,,,Q1,29130000,19890000,9240000.0,0.317199,0.0,8380000.0,0.0,0.0,8379999.999999999,28270000,-1120000.0,1240000.0,-160000.0,-0.005493,860000.0,0.029523,-30000.0,-280000.0,-0.009612,-100000.0,-180000.0,-0.006179,-0.04615,-0.04615,3900000.0,3900000.0,,
