,date,symbol,fillingDate,acceptedDate,period,revenue,costOfRevenue,grossProfit,grossProfitRatio,researchAndDevelopmentExpenses,generalAndAdministrativeExpenses,sellingAndMarketingExpenses,otherExpenses,operatingExpenses,costAndExpenses,interestExpense,depreciationAndAmortization,ebitda,ebitdaratio,operatingIncome,operatingIncomeRatio,totalOtherIncomeExpensesNet,incomeBeforeTax,incomeBeforeTaxRatio,incomeTaxExpense,netIncome,netIncomeRatio,eps,epsdiluted,weightedAverageShsOut,weightedAverageShsOutDil,link,finalLink
0,2020-09-30,TCRR,2020-11-12,2020-11-12 07:16:12,Q3,0.0,0.0,0.0,0.0,12820000,4371000.0,0.0,0.0,17191000,17191000,0.0,441000.0,-16750000,0.0,-17191000,0.0,0.0,-16891000,0.0,0.0,-16922000,0.0,-0.7028582014107007,-0.7028582014107007,24075980,24075980,https://www.sec.gov/Archives/edgar/data/1750019/000156459020053270/0001564590-20-053270-index.htm,https://www.sec.gov/Archives/edgar/data/1750019/000156459020053270/tcrr-10q_20200930.htm
0,2020-06-30,TCRR,2020-08-12,2020-08-12 07:16:01,Q2,0.0,0.0,0.0,0.0,12907000,3809000.0,0.0,0.0,16716000,16716000,499000.0,367000.00000000006,-15351000,0.0,-16716000,0.0,0.0,-16217000,0.0,28000.0,-16245000,0.0,-0.67474,-0.67474,24075980,24075980,https://www.sec.gov/Archives/edgar/data/1750019/000156459020039480/0001564590-20-039480-index.htm,https://www.sec.gov/Archives/edgar/data/1750019/000156459020039480/tcrr-10q_20200630.htm
0,2020-03-31,TCRR,2020-05-14,2020-05-14 07:16:49,Q1,0.0,0.0,0.0,0.0,11955000,4271000.0,0.0,0.0,16226000,16226000,747000.0,306000.0,-14426000,0.0,-16226000,0.0,0.0,-15479000,0.0,27000.0,-15506000,0.0,-0.64576,-0.64576,24011840,24011840,https://www.sec.gov/Archives/edgar/data/1750019/000156459020025260/0001564590-20-025260-index.htm,https://www.sec.gov/Archives/edgar/data/1750019/000156459020013856/tcrr-10k_20191231.htm
0,2019-12-31,TCRR,2020-03-30,2020-03-30 07:49:24,Q4,0.0,0.0,0.0,0.0,9392000.0,4179000.0,0.0,0.0,13571000,13571000,846000.0,303999.99999999994,-11575000,0.0,-13571000,0.0,0.0,-12725000,0.0,102000.0,-12827000,0.0,-0.53359,-0.53359,24038920,24038920,https://www.sec.gov/Archives/edgar/data/1750019/000156459020013856/0001564590-20-013856-index.htm,https://www.sec.gov/Archives/edgar/data/1750019/000156459020013856/tcrr-10k_20191231.htm
0,2019-09-30,TCRR,2019-11-12,2019-11-12 08:20:51,Q3,0.0,0.0,0.0,0.0,11374000,3522000.0,0.0,0.0,14896000,14896000,1090000.0,258000.00000000006,-12458000,0.0,-14896000,0.0,0.0,-13806000,0.0,0.0,-13806000,0.0,-0.57827,-0.57827,23874590,23874590,https://www.sec.gov/Archives/edgar/data/1750019/000156459019042612/0001564590-19-042612-index.htm,https://www.sec.gov/Archives/edgar/data/1750019/000156459019042612/tcrr-10q_20190930.htm
0,2019-06-30,TCRR,2019-08-09,2019-08-09 06:06:08,Q2,0.0,0.0,0.0,0.0,8833000.0,3307000.0,0.0,0.0,12140000,12140000,1077000.0,164999.99999999997,-9821000.0,0.0,-12140000,0.0,0.0,-11063000,0.0,0.0,-11063000,0.0,-0.46448,-0.46448,23818000,23818000,https://www.sec.gov/Archives/edgar/data/1750019/000175001919000046/0001750019-19-000046-index.htm,https://www.sec.gov/Archives/edgar/data/1750019/000175001919000046/tcrr10q06302019.htm
0,2019-03-31,TCRR,2019-05-13,2019-05-13 16:21:37,Q1,0.0,0.0,0.0,0.0,7889000.0,2886000.0,0.0,0.0,10775000,10775000,872000.0,135000.0,-8896000.0,0.0,-10775000,0.0,0.0,-9903000.0,0.0,0.0,-9903000.0,0.0,-0.41366,-0.41366,23940030,23940030,https://www.sec.gov/Archives/edgar/data/1750019/000175001919000036/0001750019-19-000036-index.htm,https://www.sec.gov/Archives/edgar/data/1750019/000175001919000036/tcrr10q03312019.htm
