,date,symbol,fillingDate,acceptedDate,period,revenue,costOfRevenue,grossProfit,grossProfitRatio,researchAndDevelopmentExpenses,generalAndAdministrativeExpenses,sellingAndMarketingExpenses,otherExpenses,operatingExpenses,costAndExpenses,interestExpense,depreciationAndAmortization,ebitda,ebitdaratio,operatingIncome,operatingIncomeRatio,totalOtherIncomeExpensesNet,incomeBeforeTax,incomeBeforeTaxRatio,incomeTaxExpense,netIncome,netIncomeRatio,eps,epsdiluted,weightedAverageShsOut,weightedAverageShsOutDil,link,finalLink
0,2020-09-30,AMGN,2020-10-29,2020-10-28 19:55:25,Q3,6423000000,1561000000,4862000000,0.7569671493071773,1062000000,1346000000,0.0,1562000000,3970000000,5531000000,-302000000,901000000,3354000000,0.5221858944418496,2453000000,0.38190876537443563,55000000,2206000000,0.34345321500856296,185000000,2021000000,0.3146504748559863,9.61,9.54,588000000,592000000,https://www.sec.gov/Archives/edgar/data/318154/000031815420000060/0000318154-20-000060-index.htm,https://www.sec.gov/Archives/edgar/data/318154/000031815420000060/amgn-20200930.htm
0,2020-06-30,AMGN,2020-07-29,2020-07-28 19:18:00,Q2,6206000000,1488000000,4718000000,0.7602320335159523,964000000,1295000000,0.0,136000000,2395000000,3883000000,-293000000,930000000,2667000000,0.429745,2323000000,0.374315,3000000.0,2030000000,0.327103,227000000,1803000000,0.290525,3.04561,3.04561,592000000,592000000,https://www.sec.gov/Archives/edgar/data/318154/000031815420000048/0000318154-20-000048-index.htm,https://www.sec.gov/Archives/edgar/data/318154/000031815420000048/amgn-20200630.htm
0,2020-03-31,AMGN,2020-05-01 00:00:00,2020-04-30 20:48:21,Q1,6161000000,1513000000,4648000000,0.754423,952000000,1316000000,0.0,25000000,2293000000,3806000000,-335000000,897000000,2582000000,0.419088,2355000000,0.382243,0.0,2020000000,0.327869,195000000,1825000000,0.296218,3.07239,3.07239,594000000,594000000,https://www.sec.gov/Archives/edgar/data/318154/000031815420000031/0000318154-20-000031-index.html,https://www.sec.gov/Archives/edgar/data/318154/000031815420000031/amgn-2020331x10q.htm
0,2019-12-31,AMGN,2020-02-12 00:00:00,2020-02-12 17:15:19,Q4,6197000000,1253000000,4944000000,0.797805,1312000000,1513000000,0.0,71000000,2896000000,4149000000,-65000000,702000000,2620000000,0.422785,2048000000,0.330482,0.0,1983000000,0.319994,280000000,1703000000,0.27481,2.8526,2.8526,597000000,597000000,https://www.sec.gov/Archives/edgar/data/318154/000031815420000017/0000318154-20-000017-index.html,https://www.sec.gov/Archives/edgar/data/318154/000031815420000017/amgn-12312019x10kq42019.htm
0,2019-09-30,AMGN,2019-10-30 00:00:00,2019-10-29 19:31:34,Q3,5737000000,1036000000,4701000000,0.819418,1001000000,1223000000,0.0,1000000.0,2225000000,3261000000,-199000000,508000000,2586000000,0.450758,2476000000,0.431584,0.0,2277000000,0.396897,309000000,1968000000,0.343036,3.2691,3.2691,602000000,602000000,https://www.sec.gov/Archives/edgar/data/318154/000031815419000046/0000318154-19-000046-index.html,https://www.sec.gov/Archives/edgar/data/318154/000031815419000046/amgn-2019930x10q.htm
0,2019-06-30,AMGN,2019-07-31 00:00:00,2019-07-30 19:13:12,Q2,5871000000,1012000000,4859000000,0.827627,924000000,1260000000,0.0,-3000000.0,2181000000,3193000000,-114000000,501000000,2951000000,0.50264,2678000000,0.45614,0.0,2564000000,0.436723,385000000,2179000000,0.371146,3.57213,3.57213,610000000,610000000,https://www.sec.gov/Archives/edgar/data/318154/000031815419000037/0000318154-19-000037-index.html,https://www.sec.gov/Archives/edgar/data/318154/000031815419000037/amgn-2019630x10q.htm
0,2019-03-31,AMGN,2019-05-01 00:00:00,2019-04-30 18:37:54,Q1,5557000000,1055000000,4502000000,0.810149,879000000,1154000000,0.0,-3000000.0,2030000000,3085000000,-158000000,495000000,2651000000,0.477056,2472000000,0.444844,0.0,2314000000,0.416412,322000000,1992000000,0.358467,3.18211,3.18211,626000000,626000000,https://www.sec.gov/Archives/edgar/data/318154/000031815419000018/0000318154-19-000018-index.html,https://www.sec.gov/Archives/edgar/data/318154/000031815419000018/amgn-2019331x10q.htm
0,2018-12-31,AMGN,2019-02-13 00:00:00,2019-02-13 17:20:20,Q4,6230000000,1096000000,5134000000,0.824077,1182000000,1559000000,0.0,11000000,2752000000,3848000000,-197000000,490000000,2478000000,0.397753,2382000000,0.382343,0.0,2185000000,0.350722,257000000,1928000000,0.30947,3.0078,3.0078,641000000,641000000,https://www.sec.gov/Archives/edgar/data/318154/000031815419000008/0000318154-19-000008-index.html,https://www.sec.gov/Archives/edgar/data/318154/000031815419000008/amgn-12312018x10kq42018.htm
0,2018-09-30,AMGN,2018-10-31 00:00:00,2018-10-30 18:53:11,Q3,5904000000,1037000000,4867000000,0.824356,926000000,1293000000,0.0,325000000,2544000000,3581000000,-229000000,501000000,2366000000,0.400745,2323000000,0.393462,325000000,2094000000,0.354675,235000000,1859000000,0.314871,2.86441,2.86441,649000000,649000000,https://www.sec.gov/Archives/edgar/data/318154/000031815418000022/0000318154-18-000022-index.html,https://www.sec.gov/Archives/edgar/data/318154/000031815418000022/amgn-2018930x10q.htm
0,2018-06-30,AMGN,2018-07-27 00:00:00,2018-07-26 18:58:06,Q2,6059000000,1024000000,5035000000,0.830995,869000000,1353000000,0.0,-19000000,2203000000,3227000000,-185000000,484000000,2946000000,0.486219,2832000000,0.467404,-19000000,2647000000,0.436871,351000000,2296000000,0.37894,3.47879,3.47879,660000000,660000000,https://www.sec.gov/Archives/edgar/data/318154/000031815418000015/0000318154-18-000015-index.html,https://www.sec.gov/Archives/edgar/data/318154/000031815418000015/amgn-2018630x10q.htm
0,2018-03-31,AMGN,2018-04-25 00:00:00,2018-04-24 19:28:44,Q1,5554000000,944000000,4610000000,0.830032,760000000,1127000000,0.0,-3000000.0,1804000000,2748000000,-187000000,471000000,2903000000,0.522686,2806000000,0.505221,-3000000.0,2619000000,0.471552,308000000,2311000000,0.416097,3.25035,3.25035,711000000,711000000,https://www.sec.gov/Archives/edgar/data/318154/000031815418000008/0000318154-18-000008-index.html,https://www.sec.gov/Archives/edgar/data/318154/000031815418000008/amgn-2018331x10q.htm
0,2017-12-31,AMGN,2018-02-13 00:00:00,2018-02-13 16:48:04,Q4,5802000000,1059000000,4743000000,0.817477,1043000000,1427000000,0.0,28000000,2498000000,3557000000,-31000000,449000000,-3468000000,-0.597725,2245000000,0.386936,28000000,2214000000,0.381593,378000000,-4264000000,-0.734919,-5.88138,-5.88138,725000000,725000000,https://www.sec.gov/Archives/edgar/data/318154/000031815418000004/0000318154-18-000004-index.html,https://www.sec.gov/Archives/edgar/data/318154/000031815418000004/amgn-12312017x10k.htm
0,2017-09-30,AMGN,2017-10-26 00:00:00,2017-10-25 20:00:14,Q3,5773000000,990000000,4783000000,0.828512,877000000,1170000000,0.0,297000000,2344000000,3334000000,-58000000,464000000,2787000000,0.482765,2439000000,0.422484,297000000,2381000000,0.412437,360000000,2021000000,0.350078,2.75716,2.75716,733000000,733000000,https://www.sec.gov/Archives/edgar/data/318154/000031815417000027/0000318154-17-000027-index.html,https://www.sec.gov/Archives/edgar/data/318154/000031815417000027/amgn-2017930x10q.htm
0,2017-06-30,AMGN,2017-07-26 00:00:00,2017-07-26 16:37:28,Q2,5810000000,1024000000,4786000000,0.823752,873000000,1209000000,0.0,6000000.0,2088000000,3112000000,-156000000,518000000,2904000000,0.499828,2698000000,0.464372,6000000.0,2542000000,0.437522,391000000,2151000000,0.370224,2.91463,2.91463,738000000,738000000,https://www.sec.gov/Archives/edgar/data/318154/000031815417000021/0000318154-17-000021-index.html,https://www.sec.gov/Archives/edgar/data/318154/000031815417000021/amgn-2017630x10q.htm
0,2017-03-31,AMGN,2017-04-27 00:00:00,2017-04-26 20:16:03,Q1,5464000000,996000000,4468000000,0.817716,769000000,1064000000,0.0,44000000,1877000000,2873000000,-131000000,524000000,2853000000,0.522145,2591000000,0.474195,44000000,2460000000,0.45022,389000000,2071000000,0.379026,2.79487,2.79487,741000000,741000000,https://www.sec.gov/Archives/edgar/data/318154/000031815417000009/0000318154-17-000009-index.html,https://www.sec.gov/Archives/edgar/data/318154/000031815417000009/amgn-2017331x10q.htm
0,2016-12-31,AMGN,2017-02-14 00:00:00,2017-02-14 16:21:05,Q4,5965000000,1067000000,4898000000,0.821123,1078000000,1323000000,0.0,123000000,2413000000,3480000000,-202000000,559000000,2640000000,0.442582,2485000000,0.416597,123000000,2283000000,0.382733,348000000,1935000000,0.324392,2.60782,2.60782,742000000,742000000,https://www.sec.gov/Archives/edgar/data/318154/000031815417000004/0000318154-17-000004-index.html,https://www.sec.gov/Archives/edgar/data/318154/000031815417000004/amgn-12312016x10k.htm
0,2016-09-30,AMGN,2016-10-28 00:00:00,2016-10-28 16:47:10,Q3,5811000000,1027000000,4784000000,0.823266,990000000,1244000000,0.0,23000000,2257000000,3284000000,-109000000,503000000,2812000000,0.48391,2527000000,0.434865,23000000,2418000000,0.416107,401000000,2017000000,0.3471,2.67862,2.67862,753000000,753000000,https://www.sec.gov/Archives/edgar/data/318154/000031815416000053/0000318154-16-000053-index.html,https://www.sec.gov/Archives/edgar/data/318154/000031815416000053/amgn-2016930x10q.htm
0,2016-06-30,AMGN,2016-07-29 00:00:00,2016-07-29 16:47:26,Q2,5688000000,1050000000,4638000000,0.815401,900000000,1292000000,0.0,-12000000,2258000000,3308000000,-176000000,522000000,2550000000,0.448312,2380000000,0.418425,-12000000,2204000000,0.387482,334000000,1870000000,0.328762,2.47354,2.47354,756000000,756000000,https://www.sec.gov/Archives/edgar/data/318154/000031815416000046/0000318154-16-000046-index.html,https://www.sec.gov/Archives/edgar/data/318154/000031815416000046/amgn-2016630x10q.htm
0,2016-03-31,AMGN,2016-05-02 00:00:00,2016-05-02 16:49:29,Q1,5527000000,1018000000,4509000000,0.815813,872000000,1203000000,0.0,5000000.0,2107000000,3125000000,-144000000,521000000,2635000000,0.47675,2402000000,0.434594,5000000.0,2258000000,0.40854,358000000,1900000000,0.343767,2.5,2.5,760000000,760000000,https://www.sec.gov/Archives/edgar/data/318154/000031815416000035/0000318154-16-000035-index.html,https://www.sec.gov/Archives/edgar/data/318154/000031815416000035/amgn-2016331x10q.htm
0,2015-12-31,AMGN,2016-02-16 00:00:00,2016-02-16 07:00:35,Q4,5536000000,1071000000,4465000000,0.806539,1093000000,1416000000,0.0,7000000.0,2432000000,3503000000,-120000000,542000000,2335000000,0.421785,2033000000,0.367233,7000000.0,1913000000,0.345556,113000000,1800000000,0.325145,2.35911,2.35911,763000000,763000000,https://www.sec.gov/Archives/edgar/data/318154/000031815416000031/0000318154-16-000031-index.html,https://www.sec.gov/Archives/edgar/data/318154/000031815416000031/amgn-12312015x10k.htm
0,2015-09-30,AMGN,2015-11-02 00:00:00,2015-11-02 06:09:19,Q3,5723000000,1034000000,4689000000,0.819326,1119000000,1244000000,0.0,-19000000,2350000000,3384000000,-147000000,523000000,2568000000,0.448716,2339000000,0.408702,-19000000,2192000000,0.383016,329000000,1863000000,0.325529,2.43848,2.43848,764000000,764000000,https://www.sec.gov/Archives/edgar/data/318154/000031815415000025/0000318154-15-000025-index.html,https://www.sec.gov/Archives/edgar/data/318154/000031815415000025/amgn-2015930x10q.htm
0,2015-06-30,AMGN,2015-08-05 00:00:00,2015-08-05 06:04:03,Q2,5370000000,1089000000,4281000000,0.797207,964000000,1160000000,0.0,81000000,2205000000,3294000000,-79000000,519000000,2437000000,0.453818,2076000000,0.386592,0.0,1997000000,0.371881,344000000,1653000000,0.307821,2.15234,2.15234,768000000,768000000,https://www.sec.gov/Archives/edgar/data/318154/000031815415000022/0000318154-15-000022-index.html,https://www.sec.gov/Archives/edgar/data/318154/000031815415000022/amgn-2015630x10q.htm
0,2015-03-31,AMGN,2015-04-27 00:00:00,2015-04-27 06:14:16,Q1,5033000000,1033000000,4000000000,0.794755,894000000,1026000000,0.0,1000000.0,1978000000,3011000000,-146000000,524000000,2254000000,0.447844,2022000000,0.401748,1000000.0,1876000000,0.37274,253000000,1623000000,0.322472,2.10779,2.10779,770000000,770000000,https://www.sec.gov/Archives/edgar/data/318154/000031815415000010/0000318154-15-000010-index.html,https://www.sec.gov/Archives/edgar/data/318154/000031815415000010/amgn-2015331x10q.htm
0,2014-12-31,AMGN,2015-02-19,2015-02-19 17:06:08,Q4,5331000000,1183000000,4148000000,0.77809,1234000000,1327000000,0.0,119000000,2689000000,3872000000,1000000.0,525000000,1812000000,0.339899,1459000000,0.273682,119000000,1286000000,0.241231,-8000000.0,1294000000,0.242731,1.674,1.674,773000000,773000000,https://www.sec.gov/Archives/edgar/data/318154/000031815415000005/amgn-12312014x10k.htm,https://www.sec.gov/Archives/edgar/data/318154/000031815415000005/amgn-12312014x10k.htm
0,2014-09-30,AMGN,2014-10-29 00:00:00,2014-10-29 16:46:52,Q3,5031000000,869000000,4162000000,0.827271,1018000000,1213000000,0.0,-64000000,2696000000,3565000000,-129000000,543000000,1751000000,0.348042,1466000000,0.291393,-64000000,1337000000,0.265752,93000000,1244000000,0.247267,1.61349,1.61349,771000000,771000000,https://www.sec.gov/Archives/edgar/data/318154/000031815414000022/0000318154-14-000022-index.html,https://www.sec.gov/Archives/edgar/data/318154/000031815414000022/amgn-2014930x10q.htm
0,2014-06-30,AMGN,2014-08-05 00:00:00,2014-08-05 16:06:09,Q2,5180000000,878000000,4302000000,0.830502,1018000000,1136000000,0.0,20000000,2400000000,3278000000,-144000000,506000000,2120000000,0.409266,1902000000,0.367181,20000000,1758000000,0.339382,211000000,1547000000,0.298649,2.01432,2.01432,768000000,768000000,https://www.sec.gov/Archives/edgar/data/318154/000031815414000017/0000318154-14-000017-index.html,https://www.sec.gov/Archives/edgar/data/318154/000031815414000017/amgn-2014630x10q.htm
0,2014-03-31,AMGN,2014-04-30 00:00:00,2014-04-30 16:18:43,Q1,4521000000,1090000000,3431000000,0.758903,1027000000,1023000000,0.0,17000000,2067000000,3157000000,-160000000,518000000,1562000000,0.345499,1364000000,0.301703,17000000,1204000000,0.266313,131000000,1073000000,0.237337,1.39714,1.39714,768000000,768000000,https://www.sec.gov/Archives/edgar/data/318154/000031815414000008/0000318154-14-000008-index.html,https://www.sec.gov/Archives/edgar/data/318154/000031815414000008/amgn-2014331x10q.htm
0,2013-12-31,AMGN,2014-02-24,2014-02-24 16:07:20,Q4,5011000000,1029000000,3982000000,0.794652,1249000000,1306000000,0.0,25000000,2795000000,3824000000,-1000000.0,444000000,1457000000,0.29076,1187000000,0.236879,25000000,1014000000,0.202355,-7000000.0,1021000000,0.203752,1.32943,1.32943,768000000,768000000,https://www.sec.gov/Archives/edgar/data/318154/000031815414000004/amgn-12312013x10k.htm,https://www.sec.gov/Archives/edgar/data/318154/000031815414000004/amgn-12312013x10k.htm
0,2013-09-30,AMGN,2013-10-29 00:00:00,2013-10-29 17:22:48,Q3,4748000000,788000000,3960000000,0.834035,989000000,1249000000,0.0,34000000,2272000000,3060000000,-185000000,288000000,1606000000,0.338248,1688000000,0.355518,34000000,1503000000,0.316554,135000000,1368000000,0.288121,1.7859,1.7859,766000000,766000000,https://www.sec.gov/Archives/edgar/data/318154/000031815413000012/0000318154-13-000012-index.html,https://www.sec.gov/Archives/edgar/data/318154/000031815413000012/amgn-2013930x10q.htm
0,2013-06-30,AMGN,2013-08-06 00:00:00,2013-08-06 17:10:01,Q2,4679000000,785000000,3894000000,0.832229,967000000,1256000000,0.0,121000000,2344000000,3129000000,-145000000,277000000,1537000000,0.328489,1550000000,0.331267,121000000,1405000000,0.300278,147000000,1258000000,0.268861,1.6466,1.6466,764000000,764000000,https://www.sec.gov/Archives/edgar/data/318154/000031815413000008/0000318154-13-000008-index.html,https://www.sec.gov/Archives/edgar/data/318154/000031815413000008/amgn-2013630x10q.htm
0,2013-03-31,AMGN,2013-05-03 00:00:00,2013-05-03 16:23:52,Q1,4238000000,744000000,3494000000,0.824445,878000000,1158000000,0.0,16000000,2052000000,2796000000,-99000000,277000000,1521000000,0.358896,1442000000,0.340255,16000000,1343000000,0.316895,-91000000,1434000000,0.338367,1.87696,1.87696,764000000,764000000,https://www.sec.gov/Archives/edgar/data/318154/000144530513001107/0001445305-13-001107-index.html,https://www.sec.gov/Archives/edgar/data/318154/000144530513001107/amgn-2013331x10q.htm
0,2012-12-31,AMGN,2013-02-27 00:00:00,2013-02-27 16:18:11,Q4,4421000000,848000000,3573000000,0.808188,938000000,1370000000,0.0,173000000,2485000000,3333000000,-165000000,273000000,1031000000,0.233205,1088000000,0.246098,0.0,923000000,0.208776,135000000,788000000,0.17824,1.03412,1.03412,762000000,762000000,https://www.sec.gov/Archives/edgar/data/318154/000144530513000364/0001445305-13-000364-index.html,https://www.sec.gov/Archives/edgar/data/318154/000144530513000364/amgn-12312012x10k.htm
0,2012-09-30,AMGN,2012-11-06 00:00:00,2012-11-06 16:47:49,Q3,4319000000,564000000,3755000000,0.869414,867000000,1317000000,0.0,-129000000,2332000000,2896000000,-160000000,287000000,1390000000,0.321834,1423000000,0.329474,0.0,1263000000,0.292429,156000000,1107000000,0.256309,1.40536,1.40536,787700000,787700000,https://www.sec.gov/Archives/edgar/data/318154/000144530512003469/0001445305-12-003469-index.html,https://www.sec.gov/Archives/edgar/data/318154/000144530512003469/amgn-2012930x10q.htm
0,2012-06-30,AMGN,2012-08-08 00:00:00,2012-08-08 17:03:20,Q2,4477000000,752000000,3725000000,0.83203,839000000,1256000000,0.0,79000000,2136000000,2888000000,-132000000,269000000,1594000000,0.356042,1589000000,0.354925,79000000,1457000000,0.325441,191000000,1266000000,0.282779,1.61274,1.61274,785000000,785000000,https://www.sec.gov/Archives/edgar/data/318154/000119312512344279/0001193125-12-344279-index.html,https://www.sec.gov/Archives/edgar/data/318154/000119312512344279/d351286d10q.htm
0,2012-03-31,AMGN,2012-05-08 00:00:00,2012-05-08 06:03:22,Q1,4048000000,750000000,3298000000,0.814723,736000000,1079000000,0.0,6000000.0,1821000000,2571000000,-111000000,259000000,1514000000,0.374012,1477000000,0.364872,6000000.0,1366000000,0.337451,182000000,1184000000,0.29249,1.48,1.48,800000000,800000000,https://www.sec.gov/Archives/edgar/data/318154/000119312512216282/0001193125-12-216282-index.html,https://www.sec.gov/Archives/edgar/data/318154/000119312512216282/d312223d10q.htm
0,2011-12-31,AMGN,2012-02-29 00:00:00,2012-02-29 06:02:52,Q4,3973000000,656000000,3317000000,0.834885,850000000,1207000000,0.0,-8000000.0,2155000000,2811000000,-111000000,261000000,1201000000,0.30229,1162000000,0.292474,0.0,1051000000,0.264536,117000000,934000000,0.235087,1.08479,1.08479,861000000,861000000,https://www.sec.gov/Archives/edgar/data/318154/000119312512086670/0001193125-12-086670-index.html,https://www.sec.gov/Archives/edgar/data/318154/000119312512086670/d241420d10k.htm
0,2011-09-30,AMGN,2011-11-04 00:00:00,2011-11-04 06:10:39,Q3,3944000000,605000000,3339000000,0.846602,759000000,1122000000,0.0,854000000,2814000000,3419000000,-71000000,265000000,648000000,0.1643,525000000,0.133114,0.0,454000000,0.115112,0.0,454000000,0.115112,0.49672,0.49672,914000000,914000000,https://www.sec.gov/Archives/edgar/data/318154/000119312511296147/0001193125-11-296147-index.html,https://www.sec.gov/Archives/edgar/data/318154/000119312511296147/d241043d10q.htm
0,2011-06-30,AMGN,2011-08-08 00:00:00,2011-08-08 14:54:26,Q2,3959000000,595000000,3364000000,0.84971,818000000,1124000000,0.0,3000000.0,2032000000,2627000000,7000000.0,261000000,1607000000,0.405911,1332000000,0.336449,0.0,1339000000,0.338217,169000000,1170000000,0.295529,1.25134,1.25134,935000000,935000000,https://www.sec.gov/Archives/edgar/data/318154/000095012311074348/0000950123-11-074348-index.html,https://www.sec.gov/Archives/edgar/data/318154/000095012311074348/v59427e10vq.htm
0,2011-03-31,AMGN,2011-05-10 00:00:00,2011-05-10 13:12:16,Q1,3706000000,564000000,3142000000,0.847814,712000000,1021000000,0.0,16000000,1849000000,2413000000,13000000,273000000,1592000000,0.429574,1293000000,0.348894,0.0,1306000000,0.352402,181000000,1125000000,0.303562,1.19554,1.19554,941000000,941000000,https://www.sec.gov/Archives/edgar/data/318154/000095012311048073/0000950123-11-048073-index.html,https://www.sec.gov/Archives/edgar/data/318154/000095012311048073/v58996e10vq.htm
0,2010-12-31,AMGN,2011-02-25,2011-02-25 16:38:48,Q4,3841000000,572000000,3269000000,0.85108,854000000,1156000000,0.0,763000000,2201000000,2773000000,-69000000,261000000,1191000000,0.310076,1068000000,0.278053,0.0,999000000,0.260089,-23000000,1022000000,0.266077,1.08034,1.08034,946000000,946000000,https://www.sec.gov/Archives/edgar/data/318154/000095012311018800/v57113e10vk.htm,https://www.sec.gov/Archives/edgar/data/318154/000095012311018800/v57113e10vk.htm
0,2010-09-30,AMGN,2010-11-08 00:00:00,2010-11-08 15:23:00,Q3,3816000000,587000000,3229000000,0.846174,719000000,957000000,0.0,0.0,1750000000,2337000000,-45000000,253000000,1642000000,0.430294,1479000000,0.387579,0.0,1434000000,0.375786,198000000,1236000000,0.323899,1.28482,1.28482,962000000,962000000,https://www.sec.gov/Archives/edgar/data/318154/000095012310102391/0000950123-10-102391-index.html,https://www.sec.gov/Archives/edgar/data/318154/000095012310102391/v57086e10vq.htm
0,2010-06-30,AMGN,2010-08-09 00:00:00,2010-08-09 13:57:15,Q2,3804000000,553000000,3251000000,0.854627,675000000,986000000,0.0,0.0,1734000000,2287000000,-53000000,251000000,1662000000,0.436909,1517000000,0.398791,0.0,1464000000,0.384858,262000000,1202000000,0.315983,1.24689,1.24689,964000000,964000000,https://www.sec.gov/Archives/edgar/data/318154/000095012310074870/0000950123-10-074870-index.html,https://www.sec.gov/Archives/edgar/data/318154/000095012310074870/v56588e10vq.htm
0,2010-03-31,AMGN,2010-05-07 00:00:00,2010-05-07 16:31:22,Q1,3592000000,508000000,3084000000,0.858575,646000000,884000000,0.0,-1000000.0,1603000000,2111000000,-61000000,252000000,1611000000,0.448497,1481000000,0.412305,0.0,1420000000,0.395323,253000000,1167000000,0.324889,1.18117,1.18117,988000000,988000000,https://www.sec.gov/Archives/edgar/data/318154/000119312510112950/0001193125-10-112950-index.html,https://www.sec.gov/Archives/edgar/data/318154/000119312510112950/d10q.htm
0,2009-12-31,AMGN,2010-03-01 00:00:00,2010-03-01 13:04:44,Q4,3809000000,538000000,3271000000,0.858756,891000000,1203000000,0.0,615000000,2148000000,2686000000,-142000000,257000000,1190000000,0.312418,1123000000,0.294828,0.0,1075000000,0.282226,144000000,931000000,0.244421,0.92087,0.92087,1011000000,1011000000,https://www.sec.gov/Archives/edgar/data/318154/000119312510044311/0001193125-10-044311-index.html,https://www.sec.gov/Archives/edgar/data/318154/000119312510044311/d10k.htm
0,2009-09-30,AMGN,2009-11-06 00:00:00,2009-11-06 17:10:11,Q3,3812000000,545000000,3267000000,0.85703,647000000,945000000,0.0,628000000,1662000000,2207000000,-139000000,272000000,1673000000,0.438877,1605000000,0.421039,0.0,1540000000,0.403987,154000000,1386000000,0.363589,1.35616,1.35616,1022000000,1022000000,https://www.sec.gov/Archives/edgar/data/318154/000119312509227739/0001193125-09-227739-index.html,https://www.sec.gov/Archives/edgar/data/318154/000119312509227739/d10q.htm
0,2009-06-30,AMGN,2009-08-10 00:00:00,2009-08-07 19:09:42,Q2,3713000000,531000000,3182000000,0.856989,693000000,927000000,0.0,653000000,1725000000,2256000000,-386000000,253000000,1224000000,0.329653,1457000000,0.392405,0.0,1357000000,0.365473,88000000,1269000000,0.341772,1.24779,1.24779,1017000000,1017000000,https://www.sec.gov/Archives/edgar/data/318154/000119312509169378/0001193125-09-169378-index.html,https://www.sec.gov/Archives/edgar/data/318154/000119312509169378/d10q.htm
0,2009-03-31,AMGN,2009-05-11 00:00:00,2009-05-11 17:09:37,Q1,3308000000,477000000,2831000000,0.855804,633000000,817000000,0.0,556000000,1510000000,1987000000,89000000,267000000,1588000000,0.480048,1321000000,0.399335,0.0,1232000000,0.37243,213000000,1019000000,0.308041,0.98264,0.98264,1037000000,1037000000,https://www.sec.gov/Archives/edgar/data/318154/000119312509107323/0001193125-09-107323-index.html,https://www.sec.gov/Archives/edgar/data/318154/000119312509107323/d10q.htm
0,2008-12-31,AMGN,2009-02-27 00:00:00,2009-02-27 16:46:53,Q4,3751000000,558000000,3193000000,0.85124,798000000,1130000000,0.0,705000000,2056000000,2614000000,335000000,274000000,1702000000,0.453746,1137000000,0.303119,0.0,1093000000,0.291389,168000000,925000000,0.246601,0.87182,0.87182,1061000000,1061000000,https://www.sec.gov/Archives/edgar/data/318154/000119312509041091/0001193125-09-041091-index.html,https://www.sec.gov/Archives/edgar/data/318154/000119312509041091/d10k.htm
0,2008-09-30,AMGN,2008-11-07 00:00:00,2008-11-07 07:16:01,Q3,3875000000,677000000,3198000000,0.82529,729000000,922000000,0.0,763000000,1715000000,2392000000,-19000000,268000000,1661000000,0.428645,1483000000,0.38271,0.0,1412000000,0.364387,291000000,1121000000,0.28929,1.05357,1.05357,1064000000,1064000000,https://www.sec.gov/Archives/edgar/data/318154/000119312508228861/0001193125-08-228861-index.html,https://www.sec.gov/Archives/edgar/data/318154/000119312508228861/d10q.htm
0,2008-06-30,AMGN,2008-08-08 00:00:00,2008-08-08 16:15:00,Q2,3764000000,515000000,3249000000,0.863177,809000000,921000000,0.0,872000000,2070000000,2585000000,22000000,265000000,1417000000,0.376461,1179000000,0.313231,0.0,1130000000,0.300213,224000000,906000000,0.240701,0.83811,0.83811,1081000000,1081000000,https://www.sec.gov/Archives/edgar/data/318154/000119312508171935/0001193125-08-171935-index.html,https://www.sec.gov/Archives/edgar/data/318154/000119312508171935/d10q.htm
0,2008-03-31,AMGN,2008-05-12 00:00:00,2008-05-09 20:21:24,Q1,3613000000,546000000,3067000000,0.848879,694000000,888000000,0.0,630000000,1652000000,2198000000,-22000000,266000000,1624000000,0.449488,1415000000,0.391641,0.0,1380000000,0.381954,280000000,1100000000,0.304456,1.00733,1.00733,1092000000,1092000000,https://www.sec.gov/Archives/edgar/data/318154/000119312508110189/0001193125-08-110189-index.html,https://www.sec.gov/Archives/edgar/data/318154/000119312508110189/d10q.htm
0,2007-12-31,AMGN,2008-02-28,2008-02-27 20:55:52,Q4,3745000000,606000000,3139000000,0.838184,822000000,1012000000,0.0,865000000,2082000000,2688000000,308000000,302000000,1668000000,0.445394,1057000000,0.282243,0.0,1058000000,0.28251,223000000,835000000,0.222964,0.76465,0.76465,1092000000,1092000000,https://www.sec.gov/Archives/edgar/data/318154/000119312508040431/d10k.htm,https://www.sec.gov/Archives/edgar/data/318154/000119312508040431/d10k.htm
0,2007-09-30,AMGN,2007-11-09 00:00:00,2007-11-09 16:48:49,Q3,3611000000,792000000,2819000000,0.78067,776000000,748000000,0.0,1712000000,2426000000,3218000000,20000000,374000000,766000000,0.21213,393000000,0.108834,0.0,372000000,0.103019,171000000,201000000,0.055663,0.1844,0.1844,1090000000,1090000000,https://www.sec.gov/Archives/edgar/data/318154/000119312507242573/0001193125-07-242573-index.html,https://www.sec.gov/Archives/edgar/data/318154/000119312507242573/d10q.htm
0,2007-06-30,AMGN,2007-08-09 00:00:00,2007-08-08 21:46:11,Q2,3728000000,558000000,3170000000,0.850322,817000000,875000000,0.0,921000000,2040000000,2598000000,-6000000.0,282000000,1413000000,0.379024,1130000000,0.303112,0.0,1137000000,0.304989,118000000,1019000000,0.273337,0.89859,0.89859,1134000000,1134000000,https://www.sec.gov/Archives/edgar/data/318154/000119312507176142/0001193125-07-176142-index.html,https://www.sec.gov/Archives/edgar/data/318154/000119312507176142/d10q.htm
0,2007-03-31,AMGN,2007-05-09 00:00:00,2007-05-09 06:32:36,Q1,3687000000,592000000,3095000000,0.839436,851000000,777000000,0.0,666000000,1695000000,2287000000,6000000.0,244000000,1644000000,0.445891,1400000000,0.379713,0.0,1394000000,0.378085,283000000,1111000000,0.301329,0.94393,0.94393,1177000000,1177000000,https://www.sec.gov/Archives/edgar/data/318154/000119312507107084/0001193125-07-107084-index.html,https://www.sec.gov/Archives/edgar/data/318154/000119312507107084/d10q.htm
0,2006-12-31,AMGN,2007-02-28,2007-02-28 16:07:05,Q4,3835000000,561000000,3274000000,0.853716,1051000000,1048000000,0.0,765000000,2285000000,2846000000,269000000,200000000,1498000000,0.390613,989000000,0.257888,0.0,1029000000,0.268318,196000000,833000000,0.21721,0.70593,0.70593,1180000000,1180000000,https://www.sec.gov/Archives/edgar/data/318154/000119312507042586/d10k.htm,https://www.sec.gov/Archives/edgar/data/318154/000119312507042586/d10k.htm
0,2006-09-30,AMGN,2006-11-09,2006-11-09 15:55:16,Q3,3612000000,489000000,3123000000,0.864618,872000000,822000000,0.0,611000000,1801000000,2290000000,-39000000,287000000,1609000000,0.44546,1322000000,0.366002,0.0,1361000000,0.3768,259000000,1102000000,0.305094,0.93548,0.93548,1178000000,1178000000,https://www.sec.gov/Archives/edgar/data/318154/000110465906073573/a06-22059_110q.htm,https://www.sec.gov/Archives/edgar/data/318154/000110465906073573/a06-22059_110q.htm
0,2006-06-30,AMGN,2006-08-09,2006-08-08 21:09:28,Q2,3604000000,493000000,3111000000,0.863208,788000000,856000000,0.0,1681000000,2816000000,3309000000,-21000000,257000000,552000000,0.153163,295000000,0.081853,0.0,316000000,0.08768,302000000,14000000,0.003885,0.01181,0.01181,1185000000,1185000000,https://www.sec.gov/Archives/edgar/data/318154/000110465906052672/a06-15779_110q.htm,https://www.sec.gov/Archives/edgar/data/318154/000110465906052672/a06-15779_110q.htm
0,2006-03-31,AMGN,2006-05-10,2006-05-09 20:46:50,Q1,3217000000,552000000,2665000000,0.828412,655000000,701000000,0.0,639000000,1431000000,1983000000,-80000000,219000000,1453000000,0.451663,1234000000,0.383587,0.0,1314000000,0.408455,313000000,1001000000,0.311159,0.82184,0.82184,1218000000,1218000000,https://www.sec.gov/Archives/edgar/data/318154/000110465906015851/a06-5805_110k.htm,https://www.sec.gov/Archives/edgar/data/318154/000110465906015851/a06-5805_110k.htm
0,2005-12-31,AMGN,2006-03-10,2006-03-10 16:58:49,Q4,3271000000,511000000,2760000000,0.843779,661000000,926000000,0.0,0.0,1659000000,2170000000,99000000,218000000,1428000000,0.436564,1101000000,0.336594,0.0,1111000000,0.339651,287000000,824000000,0.251911,0.66291,0.66291,1243000000,1243000000,https://www.sec.gov/Archives/edgar/data/318154/000110465906015851/a06-5805_110k.htm,https://www.sec.gov/Archives/edgar/data/318154/000110465906015851/a06-5805_110k.htm
0,2005-09-30,AMGN,2005-11-09,2005-11-09 16:06:25,Q3,3154000000,552000000,2602000000,0.824984,562000000,669000000,0.0,0.0,1304000000,1856000000,-4000000.0,204000000,1512000000,0.479391,1298000000,0.411541,0.0,1312000000,0.41598,345000000,967000000,0.306595,0.77422,0.77422,1249000000,1249000000,https://www.sec.gov/Archives/edgar/data/318154/000095012905010807/v13945e10vq.htm,https://www.sec.gov/Archives/edgar/data/318154/000095012905010807/v13945e10vq.htm
0,2005-06-30,AMGN,2005-08-08,2005-08-05 21:36:29,Q2,3172000000,530000000,2642000000,0.832913,567000000,661000000,0.0,0.0,1349000000,1879000000,-6000000.0,217000000,1510000000,0.47604,1293000000,0.407629,0.0,1299000000,0.409521,270000000,1029000000,0.324401,0.8232,0.8232,1250000000,1250000000,https://www.sec.gov/Archives/edgar/data/318154/000095012905007789/v11163e10vq.htm,https://www.sec.gov/Archives/edgar/data/318154/000095012905007789/v11163e10vq.htm
0,2005-03-31,AMGN,2005-05-04,2005-05-04 15:59:21,Q1,2833000000,489000000,2344000000,0.827391,524000000,592000000,0.0,576000000,1188000000,1677000000,10000000,202000000,1358000000,0.479351,1156000000,0.408048,0.0,1146000000,0.404518,292000000,854000000,0.301447,0.66202,0.66202,1290000000,1290000000,https://www.sec.gov/Archives/edgar/data/318154/000095012905002159/v06403e10vk.htm,https://www.sec.gov/Archives/edgar/data/318154/000095012905002159/v06403e10vk.htm
0,2004-12-31,AMGN,2005-03-09,2005-03-09 17:21:43,Q4,2909000000,476000000,2433000000,0.83637,617000000,816000000,0.0,557000000,1514000000,1990000000,84000000,193000000,1197000000,0.411482,919000000,0.315916,0.0,920000000,0.31626,231000000,689000000,0.236851,0.52595,0.52595,1310000000,1310000000,https://www.sec.gov/Archives/edgar/data/318154/000095012905002159/v06403e10vk.htm,https://www.sec.gov/Archives/edgar/data/318154/000095012905002159/v06403e10vk.htm
0,2004-09-30,AMGN,2004-11-09,2004-11-09 14:46:53,Q3,2713000000,447000000,2266000000,0.835238,502000000,632000000,0.0,0.0,1772000000,2219000000,-15000000,186000000,680000000,0.250645,494000000,0.182086,0.0,509000000,0.187615,273000000,236000000,0.086989,0.17879,0.17879,1320000000,1320000000,https://www.sec.gov/Archives/edgar/data/318154/000095012904008750/v03018e10vq.htm,https://www.sec.gov/Archives/edgar/data/318154/000095012904008750/v03018e10vq.htm
0,2004-06-30,AMGN,2004-08-06,2004-08-06 16:07:11,Q2,2584900000,435400000,2149500000,0.83156,467800000,591000000,0.0,0.0,1142800000.0000002,1578200000.0000002,-10000000,179000000,1185800000,0.458741,1006700000,0.389454,0.0,1016800000,0.393361,268700000,748100000,0.289412,0.56773,0.56773,1317700000,1317700000,https://www.sec.gov/Archives/edgar/data/318154/000095012904005694/v00588e10vq.htm,https://www.sec.gov/Archives/edgar/data/318154/000095012904005694/v00588e10vq.htm
0,2004-03-31,AMGN,2004-05-03,2004-05-03 16:39:45,Q1,2343000000,373200000,1969800000,0.840717,441300000,516500000,0.0,457000000,1041700000,1414900000,-21000000,176000000,1104200000,0.471276,928100000,0.396116,0.0,949200000,0.405122,259000000,690200000,0.29458,0.51797,0.51797,1332500000,1332500000,https://www.sec.gov/Archives/edgar/data/318154/000095014804000549/v96430e10vk.htm,https://www.sec.gov/Archives/edgar/data/318154/000095014804000549/v96430e10vk.htm
0,2003-12-31,AMGN,2004-03-11,2004-03-11 17:16:48,Q4,2346300000,388300000,1958000000,0.834505,502900000,626000000,0.0,0.0,1202900000,1591200000,-23000000,177000000,924100000,0.393854,755100000,0.321826,23000000,770100000,0.328219,223200000,546900000,0.23309,0.40813,0.40813,1340000000,1340000000,https://www.sec.gov/Archives/edgar/data/318154/000095014804000549/v96430e10vk.htm,https://www.sec.gov/Archives/edgar/data/318154/000095014804000549/v96430e10vk.htm
0,2003-09-30,AMGN,2003-10-30,2003-10-29 19:15:12,Q3,2207400000,340000000,1867400000,0.845973,407500000,483000000,0.0,0.0,1010599999.9999999,1350600000,8000000.0,169000000,1043200000,0.472592,856800000,0.388149,17200000,866200000,0.392407,254100000,612100000,0.277295,0.45411,0.45411,1347900000,1347900000,https://www.sec.gov/Archives/edgar/data/318154/000119312503069500/d10q.htm,https://www.sec.gov/Archives/edgar/data/318154/000119312503069500/d10q.htm
0,2003-06-30,AMGN,2003-07-30,2003-07-30 14:06:15,Q2,2041100000,329100000,1712000000,0.838763,393700000,453500000,0.0,-24000000,894900000,1224000000,9000000.0,171000000,1028700000,0.503993,817100000,0.400323,40400000,848700000,0.415805,241500000,607200000,0.297487,0.45078,0.45078,1347000000,1347000000,https://www.sec.gov/Archives/edgar/data/318154/000119312503026265/d10q.htm,https://www.sec.gov/Archives/edgar/data/318154/000119312503026265/d10q.htm
0,2003-03-31,AMGN,2003-05-02,2003-05-02 14:42:53,Q1,1761200000,283300000,1477900000,0.839144,351300000,390100000,0.0,358000000,815700000,1099000000,6000000.0,170000000,864100000,0.490631,662200000,0.375994,32800000,688100000,0.3907,194800000,493300000,0.280093,0.36543,0.36543,1349900000,1349900000,https://www.sec.gov/Archives/edgar/data/318154/000089843003001854/d10k.htm,https://www.sec.gov/Archives/edgar/data/318154/000089843003001854/d10k.htm
0,2002-12-31,AMGN,2003-03-10,2003-03-10 17:08:48,Q4,1766100000,273800000,1492300000,0.844969,367000000,500900000,0.0,-105800000,840900000.0000001,1114700000,13000000,164000000,846800000,0.479475,651400000,0.368835,31300000,669800000,0.379254,213400000,456400000,0.258423,0.33873,0.33873,1347400000,1347400000,https://www.sec.gov/Archives/edgar/data/318154/000089843003001854/d10k.htm,https://www.sec.gov/Archives/edgar/data/318154/000089843003001854/d10k.htm
0,2002-09-30,AMGN,2002-11-05 00:00:00,2002-11-05 16:37:07,Q3,1499300000,226400000,1272900000,0.848996,312600000,394900000,0.0,-35500000,3731000000,3957400000,12000000,156000000,-2278000000,-1.519376,-2458100000,-1.639498,23700000,-2446000000,-1.631428,155600000,-2601600000,-1.73521,-2.09519,-2.09519,1241700000,1241700000,https://www.sec.gov/Archives/edgar/data/318154/000089843002003918/0000898430-02-003918-index.html,https://www.sec.gov/Archives/edgar/data/318154/000089843002003918/d10q.htm
0,2002-06-30,AMGN,2002-08-13 00:00:00,2002-08-13 16:08:37,Q2,1249100000,131900000,1117200000,0.894404,233600000,320500000,0.0,0.0,552400000,684300000,-12700000,66000000,650900000,0.521095,564800000,0.452166,45500000,597600000,0.478424,185200000,412400000,0.330158,0.37532,0.37532,1098800000,1098800000,https://www.sec.gov/Archives/edgar/data/318154/000089843002003028/0000898430-02-003028-index.html,https://www.sec.gov/Archives/edgar/data/318154/000089843002003028/d10q.htm
0,2002-03-31,AMGN,2002-04-29 00:00:00,2002-04-26 18:11:05,Q1,1008500000,103600000,904900000,0.897273,203400000,245800000,0.0,0.0,447500000,551100000,-7000000.0,61000000,548100000,0.54348,457400000,0.453545,43700000,494100000,0.489936,153200000,340900000,0.338027,0.31402,0.31402,1085600000,1085600000,https://www.sec.gov/Archives/edgar/data/318154/000089843002001629/0000898430-02-001629-index.html,https://www.sec.gov/Archives/edgar/data/318154/000089843002001629/d10q.txt
0,2001-12-31,AMGN,2002-02-26 00:00:00,2002-02-26 00:00:00,Q4,1124300000,152500000,971800000,0.86436,232600000,326200000,0.0,203100000,762700000,915200000,-3400000.0,71000000,308800000,0.27466,209100000,0.185982,35500000,241200000,0.214533,78200000,163000000,0.144979,0.1508,0.1508,1080900000,1080900000,https://www.sec.gov/Archives/edgar/data/318154/000089843002000744/0000898430-02-000744-index.html,https://www.sec.gov/Archives/edgar/data/318154/000089843002000744/d10k.txt
0,2001-09-30,AMGN,2001-10-26 00:00:00,2001-10-26 00:00:00,Q3,1003100000,102700000,900400000,0.897617,216900000,221800000,0.0,0.0,444200000,546900000,-2300000.0,69000000,565000000,0.563254,456200000,0.45479,44400000,498300000,0.49676,168400000,329900000,0.32888,0.30417,0.30417,1084600000,1084600000,https://www.sec.gov/Archives/edgar/data/318154/000102140801508839/0001021408-01-508839-index.html,https://www.sec.gov/Archives/edgar/data/318154/000102140801508839/d10q.txt
0,2001-06-30,AMGN,2001-07-27 00:00:00,2001-07-27 00:00:00,Q2,986700000,98400000,888300000,0.900274,208800000,226500000,0.0,0.0,438900000,537300000,-3600000.0,66000000,547900000,0.555285,449400000,0.455458,39700000,485500000,0.492044,163600000,321900000,0.326239,0.29665,0.29665,1085100000,1085100000,https://www.sec.gov/Archives/edgar/data/318154/000089843001501477/0000898430-01-501477-index.html,https://www.sec.gov/Archives/edgar/data/318154/000089843001501477/d10q.txt
0,2001-03-31,AMGN,2001-05-14 00:00:00,2001-05-14 00:00:00,Q1,901600000,89400000,812200000,0.900843,206700000,196200000,0.0,0.0,395700000.00000006,485100000.00000006,-4300000.0,60000000,517000000,0.573425,416500000,0.461957,49100000,461300000,0.511646,156400000,304900000,0.338177,0.2807,0.2807,1086200000,1086200000,https://www.sec.gov/Archives/edgar/data/318154/000089843001500500/0000898430-01-500500-index.html,https://www.sec.gov/Archives/edgar/data/318154/000089843001500500/d10q.txt
0,2000-12-31,AMGN,2001-03-07 00:00:00,2001-03-07 00:00:00,Q4,951400000,111500000,839900000,0.882804,249500000,249200000,0.0,25000000,551600000,663100000,157900000,56000000,533900000,0.561173,288300000,0.303027,-126200000,320000000,0.336346,109200000,210800000,0.221568,0.19455,0.19455,1083500000,1083500000,https://www.sec.gov/Archives/edgar/data/318154/000089843001000873/0000898430-01-000873-index.html,https://www.sec.gov/Archives/edgar/data/318154/000089843001000873/0000898430-01-000873-0001.txt
0,2000-09-30,AMGN,2000-11-14 00:00:00,2000-11-14 00:00:00,Q3,949500000,109500000,840000000,0.884676,202900000,202900000,0.0,-73900000,336700000,446200000,-4100000.0,52000000,577800000,0.608531,503300000,0.530068,30700000,529900000,0.558083,171000000,358900000,0.377988,0.3306,0.3306,1085600000,1085600000,https://www.sec.gov/Archives/edgar/data/318154/000089843000003404/0000898430-00-003404-index.html,https://www.sec.gov/Archives/edgar/data/318154/000089843000003404/0000898430-00-003404-0001.txt
0,2000-06-30,AMGN,2000-08-01 00:00:00,2000-08-01 00:00:00,Q2,914400000,101700000,812700000,0.88878,202800000,205100000,0.0,0.0,412800000,514500000,-3400000.0,53000000,489300000,0.535105,399900000,0.437336,43200000,439700000,0.480862,137100000,302600000,0.330927,0.27933,0.27933,1083300000,1083300000,https://www.sec.gov/Archives/edgar/data/318154/000089843000002201/0000898430-00-002201-index.html,https://www.sec.gov/Archives/edgar/data/318154/000089843000002201/0000898430-00-002201-0001.txt
0,2000-03-31,AMGN,2000-04-27 00:00:00,2000-04-27 00:00:00,Q1,814100000,85700000,728400000,0.89473,189800000,169700000,0.0,0.0,375900000.00000006,461600000.00000006,-4200000.0,51000000,431500000,0.530033,352500000,0.432993,36400000,384700000,0.472546,118500000,266200000,0.326987,0.24519,0.24519,1085700000,1085700000,https://www.sec.gov/Archives/edgar/data/318154/000089843000001375/0000898430-00-001375-index.html,https://www.sec.gov/Archives/edgar/data/318154/0000898430-00-001375.txt
0,1999-12-31,AMGN,,,Q4,926900000,112000000,814900000,0.879167,242300000,204300000,0.0,0.0,448100000,560100000,-4800000.0,48000000,428500000,0.462294,366800000,0.395728,23300000,385300000,0.415687,103700000,281600000,0.303808,0.26079,0.26079,1079800000,1079800000,,
0,1999-09-30,AMGN,1999-11-10 00:00:00,1999-11-10 00:00:00,Q3,847200000,98900000,748300000,0.883263,198400000,159900000,0.0,-49000000,312600000,411500000,-4900000.0,40000000,487900000,0.575897,435700000,0.514282,22000000,452800000,0.534466,152800000,300000000,0.354108,0.27809,0.27809,1078800000,1078800000,https://www.sec.gov/Archives/edgar/data/318154/000089843099004154/0000898430-99-004154-index.html,https://www.sec.gov/Archives/edgar/data/318154/0000898430-99-004154.txt
0,1999-06-30,AMGN,1999-08-03 00:00:00,1999-08-03 00:00:00,Q2,820500000,98800000,721700000,0.879586,194100000,157200000,0.0,0.0,360500000,459300000,-3300000.0,45000000,424100000,0.51688,361200000,0.440219,24500000,382400000,0.466057,114800000,267600000,0.326143,0.24921,0.24921,1073800000,1073800000,https://www.sec.gov/Archives/edgar/data/318154/000089843099003073/0000898430-99-003073-index.html,https://www.sec.gov/Archives/edgar/data/318154/0000898430-99-003073.txt
0,1999-03-31,AMGN,1999-05-05 00:00:00,1999-05-05 00:00:00,Q1,745500000,92400000,653100000,0.876056,188000000,132900000,0.0,0.0,323700000.00000006,416100000.00000006,-2200000.0,44000000,387500000,0.519785,329400000,0.441851,18500000,345700000,0.463716,98500000,247200000,0.33159,0.22872,0.22872,1080800000,1080800000,https://www.sec.gov/Archives/edgar/data/318154/000089843099001869/0000898430-99-001869-index.html,https://www.sec.gov/Archives/edgar/data/318154/0000898430-99-001869.txt
0,1998-12-31,AMGN,,,Q4,755000000,95100000,659900000,0.87404,192400000,146100000,0.0,-23000000,323400000,418500000,-1300000.0,36000000,360400000,0.477351,336500000,0.445695,-9500000.0,325700000,0.431391,87100000,238600000,0.316026,0.22442,0.22442,1063200000,1063200000,,
0,1998-09-30,AMGN,1998-11-16 00:00:00,1998-11-16 00:00:00,Q3,700900000,87200000,613700000,0.875589,166000000,134200000,0.0,0.0,304500000,391700000,-3200000.0,35000000,353900000,0.504922,309200000,0.441147,16100000,322100000,0.459552,101100000,221000000,0.315309,0.20849,0.20849,1060000000,1060000000,https://www.sec.gov/Archives/edgar/data/318154/000089843098004039/0000898430-98-004039-index.html,https://www.sec.gov/Archives/edgar/data/318154/0000898430-98-004039.txt
0,1998-06-30,AMGN,1998-08-14 00:00:00,1998-08-14 00:00:00,Q2,656900000,83900000,573000000,0.872279,152400000,122000000,0.0,0.0,284600000,368500000,-3300000.0,37000000,342700000,0.521693,288400000,0.439032,23900000,309000000,0.470391,92700000,216300000,0.329274,0.206,0.206,1050000000,1050000000,https://www.sec.gov/Archives/edgar/data/318154/000089843098002980/0000898430-98-002980-index.html,https://www.sec.gov/Archives/edgar/data/318154/0000898430-98-002980.txt
0,1998-03-31,AMGN,1998-05-13 00:00:00,1998-05-13 00:00:00,Q1,605400000,79000000,526400000,0.869508,152500000,113100000,0.0,0.0,271800000,350800000,-2200000.0,36000000,301400000,0.497853,254600000,0.420548,15200000,267600000,0.442022,80300000,187300000,0.309382,0.1773,0.1773,1056400000,1056400000,https://www.sec.gov/Archives/edgar/data/318154/000031815498000005/0000318154-98-000005-index.html,https://www.sec.gov/Archives/edgar/data/318154/0000318154-98-000005.txt
0,1997-12-31,AMGN,1998-03-24 00:00:00,1998-03-24 00:00:00,Q4,606700000,77700000,529000000,0.87193,165100000,126400000,0.0,0.0,302900000.00000006,380600000.00000006,-2900000.0,21000000,262500000,0.432669,226100000,0.372672,21200000,244400000,0.402835,64700000,179700000,0.296193,0.16688,0.16688,1076800000,1076800000,https://www.sec.gov/Archives/edgar/data/318154/000031815498000003/0000318154-98-000003-index.html,https://www.sec.gov/Archives/edgar/data/318154/0000318154-98-000003.txt
0,1997-09-30,AMGN,1997-11-12 00:00:00,1997-11-12 00:00:00,Q3,598300000,74300000,524000000,0.875815,172600000,119400000,0.0,157000000,453099999.99999994,527399999.99999994,-100000.0,31000000,119200000,0.199231,70900000,0.118502,17500000,88300000,0.147585,4500000.0,83800000,0.140064,0.07649,0.07649,1095600000,1095600000,https://www.sec.gov/Archives/edgar/data/318154/000031815497000019/0000318154-97-000019-index.html,https://www.sec.gov/Archives/edgar/data/318154/0000318154-97-000019.txt
0,1997-06-30,AMGN,1997-08-12 00:00:00,1997-08-12 00:00:00,Q2,620500000,76800000,543700000,0.876229,145400000,125500000,0.0,0.0,283000000,359800000,-400000.0,29000000,306900000,0.494601,260700000,0.420145,18000000,278300000,0.448509,77800000,200500000,0.323127,0.18063,0.18063,1110000000,1110000000,https://www.sec.gov/Archives/edgar/data/318154/000031815497000016/0000318154-97-000016-index.html,https://www.sec.gov/Archives/edgar/data/318154/0000318154-97-000016.txt
0,1997-03-31,AMGN,1997-05-14 00:00:00,1997-05-14 00:00:00,Q1,575500000,72000000,503500000,0.874891,147700000,112500000,0.0,0.0,268700000,340700000,-300000.0,36000000,286100000,0.497133,234800000,0.407993,15900000,250400000,0.4351,70100000,180300000,0.313293,0.16208,0.16208,1112400000,1112400000,https://www.sec.gov/Archives/edgar/data/318154/000031815497000008/0000318154-97-000008-index.html,https://www.sec.gov/Archives/edgar/data/318154/0000318154-97-000008.txt
0,1996-12-31,AMGN,1997-03-24 00:00:00,1997-03-24 00:00:00,Q4,593500000,74900000,518600000,0.873799,143700000,129000000,0.0,0.0,286000000,360900000,-1000000.0,20000000,266200000,0.448526,232600000,0.391912,15600000,247200000,0.416512,69200000,178000000,0.299916,0.15842,0.15842,1123600000,1123600000,https://www.sec.gov/Archives/edgar/data/318154/000031815497000005/0000318154-97-000005-index.html,https://www.sec.gov/Archives/edgar/data/318154/0000318154-97-000005.txt
0,1996-09-30,AMGN,1996-11-05 00:00:00,1996-11-05 00:00:00,Q3,567000000,73100000,493900000,0.871076,130400000,118500000,0.0,0.0,260200000.00000006,333300000.00000006,-1200000.0,25000000,273100000,0.481658,233700000,0.412169,16800000,249300000,0.439683,69800000,179500000,0.316578,0.15975,0.15975,1123600000,1123600000,https://www.sec.gov/Archives/edgar/data/318154/000031815496000013/0000318154-96-000013-index.html,https://www.sec.gov/Archives/edgar/data/318154/0000318154-96-000013.txt
0,1996-06-30,AMGN,1996-08-12 00:00:00,1996-08-12 00:00:00,Q2,571400000,68300000,503100000,0.880469,123600000,116300000,0.0,0.0,254800000,323100000,-1700000.0,27000000,284100000,0.4972,248300000,0.434547,12200000,258800000,0.452923,80100000,178700000,0.312741,0.15904,0.15904,1123600000,1123600000,https://www.sec.gov/Archives/edgar/data/318154/000031815496000010/0000318154-96-000010-index.html,https://www.sec.gov/Archives/edgar/data/318154/0000318154-96-000010.txt
0,1996-03-31,AMGN,1996-05-15 00:00:00,1996-05-15 00:00:00,Q1,507900000,66900000,441000000,0.868281,130600000,106800000,0.0,0.0,250700000.00000003,317600000,-2300000.0,28000000,232700000,0.458161,190300000,0.37468,19000000,207000000,0.407561,63400000,143600000,0.282733,0.1278,0.1278,1123600000,1123600000,https://www.sec.gov/Archives/edgar/data/318154/000031815496000007/0000318154-96-000007-index.html,https://www.sec.gov/Archives/edgar/data/318154/0000318154-96-000007.txt
0,1995-12-31,AMGN,1996-03-29 00:00:00,1996-03-29 00:00:00,Q4,513500000,65800000,447700000,0.87186,124000000,113900000,0.0,0.0,249899999.99999997,315700000,-4200000.0,20000000,228900000,0.445764,197800000,0.3852,19400000,213100000,0.414995,67500000,145600000,0.283544,0.12237,0.12237,1189800000,1189800000,https://www.sec.gov/Archives/edgar/data/318154/000031815496000002/0000318154-96-000002-index.html,https://www.sec.gov/Archives/edgar/data/318154/0000318154-96-000002.txt
0,1995-09-30,AMGN,1995-11-13 00:00:00,1995-11-13 00:00:00,Q3,493300000,64100000,429200000,0.870059,105500000,106700000,0.0,0.0,227400000,291500000,-3600000.0,22000000,232000000,0.470302,201800000,0.409082,15400000,213600000,0.433002,67800000,145800000,0.295561,0.12871,0.12871,1132800000,1132800000,https://www.sec.gov/Archives/edgar/data/318154/000031815495000030/0000318154-95-000030-index.html,https://www.sec.gov/Archives/edgar/data/318154/0000318154-95-000030.txt
0,1995-06-30,AMGN,1995-08-11 00:00:00,1995-08-11 00:00:00,Q2,493700000,76400000,417300000,0.84525,108400000,104400000,0.0,0.0,226100000,302500000,-3800000.0,22000000,224000000,0.453717,191200000,0.38728,18400000,205800000,0.416852,68100000,137700000,0.278914,0.12281,0.12281,1121200000,1121200000,https://www.sec.gov/Archives/edgar/data/318154/000031815495000022/0000318154-95-000022-index.html,https://www.sec.gov/Archives/edgar/data/318154/0000318154-95-000022.txt
0,1995-03-31,AMGN,1995-05-15 00:00:00,1995-05-15 00:00:00,Q1,439400000,66600000,372800000,0.84843,113900000,93400000,0.0,0.0,219900000,286500000,-3800000.0,20000000,178100000,0.405325,152800000,0.347747,12900000,161900000,0.368457,53300000,108600000,0.247155,0.09688,0.09688,1121000000,1121000000,https://www.sec.gov/Archives/edgar/data/318154/000031815495000013/0000318154-95-000013-index.html,https://www.sec.gov/Archives/edgar/data/318154/0000318154-95-000013.txt
0,1994-12-31,AMGN,1995-03-30 00:00:00,1995-03-30 00:00:00,Q4,442900000,61300000,381500000,0.861368,88100000,87500000,0.0,0.0,291900000,353200000,-3200000.0,20000000,95900000,0.216527,89600000,0.202303,-7300000.0,79100000,0.178596,74300000,4800000.0,0.010838,0.00417,0.00417,1150900000,1150900000,https://www.sec.gov/Archives/edgar/data/318154/000031815495000008/0000318154-95-000008-index.html,https://www.sec.gov/Archives/edgar/data/318154/0000318154-95-000008.txt
0,1994-09-30,AMGN,1994-11-10 00:00:00,1994-11-10 00:00:00,Q3,426400000,59100000,367200000,0.861163,81600000,93800000,0.0,0.0,175400000,234500000,-3400000.0,18000000,200100000,0.469278,191800000,0.449812,-3000000.0,185400000,0.434803,71500000,114000000,0.267355,0.10213,0.10213,1116200000,1116200000,https://www.sec.gov/Archives/edgar/data/318154/000031815494000031/0000318154-94-000031-index.html,https://www.sec.gov/Archives/edgar/data/318154/0000318154-94-000031.txt
0,1994-06-30,AMGN,1994-08-10 00:00:00,1994-08-10 00:00:00,Q2,414700000,64400000,350300000,0.844707,80200000,89800000,0.0,0.0,178600000,243000000,-2700000.0,19000000,189000000,0.455751,171700000,0.414034,3700000.0,172600000,0.416204,65200000,107500000,0.259224,0.09624,0.09624,1117000000,1117000000,https://www.sec.gov/Archives/edgar/data/318154/000031815494000020/0000318154-94-000020-index.html,https://www.sec.gov/Archives/edgar/data/318154/0000318154-94-000020.txt
