,date,symbol,fillingDate,acceptedDate,period,revenue,costOfRevenue,grossProfit,grossProfitRatio,researchAndDevelopmentExpenses,generalAndAdministrativeExpenses,sellingAndMarketingExpenses,otherExpenses,operatingExpenses,costAndExpenses,interestExpense,depreciationAndAmortization,ebitda,ebitdaratio,operatingIncome,operatingIncomeRatio,totalOtherIncomeExpensesNet,incomeBeforeTax,incomeBeforeTaxRatio,incomeTaxExpense,netIncome,netIncomeRatio,eps,epsdiluted,weightedAverageShsOut,weightedAverageShsOutDil,link,finalLink
0,2020-09-30,TTNP,2020-11-16,2020-11-16 08:50:40,Q3,1120000.0,683000.0,437000.0,0.39017857142857143,1562000.0,3549000.0,0.0,683000.0,5794000.0,6477000.0,246000.0,99000.0,-4575000.0,-4.084821428571429,-4674000.0,-4.173214285714286,-12000.0,0.0,0.0,0.0,0.0,0.0,-0.05,-0.05,94930000,94930000,https://www.sec.gov/Archives/edgar/data/910267/000110465920125466/0001104659-20-125466-index.htm,https://www.sec.gov/Archives/edgar/data/910267/000110465920125466/tm2029565d1_10q.htm
0,2020-06-30,TTNP,2020-08-14,2020-08-14 08:45:44,Q2,1325000.0,228000.0,1097000.0,0.8279245283018868,2007000.0,3474000.0,0.0,-250000.0,5481000.0,5709000.0,-250000.0,66000.0,-4825000.0,-3.641509,-4384000.0,-3.308679,-7000.0,-4641000.0,-3.502642,0.0,-4641000.0,-3.502642,-0.04889,-0.04889,94930000,94930000,https://www.sec.gov/Archives/edgar/data/910267/000110465920095091/0001104659-20-095091-index.htm,https://www.sec.gov/Archives/edgar/data/910267/000110465920095091/tm2020468d1_10q.htm
0,2020-03-31,TTNP,2020-05-15,2020-05-15 08:46:12,Q1,1336000.0,171000.0,1165000.0,0.8720059880239521,2277000.0,3114000.0,0.0,171000.0,5391000.0,5562000.0,222000.0,62000.0,-5300000.0,-3.967066,-4226000.0,-3.163174,-213000.0,-5584000.0,-4.179641,0.0,-5584000.0,-4.179641,-0.06757,-0.06757,82641000,82641000,https://www.sec.gov/Archives/edgar/data/910267/000110465920062136/0001104659-20-062136-index.htm,https://www.sec.gov/Archives/edgar/data/910267/000110465920040354/tm205305-1_10k.htm
0,2019-12-31,TTNP,2020-03-30,2020-03-30 16:07:15,Q4,1217000.0,550000.0,667000.0,0.5480690221857025,1872000.0,2589000.0,0.0,550000.0,4461000.0,5011000.0,-186000.0,57999.99999999999,-4069000.0,-3.343468,-3794000.0,-3.117502,39000.0,-3941000.0,-3.238291,0.0,-3941000.0,-3.238291,-0.07963,-0.07963,49492000,49492000,https://www.sec.gov/Archives/edgar/data/910267/000110465920040354/0001104659-20-040354-index.htm,https://www.sec.gov/Archives/edgar/data/910267/000110465920040354/tm205305-1_10k.htm
0,2019-09-30,TTNP,2019-11-14,2019-11-14 16:06:17,Q3,947000.0,188000.0,759000.0,0.8014783526927138,1619000.0,3023000.0,0.0,188000.0,4351000.0,4539000.0,803000.0,63000.0,-1937000.0,-2.045407,-3592000.0,-3.793031,-14000.0,-2803000.0,-2.959873,0.0,-2803000.0,-2.959873,-0.18064,-0.18064,15517000,15517000,https://www.sec.gov/Archives/edgar/data/910267/000110465919064166/0001104659-19-064166-index.htm,https://www.sec.gov/Archives/edgar/data/910267/000110465919064166/tm1919620d1_10q.htm
0,2019-06-30,TTNP,2019-08-14,2019-08-14 16:06:46,Q2,502000.0,246000.0,256000.0,0.5099601593625498,1907000.0,3231000.0,0.0,246000.0,5202999.999999999,5448999.999999999,-253000.0,63000.0,-5387000.0,-10.731076,-4947000.0,-9.854582,3000.0,-5197000.0,-10.35259,0.0,-5197000.0,-10.35259,-0.38281,-0.38281,13576000,13576000,https://www.sec.gov/Archives/edgar/data/910267/000114420419040066/0001144204-19-040066-index.htm,https://www.sec.gov/Archives/edgar/data/910267/000114420419040066/tv526706_10q.htm
0,2019-03-31,TTNP,2019-05-15,2019-04-01 16:37:08,Q1,945000.0,304000.0,641000.0,0.6783068783068783,1844000.0,3082000.0,0.0,304000.0,4926000.0,5230000.0,-246000.0,60000.0,-4703000.0,-4.97672,-4285000.0,-4.534392,14000.0,-4517000.0,-4.779894,0.0,-4517000.0,-4.779894,-0.34176,-0.34176,13217000,13217000,https://www.sec.gov/Archives/edgar/data/910267/000114420419026546/0001144204-19-026546-index.htm,https://www.sec.gov/Archives/edgar/data/910267/000114420419017459/tv516475_10k.htm
0,2018-12-31,TTNP,2019-04-01,2019-04-01 16:37:08,Q4,1237000.0,290000.0,947000.0,0.7655618431689571,1855000.0,2358000.0,0.0,290000.0,4213000.0,4503000.0,-894000.0,42999.99999999998,-4355000.0,-3.520614,-3266000.0,-2.640259,656000.0,-3504000.0,-2.83266,0.0,-3504000.0,-2.83266,-0.62,-0.62,5651610.0,5651610.0,https://www.sec.gov/Archives/edgar/data/910267/000114420419017459/0001144204-19-017459-index.htm,https://www.sec.gov/Archives/edgar/data/910267/000114420419017459/tv516475_10k.htm
0,2018-09-30,TTNP,2018-11-14,2018-11-14 16:03:19,Q3,1650000.0,178000.0,1472000.0,0.8921212121212121,1910000.0,1514000.0,0.0,178000.0,3424000.0,3602000.0,141000.0,117000.00000000001,-1787000.0,-1.08303,-1952000.0,-1.18303,-234000.0,-2045000.0,-1.239394,0.0,-2045000.0,-1.239394,-0.56021,-0.56021,3650410.0,3650410.0,https://www.sec.gov/Archives/edgar/data/910267/000114420418059914/0001144204-18-059914-index.htm,https://www.sec.gov/Archives/edgar/data/910267/000114420418059914/tv506160_10q.htm
0,2018-06-30,TTNP,2018-08-14,2018-08-14 16:11:56,Q2,2670000.0,70000.0,2600000.0,0.9737827715355806,1860000.0,1380000.0,0.0,70000.0,3240000.0,3310000.0,0.0,110000.0,-760000.0,-0.284644,-640000.0,-0.2397,-230000.0,-870000.0,-0.325843,0.0,-870000.0,-0.325843,-0.24646,-0.24646,3530000.0,3530000.0,https://www.sec.gov/Archives/edgar/data/910267/000114420418044671/0001144204-18-044671-index.htm,https://www.sec.gov/Archives/edgar/data/910267/000114420418044671/tv499850_10q.htm
0,2018-03-31,TTNP,2018-05-15,2018-04-02 11:01:18,Q1,1060000.0,0.0,1060000.0,1.0,1860000.0,1620000.0,0.0,-198000.0,3470000.0,3470000.0,0.0,110000.0,-2500000.0,-2.358491,-2410000.0,-2.273585,-200000.0,-2610000.0,-2.462264,0.0,-2610000.0,-2.462264,-0.73938,-0.73938,3530000.0,3530000.0,https://www.sec.gov/Archives/edgar/data/910267/000114420418028837/0001144204-18-028837-index.htm,https://www.sec.gov/Archives/edgar/data/910267/000114420418018448/tv488958_10k.htm
0,2017-12-31,TTNP,2018-04-02,2018-04-02 11:01:18,Q4,60000.0,0.0,60000.0,1.0,2310000.0,1130000.0,0.0,78000.0,3430000.0,3430000.0,-360000.0,109999.99999999999,-3910000.0,-65.166667,-3370000.0,-56.166667,80000.0,-3660000.0,-61.0,0.0,-3660000.0,-61.0,-1.03683,-1.03683,3530000.0,3530000.0,https://www.sec.gov/Archives/edgar/data/910267/000114420418018448/0001144204-18-018448-index.htm,https://www.sec.gov/Archives/edgar/data/910267/000114420418018448/tv488958_10k.htm
0,2017-09-30,TTNP,2017-11-09,2017-11-09 09:53:08,Q3,40000.0,0.0,40000.0,1.0,2710000.0,1400000.0,0.0,-123000.0,4110000.0,4110000.0,0.0,109999.99999999999,-4080000.0,-102.0,-4070000.0,-101.75,-120000.0,-4190000.0,-104.75,0.0,-4190000.0,-104.75,-1.18697,-1.18697,3530000.0,3530000.0,https://www.sec.gov/Archives/edgar/data/910267/000114420417057514/0001144204-17-057514-index.htm,https://www.sec.gov/Archives/edgar/data/910267/000114420417057514/tv477959_10q.htm
0,2017-06-30,TTNP,2017-08-09,2017-08-09 09:05:32,Q2,80000.0,0.0,80000.0,1.0,2500000.0,1200000.0,0.0,-20000.0,3700000.0,3700000.0,190000.0,100000.0,-3160000.0,-39.5,-3620000.0,-45.25,-20000.0,-3450000.0,-43.125,0.0,-3450000.0,-43.125,-0.97734,-0.97734,3530000.0,3530000.0,https://www.sec.gov/Archives/edgar/data/910267/000114420417041432/0001144204-17-041432-index.htm,https://www.sec.gov/Archives/edgar/data/910267/000114420417041432/v471649_10q.htm
0,2017-03-31,TTNP,2017-05-10,2017-05-10 08:02:40,Q1,40000.0,0.0,40000.0,1.0,2130000.0,1350000.0,0.0,10000.0,3480000.0,3480000.0,420000.0,100000.0,-2490000.0,-62.25,-3440000.0,-86.0,10000.0,-3010000.0,-75.25,0.0,-3010000.0,-75.25,-0.85269,-0.85269,3530000.0,3530000.0,https://www.sec.gov/Archives/edgar/data/910267/000114420417025807/0001144204-17-025807-index.htm,https://www.sec.gov/Archives/edgar/data/910267/000114420417014986/v461168_10k.htm
0,2016-12-31,TTNP,2017-03-16,2017-03-16 11:46:11,Q4,40000.0,0.0,40000.0,1.0,2090000.0,1200000.0,0.0,-46000.0,3290000.0,3290000.0,970000.0,99999.99999999999,-1260000.0,-31.5,-3250000.0,-81.25,-50000.0,-2330000.0,-58.25,0.0,-2330000.0,-58.25,-0.66006,-0.66006,3530000.0,3530000.0,https://www.sec.gov/Archives/edgar/data/910267/000114420417014986/0001144204-17-014986-index.htm,https://www.sec.gov/Archives/edgar/data/910267/000114420417014986/v461168_10k.htm
0,2016-09-30,TTNP,2016-11-09,2016-11-09 08:40:11,Q3,30000.0,0.0,30000.0,1.0,1590000.0,1050000.0,0.0,1000.0,2640000.0,2640000.0,-10000.0,90000.00000000001,-2540000.0,-84.666667,-2620000.0,-87.333333,-24.0,-2620000.0,-87.333333,0.0,-2620000.0,-87.333333,-0.74221,-0.74221,3530000.0,3530000.0,https://www.sec.gov/Archives/edgar/data/910267/000114420416132571/0001144204-16-132571-index.htm,https://www.sec.gov/Archives/edgar/data/910267/000114420416132571/v451688_10q.htm
0,2016-06-30,TTNP,2016-08-09,2016-08-09 11:59:29,Q2,15000000,0.0,15000000,1.0,1750000.0,1210000.0,0.0,-6000.0,2960000.0,2960000.0,-110000.0,100000.0,11920000,0.794667,12040000,0.802667,-10000.0,11930000,0.795333,0.0,11930000,0.795333,3.26849,3.26849,3650000.0,3650000.0,https://www.sec.gov/Archives/edgar/data/910267/000114420416117543/0001144204-16-117543-index.htm,https://www.sec.gov/Archives/edgar/data/910267/000114420416117543/v445267_10q.htm
0,2016-03-31,TTNP,2016-05-10,2016-05-10 13:41:35,Q1,0.0,0.0,0.0,0.0,700000.0,1130000.0,0.0,-19000.0,1830000.0,1830000.0,0.0,90000.0,-1760000.0,0.0,-1830000.0,0.0,-20000.0,-1850000.0,0.0,0.0,-1850000.0,0.0,-0.55389,-0.55389,3340000.0,3340000.0,https://www.sec.gov/Archives/edgar/data/910267/000114420416100320/0001144204-16-100320-index.htm,https://www.sec.gov/Archives/edgar/data/910267/000114420416088046/v432940_10k.htm
0,2015-12-31,TTNP,2016-03-15,2016-03-15 11:17:01,Q4,1671000.0,0.0,1671000.0,1.0,1140000.0,1120000.0,0.0,-4520000.0,2250000.0,2250000.0,-50000.0,89999.99999999997,-2250000.0,0.05565529622980251,-2250000.0,0.0,-4520000.0,-2290000.0,0.0,0.0,-2290000.0,0.0,-0.68563,-0.68563,3340000.0,3340000.0,https://www.sec.gov/Archives/edgar/data/910267/000114420416088046/0001144204-16-088046-index.htm,https://www.sec.gov/Archives/edgar/data/910267/000114420416088046/v432940_10k.htm
0,2015-09-30,TTNP,2015-11-16,2015-11-16 14:03:46,Q3,1671.0,0.0,1671.0,1.0,1010000.0,790000.0,0.0,-10000.0,1800000.0,1800000.0,0.0,90000.00000000001,-1720000.0,-2.6457211250748056,-1800000.0,-2.6983842010771992,-4476.0,-1810000.0,0.0,0.0,-1810000.0,0.0,-0.54192,-0.54192,3340000.0,3340000.0,https://www.sec.gov/Archives/edgar/data/910267/000114420415065794/0001144204-15-065794-index.htm,https://www.sec.gov/Archives/edgar/data/910267/000114420415065794/v423500_10q.htm
0,2015-06-30,TTNP,2015-08-13,2015-08-13 16:57:39,Q2,760000.0,0.0,760000.0,1.0,1100000.0,750000.0,0.0,-4000.0,1850000.0,1850000.0,-1190000.0,90000.0,-3380000.0,-4.447368,-1090000.0,-1.434211,0.0,-2280000.0,-3.0,0.0,-2280000.0,-3.0,-0.6806,-0.6806,3350000.0,3350000.0,https://www.sec.gov/Archives/edgar/data/910267/000114420415049078/0001144204-15-049078-index.htm,https://www.sec.gov/Archives/edgar/data/910267/000114420415049078/v417050_10q.htm
0,2015-03-31,TTNP,2015-05-13,2015-05-13 14:43:04,Q1,910000.0,0.0,910000.0,1.0,1430000.0,1100000.0,0.0,-3000.0,2530000.0,2530000.0,-3280000.0,90000.0,-8090000.0,-8.89011,-1620000.0,-1.78022,0.0,-4900000.0,-5.384615,0.0,-4900000.0,-5.384615,-1.46707,-1.46707,3340000.0,3340000.0,https://www.sec.gov/Archives/edgar/data/910267/000114420415030079/0001144204-15-030079-index.htm,https://www.sec.gov/Archives/edgar/data/910267/000114420415019881/v404713_10k.htm
0,2014-12-31,TTNP,2015-03-31,2015-03-31 12:37:18,Q4,910000.0,0.0,910000.0,1.0,1600000.0,570000.0,0.0,1093000.0,2170000.0,2170000.0,770000.0,79999.99999999996,379999.99999999994,0.417582,-1250000.0,-1.373626,10000.0,-470000.0,-0.516484,0.0,-470000.0,-0.516484,-0.14329,-0.14329,3280000.0,3280000.0,https://www.sec.gov/Archives/edgar/data/910267/000114420415019881/0001144204-15-019881-index.htm,https://www.sec.gov/Archives/edgar/data/910267/000114420415019881/v404713_10k.htm
0,2014-09-30,TTNP,2014-11-13,2014-11-13 16:42:28,Q3,910000.0,0.0,910000.0,1.0,780000.0,870000.0,0.0,-7000.0,1650000.0,1650000.0,1460000.0,90000.00000000001,2270000.0,2.494505,-740000.0,-0.813187,-10000.0,720000.0,0.791209,0.0,720000.0,0.791209,0.26667,0.26667,2700000.0,2700000.0,https://www.sec.gov/Archives/edgar/data/910267/000114420414067785/0001144204-14-067785-index.htm,https://www.sec.gov/Archives/edgar/data/910267/000114420414067785/v392936_10q.htm
0,2014-06-30,TTNP,2014-08-13,2014-08-13 14:35:25,Q2,910000.0,0.0,910000.0,1.0,750000.0,710000.0,0.0,-8000.0,1460000.0,1460000.0,-280000.0,90000.0,-1030000.0,-1.131868,-550000.0,-0.604396,-10000.0,-840000.0,-0.923077,0.0,-840000.0,-0.923077,-0.31111,-0.31111,2700000.0,2700000.0,https://www.sec.gov/Archives/edgar/data/910267/000114420414049264/0001144204-14-049264-index.htm,https://www.sec.gov/Archives/edgar/data/910267/000114420414049264/v385503_10q.htm
0,2014-03-31,TTNP,2014-05-14,2014-05-14 16:14:05,Q1,910000.0,0.0,910000.0,1.0,950000.0,900000.0,0.0,-6000.0,1850000.0,1850000.0,-860000.0,90000.0,-2570000.0,-2.824176,-930000.0,-1.021978,-10000.0,-1800000.0,-1.978022,0.0,-1800000.0,-1.978022,-0.66914,-0.66914,2690000.0,2690000.0,https://www.sec.gov/Archives/edgar/data/910267/000114420414030446/0001144204-14-030446-index.htm,https://www.sec.gov/Archives/edgar/data/910267/000114420414019329/v371702_10k.htm
0,2013-12-31,TTNP,2014-03-31,2014-03-31 15:33:59,Q4,910000.0,0.0,910000.0,1.0,930000.0,620000.0,0.0,171000.0,1550000.0,1550000.0,430000.0,90000.0,310000.0,0.340659,-640000.0,-0.703297,171000.0,-210000.0,-0.230769,0.0,-210000.0,-0.230769,-0.0814,-0.0814,2580000.0,2580000.0,https://www.sec.gov/Archives/edgar/data/910267/000114420414019329/0001144204-14-019329-index.htm,https://www.sec.gov/Archives/edgar/data/910267/000114420414019329/v371702_10k.htm
0,2013-09-30,TTNP,2013-11-14,2013-11-14 14:58:39,Q3,2200000.0,0.0,2200000.0,1.0,1680000.0,650000.0,0.0,-7000.0,2330000.0,2330000.0,-1010000.0,10000.0,-2150000.0,-0.977273,-130000.0,-0.059091,-10000.0,-1150000.0,-0.522727,0.0,-1150000.0,-0.522727,-0.46,-0.46,2500000.0,2500000.0,https://www.sec.gov/Archives/edgar/data/910267/000114420413061720/0001144204-13-061720-index.htm,https://www.sec.gov/Archives/edgar/data/910267/000114420413061720/v357616_10q.htm
0,2013-06-30,TTNP,2013-08-14,2013-08-14 17:50:12,Q2,2200000.0,0.0,2200000.0,1.0,1790000.0,700000.0,0.0,-6000.0,2490000.0,2490000.0,5360000.0,7.0,10420000,4.736364,-290000.0,-0.131818,-10000.0,5060000.0,2.3,0.0,5060000.0,2.3,2.024,2.024,2500000.0,2500000.0,https://www.sec.gov/Archives/edgar/data/910267/000119312513334782/0001193125-13-334782-index.htm,https://www.sec.gov/Archives/edgar/data/910267/000119312513334782/d543956d10q.htm
0,2013-03-31,TTNP,2013-05-15,2013-05-15 16:33:02,Q1,5170000.0,0.0,5170000.0,1.0,3910000.0,1090000.0,0.0,10444000,5000000.0,5000000.0,-4610000.0,10000.0,1400000.0,0.270793,170000.0,0.032882,10440000,6000000.0,1.160542,0.0,6000000.0,1.160542,2.28137,2.28137,2630000.0,2630000.0,https://www.sec.gov/Archives/edgar/data/910267/000119312513222505/0001193125-13-222505-index.htm,https://www.sec.gov/Archives/edgar/data/910267/000119312513111045/d444155d10k.htm
0,2012-12-31,TTNP,2013-03-18,2013-03-18 06:18:33,Q4,3260000.0,0.0,3260000.0,1.0,2570000.0,1130000.0,0.0,-40000.0,3700000.0,3700000.0,200000.0,10000.0,-70000.0,-0.021472,-440000.0,-0.134969,-40000.0,-280000.0,-0.08589,0.0,-280000.0,-0.08589,-0.12335,-0.12335,2270000.0,2270000.0,https://www.sec.gov/Archives/edgar/data/910267/000119312513111045/0001193125-13-111045-index.htm,https://www.sec.gov/Archives/edgar/data/910267/000119312513111045/d444155d10k.htm
0,2012-09-30,TTNP,2012-11-09,2012-11-09 16:22:04,Q3,1230000.0,0.0,1230000.0,1.0,3000000.0,890000.0,0.0,-48000.0,3890000.0,3890000.0,-5310000.0,4.0,-13320000,-10.829268,-2660000.0,-2.162602,-50000.0,-8010000.0,-6.512195,0.0,-8010000.0,-6.512195,-3.94581,-3.94581,2030000.0,2030000.0,https://www.sec.gov/Archives/edgar/data/910267/000119312512463364/0001193125-12-463364-index.htm,https://www.sec.gov/Archives/edgar/data/910267/000119312512463364/d398709d10q.htm
0,2012-06-30,TTNP,2012-08-09,2012-08-09 17:01:11,Q2,1360000.0,0.0,1360000.0,1.0,1970000.0,1130000.0,0.0,-43000.0,3100000.0,3100000.0,60000.0,4.0,-1660000.0,-1.220588,-1740000.0,-1.279412,-40000.0,-1720000.0,-1.264706,0.0,-1720000.0,-1.264706,-0.8731,-0.8731,1970000.0,1970000.0,https://www.sec.gov/Archives/edgar/data/910267/000119312512347860/0001193125-12-347860-index.htm,https://www.sec.gov/Archives/edgar/data/910267/000119312512347860/d351669d10q.htm
0,2012-03-31,TTNP,2012-05-10,2012-05-10 15:16:41,Q1,1270000.0,0.0,1270000.0,1.0,3070000.0,1730000.0,0.0,-52000.0,4800000.0,4800000.0,-1580000.0,10000.0,-6730000.0,-5.299213,-3530000.0,-2.779528,-50000.0,-5160000.0,-4.062992,0.0,-5160000.0,-4.062992,-2.86667,-2.86667,1800000.0,1800000.0,https://www.sec.gov/Archives/edgar/data/910267/000119312512225187/0001193125-12-225187-index.htm,https://www.sec.gov/Archives/edgar/data/910267/000119312512117326/d238298d10k.htm
0,2011-12-31,TTNP,2012-03-15,2012-03-15 16:08:51,Q4,1410000.0,0.0,1410000.0,1.0,1290000.0,890000.0,0.0,-42000.0,2180000.0,2180000.0,-2090000.0,6000.0,-4990000.0,-3.539007,-770000.0,-0.546099,-40000.0,-2900000.0,-2.056738,0.0,-2900000.0,-2.056738,-1.61111,-1.61111,1800000.0,1800000.0,https://www.sec.gov/Archives/edgar/data/910267/000119312512117326/0001193125-12-117326-index.htm,https://www.sec.gov/Archives/edgar/data/910267/000119312512117326/d238298d10k.htm
0,2011-09-30,TTNP,2011-11-14,2011-11-14 16:20:08,Q3,1010000.0,0.0,1010000.0,1.0,2230000.0,740000.0,0.0,-43000.0,2970000.0,2970000.0,1200000.0,9999.999999999998,410000.0,0.405941,-1960000.0,-1.940594,-40000.0,-800000.0,-0.792079,0.0,-800000.0,-0.792079,-0.44444,-0.44444,1800000.0,1800000.0,https://www.sec.gov/Archives/edgar/data/910267/000119312511310949/0001193125-11-310949-index.htm,https://www.sec.gov/Archives/edgar/data/910267/000119312511310949/d237224d10q.htm
0,2011-06-30,TTNP,2011-08-15,2011-08-15 16:39:01,Q2,700000.0,0.0,700000.0,1.0,3950000.0,950000.0,-74011000,-46000.0,4900000.0,4900000.0,-83234000,10000.0,-90214000,-128.877143,-4200000.0,-6.0,-50000.0,-6990000.0,-9.985714,0.0,-6990000.0,-9.985714,-3.88333,-3.88333,1800000.0,1800000.0,https://www.sec.gov/Archives/edgar/data/910267/000119312511223257/0001193125-11-223257-index.htm,https://www.sec.gov/Archives/edgar/data/910267/000119312511223257/d10q.htm
0,2011-03-31,TTNP,2011-05-16,2011-05-16 15:23:35,Q1,950000.0,0.0,950000.0,1.0,3740000.0,790000.0,0.0,2000.0,4530000.0,4530000.0,931000.0,10000.0,-3569000.0,-3.756842,-3580000.0,-3.768421,2.0,-4510000.0,-4.747368,0.0,-4510000.0,-4.747368,-2.50556,-2.50556,1800000.0,1800000.0,https://www.sec.gov/Archives/edgar/data/910267/000119312511141362/0001193125-11-141362-index.htm,https://www.sec.gov/Archives/edgar/data/910267/000119312511078230/d10k.htm
0,2010-12-31,TTNP,2011-03-25,2011-03-25 17:04:27,Q4,2730000.0,0.0,2730000.0,1.0,6090000.0,630000.0,0.0,-679000.0,6710000.0,6710000.0,-364000.0,19999.99999999999,-4644000.0,-1.701099,-3980000.0,-1.457875,-809000.0,-4300000.0,-1.575092,0.0,-4300000.0,-1.575092,-2.38889,-2.38889,1800000.0,1800000.0,https://www.sec.gov/Archives/edgar/data/910267/000119312511078230/0001193125-11-078230-index.htm,https://www.sec.gov/Archives/edgar/data/910267/000119312511078230/d10k.htm
0,2010-09-30,TTNP,2010-11-15,2010-11-15 16:24:15,Q3,3600000.0,0.0,3600000.0,1.0,3040000.0,690000.0,0.0,-125000.0,3740000.0,3740000.0,124000.0,20000.000000000004,-236000.0,-0.065556,-140000.0,-0.038889,-130000.0,-380000.0,-0.105556,0.0,-380000.0,-0.105556,-0.21111,-0.21111,1800000.0,1800000.0,https://www.sec.gov/Archives/edgar/data/910267/000119312510260695/0001193125-10-260695-index.htm,https://www.sec.gov/Archives/edgar/data/910267/000119312510260695/d10q.htm
0,2010-06-30,TTNP,2010-08-16,2010-08-16 11:25:41,Q2,1340000.0,0.0,1340000.0,1.0,2060000.0,1010000.0,0.0,0.0,3070000.0,3070000.0,120000.0,20000.000000000004,-1710000.0,-1.276119,-1730000.0,-1.291045,120.0,-1850000.0,-1.380597,0.0,-1850000.0,-1.380597,-1.02778,-1.02778,1800000.0,1800000.0,https://www.sec.gov/Archives/edgar/data/910267/000119312510189763/0001193125-10-189763-index.htm,https://www.sec.gov/Archives/edgar/data/910267/000119312510189763/d10q.htm
0,2010-03-31,TTNP,2010-05-14,2010-05-14 15:49:09,Q1,2430000.0,0.0,2430000.0,1.0,1670000.0,940000.0,0.0,-5000.0,2610000.0,2610000.0,120000.0,30000.0,-160000.0,-0.065844,-180000.0,-0.074074,-10000.0,-310000.0,-0.127572,0.0,-310000.0,-0.127572,-0.17222,-0.17222,1800000.0,1800000.0,https://www.sec.gov/Archives/edgar/data/910267/000119312510120625/0001193125-10-120625-index.htm,https://www.sec.gov/Archives/edgar/data/910267/000119312510120625/d10q.htm
0,2009-12-31,TTNP,,Not found...,Q4,30000.0,0.0,0.0,0.0,720000.0,720000.0,0.0,0.0,1430000.0,1430000.0,-10000.0,30000.0,-1450000.0,-48.333333,-1400000.0,-46.666667,-60000.0,-1470000.0,-49.0,0.0,-1470000.0,-49.0,-0.82123,-0.82123,1790000.0,1790000.0,,
0,2009-09-30,TTNP,,,Q3,0.0,0.0,0.0,0.0,710000.0,880000.0,0.0,0.0,1590000.0,1590000.0,0.0,40000.00000000001,-1550000.0,0.0,-1590000.0,0.0,-10000.0,-1590000.0,0.0,0.0,-1590000.0,0.0,-0.89831,-0.89831,1770000.0,1770000.0,,
0,2009-06-30,TTNP,,,Q2,30000.0,0.0,0.0,0.0,380000.0,1390000.0,0.0,0.0,1770000.0,1770000.0,0.0,50000.0,-1690000.0,-56.333333,-1740000.0,-58.0,10000.0,-1740000.0,-58.0,0.0,-1740000.0,-58.0,-0.98305,-0.98305,1770000.0,1770000.0,,
0,2009-03-31,TTNP,,,Q1,20000.0,0.0,0.0,0.0,660000.0,450000.0,0.0,0.0,1110000.0,1110000.0,0.0,50000.0,-1040000.0,-52.0,-1090000.0,-54.5,-10000.0,-1090000.0,-54.5,0.0,-1090000.0,-54.5,-0.61582,-0.61582,1770000.0,1770000.0,,
0,2008-12-31,TTNP,,,Q4,0.0,0.0,0.0,0.0,3430000.0,2670000.0,0.0,0.0,6100000.0,6100000.0,30000.0,49999.99999999999,-6050000.0,0.0,-6100000.0,0.0,-60000.0,-6130000.0,0.0,0.0,-6130000.0,0.0,-3.46328,-3.46328,1770000.0,1770000.0,,
0,2008-09-30,TTNP,2008-11-10,2008-11-10 13:51:42,Q3,73.0,0.0,73.0,1.0,4190000.0,1830000.0,0.0,0.0,6020000.0,6020000.0,80000.0,50000.0,-5770000.0,-270.83561643835617,-6020000.0,-271.54794520547944,40000.0,-5900000.0,-264.47945205479454,0.0,-5900000.0,-264.47945205479454,-3.33333,-3.33333,1770000.0,1770000.0,https://www.sec.gov/Archives/edgar/data/910267/000119312508231407/0001193125-08-231407-index.htm,https://www.sec.gov/Archives/edgar/data/910267/000119312508231407/d10q.htm
0,2008-06-30,TTNP,2008-08-11,2008-08-11 16:44:15,Q2,10000.0,0.0,10000.0,1.0,4820000.0,3040000.0,0.0,6000.0,7860000.0,7860000.0,130000.0,50000.0,-7500000.0,-750.0,-7850000.0,-785.0,40000.0,-7680000.0,-768.0,0.0,-7680000.0,-768.0,-4.33898,-4.33898,1770000.0,1770000.0,https://www.sec.gov/Archives/edgar/data/910267/000119312508173568/0001193125-08-173568-index.htm,https://www.sec.gov/Archives/edgar/data/910267/000119312508173568/d10q.htm
0,2008-03-31,TTNP,2008-05-12,2008-05-12 14:58:57,Q1,60000.0,0.0,60000.0,1.0,3800000.0,2210000.0,0.0,-6000.0,6020000.0,6020000.0,240000.0,60000.0,-5420000.0,-90.333333,-5950000.0,-99.166667,-10000.0,-5720000.0,-95.333333,0.0,-5720000.0,-95.333333,-3.23164,-3.23164,1770000.0,1770000.0,https://www.sec.gov/Archives/edgar/data/910267/000119312508111369/0001193125-08-111369-index.htm,https://www.sec.gov/Archives/edgar/data/910267/000119312508053503/d10k.htm
0,2007-12-31,TTNP,2008-03-12,2008-03-12 06:07:32,Q4,10000.0,0.0,10000.0,1.0,4460000.0,1920000.0,0.0,-143000.0,6380000.0,6380000.0,150000.0,59999.99999999997,-6010000.0,-601.0,-6370000.0,-637.0,643000.0,-6220000.0,-622.0,0.0,-6220000.0,-622.0,-4.44286,-4.44286,1400000.0,1400000.0,https://www.sec.gov/Archives/edgar/data/910267/000119312508053503/0001193125-08-053503-index.htm,https://www.sec.gov/Archives/edgar/data/910267/000119312508053503/d10k.htm
0,2007-09-30,TTNP,2007-11-08,2007-11-08 15:26:21,Q3,12.0,0.0,12.0,1.0,3090000.0,1470000.0,0.0,143000.0,4560000.0,4560000.0,190000.0,60000.0,-4070000.0,-1000.5,-4560000.0,-1005.5,50000.0,-4320000.0,-952.5833333333334,0.0,-4320000.0,-952.5833333333334,-3.2,-3.2,1350000.0,1350000.0,https://www.sec.gov/Archives/edgar/data/910267/000119312507240216/0001193125-07-240216-index.htm,https://www.sec.gov/Archives/edgar/data/910267/000119312507240216/d10q.htm
0,2007-06-30,TTNP,2007-08-02,2007-08-02 16:00:26,Q2,10000.0,0.0,10000.0,1.0,2650000.0,1380000.0,0.0,297000.0,4030000.0,4030000.0,180000.0,70000.0,-3280000.0,-328.0,-4010000.0,-401.0,300000.0,-3530000.0,-353.0,0.0,-3530000.0,-353.0,-2.75781,-2.75781,1280000.0,1280000.0,https://www.sec.gov/Archives/edgar/data/910267/000119312507169420/0001193125-07-169420-index.htm,https://www.sec.gov/Archives/edgar/data/910267/000119312507169420/d10q.htm
0,2007-03-31,TTNP,2007-05-09,2007-05-09 15:17:23,Q1,0.0,0.0,0.0,0.0,2040000.0,1450000.0,0.0,-204000.0,3490000.0,3490000.0,120000.0,100000.0,-3350000.0,0.0,-3490000.0,0.0,-200000.0,-3570000.0,0.0,0.0,-3570000.0,0.0,-3.02542,-3.02542,1180000.0,1180000.0,https://www.sec.gov/Archives/edgar/data/910267/000119312507108063/0001193125-07-108063-index.htm,https://www.sec.gov/Archives/edgar/data/910267/000119312507046226/d10k.htm
0,2006-12-31,TTNP,2007-03-05,2007-03-05 14:04:11,Q4,30000.0,0.0,30000.0,1.0,2290000.0,1200000.0,0.0,42000.0,3490000.0,3490000.0,160000.0,100000.00000000003,-3010000.0,-100.333333,-3460000.0,-115.333333,40000.0,-3270000.0,-109.0,0.0,-3270000.0,-109.0,-2.84348,-2.84348,1150000.0,1150000.0,https://www.sec.gov/Archives/edgar/data/910267/000119312507046226/0001193125-07-046226-index.htm,https://www.sec.gov/Archives/edgar/data/910267/000119312507046226/d10k.htm
0,2006-09-30,TTNP,2006-11-09,2006-11-09 16:25:48,Q3,1.0,0.0,1.0,1.0,3260000.0,1290000.0,0.0,2000.0,4550000.0,4550000.0,210000.0,89999.99999999997,-4040000.0,-4458.0,-4550000.0,-4550.0,2.0,-4340000.0,-4340.0,0.0,-4340000.0,-4340.0,-3.67797,-3.67797,1180000.0,1180000.0,https://www.sec.gov/Archives/edgar/data/910267/000119312506230414/0001193125-06-230414-index.htm,https://www.sec.gov/Archives/edgar/data/910267/000119312506230414/d10q.htm
0,2006-06-30,TTNP,2006-08-09,2006-08-09 15:07:51,Q2,1.0,0.0,1.0,1.0,2380000.0,1240000.0,0.0,-13000.0,3620000.0,3620000.0,200000.0,90000.00000000001,-3140000.0,-3519.0,-3610000.0,-3614.0,-10000.0,-3430000.0,-3426.0,0.0,-3430000.0,-3426.0,-2.90678,-2.90678,1180000.0,1180000.0,https://www.sec.gov/Archives/edgar/data/910267/000119312506167546/0001193125-06-167546-index.htm,https://www.sec.gov/Archives/edgar/data/910267/000119312506167546/d10q.htm
0,2006-03-31,TTNP,2006-05-08,2006-05-08 14:51:44,Q1,1.0,0.0,1.0,1.0,3690000.0,1130000.0,0.0,-31000.0,4820000.0,4820000.0,150000.0,110000.0,-4450000.0,-4713.0,-4820000.0,-4819.0,-30000.0,-4710000.0,-4705.0,0.0,-4710000.0,-4705.0,-4.3211,-4.3211,1090000.0,1090000.0,https://www.sec.gov/Archives/edgar/data/910267/000119312506103340/0001193125-06-103340-index.htm,https://www.sec.gov/Archives/edgar/data/910267/000119312506054013/d10k.htm
0,2005-12-31,TTNP,2006-03-15,2006-03-14 21:55:45,Q4,60000.0,0.0,60000.0,1.0,3050000.0,1230000.0,0.0,25000.0,4280000.0,4280000.0,150000.0,39999.99999999998,-3860000.0,-64.333333,-4220000.0,-70.333333,30000.0,-4050000.0,-67.5,0.0,-4050000.0,-67.5,-4.0099,-4.0099,1010000.0,1010000.0,https://www.sec.gov/Archives/edgar/data/910267/000119312506054013/0001193125-06-054013-index.htm,https://www.sec.gov/Archives/edgar/data/910267/000119312506054013/d10k.htm
0,2005-09-30,TTNP,2005-11-09,2005-11-09 16:36:21,Q3,1.0,0.0,1.0,1.0,5000000.0,1540000.0,0.0,25000.0,6540000.0,6540000.0,140000.0,109999.99999999999,-6130000.0,-6422.0,-6540000.0,-6539.0,30000.0,-6380000.0,-6377.0,0.0,-6380000.0,-6377.0,-6.5102,-6.5102,980000.0,980000.0,https://www.sec.gov/Archives/edgar/data/910267/000119312505221627/0001193125-05-221627-index.htm,https://www.sec.gov/Archives/edgar/data/910267/000119312505221627/d10q.htm
0,2005-06-30,TTNP,2005-08-09,2005-08-09 14:33:13,Q2,10000.0,0.0,10000.0,1.0,4520000.0,1340000.0,0.0,-32000.0,5860000.0,5860000.0,140000.0,130000.0,-5470000.0,-547.0,-5850000.0,-585.0,-30000.0,-5740000.0,-574.0,0.0,-5740000.0,-574.0,-5.85714,-5.85714,980000.0,980000.0,https://www.sec.gov/Archives/edgar/data/910267/000110465905037786/0001104659-05-037786-index.htm,https://www.sec.gov/Archives/edgar/data/910267/000110465905037786/a05-12787_110q.htm
0,2005-03-31,TTNP,2005-05-10,2005-05-10 14:19:19,Q1,10000.0,0.0,10000.0,1.0,5200000.0,1260000.0,0.0,1000.0,6460000.0,6460000.0,150000.0,130000.0,-6020000.0,-602.0,-6450000.0,-645.0,1.0,-6300000.0,-630.0,0.0,-6300000.0,-630.0,-6.42857,-6.42857,980000.0,980000.0,https://www.sec.gov/Archives/edgar/data/910267/000110465905022052/0001104659-05-022052-index.htm,https://www.sec.gov/Archives/edgar/data/910267/000110465905011174/a05-4705_110k.htm
0,2004-12-31,TTNP,2005-03-15,2005-03-15 17:17:04,Q4,30000.0,0.0,30000.0,1.0,6610000.0,1380000.0,0.0,1056000.0,7990000.0,7990000.0,160000.0,139999.99999999997,-7500000.0,-250.0,-7960000.0,-265.333333,-512000.0,-7800000.0,-260.0,0.0,-7800000.0,-260.0,-7.95918,-7.95918,980000.0,980000.0,https://www.sec.gov/Archives/edgar/data/910267/000110465905011174/0001104659-05-011174-index.htm,https://www.sec.gov/Archives/edgar/data/910267/000110465905011174/a05-4705_110k.htm
0,2004-09-30,TTNP,2004-11-09,2004-11-09 14:24:08,Q3,1.0,0.0,1.0,1.0,4860000.0,1370000.0,0.0,-297000.0,6230000.0,6230000.0,180000.0,120000.00000000001,-5970000.0,-18294.0,-6230000.0,-18421.0,-220000.0,-6270000.0,-18206.0,0.0,-6270000.0,-18206.0,-6.46392,-6.46392,970000.0,970000.0,https://www.sec.gov/Archives/edgar/data/910267/000110465904034640/0001104659-04-034640-index.htm,https://www.sec.gov/Archives/edgar/data/910267/000110465904034640/a04-13022_110q.htm
0,2004-06-30,TTNP,2004-08-09,2004-08-09 15:54:50,Q2,1.0,0.0,1.0,1.0,4600000.0,1120000.0,0.0,-77000.0,5720000.0,5720000.0,180000.0,109999.99999999999,-5270000.0,-12087.0,-5720000.0,-12196.0,-20000.0,-5560000.0,-11936.0,0.0,-5560000.0,-11936.0,-5.73196,-5.73196,970000.0,970000.0,https://www.sec.gov/Archives/edgar/data/910267/000110465904023362/0001104659-04-023362-index.htm,https://www.sec.gov/Archives/edgar/data/910267/000110465904023362/a04-8973_110q.htm
0,2004-03-31,TTNP,2004-05-06,2004-05-06 15:47:55,Q1,1.0,0.0,1.0,1.0,5110000.0,1370000.0,0.0,-60000.0,6480000.0,6480000.0,160000.0,100000.0,-6120000.0,-6382.0,-6480000.0,-6480.0,-60000.0,-6380000.0,-6381.0,0.0,-6380000.0,-6381.0,-7.25,-7.25,880000.0,880000.0,https://www.sec.gov/Archives/edgar/data/910267/000110465904012963/0001104659-04-012963-index.htm,https://www.sec.gov/Archives/edgar/data/910267/000104746904007683/a2130547z10-k.htm
0,2003-12-31,TTNP,2004-03-12,2004-03-12 15:44:05,Q4,60000.0,0.0,60000.0,1.0,9510000.0,1230000.0,0.0,3849000.0,10750000,10750000,220000.0,-1500000.0,-11790000,-196.5,-10680000,-178.0,-40000.0,-10510000,-175.166667,0.0,-10510000,-175.166667,-12.08046,-12.08046,870000.0,870000.0,https://www.sec.gov/Archives/edgar/data/910267/000104746904007683/0001047469-04-007683-index.htm,https://www.sec.gov/Archives/edgar/data/910267/000104746904007683/a2130547z10-k.htm
0,2003-09-30,TTNP,2003-11-14,2003-11-14 16:13:39,Q3,28.0,0.0,28.0,1.0,5260000.0,1240000.0,0.0,47000.0,6500000.0,6500000.0,270000.0,970000.0,-4930000.0,-697.2142857142857,-6500000.0,-731.75,70000.0,-6170000.0,-692.1428571428571,0.0,-6170000.0,-692.1428571428571,-7.34524,-7.34524,840000.0,840000.0,https://www.sec.gov/Archives/edgar/data/910267/000110465903026692/0001104659-03-026692-index.htm,https://www.sec.gov/Archives/edgar/data/910267/000110465903026692/a03-5180_110q.htm
0,2003-06-30,TTNP,2003-08-14,2003-08-14 12:39:42,Q2,2.0,0.0,2.0,1.0,5740000.0,1260000.0,0.0,-17000.0,6990000.0,6990000.0,330000.0,309999.99999999994,-6040000.0,-3338.5,-6990000.0,-3494.0,-20000.0,-6680000.0,-3340.5,0.0,-6680000.0,-3340.5,-7.95238,-7.95238,840000.0,840000.0,https://www.sec.gov/Archives/edgar/data/910267/000110465903018526/0001104659-03-018526-index.htm,https://www.sec.gov/Archives/edgar/data/910267/000110465903018526/a03-2537_110q.htm
0,2003-03-31,TTNP,2003-05-15,2003-05-15 14:12:08,Q1,30000.0,0.0,30000.0,1.0,5640000.0,1380000.0,0.0,-3000.0,7030000.0,7030000.0,470000.0,660000.0,-5400000.0,-180.0,-7000000.0,-233.333333,469.0,-6530000.0,-217.666667,0.0,-6530000.0,-217.666667,-7.77381,-7.77381,840000.0,840000.0,https://www.sec.gov/Archives/edgar/data/910267/000110465903010267/0001104659-03-010267-index.htm,https://www.sec.gov/Archives/edgar/data/910267/000104746903011223/a2106594z10-k.htm
0,2002-12-31,TTNP,2003-03-31,2003-03-31 15:15:32,Q4,240000.0,0.0,240000.0,1.0,8210000.0,1160000.0,0.0,-64000.0,9370000.0,9370000.0,300000.0,-540000.0,-9140000.0,-38.083333,-9140000.0,-38.083333,-60000.0,-8900000.0,-37.083333,0.0,-8900000.0,-37.083333,-10.59524,-10.59524,840000.0,840000.0,https://www.sec.gov/Archives/edgar/data/910267/000104746903011223/0001047469-03-011223-index.htm,https://www.sec.gov/Archives/edgar/data/910267/000104746903011223/a2106594z10-k.htm
0,2002-09-30,TTNP,2002-11-14,2002-11-14 18:13:36,Q3,160000.0,0.0,160000.0,1.0,7200000.0,1310000.0,0.0,-8000.0,8520000.0,8520000.0,1070000.0,340000.0000000001,-5890000.0,-36.8125,-8360000.0,-52.25,-10000.0,-7300000.0,-45.625,0.0,-7300000.0,-45.625,-8.69048,-8.69048,840000.0,840000.0,https://www.sec.gov/Archives/edgar/data/910267/000110465902006278/0001104659-02-006278-index.htm,https://www.sec.gov/Archives/edgar/data/910267/000110465902006278/j5537_10q.htm
0,2002-06-30,TTNP,2002-08-14,2002-08-14 14:24:32,Q2,150000.0,0.0,150000.0,1.0,6920000.0,1390000.0,0.0,-320000.0,8310000.0,8310000.0,1450000.0,219999.99999999997,-5360000.0,-35.733333,-8160000.0,-54.4,-320000.0,-7030000.0,-46.866667,0.0,-7030000.0,-46.866667,-8.36905,-8.36905,840000.0,840000.0,https://www.sec.gov/Archives/edgar/data/910267/000110465902004052/0001104659-02-004052-index.htm,https://www.sec.gov/Archives/edgar/data/910267/000110465902004052/j4392_10q.htm
0,2002-03-31,TTNP,2002-05-14,2002-05-14 16:21:12,Q1,2350000.0,0.0,2350000.0,1.0,7490000.0,1210000.0,0.0,-8000.0,8700000.0,8700000.0,1410000.0,350000.0,-3190000.0,-1.357447,-6350000.0,-2.702128,-10000.0,-4950000.0,-2.106383,0.0,-4950000.0,-2.106383,-5.89286,-5.89286,840000.0,840000.0,https://www.sec.gov/Archives/edgar/data/910267/000110465902002330/0001104659-02-002330-index.htm,https://www.sec.gov/Archives/edgar/data/910267/000091205702012701/a2074337z10-k.htm
0,2001-12-31,TTNP,2002-03-29,2002-03-29 00:00:00,Q4,590000.0,0.0,590000.0,1.0,7240000.0,1280000.0,0.0,15000.0,8520000.0,8520000.0,1590000.0,-139999.99999999997,-4870000.0,-8.254237,-7930000.0,-13.440678,20000.0,-6320000.0,-10.711864,0.0,-6320000.0,-10.711864,-7.52381,-7.52381,840000.0,840000.0,https://www.sec.gov/Archives/edgar/data/910267/000091205702012701/0000912057-02-012701-index.htm,https://www.sec.gov/Archives/edgar/data/910267/000091205702012701/a2074337z10-k.htm
0,2001-09-30,TTNP,2001-11-14,2001-11-14 00:00:00,Q3,530000.0,0.0,530000.0,1.0,5760000.0,1310000.0,0.0,-19000.0,7070000.0,7070000.0,1770000.0,149999.99999999997,-2870000.0,-5.415094,-6540000.0,-12.339623,-20000.0,-4790000.0,-9.037736,0.0,-4790000.0,-9.037736,-5.70238,-5.70238,840000.0,840000.0,https://www.sec.gov/Archives/edgar/data/910267/000110465901503387/0001104659-01-503387-index.htm,https://www.sec.gov/Archives/edgar/data/910267/000110465901503387/j2394_10q.htm
0,2001-06-30,TTNP,2001-08-14,2001-08-14 00:00:00,Q2,2870000.0,0.0,2870000.0,1.0,5340000.0,1210000.0,0.0,-22000.0,6550000.0,6550000.0,1870000.0,200000.0,240000.0,0.083624,-3680000.0,-1.28223,-20000.0,-1830000.0,-0.637631,0.0,-1830000.0,-0.637631,-2.17857,-2.17857,840000.0,840000.0,https://www.sec.gov/Archives/edgar/data/910267/000110465901501933/0001104659-01-501933-index.htm,https://www.sec.gov/Archives/edgar/data/910267/000110465901501933/j1316_10q.htm
0,2001-03-31,TTNP,,,Q1,580000.0,0.0,0.0,0.0,5000000.0,1580000.0,0.0,0.0,6580000.0,6580000.0,1540000.0,60000.0,-2920000.0,-5.034483,-6000000.0,-10.344828,-50000.0,-4520000.0,-7.793103,0.0,-4520000.0,-7.793103,-5.44578,-5.44578,830000.0,830000.0,,
0,2000-12-31,TTNP,,,Q4,570000.0,0.0,0.0,0.0,4860000.0,1260000.0,0.0,0.0,6120000.0,6120000.0,-3610000.0,220000.00000000003,-7400000.0,-12.982456,-5550000.0,-9.736842,5150000.0,-4010000.0,-7.035088,0.0,-4010000.0,-7.035088,-4.95062,-4.95062,810000.0,810000.0,,
0,2000-09-30,TTNP,2000-11-14 00:00:00,2000-11-14 00:00:00,Q3,700000.0,0.0,0.0,0.0,9550000.0,1250000.0,0.0,0.0,10790000,10790000,1390000.0,-50000.00000000002,-7370000.0,-10.528571,-10100000,-14.428571,-10000.0,-8710000.0,-12.442857,0.0,-8710000.0,-12.442857,-11.16667,-11.16667,780000.0,780000.0,https://www.sec.gov/Archives/edgar/data/910267/000091205700049765/0000912057-00-049765-index.html,https://www.sec.gov/Archives/edgar/data/910267/000091205700049765/a2029836z10-q.txt
0,2000-06-30,TTNP,2000-08-14 00:00:00,2000-08-14 00:00:00,Q2,280000.0,0.0,0.0,0.0,3270000.0,700000.0,0.0,0.0,3970000.0,3970000.0,1280000.0,90000.00000000001,-1050000.0,-3.75,-3690000.0,-13.178571,-10000.0,-2420000.0,-8.642857,0.0,-2420000.0,-8.642857,-3.10256,-3.10256,780000.0,780000.0,https://www.sec.gov/Archives/edgar/data/910267/000091205700037428/0000912057-00-037428-index.html,https://www.sec.gov/Archives/edgar/data/910267/000091205700037428/a10-q.txt
0,2000-03-31,TTNP,2000-05-15 00:00:00,2000-05-15 00:00:00,Q1,340000.0,0.0,0.0,0.0,4050000.0,860000.0,0.0,0.0,4900000.0,4900000.0,940000.0,80000.0,-2630000.0,-7.735294,-4570000.0,-13.441176,-20000.0,-3650000.0,-10.735294,0.0,-3650000.0,-10.735294,-5.06944,-5.06944,720000.0,720000.0,https://www.sec.gov/Archives/edgar/data/910267/000091205700024556/0000912057-00-024556-index.html,https://www.sec.gov/Archives/edgar/data/910267/0000912057-00-024556.txt
0,1999-12-31,TTNP,,,Q4,240000.0,0.0,0.0,0.0,2870000.0,640000.0,0.0,0.0,3510000.0,3510000.0,340000.0,169999.99999999997,-2420000.0,-10.083333,-3280000.0,-13.666667,10000.0,-2930000.0,-12.208333,0.0,-2930000.0,-12.208333,-5.14035,-5.14035,570000.0,570000.0,,
0,1999-09-30,TTNP,,,Q3,50000.0,0.0,0.0,0.0,1750000.0,840000.0,0.0,0.0,2590000.0,2590000.0,120000.0,60000.0,-2270000.0,-45.4,-2530000.0,-50.6,-30000.0,-2450000.0,-49.0,0.0,-2450000.0,-49.0,-5.21277,-5.21277,470000.0,470000.0,,
0,1999-06-30,TTNP,,,Q2,0.0,0.0,0.0,0.0,2720000.0,530000.0,0.0,0.0,3250000.0,3250000.0,150000.0,90000.0,-2870000.0,0.0,-3250000.0,0.0,0.0,-3110000.0,0.0,0.0,-3110000.0,0.0,-6.61702,-6.61702,470000.0,470000.0,,
0,1999-03-31,TTNP,,,Q1,50000.0,0.0,0.0,0.0,2220000.0,790000.0,0.0,0.0,3010000.0,3010000.0,150000.0,90000.0,-2580000.0,-51.6,-2960000.0,-59.2,-10000.0,-2820000.0,-56.4,0.0,-2820000.0,-56.4,-6.26667,-6.26667,450000.0,450000.0,,
0,1998-12-31,TTNP,,,Q4,0.0,0.0,0.0,0.0,2520000.0,900000.0,0.0,0.0,3420000.0,3420000.0,0.0,-100000.0,-3340000.0,0.0,-3420000.0,0.0,190000.0,-3240000.0,0.0,0.0,-3240000.0,0.0,-8.1,-8.1,400000.0,400000.0,,
0,1998-09-30,TTNP,,,Q3,0.0,0.0,0.0,0.0,2140000.0,810000.0,0.0,0.0,2940000.0,2940000.0,190000.0,70000.0,-2490000.0,0.0,-2940000.0,0.0,0.0,-2750000.0,0.0,0.0,-2750000.0,0.0,-6.875,-6.875,400000.0,400000.0,,
0,1998-06-30,TTNP,,,Q2,0.0,0.0,0.0,0.0,1470000.0,970000.0,0.0,0.0,2440000.0,2440000.0,230000.0,79999.99999999999,-1920000.0,0.0,-2440000.0,0.0,-10000.0,-2230000.0,0.0,0.0,-2230000.0,0.0,-5.575,-5.575,400000.0,400000.0,,
0,1998-03-31,TTNP,,,Q1,0.0,0.0,0.0,0.0,1690000.0,1030000.0,0.0,0.0,2720000.0,2720000.0,260000.0,70000.0,-2070000.0,0.0,-2720000.0,0.0,60000.0,-2400000.0,0.0,0.0,-2400000.0,0.0,-6.0,-6.0,400000.0,400000.0,,
0,1997-12-31,TTNP,,,Q4,17350000,0.0,0.0,0.0,2120000.0,2050000.0,0.0,0.0,4170000.0,4170000.0,-90000.0,70000.0,13350000,0.769452,13190000,0.760231,270000.0,13370000,0.770605,0.0,13370000,0.770605,33.425,33.425,400000.0,400000.0,,
0,1997-09-30,TTNP,,,Q3,0.0,0.0,0.0,0.0,2380000.0,1500000.0,0.0,0.0,3870000.0,3870000.0,0.0,70000.0,-3760000.0,0.0,-3870000.0,0.0,40000.0,-3830000.0,0.0,0.0,-3830000.0,0.0,-9.575,-9.575,400000.0,400000.0,,
0,1997-06-30,TTNP,,,Q2,110000.0,0.0,0.0,0.0,2640000.0,1630000.0,0.0,0.0,4270000.0,4270000.0,-60000.0,109999.99999999999,4270000.0,38.818182,-4160000.0,-37.818182,8440000.0,4220000.0,38.363636,0.0,4220000.0,38.363636,10.55,10.55,400000.0,400000.0,,
0,1997-03-31,TTNP,,,Q1,40000.0,0.0,0.0,0.0,11680000,1340000.0,0.0,0.0,13010000,13010000,-80000.0,140000.0,-13100000,-327.5,-12980000,-324.5,-110000.0,-13160000,-329.0,0.0,-13160000,-329.0,-33.74359,-33.74359,390000.0,390000.0,,
0,1996-12-31,TTNP,,,Q4,130000.0,0.0,0.0,0.0,1540000.0,2380000.0,0.0,0.0,3920000.0,3920000.0,-70000.0,159999.99999999997,-3880000.0,-29.846154,-3800000.0,-29.230769,-100000.0,-3970000.0,-30.538462,0.0,-3970000.0,-30.538462,-10.72973,-10.72973,370000.0,370000.0,,
0,1996-09-30,TTNP,,,Q3,80000.0,0.0,0.0,0.0,1670000.0,910000.0,0.0,0.0,2580000.0,2580000.0,-130000.0,120000.00000000001,-2800000.0,-35.0,-2500000.0,-31.25,-170000.0,-2790000.0,-34.875,0.0,-2790000.0,-34.875,-7.75,-7.75,360000.0,360000.0,,
0,1996-06-30,TTNP,,,Q2,0.0,0.0,0.0,0.0,1520000.0,1060000.0,0.0,0.0,2580000.0,2580000.0,-200000.0,120000.0,-2770000.0,0.0,-2580000.0,0.0,90000.0,-2690000.0,0.0,0.0,-2690000.0,0.0,-8.15152,-8.15152,330000.0,330000.0,,
