,date,symbol,fillingDate,acceptedDate,period,revenue,costOfRevenue,grossProfit,grossProfitRatio,researchAndDevelopmentExpenses,generalAndAdministrativeExpenses,sellingAndMarketingExpenses,otherExpenses,operatingExpenses,costAndExpenses,interestExpense,depreciationAndAmortization,ebitda,ebitdaratio,operatingIncome,operatingIncomeRatio,totalOtherIncomeExpensesNet,incomeBeforeTax,incomeBeforeTaxRatio,incomeTaxExpense,netIncome,netIncomeRatio,eps,epsdiluted,weightedAverageShsOut,weightedAverageShsOutDil,link,finalLink
0,2020-09-30,GRTS,2020-11-05,2020-11-05 09:04:41,Q3,939000.0,0.0,939000.0,1.0,22050000,5031000.0,0.0,0.0,27081000,27081000,0.0,1674000.0,-24468000,-26.057507987220447,-26142000,-27.840255591054312,0.0,-26073000,-27.766773162939298,0.0,-26073000,-27.766773162939298,-0.69,-0.69,37256250,37256250,https://www.sec.gov/Archives/edgar/data/1656634/000156459020050916/0001564590-20-050916-index.htm,https://www.sec.gov/Archives/edgar/data/1656634/000156459020050916/grts-10q_20200930.htm
0,2020-06-30,GRTS,2020-08-05,2020-08-05 08:01:15,Q2,488000.0,0.0,488000.0,1.0,21290000,5255000.0,0.0,0.0,26545000,26545000,189000.0,1651000.0000000002,-24028000,-49.237705,-26057000,-53.395492,0.0,-25868000,-53.008197,0.0,-25868000,-53.008197,-0.69433,-0.69433,37256250,37256250,https://www.sec.gov/Archives/edgar/data/1656634/000156459020036449/0001564590-20-036449-index.htm,https://www.sec.gov/Archives/edgar/data/1656634/000156459020036449/grts-10q_20200630.htm
0,2020-03-31,GRTS,2020-05-07 00:00:00,2020-05-07 09:01:28,Q1,1262000.0,0.0,0.0,1.0,22468000,5465000.0,0.0,0.0,27933000,27933000,465000.0,1626000.0,-24115000,-19.108558,-26671000,-21.133914,0.0,-26206000,-20.765452,0.0,-26206000,-20.765452,-0.71215,-0.71215,36798560,36798560,https://www.sec.gov/Archives/edgar/data/1656634/000156459020022416/0001564590-20-022416-index.html,https://www.sec.gov/Archives/edgar/data/1656634/000156459020022416/grts-10q_20200331.htm
0,2019-12-31,GRTS,2020-03-11 00:00:00,2020-03-11 09:01:45,Q4,884000.0,0.0,0.0,1.0,23582000,5615000.0,0.0,0.0,29197000,29197000,609000.0,1442000.0000000002,-25653000,-29.019231,-28313000,-32.028281,0.0,-27704000,-31.339367,0.0,-27704000,-31.339367,-0.771,-0.771,35932760,35932760,https://www.sec.gov/Archives/edgar/data/1656634/000156459020009886/0001564590-20-009886-index.html,https://www.sec.gov/Archives/edgar/data/1656634/000156459020009886/grts-10k_20191231.htm
0,2019-09-30,GRTS,2019-11-12 00:00:00,2019-11-12 10:15:04,Q3,984000.0,0.0,0.0,1.0,24886000,4582000.0,0.0,0.0,29468000,29468000,936000.0,1173000.0,-25439000,-25.852642,-28484000,-28.947154,0.0,-27548000,-27.995935,0.0,-27548000,-27.995935,-0.77186,-0.77186,35690600,35690600,https://www.sec.gov/Archives/edgar/data/1656634/000156459019042681/0001564590-19-042681-index.html,https://www.sec.gov/Archives/edgar/data/1656634/000156459019042681/grts-10q_20190930.htm
0,2019-06-30,GRTS,2019-08-12 00:00:00,2019-08-12 09:01:38,Q2,1150000.0,0.0,0.0,1.0,18529000,4835000.0,0.0,0.0,23364000,23364000,1042000.0,1094000.0,-19036000,-16.553043,-22214000,-19.316522,0.0,-21172000,-18.410435,0.0,-21172000,-18.410435,-0.63044,-0.63044,33582840,33582840,https://www.sec.gov/Archives/edgar/data/1656634/000156459019031362/0001564590-19-031362-index.html,https://www.sec.gov/Archives/edgar/data/1656634/000156459019031362/grts-10q_20190630.htm
0,2019-03-31,GRTS,2019-05-13 00:00:00,2019-05-13 09:01:29,Q1,1347000.0,0.0,0.0,1.0,15899000,4377000.0,0.0,0.0,20276000,20276000,920000.0,1036000.0,-16053000,-11.917595,-18929000,-14.05271,0.0,-18009000,-13.36971,0.0,-18009000,-13.36971,-0.62231,-0.62231,28938890,28938890,https://www.sec.gov/Archives/edgar/data/1656634/000156459019018685/0001564590-19-018685-index.html,https://www.sec.gov/Archives/edgar/data/1656634/000156459019018685/grts-10q_20190331.htm
0,2018-12-31,GRTS,2019-03-28 00:00:00,2019-03-28 16:01:45,Q4,1091000.0,0.0,0.0,1.0,15253000,3866000.0,0.0,0.0,19119000,19119000,689000.0,1076000.0,-15574000,-14.274977,-18028000,-16.52429,0.0,-17339000,-15.892759,0.0,-17339000,-15.892759,-0.58459,-0.58459,29660350,29660350,https://www.sec.gov/Archives/edgar/data/1656634/000156459019009825/0001564590-19-009825-index.html,https://www.sec.gov/Archives/edgar/data/1656634/000156459019009825/grts-10k_20181231.htm
