,date,symbol,fillingDate,acceptedDate,period,revenue,costOfRevenue,grossProfit,grossProfitRatio,researchAndDevelopmentExpenses,generalAndAdministrativeExpenses,sellingAndMarketingExpenses,otherExpenses,operatingExpenses,costAndExpenses,interestExpense,depreciationAndAmortization,ebitda,ebitdaratio,operatingIncome,operatingIncomeRatio,totalOtherIncomeExpensesNet,incomeBeforeTax,incomeBeforeTaxRatio,incomeTaxExpense,netIncome,netIncomeRatio,eps,epsdiluted,weightedAverageShsOut,weightedAverageShsOutDil,link,finalLink
0,2020-09-30,CRIS,2020-11-10,2020-11-10 16:06:44,Q3,2742000.0,135000.0,2607000.0,0.9507658643326039,4705000.0,2613000.0,0.0,-1263000.0,7318000.0,7453000.0,1266000.0,52000.0,-4659000.0,-1.6991247264770242,-4711000.0,-1.7180889861415025,0.0,-5974000.0,-2.178701677607586,0.0,-5974000.0,-2.178701677607586,-0.15117525220126501,-0.15117525220126501,39517050,39517050,https://www.sec.gov/Archives/edgar/data/1108205/000110820520000016/0001108205-20-000016-index.htm,https://www.sec.gov/Archives/edgar/data/1108205/000110820520000016/cris-20200930.htm
0,2020-06-30,CRIS,2020-08-04,2020-08-04 16:21:57,Q2,2360000.0,122000.0,2238000.0,0.9483050847457627,5282000.0,2386000.0,0.0,122000.0,7668000.0,7790000.0,5000.0,39000.0,-6664000.0,-2.823729,-5430000.0,-2.300847,-1283000.0,-6708000.0,-2.842373,0.0,-6708000.0,-2.842373,-0.16975,-0.16975,39517050,39517050,https://www.sec.gov/Archives/edgar/data/1108205/000110820520000012/0001108205-20-000012-index.htm,https://www.sec.gov/Archives/edgar/data/1108205/000110820520000012/cris-20200630.htm
0,2020-03-31,CRIS,2020-05-12 00:00:00,2020-05-12 16:15:15,Q1,2709000.0,125000.0,2584000.0,0.953858,7473000.0,3593000.0,0.0,125000.0,11066000,11191000,50000.0,25000.0,-9634000.0,-3.556294,-8482000.0,-3.131045,-1277000.0,-9709000.0,-3.583979,0.0,-9709000.0,-3.583979,-0.2818,-0.2818,34453190,34453190,https://www.sec.gov/Archives/edgar/data/1108205/000110820520000007/0001108205-20-000007-index.htm,https://www.sec.gov/Archives/edgar/data/1108205/000110820520000007/cris-3312020x10q.htm
0,2019-12-31,CRIS,2020-03-19 00:00:00,2020-03-19 16:28:49,Q4,3287000.0,161000.0,3126000.0,0.951019,7462000.0,2998000.0,0.0,158000.0,10460000,10621000,101000.0,27999.999999999996,-8479000.0,-2.579556,-7334000.0,-2.231214,-1375000.0,-8608000.0,-2.618801,0.0,-8608000.0,-2.618801,-0.2592,-0.2592,33209530,33209530,https://www.sec.gov/Archives/edgar/data/1108205/000110820520000003/0001108205-20-000003-index.html,https://www.sec.gov/Archives/edgar/data/1108205/000110820520000003/cris-20191231x10k.htm
0,2019-09-30,CRIS,2019-11-05 00:00:00,2019-11-05 07:37:08,Q3,2856000.0,145000.0,2711000.0,0.94923,5147000.0,2887000.0,0.0,145000.0,8034000.0,8179000.0,-38000.0,30000.0,-6444000.0,-2.256303,-5323000.0,-1.863796,-1283000.0,-6436000.0,-2.253501,0.0,-6436000.0,-2.253501,-0.19384,-0.19384,33202870,33202870,https://www.sec.gov/Archives/edgar/data/1108205/000110820519000020/0001108205-19-000020-index.html,https://www.sec.gov/Archives/edgar/data/1108205/000110820519000020/cris-9302019x10q.htm
0,2019-06-30,CRIS,2019-08-09,2019-08-09 08:15:13,Q2,2094000.0,89000.0,2005000.0,0.957498,5620000.0,2526000.0,0.0,89000.0,8145999.999999999,8234999.999999999,21000.0,32000.0,-7160000.0,-3.419293,-6141000.0,-2.932665,-1287000.0,-7213000.0,-3.444604,0.0,-7213000.0,-3.444604,-0.21756,-0.21756,33154570,33154570,https://www.sec.gov/Archives/edgar/data/1108205/000110820519000013/cris-6302019x10q.htm,https://www.sec.gov/Archives/edgar/data/1108205/000110820519000013/cris-6302019x10q.htm
0,2019-03-31,CRIS,2019-05-14 00:00:00,2019-05-14 16:14:18,Q1,1767000.0,108000.0,1659000.0,0.938879,4074000.0,3143000.0,0.0,108000.0,10712000,10820000,808000.0,35000.0,-9041000.0,-5.116582,-9053000.0,-5.123373,-131000.0,-9884000.0,-5.593662,0.0,-9884000.0,-5.593662,-0.29815,-0.29815,33150870,33150870,https://www.sec.gov/Archives/edgar/data/1108205/000110820519000008/0001108205-19-000008-index.html,https://www.sec.gov/Archives/edgar/data/1108205/000110820519000008/cris-3312019x10q.htm
0,2018-12-31,CRIS,2019-03-26 00:00:00,2019-03-26 17:04:10,Q4,2755000.0,146000.0,2609000.0,0.947005,4713000.0,3044000.0,0.0,183000.0,7757000.0,7903000.0,936000.0,37999.99999999998,-4967000.0,-1.802904,-5148000.0,-1.868603,0.0,-5941000.0,-2.156443,0.0,-5941000.0,-2.156443,-0.17937,-0.17937,33121700,33121700,https://www.sec.gov/Archives/edgar/data/1108205/000110820519000004/0001108205-19-000004-index.html,https://www.sec.gov/Archives/edgar/data/1108205/000110820519000004/cris-20181231x10k.htm
0,2018-09-30,CRIS,2018-11-01 00:00:00,2018-11-01 07:34:49,Q3,2847000.0,154000.0,2693000.0,0.945908,4983000.0,4127000.0,0.0,154000.0,9110000.0,9264000.0,972000.0,39000.00000000001,-6212000.0,-2.181946,-6417000.0,-2.253952,0.0,-7223000.0,-2.537057,0.0,-7223000.0,-2.537057,-0.21781,-0.21781,33161590,33161590,https://www.sec.gov/Archives/edgar/data/1108205/000110820518000017/0001108205-18-000017-index.html,https://www.sec.gov/Archives/edgar/data/1108205/000110820518000017/cris-9302018x10q3.htm
0,2018-06-30,CRIS,2018-08-02 00:00:00,2018-08-02 07:33:16,Q2,2360000.0,130000.0,2220000.0,0.940678,6450000.0,3630000.0,0.0,134000.0,10090000,10220000,993000.0,50000.0,-7617000.0,-3.227542,-7860000.0,-3.330508,0.0,-8660000.0,-3.669492,0.0,-8660000.0,-3.669492,-0.26132,-0.26132,33140000,33140000,https://www.sec.gov/Archives/edgar/data/1108205/000110820518000013/0001108205-18-000013-index.html,https://www.sec.gov/Archives/edgar/data/1108205/000110820518000013/cris-6302018x10q2.htm
0,2018-03-31,CRIS,2018-05-03 00:00:00,2018-05-03 07:07:48,Q1,2470000.0,130000.0,2340000.0,0.947368,8270000.0,3980000.0,0.0,129000.0,12250000,12380000,1025000.0,50000.0,-9675000.0,-3.917004,-9910000.0,-4.012146,0.0,-10750000,-4.352227,0.0,-10750000,-4.352227,-0.32526,-0.32526,33050000,33050000,https://www.sec.gov/Archives/edgar/data/1108205/000110820518000010/0001108205-18-000010-index.html,https://www.sec.gov/Archives/edgar/data/1108205/000110820518000010/cris-3312018x10q1.htm
0,2017-12-31,CRIS,2018-03-08 00:00:00,2018-03-08 08:02:07,Q4,3260000.0,170000.0,3100000.0,0.95092,6920000.0,3310000.0,0.0,61000.0,10220000,10390000,1082000.0,60000.0,-6888000.0,-2.112883,-7130000.0,-2.187117,0.0,-8030000.0,-2.46319,0.0,-8030000.0,-2.46319,-0.24459,-0.24459,32830000,32830000,https://www.sec.gov/Archives/edgar/data/1108205/000110820518000005/0001108205-18-000005-index.html,https://www.sec.gov/Archives/edgar/data/1108205/000110820518000005/cris-20171231x10k.htm
0,2017-09-30,CRIS,2017-11-07 00:00:00,2017-11-07 07:52:21,Q3,2440000.0,120000.0,2320000.0,0.95082,13380000,3410000.0,0.0,124000.0,16800000,16920000,1109000.0,69999.99999999999,-14281000,-5.852869,-14470000,-5.930328,0.0,-15460000,-6.336066,0.0,-15460000,-6.336066,-0.52765,-0.52765,29300000,29300000,https://www.sec.gov/Archives/edgar/data/1108205/000110820517000017/0001108205-17-000017-index.html,https://www.sec.gov/Archives/edgar/data/1108205/000110820517000017/cris-9302017x10q3.htm
0,2017-06-30,CRIS,2017-08-03 00:00:00,2017-08-03 07:30:27,Q2,2060000.0,100000.0,1970000.0,0.956311,11260000,3820000.0,0.0,97000.0,15070000,15170000,1119000.0,50000.0,-12921000,-6.27233,-13110000,-6.364078,0.0,-14090000,-6.839806,0.0,-14090000,-6.839806,-0.48992,-0.48992,28760000,28760000,https://www.sec.gov/Archives/edgar/data/1108205/000110820517000012/0001108205-17-000012-index.html,https://www.sec.gov/Archives/edgar/data/1108205/000110820517000012/cris-6302017x10q2.htm
0,2017-03-31,CRIS,2017-05-04 00:00:00,2017-05-04 07:46:15,Q1,2130000.0,110000.0,2020000.0,0.948357,13540000,3530000.0,0.0,214000.0,17070000,17180000,656000.0,60000.0,-15024000,-7.053521,-15050000,-7.065728,-100000.0,-15740000,-7.389671,0.0,-15740000,-7.389671,-0.55423,-0.55423,28400000,28400000,https://www.sec.gov/Archives/edgar/data/1108205/000110820517000009/0001108205-17-000009-index.html,https://www.sec.gov/Archives/edgar/data/1108205/000110820517000009/cris-3312017x10q1.htm
0,2016-12-31,CRIS,2017-03-09 00:00:00,2017-03-09 08:12:28,Q4,2360000.0,120000.0,2240000.0,0.949153,9390000.0,3610000.0,0.0,121000.0,13010000.000000002,13130000.000000002,651000.0,49999.99999999999,-10629000,-4.503814,-10760000,-4.559322,0.0,-11330000,-4.800847,0.0,-11330000,-4.800847,-0.40249,-0.40249,28150000,28150000,https://www.sec.gov/Archives/edgar/data/1108205/000110820517000006/0001108205-17-000006-index.html,https://www.sec.gov/Archives/edgar/data/1108205/000110820517000006/cris-20161231x10k.htm
0,2016-09-30,CRIS,2016-11-03 00:00:00,2016-11-03 07:40:52,Q3,1760000.0,18080000,-16320000,-9.272727,6780000.0,4680000.0,0.0,94000.0,11470000.000000002,29550000.000000004,658000.0,50000.00000000002,-27642000,-15.705682,-27790000,-15.789773,0.0,-28350000,-16.107955,0.0,-28350000,-16.107955,-1.07346,-1.07346,26410000,26410000,https://www.sec.gov/Archives/edgar/data/1108205/000162828016020671/0001628280-16-020671-index.html,https://www.sec.gov/Archives/edgar/data/1108205/000162828016020671/cris-9302016x10q3.htm
0,2016-06-30,CRIS,2016-08-04 00:00:00,2016-08-04 07:34:56,Q2,1680000.0,100000.0,1590000.0,0.946429,8820000.0,3440000.0,0.0,95227.0,12260000,12360000,728243.0,60000.0,-10501757,-6.251046,-10680000,-6.357143,0.0,-11290000,-6.720238,0.0,-11290000,-6.720238,-0.43675,-0.43675,25850000,25850000,https://www.sec.gov/Archives/edgar/data/1108205/000119312516670967/0001193125-16-670967-index.html,https://www.sec.gov/Archives/edgar/data/1108205/000119312516670967/d161014d10q.htm
0,2016-03-31,CRIS,2016-05-09 00:00:00,2016-05-09 08:01:36,Q1,1730000.0,90000.0,1640000.0,0.947977,6830000.0,3620000.0,0.0,88773.0,10440000,10530000,739757.0,30000.0,-8670243.0,-5.011701,-8810000.0,-5.092486,0.0,-9440000.0,-5.456647,0.0,-9440000.0,-5.456647,-0.36589,-0.36589,25800000,25800000,https://www.sec.gov/Archives/edgar/data/1108205/000119312516582810/0001193125-16-582810-index.html,https://www.sec.gov/Archives/edgar/data/1108205/000119312516582810/d152832d10q.htm
0,2015-12-31,CRIS,2016-02-29 00:00:00,2016-02-29 14:21:02,Q4,2090000.0,100000.0,1990000.0,0.952153,12290000,2940000.0,0.0,102547.0,15240000,15340000,787992.0,40000.00000000001,-12632008,-6.044023,-13250000,-6.339713,550000.0,-13460000,-6.440191,0.0,-13460000,-6.440191,-0.52353,-0.52353,25710000,25710000,https://www.sec.gov/Archives/edgar/data/1108205/000119312516484817/0001193125-16-484817-index.html,https://www.sec.gov/Archives/edgar/data/1108205/000119312516484817/d124290d10k.htm
0,2015-09-30,CRIS,2015-11-09 00:00:00,2015-11-09 10:05:01,Q3,2040000.0,120000.0,1930000.0,0.946078,4000000.0,2770000.0,0.0,116145.0,6770000.0,6890000.0,826710.0,39999.99999999999,-4673290.0,-2.290828,-4840000.0,-2.372549,0.0,-5540000.0,-2.715686,0.0,-5540000.0,-2.715686,-0.21573,-0.21573,25680000,25680000,https://www.sec.gov/Archives/edgar/data/1108205/000119312515371270/0001193125-15-371270-index.html,https://www.sec.gov/Archives/edgar/data/1108205/000119312515371270/d14367d10q.htm
0,2015-06-30,CRIS,2015-08-06 00:00:00,2015-08-06 08:30:29,Q2,2080000.0,100000.0,1980000.0,0.951923,5940000.0,3410000.0,0.0,102972.0,9350000.0,9450000.0,843369.0,40000.0,-7246631.0,-3.483957,-7370000.0,-3.543269,0.0,-8130000.0,-3.908654,0.0,-8130000.0,-3.908654,-0.31671,-0.31671,25670000,25670000,https://www.sec.gov/Archives/edgar/data/1108205/000119312515280043/0001193125-15-280043-index.html,https://www.sec.gov/Archives/edgar/data/1108205/000119312515280043/d938892d10q.htm
0,2015-03-31,CRIS,2015-05-07 00:00:00,2015-05-07 13:51:50,Q1,1660000.0,24430000,-22770000,-13.716867,4720000.0,3530000.0,0.0,84092.0,8250000.0,32680000,866945.0,40000.0,-30943055,-18.640395,-31020000,-18.686747,0.0,-31850000,-19.186747,0.0,-31850000,-19.186747,-1.47522,-1.47522,21590000,21590000,https://www.sec.gov/Archives/edgar/data/1108205/000119312515176676/0001193125-15-176676-index.html,https://www.sec.gov/Archives/edgar/data/1108205/000119312515176676/d909978d10q.htm
0,2014-12-31,CRIS,2015-02-24,2015-02-24 16:07:10,Q4,1990000.0,90000.0,1900000.0,0.954774,3650000.0,3060000.0,0.0,93298.0,6710000.0,6800000.0,913765.0,50000.0,-4726235.0,-2.374992,-4810000.0,-2.417085,0.0,-5690000.0,-2.859296,0.0,-5690000.0,-2.859296,-0.33081,-0.33081,17200000,17200000,https://www.sec.gov/Archives/edgar/data/1108205/000119312515060006/d846591d10k.htm,https://www.sec.gov/Archives/edgar/data/1108205/000119312515060006/d846591d10k.htm
0,2014-09-30,CRIS,2014-11-10 00:00:00,2014-11-10 08:47:22,Q3,1760000.0,90000.0,1680000.0,0.954545,3710000.0,2720000.0,0.0,89295.0,6430000.0,6520000.0,933903.0,39999.99999999999,-4606097.0,-2.617101,-4750000.0,-2.698864,0.0,-5580000.0,-3.170455,0.0,-5580000.0,-3.170455,-0.32442,-0.32442,17200000,17200000,https://www.sec.gov/Archives/edgar/data/1108205/000119312514404759/0001193125-14-404759-index.html,https://www.sec.gov/Archives/edgar/data/1108205/000119312514404759/d793244d10q.htm
0,2014-06-30,CRIS,2014-08-07 00:00:00,2014-08-07 15:06:21,Q2,4800000.0,90000.0,4710000.0,0.98125,3330000.0,2930000.0,0.0,91837.0,6260000.0,6350000.0,949730.0,30000.000000000007,-920270.0,-0.191723,-1540000.0,-0.320833,0.0,-1900000.0,-0.395833,0.0,-1900000.0,-0.395833,-0.11053,-0.11053,17190000,17190000,https://www.sec.gov/Archives/edgar/data/1108205/000119312514300506/0001193125-14-300506-index.html,https://www.sec.gov/Archives/edgar/data/1108205/000119312514300506/d743353d10q.htm
0,2014-03-31,CRIS,2014-05-09 00:00:00,2014-05-09 10:54:25,Q1,1280000.0,70000.0,1220000.0,0.953125,3150000.0,2830000.0,0.0,65148.0,5970000.0,6040000.0,950976.0,40000.0,-4569024.0,-3.56955,-4750000.0,-3.710938,0.0,-5560000.0,-4.34375,0.0,-5560000.0,-4.34375,-0.32363,-0.32363,17180000,17180000,https://www.sec.gov/Archives/edgar/data/1108205/000119312514191561/0001193125-14-191561-index.html,https://www.sec.gov/Archives/edgar/data/1108205/000119312514191561/d706926d10q.htm
0,2013-12-31,CRIS,2014-03-13,2014-03-13 16:05:50,Q4,1520000.0,70000.0,1450000.0,0.953947,2960000.0,2980000.0,0.0,70297.0,5939999.999999999,6009999.999999999,971559.0,40000.00000000001,-3188441.0,-2.097659,-4480000.0,-2.947368,0.0,-4200000.0,-2.763158,0.0,-4200000.0,-2.763158,-0.24518,-0.24518,17130000,17130000,https://www.sec.gov/Archives/edgar/data/1108205/000119312514097662/d635982d10k.htm,https://www.sec.gov/Archives/edgar/data/1108205/000119312514097662/d635982d10k.htm
0,2013-09-30,CRIS,2013-11-12 00:00:00,2013-11-12 12:12:28,Q3,7200000.0,50000.0,7150000.0,0.993056,4170000.0,2850000.0,0.0,54014.0,7020000.000000001,7070000.000000001,964543.0,30000.0,-875457.0,-0.121591,130000.0,0.018056,0.0,-1870000.0,-0.259722,0.0,-1870000.0,-0.259722,-0.1134,-0.1134,16490000,16490000,https://www.sec.gov/Archives/edgar/data/1108205/000119312513437655/0001193125-13-437655-index.html,https://www.sec.gov/Archives/edgar/data/1108205/000119312513437655/d595342d10q.htm
0,2013-06-30,CRIS,2013-08-08 00:00:00,2013-08-08 11:40:54,Q2,5400000.0,40000.0,5360000.0,0.992593,3170000.0,2900000.0,0.0,40265.0,6070000.0,6110000.0,957742.0,40000.00000000001,-292258.0,-0.054122,-710000.0,-0.131481,0.0,-1290000.0,-0.238889,0.0,-1290000.0,-0.238889,-0.07948,-0.07948,16230000,16230000,https://www.sec.gov/Archives/edgar/data/1108205/000119312513326082/0001193125-13-326082-index.html,https://www.sec.gov/Archives/edgar/data/1108205/000119312513326082/d543455d10q.htm
0,2013-03-31,CRIS,2013-05-09 00:00:00,2013-05-09 13:09:45,Q1,870000.0,30000.0,840000.0,0.965517,2630000.0,2570000.0,0.0,33220.0,5200000.0,5230000.0,947802.0,30000.0,-3982198.0,-4.577239,-4360000.0,-5.011494,0.0,-4960000.0,-5.701149,0.0,-4960000.0,-5.701149,-0.30961,-0.30961,16020000,16020000,https://www.sec.gov/Archives/edgar/data/1108205/000119312513210189/0001193125-13-210189-index.html,https://www.sec.gov/Archives/edgar/data/1108205/000119312513210189/d508011d10q.htm
0,2012-12-31,CRIS,2013-03-13 00:00:00,2013-03-13 09:41:06,Q4,1690000.0,9530000.0,-7840000.0,-4.639053,2710000.0,2880000.0,0.0,1061297000,5590000.0,15120000,204167.0,40000.00000000001,-12125833,-7.175049,-13430000,-7.946746,0.0,-12370000,-7.319527,0.0,-12370000,-7.319527,-0.77313,-0.77313,16000000,16000000,https://www.sec.gov/Archives/edgar/data/1108205/000119312513104455/0001193125-13-104455-index.html,https://www.sec.gov/Archives/edgar/data/1108205/000119312513104455/d444104d10k.htm
0,2012-09-30,CRIS,2012-11-06 00:00:00,2012-11-06 11:31:12,Q3,580000.0,20000.0,560000.0,0.965517,3040000.0,2470000.0,0.0,1575908000,5520000.000000001,5540000.000000001,1580000.0,30000.0,-1780000.0,-3.068966,-4960000.0,-8.551724,0.0,-3390000.0,-5.844828,0.0,-3390000.0,-5.844828,-0.21281,-0.21281,15930000,15930000,https://www.sec.gov/Archives/edgar/data/1108205/000119312512453634/0001193125-12-453634-index.html,https://www.sec.gov/Archives/edgar/data/1108205/000119312512453634/d398706d10q.htm
0,2012-06-30,CRIS,2012-08-09 00:00:00,2012-08-09 07:01:14,Q2,4350000.0,10000.0,4340000.0,0.997701,4500000.0,2260000.0,0.0,-113531.0,6770000.000000001,6780000.000000001,-460000.0,30000.0,-3320000.0,-0.763218,-2430000.0,-0.558621,0.0,-2890000.0,-0.664368,0.0,-2890000.0,-0.664368,-0.1828,-0.1828,15810000,15810000,https://www.sec.gov/Archives/edgar/data/1108205/000119312512345451/0001193125-12-345451-index.html,https://www.sec.gov/Archives/edgar/data/1108205/000119312512345451/d351853d10q.htm
0,2012-03-31,CRIS,2012-05-10 00:00:00,2012-05-10 14:06:56,Q1,10360000,110000.0,10240000,0.988417,5240000.0,2800000.0,0.0,113531.0,8050000.0,8160000.0,30000.0,30000.0,2290000.0,0.221042,2200000.0,0.212355,0.0,2230000.0,0.215251,0.0,2230000.0,0.215251,0.13377,0.13377,16670000,16670000,https://www.sec.gov/Archives/edgar/data/1108205/000119312512224909/0001193125-12-224909-index.html,https://www.sec.gov/Archives/edgar/data/1108205/000119312512224909/d317232d10q.htm
0,2011-12-31,CRIS,2012-02-29 00:00:00,2012-02-29 16:05:40,Q4,14090000,0.0,0.0,1.0,4450000.0,2080000.0,0.0,-1503232000,6520000.0,6520000.0,-1500000.0,30000.0,4590000.0,0.325763,7570000.0,0.53726,0.0,6060000.0,0.430092,0.0,6060000.0,0.430092,0.37246,0.37246,16270000,16270000,https://www.sec.gov/Archives/edgar/data/1108205/000119312512089082/0001193125-12-089082-index.html,https://www.sec.gov/Archives/edgar/data/1108205/000119312512089082/d270464d10k.htm
0,2011-09-30,CRIS,2011-10-31 00:00:00,2011-10-31 14:38:40,Q3,150000.0,0.0,150000.0,1.0,3040000.0,1920000.0,0.0,609780000,4960000.0,4960000.0,610000.0,30000.0,-3570000.0,-23.8,-4820000.0,-32.133333,0.0,-4210000.0,-28.066667,0.0,-4210000.0,-28.066667,-0.27498,-0.27498,15310000,15310000,https://www.sec.gov/Archives/edgar/data/1108205/000119312511288471/0001193125-11-288471-index.html,https://www.sec.gov/Archives/edgar/data/1108205/000119312511288471/d232526d10q.htm
0,2011-06-30,CRIS,2011-08-04 00:00:00,2011-08-04 15:15:51,Q2,390000.0,0.0,0.0,1.0,3140000.0,1870000.0,0.0,-295099000,5010000.0,5010000.0,-300000.0,30000.000000000004,-5180000.0,-13.282051,-4620000.0,-11.846154,0.0,-4910000.0,-12.589744,0.0,-4910000.0,-12.589744,-0.32134,-0.32134,15280000,15280000,https://www.sec.gov/Archives/edgar/data/1108205/000119312511210183/0001193125-11-210183-index.html,https://www.sec.gov/Archives/edgar/data/1108205/000119312511210183/d10q.htm
0,2011-03-31,CRIS,2011-04-28 00:00:00,2011-04-28 13:33:30,Q1,130000.0,0.0,0.0,1.0,3060000.0,2410000.0,0.0,-1467841000,5470000.0,5470000.0,-1470000.0,20000.0,-8250000.0,-63.461538,-5330000.0,-41.0,0.0,-6800000.0,-52.307692,0.0,-6800000.0,-52.307692,-0.44825,-0.44825,15170000,15170000,https://www.sec.gov/Archives/edgar/data/1108205/000119312511114220/0001193125-11-114220-index.html,https://www.sec.gov/Archives/edgar/data/1108205/000119312511114220/d10q.htm
0,2010-12-31,CRIS,2011-03-08,2011-03-08 16:08:12,Q4,100000.0,0.0,0.0,1.0,3650000.0,2060000.0,0.0,0.0,5710000.0,5710000.0,-490000.0,169999.99999999994,-5930000.0,-59.3,-5610000.0,-56.1,490000.0,-5610000.0,-56.1,0.0,-5610000.0,-56.1,-0.37079,-0.37079,15130000,15130000,https://www.sec.gov/Archives/edgar/data/1108205/000119312511059249/d10k.htm,https://www.sec.gov/Archives/edgar/data/1108205/000119312511059249/d10k.htm
0,2010-09-30,CRIS,2010-10-28 00:00:00,2010-10-28 15:46:58,Q3,3240000.0,0.0,0.0,1.0,3010000.0,2000000.0,0.0,0.0,5010000.0,5010000.0,250000.0,160000.00000000003,-1100000.0,-0.339506,-1760000.0,-0.54321,0.0,-1510000.0,-0.466049,0.0,-1510000.0,-0.466049,-0.09987,-0.09987,15120000,15120000,https://www.sec.gov/Archives/edgar/data/1108205/000119312510239672/0001193125-10-239672-index.html,https://www.sec.gov/Archives/edgar/data/1108205/000119312510239672/d10q.htm
0,2010-06-30,CRIS,2010-08-03 00:00:00,2010-08-03 15:26:16,Q2,100000.0,0.0,0.0,1.0,2240000.0,1780000.0,0.0,879820000,4030000.0,4030000.0,1830000.0,180000.0,-90000.0,-0.9,-3930000.0,-39.3,0.0,-2100000.0,-21.0,0.0,-2100000.0,-21.0,-0.13889,-0.13889,15120000,15120000,https://www.sec.gov/Archives/edgar/data/1108205/000119312510175149/0001193125-10-175149-index.html,https://www.sec.gov/Archives/edgar/data/1108205/000119312510175149/d10q.htm
0,2010-03-31,CRIS,2010-05-06 00:00:00,2010-05-06 15:55:26,Q1,12560000,0.0,0.0,1.0,2470000.0,4430000.0,0.0,-879820000,6890000.0,6890000.0,-880000.0,180000.0,4080000.0,0.324841,5660000.0,0.450637,0.0,4780000.0,0.380573,0.0,4780000.0,0.380573,0.31324,0.31324,15260000,15260000,https://www.sec.gov/Archives/edgar/data/1108205/000119312510110812/0001193125-10-110812-index.html,https://www.sec.gov/Archives/edgar/data/1108205/000119312510110812/d10q.htm
0,2009-12-31,CRIS,2010-03-03 00:00:00,2010-03-03 16:25:32,Q4,1720000.0,0.0,0.0,1.0,2440000.0,2010000.0,0.0,0.0,4450000.0,4450000.0,20000.0,180000.00000000006,-2510000.0,-1.459302,-2730000.0,-1.587209,0.0,-2710000.0,-1.575581,0.0,-2710000.0,-1.575581,-0.2033,-0.2033,13330000,13330000,https://www.sec.gov/Archives/edgar/data/1108205/000119312510046906/0001193125-10-046906-index.html,https://www.sec.gov/Archives/edgar/data/1108205/000119312510046906/d10k.htm
0,2009-09-30,CRIS,2009-10-29 00:00:00,2009-10-29 15:27:24,Q3,770000.0,0.0,0.0,1.0,2300000.0,2570000.0,0.0,0.0,4860000.0,4860000.0,40000.0,189999.99999999994,-3830000.0,-4.974026,-4100000.0,-5.324675,0.0,-4060000.0,-5.272727,0.0,-4060000.0,-5.272727,-0.30642,-0.30642,13250000,13250000,https://www.sec.gov/Archives/edgar/data/1108205/000119312509217368/0001193125-09-217368-index.html,https://www.sec.gov/Archives/edgar/data/1108205/000119312509217368/d10q.htm
0,2009-06-30,CRIS,2009-07-30 00:00:00,2009-07-30 12:51:58,Q2,60000.0,0.0,0.0,1.0,2280000.0,2030000.0,0.0,0.0,4310000.0,4310000.0,70000.0,190000.0,-3920000.0,-65.333333,-4250000.0,-70.833333,0.0,-4180000.0,-69.666667,0.0,-4180000.0,-69.666667,-0.32836,-0.32836,12730000,12730000,https://www.sec.gov/Archives/edgar/data/1108205/000119312509159218/0001193125-09-159218-index.html,https://www.sec.gov/Archives/edgar/data/1108205/000119312509159218/d10q.htm
0,2009-03-31,CRIS,2009-05-05 00:00:00,2009-05-05 15:27:16,Q1,6040000.0,0.0,0.0,1.0,2920000.0,2100000.0,0.0,0.0,5010000.0,5010000.0,100000.0,190000.0,1420000.0,0.235099,1030000.0,0.17053,0.0,1130000.0,0.187086,0.0,1130000.0,0.187086,0.08254,0.08254,13690000,13690000,https://www.sec.gov/Archives/edgar/data/1108205/000119312509099822/0001193125-09-099822-index.html,https://www.sec.gov/Archives/edgar/data/1108205/000119312509099822/d10q.htm
0,2008-12-31,CRIS,2009-02-26 00:00:00,2009-02-26 14:10:42,Q4,3100000.0,0.0,0.0,1.0,3550000.0,1860000.0,0.0,355000.0,5410000.0,5410000.0,150000.0,240000.0,-1770000.0,-0.570968,-2300000.0,-0.741935,0.0,-2160000.0,-0.696774,0.0,-2160000.0,-0.696774,-0.17008,-0.17008,12700000,12700000,https://www.sec.gov/Archives/edgar/data/1108205/000119312509038832/0001193125-09-038832-index.html,https://www.sec.gov/Archives/edgar/data/1108205/000119312509038832/d10k.htm
0,2008-09-30,CRIS,2008-10-28 00:00:00,2008-10-28 14:24:14,Q3,90000.0,0.0,0.0,1.0,3000000.0,1860000.0,0.0,855000.0,4860000.0,4860000.0,200000.0,250000.0,-4120000.0,-45.777778,-4780000.0,-53.111111,0.0,-4570000.0,-50.777778,0.0,-4570000.0,-50.777778,-0.36013,-0.36013,12690000,12690000,https://www.sec.gov/Archives/edgar/data/1108205/000119312508217818/0001193125-08-217818-index.html,https://www.sec.gov/Archives/edgar/data/1108205/000119312508217818/d10q.htm
0,2008-06-30,CRIS,2008-07-30 00:00:00,2008-07-30 12:46:02,Q2,3110000.0,0.0,0.0,1.0,3200000.0,2130000.0,0.0,8927000.0,5330000.0,5330000.0,44000.0,250000.0,-1666000.0,-0.535691,-2220000.0,-0.713826,0.0,-1960000.0,-0.630225,0.0,-1960000.0,-0.630225,-0.1547,-0.1547,12670000,12670000,https://www.sec.gov/Archives/edgar/data/1108205/000119312508161094/0001193125-08-161094-index.html,https://www.sec.gov/Archives/edgar/data/1108205/000119312508161094/d10q.htm
0,2008-03-31,CRIS,2008-04-30 00:00:00,2008-04-30 12:18:56,Q1,2070000.0,0.0,0.0,1.0,3480000.0,2420000.0,0.0,0.0,5890000.0,5890000.0,3810000.0,260000.0,640000.0,0.309179,-3820000.0,-1.845411,10000.0,-3430000.0,-1.657005,0.0,-3430000.0,-1.657005,-0.27115,-0.27115,12650000,12650000,https://www.sec.gov/Archives/edgar/data/1108205/000119312508096763/0001193125-08-096763-index.html,https://www.sec.gov/Archives/edgar/data/1108205/000119312508096763/d10q.htm
0,2007-12-31,CRIS,2008-03-14,2008-03-14 15:45:04,Q4,11490000,0.0,0.0,1.0,5230000.0,2440000.0,0.0,1056000.0,7680000.0,7680000.0,9803000.0,250000.0,14353000,1.249173,3810000.0,0.331593,0.0,4300000.0,0.374238,0.0,4300000.0,0.374238,0.34019,0.34019,12640000,12640000,https://www.sec.gov/Archives/edgar/data/1108205/000119312508057344/d10k.htm,https://www.sec.gov/Archives/edgar/data/1108205/000119312508057344/d10k.htm
0,2007-09-30,CRIS,2007-10-30 00:00:00,2007-10-30 13:22:52,Q3,1310000.0,0.0,0.0,1.0,3200000.0,2230000.0,0.0,-889000.0,5430000.0,5430000.0,17925000,260000.0,14465000,11.041985,-4120000.0,-3.145038,0.0,-3720000.0,-2.839695,0.0,-3720000.0,-2.839695,-0.3232,-0.3232,11510000,11510000,https://www.sec.gov/Archives/edgar/data/1108205/000119312507229373/0001193125-07-229373-index.html,https://www.sec.gov/Archives/edgar/data/1108205/000119312507229373/d10q.htm
0,2007-06-30,CRIS,2007-07-31 00:00:00,2007-07-31 11:10:52,Q2,1230000.0,0.0,0.0,1.0,3050000.0,2360000.0,0.0,-113811000,5410000.0,5410000.0,24140000,310000.00000000006,20450000,16.626016,-4180000.0,-3.398374,-130000.0,-4000000.0,-3.252033,0.0,-4000000.0,-3.252033,-0.40486,-0.40486,9880000.0,9880000.0,https://www.sec.gov/Archives/edgar/data/1108205/000119312507166238/0001193125-07-166238-index.html,https://www.sec.gov/Archives/edgar/data/1108205/000119312507166238/d10q.htm
0,2007-03-31,CRIS,2007-05-02 00:00:00,2007-05-02 08:09:00,Q1,2360000.0,0.0,0.0,1.0,3300000.0,2950000.0,0.0,0.0,6250000.0,6250000.0,32975000,480000.0,29915000,12.675847,-3880000.0,-1.644068,10000.0,-3540000.0,-1.5,0.0,-3540000.0,-1.5,-0.35866,-0.35866,9870000.0,9870000.0,https://www.sec.gov/Archives/edgar/data/1108205/000119312507098706/0001193125-07-098706-index.html,https://www.sec.gov/Archives/edgar/data/1108205/000119312507098706/d10q.htm
0,2006-12-31,CRIS,2007-03-02,2007-03-02 14:26:26,Q4,6070000.0,0.0,0.0,1.0,3600000.0,2220000.0,0.0,1422000.0,5820000.0,5820000.0,-1422000.0,439999.99999999994,-302000.00000000006,-0.049753,250000.0,0.041186,30000.0,680000.0,0.112026,0.0,680000.0,0.112026,0.06883,0.06883,9880000.0,9880000.0,https://www.sec.gov/Archives/edgar/data/1108205/000119312507045291/d10k.htm,https://www.sec.gov/Archives/edgar/data/1108205/000119312507045291/d10k.htm
0,2006-09-30,CRIS,2006-11-09,2006-11-09 09:22:20,Q3,4270000.0,0.0,0.0,1.0,3670000.0,2300000.0,0.0,-178532000,5970000.0,5970000.0,61238000,309999.99999999994,60008000,14.053396,-1700000.0,-0.398126,-180000.0,-1540000.0,-0.360656,0.0,-1540000.0,-0.360656,-0.15666,-0.15666,9830000.0,9830000.0,https://www.sec.gov/Archives/edgar/data/1108205/000119312506229474/d10q.htm,https://www.sec.gov/Archives/edgar/data/1108205/000119312506229474/d10q.htm
0,2006-06-30,CRIS,2006-07-28,2006-07-28 11:58:34,Q2,2550000.0,0.0,0.0,1.0,3840000.0,2960000.0,0.0,0.0,6810000.0,6810000.0,66630000,340000.0,63040000,24.721569,-4250000.0,-1.666667,0.0,-3930000.0,-1.541176,0.0,-3930000.0,-1.541176,-0.40061,-0.40061,9810000.0,9810000.0,https://www.sec.gov/Archives/edgar/data/1108205/000119312506155670/d10q.htm,https://www.sec.gov/Archives/edgar/data/1108205/000119312506155670/d10q.htm
0,2006-03-31,CRIS,2006-05-10,2006-05-10 16:01:49,Q1,2040000.0,0.0,0.0,1.0,3490000.0,2890000.0,0.0,0.0,6390000.0,6390000.0,72121000,350000.00000000006,68421000,33.539706,-4350000.0,-2.132353,0.0,-4050000.0,-1.985294,0.0,-4050000.0,-1.985294,-0.41453,-0.41453,9770000.0,9770000.0,https://www.sec.gov/Archives/edgar/data/1108205/000119312506070818/d10k.htm,https://www.sec.gov/Archives/edgar/data/1108205/000119312506070818/d10k.htm
0,2005-12-31,CRIS,2006-03-31,2006-03-31 17:16:33,Q4,3510000.0,0.0,0.0,1.0,3300000.0,1950000.0,0.0,1321000.0,5260000.0,5260000.0,-1321000.0,289999.9999999999,-2391000.0,-0.681197,-1750000.0,-0.498575,100000.0,-1360000.0,-0.387464,0.0,-1360000.0,-0.387464,-0.14093,-0.14093,9650000.0,9650000.0,https://www.sec.gov/Archives/edgar/data/1108205/000119312506070818/d10k.htm,https://www.sec.gov/Archives/edgar/data/1108205/000119312506070818/d10k.htm
0,2005-09-30,CRIS,2005-11-14,2005-11-14 12:55:20,Q3,2070000.0,0.0,0.0,1.0,3690000.0,1830000.0,0.0,0.0,5540000.0,5540000.0,92843000,300000.00000000006,89893000,43.42657,-3480000.0,-1.681159,0.0,-3250000.0,-1.570048,0.0,-3250000.0,-1.570048,-0.33714,-0.33714,9640000.0,9640000.0,https://www.sec.gov/Archives/edgar/data/1108205/000119312505225306/d10q.htm,https://www.sec.gov/Archives/edgar/data/1108205/000119312505225306/d10q.htm
0,2005-06-30,CRIS,2005-08-09,2005-08-09 08:01:57,Q2,1250000.0,0.0,0.0,1.0,3670000.0,2610000.0,0.0,0.0,6290000.0,6290000.0,89135000,210000.0,84485000,67.588,-5050000.0,-4.04,0.0,-4860000.0,-3.888,0.0,-4860000.0,-3.888,-0.50678,-0.50678,9590000.0,9590000.0,https://www.sec.gov/Archives/edgar/data/1108205/000119312505161707/d10q.htm,https://www.sec.gov/Archives/edgar/data/1108205/000119312505161707/d10q.htm
0,2005-03-31,CRIS,2005-04-29,2005-04-29 14:25:05,Q1,-820000.0,0.0,0.0,-1.0,3050000.0,1700000.0,0.0,0.0,4770000.0,4770000.0,81541000,220000.0,76381000,-93.147561,-5590000.0,6.817073,30000.0,-5380000.0,6.560976,0.0,-5380000.0,6.560976,-0.56217,-0.56217,9570000.0,9570000.0,https://www.sec.gov/Archives/edgar/data/1108205/000119312505050973/d10k.htm,https://www.sec.gov/Archives/edgar/data/1108205/000119312505050973/d10k.htm
0,2004-12-31,CRIS,2005-03-15 00:00:00,2005-03-15 15:40:05,Q4,1190000.0,0.0,0.0,1.0,3280000.0,1300000.0,0.0,1591681000,4600000.0,4600000.0,104383000,190000.00000000006,102623000,86.237815,-3410000.0,-2.865546,1360000.0,-1950000.0,-1.638655,0.0,-1950000.0,-1.638655,-0.21547,-0.21547,9050000.0,9050000.0,https://www.sec.gov/Archives/edgar/data/1108205/000119312505050973/0001193125-05-050973-index.html,https://www.sec.gov/Archives/edgar/data/1108205/000119312505050973/d10k.htm
0,2004-09-30,CRIS,2004-10-26 00:00:00,2004-10-26 08:19:49,Q3,1170000.0,0.0,0.0,1.0,3320000.0,2140000.0,0.0,0.0,5480000.0,5480000.0,102474000,270000.0,98484000,84.174359,-4310000.0,-3.683761,40000.0,-4260000.0,-3.641026,0.0,-4260000.0,-3.641026,-0.51202,-0.51202,8320000.0,8320000.0,https://www.sec.gov/Archives/edgar/data/1108205/000119312504177786/0001193125-04-177786-index.html,https://www.sec.gov/Archives/edgar/data/1108205/000119312504177786/d10q.htm
0,2004-06-30,CRIS,2004-07-20 00:00:00,2004-07-20 09:43:23,Q2,800000.0,0.0,0.0,1.0,3260000.0,2110000.0,0.0,0.0,5380000.0,5380000.0,92932000,300000.0,88702000,110.8775,-4580000.0,-5.725,40000.0,-4530000.0,-5.6625,0.0,-4530000.0,-5.6625,-0.54317,-0.54317,8340000.0,8340000.0,https://www.sec.gov/Archives/edgar/data/1108205/000119312504120669/0001193125-04-120669-index.html,https://www.sec.gov/Archives/edgar/data/1108205/000119312504120669/d10q.htm
0,2004-03-31,CRIS,2004-04-28 00:00:00,2004-04-28 09:26:31,Q1,540000.0,0.0,0.0,1.0,2800000.0,2220000.0,0.0,0.0,5030000.0,5030000.0,111347000,320000.0,107327000,198.753704,-4490000.0,-8.314815,150000.0,-4340000.0,-8.037037,0.0,-4340000.0,-8.037037,-0.52798,-0.52798,8220000.0,8220000.0,https://www.sec.gov/Archives/edgar/data/1108205/000119312504071660/0001193125-04-071660-index.html,https://www.sec.gov/Archives/edgar/data/1108205/000119312504071660/d10q.htm
0,2003-12-31,CRIS,2004-03-01 00:00:00,2004-02-27 19:07:12,Q4,760000.0,0.0,0.0,1.0,3860000.0,1810000.0,0.0,-1737457000,5690000.0,5690000.0,694104000,329999.9999999998,687504000,904.610526,-4930000.0,-6.486842,-2000000.0,-6930000.0,-9.118421,0.0,-6930000.0,-9.118421,-0.85661,-0.85661,8090000.0,8090000.0,https://www.sec.gov/Archives/edgar/data/1108205/000119312504031548/0001193125-04-031548-index.html,https://www.sec.gov/Archives/edgar/data/1108205/000119312504031548/d10k.htm
0,2003-09-30,CRIS,2003-11-12 00:00:00,2003-11-12 16:46:20,Q3,9310000.0,0.0,0.0,1.0,2820000.0,1940000.0,0.0,292402000,4780000.0,4780000.0,-40000.0,370000.0000000001,4880000.0,0.524168,4520000.0,0.485499,70000.0,4550000.0,0.488722,0.0,4550000.0,0.488722,0.54102,0.54102,8410000.0,8410000.0,https://www.sec.gov/Archives/edgar/data/1108205/000119312503078575/0001193125-03-078575-index.html,https://www.sec.gov/Archives/edgar/data/1108205/000119312503078575/d10q.htm
0,2003-06-30,CRIS,2003-08-08 00:00:00,2003-08-07 19:49:54,Q2,550000.0,0.0,0.0,1.0,3450000.0,2290000.0,0.0,0.0,5760000.0,5760000.0,-90000.0,390000.0,-4650000.0,-8.454545,-5210000.0,-9.472727,360000.0,-4950000.0,-9.0,0.0,-4950000.0,-9.0,-0.73881,-0.73881,6700000.0,6700000.0,https://www.sec.gov/Archives/edgar/data/1108205/000119312503031151/0001193125-03-031151-index.html,https://www.sec.gov/Archives/edgar/data/1108205/000119312503031151/d10q.htm
0,2003-03-31,CRIS,2003-05-07 00:00:00,2003-05-07 17:15:58,Q1,440000.0,0.0,0.0,1.0,2740000.0,1970000.0,0.0,0.0,4730000.0,4730000.0,-120000.0,420000.00000000006,-3990000.0,-9.068182,-4300000.0,-9.772727,130000.0,-4290000.0,-9.75,0.0,-4290000.0,-9.75,-0.67559,-0.67559,6350000.0,6350000.0,https://www.sec.gov/Archives/edgar/data/1108205/000092701603002448/0000927016-03-002448-index.html,https://www.sec.gov/Archives/edgar/data/1108205/000092701603002448/d10q.htm
0,2002-12-31,CRIS,2003-03-14 00:00:00,2003-03-14 17:22:24,Q4,17820000,0.0,0.0,1.0,2440000.0,1980000.0,0.0,-473820000,4710000.0,4710000.0,946867000,750000.0,959867000,53.86459,13110000,0.73569,230000.0,12250000,0.68743,0.0,12250000,0.68743,1.72293,1.72293,7110000.0,7110000.0,https://www.sec.gov/Archives/edgar/data/1108205/000092701603001100/0000927016-03-001100-index.html,https://www.sec.gov/Archives/edgar/data/1108205/000092701603001100/d10k.htm
0,2002-09-30,CRIS,2002-11-12 00:00:00,2002-11-12 17:12:08,Q3,220000.0,0.0,0.0,0.0,2880000.0,2020000.0,0.0,0.0,4960000.0,4960000.0,-980000.0,510000.0,-6220000.0,-28.272727,-4740000.0,-21.545455,-40000.0,-5750000.0,-26.136364,0.0,-5750000.0,-26.136364,-0.8819,-0.8819,6520000.0,6520000.0,https://www.sec.gov/Archives/edgar/data/1108205/000092701602005405/0000927016-02-005405-index.html,https://www.sec.gov/Archives/edgar/data/1108205/000092701602005405/d10q.htm
0,2002-06-30,CRIS,2002-08-14 00:00:00,2002-08-14 16:27:29,Q2,190000.0,0.0,0.0,0.0,3900000.0,2410000.0,0.0,0.0,70630000,70630000,-1080000.0,530000.0,-71540000,-376.526316,-70440000,-370.736842,530000.0,-70990000,-373.631579,0.0,-70990000,-373.631579,-10.97218,-10.97218,6470000.0,6470000.0,https://www.sec.gov/Archives/edgar/data/1108205/000092701602004138/0000927016-02-004138-index.html,https://www.sec.gov/Archives/edgar/data/1108205/000092701602004138/d10q.txt
0,2002-03-31,CRIS,2002-05-15 00:00:00,2002-05-15 13:45:45,Q1,160000.0,0.0,0.0,0.0,4840000.0,3920000.0,0.0,0.0,17470000,17470000,-1160000.0,649999.9999999999,-18330000,-114.5625,-17320000,-108.25,660000.0,-17820000,-111.375,0.0,-17820000,-111.375,-2.75425,-2.75425,6470000.0,6470000.0,https://www.sec.gov/Archives/edgar/data/1108205/000092701602002892/0000927016-02-002892-index.html,https://www.sec.gov/Archives/edgar/data/1108205/000092701602002892/d10q.txt
0,2001-12-31,CRIS,,,Q4,350000.0,0.0,0.0,0.0,6170000.0,3920000.0,0.0,0.0,15950000,15950000,-760000.0,7340000.0,-9680000.0,-27.657143,-15600000,-44.571429,100000.0,-16260000,-46.457143,0.0,-16260000,-46.457143,-2.51703,-2.51703,6460000.0,6460000.0,,
0,2001-09-30,CRIS,2001-11-14 00:00:00,2001-11-14 00:00:00,Q3,290000.0,0.0,0.0,0.0,6900000.0,4180000.0,0.0,0.0,16910000,16910000,-12700000,6360000.0,-34870000,-120.241379,-16620000,-57.310345,800000.0,-28530000,-98.37931,0.0,-28530000,-98.37931,-4.43701,-4.43701,6430000.0,6430000.0,https://www.sec.gov/Archives/edgar/data/1108205/000092701601503767/0000927016-01-503767-index.html,https://www.sec.gov/Archives/edgar/data/1108205/000092701601503767/d10q.txt
0,2001-06-30,CRIS,2001-08-14 00:00:00,2001-08-14 00:00:00,Q2,200000.0,0.0,0.0,0.0,7890000.0,6340000.0,0.0,0.0,20060000,20060000,-160000.0,6490000.0,-12950000,-64.75,-19850000,-99.25,740000.0,-19280000,-96.4,0.0,-19280000,-96.4,-3.05547,-3.05547,6310000.0,6310000.0,https://www.sec.gov/Archives/edgar/data/1108205/000092701601502500/0000927016-01-502500-index.html,https://www.sec.gov/Archives/edgar/data/1108205/000092701601502500/d10q.txt
0,2001-03-31,CRIS,2001-05-10 00:00:00,2001-05-10 00:00:00,Q1,250000.0,0.0,0.0,0.0,8110000.0,6410000.0,0.0,0.0,20350000,20350000,-200000.0,6440000.0,-11570000,-46.28,-20100000,-80.4,2490000.0,-17810000,-71.24,0.0,-17810000,-71.24,-2.83148,-2.83148,6290000.0,6290000.0,https://www.sec.gov/Archives/edgar/data/1108205/000092701601500874/0000927016-01-500874-index.html,https://www.sec.gov/Archives/edgar/data/1108205/000092701601500874/d10q.txt
0,2000-12-31,CRIS,2001-03-30 00:00:00,2001-03-30 00:00:00,Q4,280000.0,0.0,0.0,0.0,7380000.0,6790000.0,0.0,0.0,19630000,19630000,-400000.0,1859999.9999999993,-17670000,-63.107143,-19350000,-69.107143,620000.0,-19130000,-68.321429,0.0,-19130000,-68.321429,-3.56903,-3.56903,5360000.0,5360000.0,https://www.sec.gov/Archives/edgar/data/1108205/000092701601001616/0000927016-01-001616-index.html,https://www.sec.gov/Archives/edgar/data/1108205/000092701601001616/0000927016-01-001616-0001.txt
0,2000-09-30,CRIS,2000-11-14 00:00:00,2000-11-14 00:00:00,Q3,70000.0,0.0,0.0,0.0,6060000.0,13400000,0.0,0.0,323340000,323340000,0.0,8780000.000000002,-314090000,-4487.0,-323270000,-4618.142857,400000.0,-322870000,-4612.428571,0.0,-322870000,-4612.428571,-75.96941,-75.96941,4250000.0,4250000.0,https://www.sec.gov/Archives/edgar/data/1108205/000092701600004024/0000927016-00-004024-index.html,https://www.sec.gov/Archives/edgar/data/1108205/000092701600004024/0000927016-00-004024-0001.txt
