,date,symbol,fillingDate,acceptedDate,period,revenue,costOfRevenue,grossProfit,grossProfitRatio,researchAndDevelopmentExpenses,generalAndAdministrativeExpenses,sellingAndMarketingExpenses,otherExpenses,operatingExpenses,costAndExpenses,interestExpense,depreciationAndAmortization,ebitda,ebitdaratio,operatingIncome,operatingIncomeRatio,totalOtherIncomeExpensesNet,incomeBeforeTax,incomeBeforeTaxRatio,incomeTaxExpense,netIncome,netIncomeRatio,eps,epsdiluted,weightedAverageShsOut,weightedAverageShsOutDil,link,finalLink
0,2019-09-31,GV.PA,,2019-09-31,Q3,559750.0,329750.0,230000.0,2.4336956521739133,0.0,557750.0,0.0,0.0,52250.0,1615250.0,500.0,111250.0,-945500.0,-0.5920148069804336,-1055500.0,-0.530317385125533,0.0,-1152000.0,-0.4858940972222222,0.0,-1152000.0,-0.4858940972222222,-0.04,-0.04,28329785,28329785,https://www.infogreffe.com/recherche-entreprise-dirigeants/resultats-entreprise-dirigeants.html?ga_cat=globale&ga_q=G.V#phrase=G.V,https://www.infogreffe.com/recherche-entreprise-dirigeants/resultats-entreprise-dirigeants.html?ga_cat=globale&ga_q=G.V#phrase=G.V
0,2019-06-31,GV.PA,,2019-06-31,Q2,559750.0,329750.0,230000.0,2.4336956521739133,0.0,557750.0,0.0,0.0,52250.0,1615250.0,500.0,111250.0,-945500.0,-0.5920148069804336,-1055500.0,-0.530317385125533,0.0,-1152000.0,-0.4858940972222222,0.0,-1152000.0,-0.4858940972222222,-0.04,-0.04,28329785,28329785,https://www.infogreffe.com/recherche-entreprise-dirigeants/resultats-entreprise-dirigeants.html?ga_cat=globale&ga_q=G.V#phrase=G.V,https://www.infogreffe.com/recherche-entreprise-dirigeants/resultats-entreprise-dirigeants.html?ga_cat=globale&ga_q=G.V#phrase=G.V
0,2019-03-31,GV.PA,,2019-03-31,Q1,559750.0,329750.0,230000.0,2.4336956521739133,0.0,557750.0,0.0,0.0,52250.0,1615250.0,500.0,111250.0,-945500.0,-0.5920148069804336,-1055500.0,-0.530317385125533,0.0,-1152000.0,-0.4858940972222222,0.0,-1152000.0,-0.4858940972222222,-0.04,-0.04,28329785,28329785,https://www.infogreffe.com/recherche-entreprise-dirigeants/resultats-entreprise-dirigeants.html?ga_cat=globale&ga_q=G.V#phrase=G.V,https://www.infogreffe.com/recherche-entreprise-dirigeants/resultats-entreprise-dirigeants.html?ga_cat=globale&ga_q=G.V#phrase=G.V
0,2019-01-31,GV.PA,,2019-01-31,Q1,559750.0,329750.0,230000.0,2.4336956521739133,0.0,557750.0,0.0,0.0,52250.0,1615250.0,500.0,111250.0,-945500.0,-0.5920148069804336,-1055500.0,-0.530317385125533,0.0,-1152000.0,-0.4858940972222222,0.0,-1152000.0,-0.4858940972222222,-0.04,-0.04,28329785,28329785,https://www.infogreffe.com/recherche-entreprise-dirigeants/resultats-entreprise-dirigeants.html?ga_cat=globale&ga_q=G.V#phrase=G.V,https://www.infogreffe.com/recherche-entreprise-dirigeants/resultats-entreprise-dirigeants.html?ga_cat=globale&ga_q=G.V#phrase=G.V
0,2018-09-31,GV.PA,,2018-09-31,Q3,476000.0,133500.0,342500.0,1.3897810218978102,0.0,801250.0,0.0,0.0,38500.0,2074500.0,0.0,134250.0,-1212000.0,-0.3927392739273927,-1598500.0,-0.29777916796997184,0.0,-1724500.0,-0.27602203537257175,0.0,-1724500.0,-0.27602203537257175,-0.2025,-0.2025,8486841.0,8486841.0,https://www.infogreffe.com/recherche-entreprise-dirigeants/resultats-entreprise-dirigeants.html?ga_cat=globale&ga_q=G.V#phrase=G.V,https://www.infogreffe.com/recherche-entreprise-dirigeants/resultats-entreprise-dirigeants.html?ga_cat=globale&ga_q=G.V#phrase=G.V
0,2018-06-31,GV.PA,,2018-06-31,Q2,476000.0,133500.0,342500.0,1.3897810218978102,0.0,801250.0,0.0,0.0,38500.0,2074500.0,0.0,134250.0,-1212000.0,-0.3927392739273927,-1598500.0,-0.29777916796997184,0.0,-1724500.0,-0.27602203537257175,0.0,-1724500.0,-0.27602203537257175,-0.2025,-0.2025,8486841.0,8486841.0,https://www.infogreffe.com/recherche-entreprise-dirigeants/resultats-entreprise-dirigeants.html?ga_cat=globale&ga_q=G.V#phrase=G.V,https://www.infogreffe.com/recherche-entreprise-dirigeants/resultats-entreprise-dirigeants.html?ga_cat=globale&ga_q=G.V#phrase=G.V
0,2018-03-31,GV.PA,,2018-03-31,Q1,476000.0,133500.0,342500.0,1.3897810218978102,0.0,801250.0,0.0,0.0,38500.0,2074500.0,0.0,134250.0,-1212000.0,-0.3927392739273927,-1598500.0,-0.29777916796997184,0.0,-1724500.0,-0.27602203537257175,0.0,-1724500.0,-0.27602203537257175,-0.2025,-0.2025,8486841.0,8486841.0,https://www.infogreffe.com/recherche-entreprise-dirigeants/resultats-entreprise-dirigeants.html?ga_cat=globale&ga_q=G.V#phrase=G.V,https://www.infogreffe.com/recherche-entreprise-dirigeants/resultats-entreprise-dirigeants.html?ga_cat=globale&ga_q=G.V#phrase=G.V
0,2018-01-31,GV.PA,,2018-01-31,Q1,476000.0,133500.0,342500.0,1.3897810218978102,0.0,801250.0,0.0,0.0,38500.0,2074500.0,0.0,134250.0,-1212000.0,-0.3927392739273927,-1598500.0,-0.29777916796997184,0.0,-1724500.0,-0.27602203537257175,0.0,-1724500.0,-0.27602203537257175,-0.2025,-0.2025,8486841.0,8486841.0,https://www.infogreffe.com/recherche-entreprise-dirigeants/resultats-entreprise-dirigeants.html?ga_cat=globale&ga_q=G.V#phrase=G.V,https://www.infogreffe.com/recherche-entreprise-dirigeants/resultats-entreprise-dirigeants.html?ga_cat=globale&ga_q=G.V#phrase=G.V
0,2017-09-31,GV.PA,,2017-09-31,Q3,893000.0,412500.0,480500.0,1.858480749219563,0.0,1362000.0,0.0,0.0,36750.0,3011750.0,0.0,124000.0,-1797750.0,-0.49673202614379086,-2118750.0,-0.4214749262536873,0.0,-2267750.0,-0.39378238341968913,0.0,-2267750.0,-0.39378238341968913,-0.4575,-0.4575,4944595.0,4944595.0,https://www.infogreffe.com/recherche-entreprise-dirigeants/resultats-entreprise-dirigeants.html?ga_cat=globale&ga_q=G.V#phrase=G.V,https://www.infogreffe.com/recherche-entreprise-dirigeants/resultats-entreprise-dirigeants.html?ga_cat=globale&ga_q=G.V#phrase=G.V
0,2017-06-31,GV.PA,,2017-06-31,Q2,893000.0,412500.0,480500.0,1.858480749219563,0.0,1362000.0,0.0,0.0,36750.0,3011750.0,0.0,124000.0,-1797750.0,-0.49673202614379086,-2118750.0,-0.4214749262536873,0.0,-2267750.0,-0.39378238341968913,0.0,-2267750.0,-0.39378238341968913,-0.4575,-0.4575,4944595.0,4944595.0,https://www.infogreffe.com/recherche-entreprise-dirigeants/resultats-entreprise-dirigeants.html?ga_cat=globale&ga_q=G.V#phrase=G.V,https://www.infogreffe.com/recherche-entreprise-dirigeants/resultats-entreprise-dirigeants.html?ga_cat=globale&ga_q=G.V#phrase=G.V
0,2017-03-31,GV.PA,,2017-03-31,Q1,893000.0,412500.0,480500.0,1.858480749219563,0.0,1362000.0,0.0,0.0,36750.0,3011750.0,0.0,124000.0,-1797750.0,-0.49673202614379086,-2118750.0,-0.4214749262536873,0.0,-2267750.0,-0.39378238341968913,0.0,-2267750.0,-0.39378238341968913,-0.4575,-0.4575,4944595.0,4944595.0,https://www.infogreffe.com/recherche-entreprise-dirigeants/resultats-entreprise-dirigeants.html?ga_cat=globale&ga_q=G.V#phrase=G.V,https://www.infogreffe.com/recherche-entreprise-dirigeants/resultats-entreprise-dirigeants.html?ga_cat=globale&ga_q=G.V#phrase=G.V
0,2017-01-31,GV.PA,,2017-01-31,Q1,893000.0,412500.0,480500.0,1.858480749219563,0.0,1362000.0,0.0,0.0,36750.0,3011750.0,0.0,124000.0,-1797750.0,-0.49673202614379086,-2118750.0,-0.4214749262536873,0.0,-2267750.0,-0.39378238341968913,0.0,-2267750.0,-0.39378238341968913,-0.4575,-0.4575,4944595.0,4944595.0,https://www.infogreffe.com/recherche-entreprise-dirigeants/resultats-entreprise-dirigeants.html?ga_cat=globale&ga_q=G.V#phrase=G.V,https://www.infogreffe.com/recherche-entreprise-dirigeants/resultats-entreprise-dirigeants.html?ga_cat=globale&ga_q=G.V#phrase=G.V
0,2016-09-31,GV.PA,,2016-09-31,Q3,758750.0,292250.0,466500.0,1.6264737406216505,1405250.0,1099500.0,611250.0,0.0,40750.0,2924250.0,0.0,122750.0,-2036500.0,-0.3725754971765284,-2165500.0,-0.35038097437081506,0.0,-2153250.0,-0.35237431789155926,0.0,-2153250.0,-0.35237431789155926,-0.4825,-0.4825,4457734.0,4457734.0,https://www.infogreffe.com/recherche-entreprise-dirigeants/resultats-entreprise-dirigeants.html?ga_cat=globale&ga_q=G.V#phrase=G.V,https://www.infogreffe.com/recherche-entreprise-dirigeants/resultats-entreprise-dirigeants.html?ga_cat=globale&ga_q=G.V#phrase=G.V
0,2016-06-31,GV.PA,,2016-06-31,Q2,758750.0,292250.0,466500.0,1.6264737406216505,1405250.0,1099500.0,611250.0,0.0,40750.0,2924250.0,0.0,122750.0,-2036500.0,-0.3725754971765284,-2165500.0,-0.35038097437081506,0.0,-2153250.0,-0.35237431789155926,0.0,-2153250.0,-0.35237431789155926,-0.4825,-0.4825,4457734.0,4457734.0,https://www.infogreffe.com/recherche-entreprise-dirigeants/resultats-entreprise-dirigeants.html?ga_cat=globale&ga_q=G.V#phrase=G.V,https://www.infogreffe.com/recherche-entreprise-dirigeants/resultats-entreprise-dirigeants.html?ga_cat=globale&ga_q=G.V#phrase=G.V
0,2016-03-31,GV.PA,,2016-03-31,Q1,758750.0,292250.0,466500.0,1.6264737406216505,1405250.0,1099500.0,611250.0,0.0,40750.0,2924250.0,0.0,122750.0,-2036500.0,-0.3725754971765284,-2165500.0,-0.35038097437081506,0.0,-2153250.0,-0.35237431789155926,0.0,-2153250.0,-0.35237431789155926,-0.4825,-0.4825,4457734.0,4457734.0,https://www.infogreffe.com/recherche-entreprise-dirigeants/resultats-entreprise-dirigeants.html?ga_cat=globale&ga_q=G.V#phrase=G.V,https://www.infogreffe.com/recherche-entreprise-dirigeants/resultats-entreprise-dirigeants.html?ga_cat=globale&ga_q=G.V#phrase=G.V
0,2016-01-31,GV.PA,,2016-01-31,Q1,758750.0,292250.0,466500.0,1.6264737406216505,1405250.0,1099500.0,611250.0,0.0,40750.0,2924250.0,0.0,122750.0,-2036500.0,-0.3725754971765284,-2165500.0,-0.35038097437081506,0.0,-2153250.0,-0.35237431789155926,0.0,-2153250.0,-0.35237431789155926,-0.4825,-0.4825,4457734.0,4457734.0,https://www.infogreffe.com/recherche-entreprise-dirigeants/resultats-entreprise-dirigeants.html?ga_cat=globale&ga_q=G.V#phrase=G.V,https://www.infogreffe.com/recherche-entreprise-dirigeants/resultats-entreprise-dirigeants.html?ga_cat=globale&ga_q=G.V#phrase=G.V
0,2015-09-31,GV.PA,,2015-09-31,Q3,905000.0,85750.0,819250.0,1.1046689044858102,1056000.0,837500.0,305500.0,0.0,30250.0,2002750.0,250.0,88000.0,-996250.0,-0.9084065244667503,-1097750.0,-0.8244135732179458,0.0,-1084500.0,-0.8344859382203781,0.0,-1084500.0,-0.8344859382203781,-0.2425,-0.2425,4455063.0,4455063.0,https://www.infogreffe.com/recherche-entreprise-dirigeants/resultats-entreprise-dirigeants.html?ga_cat=globale&ga_q=G.V#phrase=G.V,https://www.infogreffe.com/recherche-entreprise-dirigeants/resultats-entreprise-dirigeants.html?ga_cat=globale&ga_q=G.V#phrase=G.V
0,2015-06-31,GV.PA,,2015-06-31,Q2,905000.0,85750.0,819250.0,1.1046689044858102,1056000.0,837500.0,305500.0,0.0,30250.0,2002750.0,250.0,88000.0,-996250.0,-0.9084065244667503,-1097750.0,-0.8244135732179458,0.0,-1084500.0,-0.8344859382203781,0.0,-1084500.0,-0.8344859382203781,-0.2425,-0.2425,4455063.0,4455063.0,https://www.infogreffe.com/recherche-entreprise-dirigeants/resultats-entreprise-dirigeants.html?ga_cat=globale&ga_q=G.V#phrase=G.V,https://www.infogreffe.com/recherche-entreprise-dirigeants/resultats-entreprise-dirigeants.html?ga_cat=globale&ga_q=G.V#phrase=G.V
0,2015-03-31,GV.PA,,2015-03-31,Q1,905000.0,85750.0,819250.0,1.1046689044858102,1056000.0,837500.0,305500.0,0.0,30250.0,2002750.0,250.0,88000.0,-996250.0,-0.9084065244667503,-1097750.0,-0.8244135732179458,0.0,-1084500.0,-0.8344859382203781,0.0,-1084500.0,-0.8344859382203781,-0.2425,-0.2425,4455063.0,4455063.0,https://www.infogreffe.com/recherche-entreprise-dirigeants/resultats-entreprise-dirigeants.html?ga_cat=globale&ga_q=G.V#phrase=G.V,https://www.infogreffe.com/recherche-entreprise-dirigeants/resultats-entreprise-dirigeants.html?ga_cat=globale&ga_q=G.V#phrase=G.V
0,2015-01-31,GV.PA,,2015-01-31,Q1,905000.0,85750.0,819250.0,1.1046689044858102,1056000.0,837500.0,305500.0,0.0,30250.0,2002750.0,250.0,88000.0,-996250.0,-0.9084065244667503,-1097750.0,-0.8244135732179458,0.0,-1084500.0,-0.8344859382203781,0.0,-1084500.0,-0.8344859382203781,-0.2425,-0.2425,4455063.0,4455063.0,https://www.infogreffe.com/recherche-entreprise-dirigeants/resultats-entreprise-dirigeants.html?ga_cat=globale&ga_q=G.V#phrase=G.V,https://www.infogreffe.com/recherche-entreprise-dirigeants/resultats-entreprise-dirigeants.html?ga_cat=globale&ga_q=G.V#phrase=G.V
0,2014-09-31,GV.PA,,2014-09-31,Q3,1179500.0,56750.0,1122750.0,1.0505455355154754,1088500.0,676500.0,108000.0,0.0,30500.0,1733000.0,0.0,53500.0,-500000.0,-2.359,-553500.0,-2.130984643179765,0.0,-539000.0,-2.188311688311688,0.0,-539000.0,-2.188311688311688,-0.135,-0.135,4002899.0,4002899.0,https://www.infogreffe.com/recherche-entreprise-dirigeants/resultats-entreprise-dirigeants.html?ga_cat=globale&ga_q=G.V#phrase=G.V,https://www.infogreffe.com/recherche-entreprise-dirigeants/resultats-entreprise-dirigeants.html?ga_cat=globale&ga_q=G.V#phrase=G.V
0,2014-06-31,GV.PA,,2014-06-31,Q2,1179500.0,56750.0,1122750.0,1.0505455355154754,1088500.0,676500.0,108000.0,0.0,30500.0,1733000.0,0.0,53500.0,-500000.0,-2.359,-553500.0,-2.130984643179765,0.0,-539000.0,-2.188311688311688,0.0,-539000.0,-2.188311688311688,-0.135,-0.135,4002899.0,4002899.0,https://www.infogreffe.com/recherche-entreprise-dirigeants/resultats-entreprise-dirigeants.html?ga_cat=globale&ga_q=G.V#phrase=G.V,https://www.infogreffe.com/recherche-entreprise-dirigeants/resultats-entreprise-dirigeants.html?ga_cat=globale&ga_q=G.V#phrase=G.V
0,2014-03-31,GV.PA,,2014-03-31,Q1,1179500.0,56750.0,1122750.0,1.0505455355154754,1088500.0,676500.0,108000.0,0.0,30500.0,1733000.0,0.0,53500.0,-500000.0,-2.359,-553500.0,-2.130984643179765,0.0,-539000.0,-2.188311688311688,0.0,-539000.0,-2.188311688311688,-0.135,-0.135,4002899.0,4002899.0,https://www.infogreffe.com/recherche-entreprise-dirigeants/resultats-entreprise-dirigeants.html?ga_cat=globale&ga_q=G.V#phrase=G.V,https://www.infogreffe.com/recherche-entreprise-dirigeants/resultats-entreprise-dirigeants.html?ga_cat=globale&ga_q=G.V#phrase=G.V
0,2014-01-31,GV.PA,,2014-01-31,Q1,1179500.0,56750.0,1122750.0,1.0505455355154754,1088500.0,676500.0,108000.0,0.0,30500.0,1733000.0,0.0,53500.0,-500000.0,-2.359,-553500.0,-2.130984643179765,0.0,-539000.0,-2.188311688311688,0.0,-539000.0,-2.188311688311688,-0.135,-0.135,4002899.0,4002899.0,https://www.infogreffe.com/recherche-entreprise-dirigeants/resultats-entreprise-dirigeants.html?ga_cat=globale&ga_q=G.V#phrase=G.V,https://www.infogreffe.com/recherche-entreprise-dirigeants/resultats-entreprise-dirigeants.html?ga_cat=globale&ga_q=G.V#phrase=G.V
0,2013-09-31,GV.PA,,2013-09-31,Q3,964500.0,77750.0,886750.0,1.0876797293487455,863250.0,393750.0,62750.0,0.0,51000.0,1240250.0,0.0,52500.0,-223250.0,-4.32026875699888,-275750.0,-3.497733454215775,0.0,-267250.0,-3.6089803554724043,0.0,-267250.0,-3.6089803554724043,-0.1075,-0.1075,2486143.0,2486143.0,https://www.infogreffe.com/recherche-entreprise-dirigeants/resultats-entreprise-dirigeants.html?ga_cat=globale&ga_q=G.V#phrase=G.V,https://www.infogreffe.com/recherche-entreprise-dirigeants/resultats-entreprise-dirigeants.html?ga_cat=globale&ga_q=G.V#phrase=G.V
0,2013-06-31,GV.PA,,2013-06-31,Q2,964500.0,77750.0,886750.0,1.0876797293487455,863250.0,393750.0,62750.0,0.0,51000.0,1240250.0,0.0,52500.0,-223250.0,-4.32026875699888,-275750.0,-3.497733454215775,0.0,-267250.0,-3.6089803554724043,0.0,-267250.0,-3.6089803554724043,-0.1075,-0.1075,2486143.0,2486143.0,https://www.infogreffe.com/recherche-entreprise-dirigeants/resultats-entreprise-dirigeants.html?ga_cat=globale&ga_q=G.V#phrase=G.V,https://www.infogreffe.com/recherche-entreprise-dirigeants/resultats-entreprise-dirigeants.html?ga_cat=globale&ga_q=G.V#phrase=G.V
0,2013-03-31,GV.PA,,2013-03-31,Q1,964500.0,77750.0,886750.0,1.0876797293487455,863250.0,393750.0,62750.0,0.0,51000.0,1240250.0,0.0,52500.0,-223250.0,-4.32026875699888,-275750.0,-3.497733454215775,0.0,-267250.0,-3.6089803554724043,0.0,-267250.0,-3.6089803554724043,-0.1075,-0.1075,2486143.0,2486143.0,https://www.infogreffe.com/recherche-entreprise-dirigeants/resultats-entreprise-dirigeants.html?ga_cat=globale&ga_q=G.V#phrase=G.V,https://www.infogreffe.com/recherche-entreprise-dirigeants/resultats-entreprise-dirigeants.html?ga_cat=globale&ga_q=G.V#phrase=G.V
0,2013-01-31,GV.PA,,2013-01-31,Q1,964500.0,77750.0,886750.0,1.0876797293487455,863250.0,393750.0,62750.0,0.0,51000.0,1240250.0,0.0,52500.0,-223250.0,-4.32026875699888,-275750.0,-3.497733454215775,0.0,-267250.0,-3.6089803554724043,0.0,-267250.0,-3.6089803554724043,-0.1075,-0.1075,2486143.0,2486143.0,https://www.infogreffe.com/recherche-entreprise-dirigeants/resultats-entreprise-dirigeants.html?ga_cat=globale&ga_q=G.V#phrase=G.V,https://www.infogreffe.com/recherche-entreprise-dirigeants/resultats-entreprise-dirigeants.html?ga_cat=globale&ga_q=G.V#phrase=G.V
