,date,symbol,fillingDate,acceptedDate,period,revenue,costOfRevenue,grossProfit,grossProfitRatio,researchAndDevelopmentExpenses,generalAndAdministrativeExpenses,sellingAndMarketingExpenses,otherExpenses,operatingExpenses,costAndExpenses,interestExpense,depreciationAndAmortization,ebitda,ebitdaratio,operatingIncome,operatingIncomeRatio,totalOtherIncomeExpensesNet,incomeBeforeTax,incomeBeforeTaxRatio,incomeTaxExpense,netIncome,netIncomeRatio,eps,epsdiluted,weightedAverageShsOut,weightedAverageShsOutDil,link,finalLink
0,2020-09-30,AMS,2020-11-13,2020-11-13 14:38:32,Q3,102000.0,358000.0,-256000.0,-2.5098039215686274,0.0,0.0,-76000.0,0.0,-76000.0,282000.0,-254000.0,3533000.0,3381000.0,33.14705882352941,-152000.0,-1.4901960784313726,0.0,-152000.0,-1.4901960784313726,-6000.0,-146000.0,-1.4313725490196079,-0.02430093209054594,-0.02430093209054594,6008000.0,6008000.0,https://www.sec.gov/Archives/edgar/data/744825/000074482520000117/0000744825-20-000117-index.htm,https://www.sec.gov/Archives/edgar/data/744825/000074482520000117/ams-20200930.htm
0,2020-06-30,AMS,2020-08-14 00:00:00,2020-08-14 15:51:52,Q2,3991000.0,3084000.0,907000.0,0.227261,0.0,1210000.0,0.0,0.0,1477000.0,4561000.0,267000.0,1671000.0,1325000.0,0.331997,-570000.0,-0.142821,0.0,-569000.0,-0.142571,-130000.0,-483000.0,-0.121022,-0.08039,-0.08039,6008000.0,6008000.0,https://www.sec.gov/Archives/edgar/data/744825/000074482520000093/0000744825-20-000093-index.htm,https://www.sec.gov/Archives/edgar/data/744825/000074482520000093/ams-20200630.htm
0,2020-03-31,AMS,2020-05-11,2020-04-03 16:49:00,Q1,4568000.0,3174000.0,1394000.0,0.3051663747810858,0.0,1211000.0,1211000000,0.0,1493000.0,4667000.0,3000.0,1676000.0,1516000.0,0.331874,-99000.0,-0.021673,3000.0,-96000.0,-0.021016,-28000.0,-135000.0,-0.029553,-0.02204,-0.02204,6126000.0,6126000.0,https://www.sec.gov/Archives/edgar/data/744825/000074482520000042/0000744825-20-000042-index.htm,https://www.sec.gov/Archives/edgar/data/744825/000074482520000042/ams03-31x202010q.htm
0,2019-12-31,AMS,2020-04-03,2020-04-03 16:49:00,Q4,4786000.0,3345000.0,1441000.0,0.301087,0.0,859000.0,4060000.0,0.0,1161999.9999999995,4506999.999999999,303000.0,1638999.9999999993,2012999.9999999993,0.420602,279000.0,0.058295,0.0,280000.0,0.058504,-122000.0,193000.0,0.040326,0.03,0.03,6433330.0,6433330.0,https://www.sec.gov/Archives/edgar/data/744825/000074482520000024/ams-20191231.htm,https://www.sec.gov/Archives/edgar/data/744825/000074482520000024/ams-20191231.htm
0,2019-09-30,AMS,2019-11-07 00:00:00,2019-11-07 15:42:21,Q3,5301000.0,3488000.0,1813000.0,0.342011,0.0,1065000.0,-2136000000,0.0,1367000.0000000005,4855000.0,302000.0,1839000.0000000005,2405000.0000000005,0.453688,446000.0,0.084135,0.0,453000.0,0.085456,99000.0,165000.0,0.031126,0.02793,0.02793,5908000.0,5908000.0,https://www.sec.gov/Archives/edgar/data/744825/000074482519000008/0000744825-19-000008-index.html,https://www.sec.gov/Archives/edgar/data/744825/000074482519000008/ams-20190930.htm
0,2019-06-30,AMS,2019-08-13,2019-08-13 16:54:06,Q2,5197000.0,3468000.0,1729000.0,0.332692,0.0,1081000.0,1081000000,0.0,1426999.9999999995,4895000.0,346000.0,2022999.9999999998,2426999.9999999995,0.467,302000.0,0.05811,0.0,306000.0,0.05888,27000.0,31000.0,0.005965,0.00525,0.00525,5906000.0,5906000.0,https://www.sec.gov/Archives/edgar/data/744825/000162828019010692/ams06-30x201910q.htm,https://www.sec.gov/Archives/edgar/data/744825/000162828019010692/ams06-30x201910q.htm
0,2019-03-31,AMS,2019-05-13 00:00:00,2019-05-13 12:23:19,Q1,5321000.0,3384000.0,1937000.0,0.364029,0.0,1055000.0,1055000000,0.0,1422000.0000000002,4806000.0,367000.0,1910000.0,2671000.0,0.501973,515000.0,0.096786,0.0,519000.0,0.097538,124000.0,270000.0,0.050742,0.04587,0.04587,5886000.0,5886000.0,https://www.sec.gov/Archives/edgar/data/744825/000114420419025524/0001144204-19-025524-index.html,https://www.sec.gov/Archives/edgar/data/744825/000114420419025524/tv521049_10q.htm
0,2018-12-31,AMS,2019-03-29 00:00:00,2019-03-29 16:24:29,Q4,4770000.0,3205000.0,1565000.0,0.328092,0.0,927000.0,-3063006000,0.0,1328000.0000000002,4533000.0,401000.0,1679999.9999999998,2308999.9999999995,0.484067,237000.0,0.049686,0.0,241000.0,0.050524,50000.0,178000.0,0.037317,0.04,0.04,4450000.0,4450000.0,https://www.sec.gov/Archives/edgar/data/744825/000114420419016999/0001144204-19-016999-index.html,https://www.sec.gov/Archives/edgar/data/744825/000114420419016999/tv516904_10k.htm
0,2018-09-30,AMS,2018-11-09 00:00:00,2018-11-09 16:29:33,Q3,4470000.0,2836000.0,1634000.0,0.365548,0.0,1050000.0,3067000000,0.0,1449000.0000000002,4285000.0,399000.0,1778000.0,2427000.0,0.542953,185000.0,0.041387,0.0,370000.0,0.082774,82000.0,168000.0,0.037584,0.02852,0.02852,5891000.0,5891000.0,https://www.sec.gov/Archives/edgar/data/744825/000114420418058773/0001144204-18-058773-index.html,https://www.sec.gov/Archives/edgar/data/744825/000114420418058773/tv506393_10q.htm
0,2018-06-30,AMS,2018-08-09 00:00:00,2018-08-09 15:40:47,Q2,5170000.0,3090000.0,2080000.0,0.402321,0.0,1030000.0,0.0,0.0,1440000.0000000005,4530000.0,406000.0,1680000.0,2546000.0,0.492456,640000.0,0.123791,0.0,670000.0,0.129594,170000.0,290000.0,0.056093,0.04949,0.04949,5860000.0,5860000.0,https://www.sec.gov/Archives/edgar/data/744825/000114420418043254/0001144204-18-043254-index.html,https://www.sec.gov/Archives/edgar/data/744825/000114420418043254/tv499919_10q.htm
0,2018-03-31,AMS,2018-05-10 00:00:00,2018-05-10 15:38:27,Q1,5310000.0,3100000.0,2210000.0,0.416196,0.0,990000.0,986000000,0.0,1409999.9999999998,4510000.0,425000.0,1680000.0,2645000.0,0.498117,800000.0,0.150659,0.0,800000.0,0.150659,150000.0,390000.0,0.073446,0.06655,0.06655,5860000.0,5860000.0,https://www.sec.gov/Archives/edgar/data/744825/000114420418027082/0001144204-18-027082-index.html,https://www.sec.gov/Archives/edgar/data/744825/000114420418027082/tv493110_10q.htm
0,2017-12-31,AMS,2018-03-28 00:00:00,2018-03-28 14:18:57,Q4,5080000.0,2900000.0,2180000.0,0.429134,0.0,1020000.0,-3298677000,0.0,2210000.0000000005,5110000.0,613000.0,1630000.0,3503000.0,0.689567,-30000.0,-0.005906,0.0,-20000.0,-0.003937,-160000.0,1420000.0,0.279528,0.24483,0.24483,5800000.0,5800000.0,https://www.sec.gov/Archives/edgar/data/744825/000114420418017461/0001144204-18-017461-index.html,https://www.sec.gov/Archives/edgar/data/744825/000114420418017461/tv488814_10k.htm
0,2017-09-30,AMS,2017-11-13 00:00:00,2017-11-13 15:48:50,Q3,4610000.0,2730000.0,1880000.0,0.407809,0.0,1030000.0,3303000000,0.0,1440000.0,4170000.0,417000.0,1690000.0,2367000.0,0.513449,440000.0,0.095445,0.0,440000.0,0.095445,160000.0,100000.0,0.021692,0.01656,0.01656,6040000.0,6040000.0,https://www.sec.gov/Archives/edgar/data/744825/000114420417058307/0001144204-17-058307-index.html,https://www.sec.gov/Archives/edgar/data/744825/000114420417058307/tv478457_10q.htm
0,2017-06-30,AMS,2017-08-10 00:00:00,2017-08-10 16:26:17,Q2,4950000.0,2690000.0,2250000.0,0.454545,0.0,1140000.0,1138000000,0.0,1590000.0000000002,4280000.0,444000.0,1739999.9999999998,2514000.0,0.507879,670000.0,0.135354,0.0,660000.0,0.133333,220000.0,110000.0,0.022222,0.01792,0.01792,6140000.0,6140000.0,https://www.sec.gov/Archives/edgar/data/744825/000114420417042064/0001144204-17-042064-index.html,https://www.sec.gov/Archives/edgar/data/744825/000114420417042064/v472429_10q.htm
0,2017-03-31,AMS,2017-05-15 00:00:00,2017-05-15 15:06:27,Q1,4910000.0,2570000.0,2350000.0,0.478615,0.0,1140000.0,1139000000,0.0,1590000.0000000002,4160000.0000000005,453000.0,1620000.0,2583000.0,0.526069,750000.0,0.152749,0.0,760000.0,0.154786,220000.0,290000.0,0.059063,0.04932,0.04932,5880000.0,5880000.0,https://www.sec.gov/Archives/edgar/data/744825/000114420417027370/0001144204-17-027370-index.html,https://www.sec.gov/Archives/edgar/data/744825/000114420417027370/v466285_10q.htm
0,2016-12-31,AMS,2017-03-27 00:00:00,2017-03-27 15:51:46,Q4,5060000.0,2230000.0,2830000.0,0.559289,0.0,890000.0,3802000.0,0.0,1380000.0,3610000.0,488000.0,1400000.0000000005,2858000.0000000005,0.564822,1450000.0,0.286561,0.0,1450000.0,0.286561,520000.0,450000.0,0.088933,0.07979,0.07979,5640000.0,5640000.0,https://www.sec.gov/Archives/edgar/data/744825/000114420417016805/0001144204-17-016805-index.html,https://www.sec.gov/Archives/edgar/data/744825/000114420417016805/v461869_10k.htm
0,2016-09-30,AMS,2016-11-10 00:00:00,2016-11-10 15:57:31,Q3,4880000.0,2490000.0,2400000.0,0.491803,0.0,1000000.0,2911000000,0.0,1500000.0,3990000.0,501000.0,1699999.9999999998,2800999.9999999995,0.573975,900000.0,0.184426,0.0,900000.0,0.184426,270000.0,330000.0,0.067623,0.05903,0.05903,5590000.0,5590000.0,https://www.sec.gov/Archives/edgar/data/744825/000114420416133253/0001144204-16-133253-index.html,https://www.sec.gov/Archives/edgar/data/744825/000114420416133253/v451899_10q.htm
0,2016-06-30,AMS,2016-08-11,2016-08-11 15:22:20,Q2,4520000.0,2680000.0,1840000.0,0.40708,0.0,960000.0,-949000000,0.0,1400000.0,4080000.0,433000.0,1660000.0,2273000.0,0.502876,440000.0,0.097345,0.0,450000.0,0.099558,90000.0,90000.0,0.019912,0.01616,0.01616,5570000.0,5570000.0,https://www.sec.gov/Archives/edgar/data/744825/000114420416118323/v445336_10q.htm,https://www.sec.gov/Archives/edgar/data/744825/000114420416118323/v445336_10q.htm
0,2016-03-31,AMS,2016-05-12 00:00:00,2016-05-12 08:01:07,Q1,4240000.0,2510000.0,1730000.0,0.408019,0.0,950000.0,949000000,0.0,1340000.0000000002,3850000.0000000005,285000.0,1570000.0,1965000.0,0.463443,390000.0,0.091981,0.0,400000.0,0.09434,60000.0,50000.0,0.011792,0.0098,0.0098,5100000.0,5100000.0,https://www.sec.gov/Archives/edgar/data/744825/000114420416101006/0001144204-16-101006-index.html,https://www.sec.gov/Archives/edgar/data/744825/000114420416101006/v438642_10q.htm
0,2015-12-31,AMS,2016-03-30 00:00:00,2016-03-30 06:05:35,Q4,4160000.0,2300000.0,1860000.0,0.447115,0.0,790000.0,3496000.0,0.0,1160000.0,3460000.0,339000.0,1530000.0000000002,2259000.0,0.543029,710000.0,0.170673,0.0,710000.0,0.170673,110000.0,280000.0,0.067308,0.04982,0.04982,5620000.0,5620000.0,https://www.sec.gov/Archives/edgar/data/744825/000114420416091106/0001144204-16-091106-index.html,https://www.sec.gov/Archives/edgar/data/744825/000114420416091106/v434650_10k.htm
0,2015-09-30,AMS,2015-11-12 00:00:00,2015-11-12 16:15:29,Q3,3880000.0,2420000.0,1450000.0,0.373711,0.0,900000.0,904000000,0.0,1140000.0,3560000.0,235000.0,1540000.0,1905000.0,0.490979,320000.0,0.082474,0.0,320000.0,0.082474,90000.0,40000.0,0.010309,0.00725,0.00725,5520000.0,5520000.0,https://www.sec.gov/Archives/edgar/data/744825/000114420415064712/0001144204-15-064712-index.html,https://www.sec.gov/Archives/edgar/data/744825/000114420415064712/v423254_10q.htm
0,2015-06-30,AMS,2015-08-19 00:00:00,2015-08-19 16:33:05,Q2,4390000.0,2590000.0,1800000.0,0.410023,0.0,980000.0,979000000,0.0,3440000.0000000005,6030000.0,345000.0,1600000.0,85000.0,0.019362,-1640000.0,-0.373576,0.0,-1630000.0,-0.371298,110000.0,-1970000.0,-0.448747,-0.35949,-0.35949,5480000.0,5480000.0,https://www.sec.gov/Archives/edgar/data/744825/000114420415050745/0001144204-15-050745-index.html,https://www.sec.gov/Archives/edgar/data/744825/000114420415050745/v416332_10q.htm
0,2015-03-31,AMS,2015-04-01 00:00:00,2015-04-01 15:16:25,Q1,4120000.0,2520000.0,1600000.0,0.38835,0.0,820000.0,821000000,0.0,1140000.0,3660000.0,320000.0,1520000.0,2100000.0,0.509709,460000.0,0.11165,0.0,460000.0,0.11165,130000.0,130000.0,0.031553,0.02031,0.02031,6400000.0,6400000.0,https://www.sec.gov/Archives/edgar/data/744825/000114420415020527/0001144204-15-020527-index.html,https://www.sec.gov/Archives/edgar/data/744825/000114420415020527/v404375_10k.htm
0,2014-12-31,AMS,2015-04-01 00:00:00,2015-04-01 15:16:25,Q4,3990000.0,2450000.0,1540000.0,0.385965,0.0,840000.0,3630000.0,0.0,1159999.9999999998,3609999.9999999995,323000.0,1570000.0000000002,2053000.0000000002,0.514536,380000.0,0.095238,0.0,390000.0,0.097744,100000.0,60000.0,0.015038,0.01083,0.01083,5540000.0,5540000.0,https://www.sec.gov/Archives/edgar/data/744825/000114420415020527/0001144204-15-020527-index.html,https://www.sec.gov/Archives/edgar/data/744825/000114420415020527/v404375_10k.htm
0,2014-09-30,AMS,2014-11-14 00:00:00,2014-11-14 11:45:13,Q3,3980000.0,2380000.0,1600000.0,0.40201,0.0,930000.0,-1859000000,0.0,1330000.0,3710000.0,396000.0,1519999.9999999995,1955999.9999999995,0.491457,270000.0,0.067839,0.0,280000.0,0.070352,30000.0,10000.0,0.002513,0.0019,0.0019,5260000.0,5260000.0,https://www.sec.gov/Archives/edgar/data/744825/000114420414068382/0001144204-14-068382-index.html,https://www.sec.gov/Archives/edgar/data/744825/000114420414068382/v392430_10q.htm
0,2014-06-30,AMS,2014-08-14 00:00:00,2014-08-14 17:16:48,Q2,3380000.0,2530000.0,850000.0,0.251479,0.0,940000.0,1859000000,0.0,2020000.0,4550000.0,510000.0,1610000.0,1220000.0,0.360947,-1170000.0,-0.346154,0.0,-1020000.0,-0.301775,30000.0,-930000.0,-0.275148,-0.19703,-0.19703,4720000.0,4720000.0,https://www.sec.gov/Archives/edgar/data/744825/000114420414050371/0001144204-14-050371-index.html,https://www.sec.gov/Archives/edgar/data/744825/000114420414050371/v385235_10q.htm
0,2014-03-31,AMS,2014-05-15 00:00:00,2014-05-15 16:05:00,Q1,4060000.0,2780000.0,1290000.0,0.317734,0.0,920000.0,0.0,0.0,1390000.0,4170000.0,470000.0,1680000.0,2020000.0,0.497537,-100000.0,-0.024631,0.0,-80000.0,-0.019704,-30000.0,-100000.0,-0.024631,-0.02083,-0.02083,4800000.0,4800000.0,https://www.sec.gov/Archives/edgar/data/744825/000114420414031188/0001144204-14-031188-index.html,https://www.sec.gov/Archives/edgar/data/744825/000114420414031188/v377140_10q.htm
0,2013-12-31,AMS,2014-03-31,2014-03-31 17:06:05,Q4,3940000.0,2590000.0,1350000.0,0.34264,0.0,750000.0,4025000000,0.0,1090000.0000000002,3680000.0000000005,340000.0,1660000.0,1960000.0,0.497462,260000.0,0.06599,0.0,-70000.0,-0.017766,40000.0,-80000.0,-0.020305,-0.01735,-0.01735,4610000.0,4610000.0,https://www.sec.gov/Archives/edgar/data/744825/000114420414019552/v371940_10k.htm,https://www.sec.gov/Archives/edgar/data/744825/000114420414019552/v371940_10k.htm
0,2013-09-30,AMS,2013-11-14 00:00:00,2013-11-14 16:47:52,Q3,4400000.0,2820000.0,1580000.0,0.359091,0.0,890000.0,887000000,0.0,1410000.0000000007,4230000.000000001,532000.0,1640000.0,2042000.0,0.464091,160000.0,0.036364,0.0,-130000.0,-0.029545,0.0,-130000.0,-0.029545,-0.0282,-0.0282,4610000.0,4610000.0,https://www.sec.gov/Archives/edgar/data/744825/000114420413061966/0001144204-13-061966-index.html,https://www.sec.gov/Archives/edgar/data/744825/000114420413061966/v359320_10q.htm
0,2013-06-30,AMS,2013-08-14 00:00:00,2013-08-14 14:57:16,Q2,4580000.0,2690000.0,1890000.0,0.412664,0.0,1150000.0,1153000000,0.0,1610000.0,4300000.0,456000.0,1620000.0,1946000.0,0.424891,280000.0,0.061135,0.0,-120000.0,-0.026201,-10000.0,-120000.0,-0.026201,-0.02603,-0.02603,4610000.0,4610000.0,https://www.sec.gov/Archives/edgar/data/744825/000114420413045791/0001144204-13-045791-index.html,https://www.sec.gov/Archives/edgar/data/744825/000114420413045791/v351829_10q.htm
0,2013-03-31,AMS,2013-05-15 00:00:00,2013-05-15 13:44:48,Q1,4670000.0,2550000.0,2120000.0,0.453961,0.0,1240000.0,1235000000,0.0,1710000.0,4260000.0,471000.0,1490000.0,2041000.0,0.437045,410000.0,0.087794,0.0,290000.0,0.062099,50000.0,30000.0,0.006424,0.00651,0.00651,4610000.0,4610000.0,https://www.sec.gov/Archives/edgar/data/744825/000114420413029263/0001144204-13-029263-index.html,https://www.sec.gov/Archives/edgar/data/744825/000114420413029263/v343713_10q.htm
0,2012-12-31,AMS,2013-03-29 00:00:00,2013-03-29 14:56:49,Q4,4130000.0,2600000.0,1530000.0,0.37046,0.0,950000.0,4045000000,0.0,1470000.0000000002,4070000.0,729000.0,1540000.0,2339000.0,0.566344,60000.0,0.014528,0.0,220000.0,0.053269,60000.0,10000.0,0.002421,0.00216,0.00216,4630000.0,4630000.0,https://www.sec.gov/Archives/edgar/data/744825/000114420413018676/0001144204-13-018676-index.html,https://www.sec.gov/Archives/edgar/data/744825/000114420413018676/v337328_10k.htm
0,2012-09-30,AMS,2012-11-14 00:00:00,2012-11-14 14:07:16,Q3,4240000.0,2540000.0,1700000.0,0.400943,0.0,960000.0,960000000,0.0,1490000.0000000002,4030000.0,525000.0,1559999.9999999995,2124999.9999999995,0.501179,210000.0,0.049528,0.0,220000.0,0.051887,30000.0,10000.0,0.002358,0.00216,0.00216,4630000.0,4630000.0,https://www.sec.gov/Archives/edgar/data/744825/000114420412062261/0001144204-12-062261-index.html,https://www.sec.gov/Archives/edgar/data/744825/000114420412062261/v326004_10q.htm
0,2012-06-30,AMS,2012-08-14 00:00:00,2012-08-14 12:30:48,Q2,4280000.0,2410000.0,1870000.0,0.436916,0.0,1110000.0,1109000000,0.0,1649999.9999999995,4059999.9999999995,539000.0,1450000.0,2019000.0,0.471729,230000.0,0.053738,0.0,240000.0,0.056075,10000.0,20000.0,0.004673,0.00431,0.00431,4640000.0,4640000.0,https://www.sec.gov/Archives/edgar/data/744825/000114420412045393/0001144204-12-045393-index.html,https://www.sec.gov/Archives/edgar/data/744825/000114420412045393/v320355_10q.htm
0,2012-03-31,AMS,2012-05-15,2012-05-15 11:06:01,Q1,4400000.0,2570000.0,1840000.0,0.418182,0.0,1020000.0,1024000000,0.0,1590000.0000000002,4160000.0000000005,574000.0,1550000.0,2144000.0,0.487273,240000.0,0.054545,0.0,240000.0,0.054545,10000.0,10000.0,0.002273,0.00216,0.00216,4640000.0,4640000.0,https://www.sec.gov/Archives/edgar/data/744825/000114420412029101/v312813_10q.htm,https://www.sec.gov/Archives/edgar/data/744825/000114420412029101/v312813_10q.htm
0,2011-12-31,AMS,2012-03-30 00:00:00,2012-03-30 12:00:37,Q4,4500000.0,2720000.0,1780000.0,0.395556,0.0,840000.0,4041000000,0.0,1459999.9999999995,4179999.9999999995,350000.0,1789999.999999999,2259999.999999999,0.502222,330000.0,0.073333,0.0,350000.0,0.077778,-120000.0,240000.0,0.053333,0.05195,0.05195,4620000.0,4620000.0,https://www.sec.gov/Archives/edgar/data/744825/000114420412018468/0001144204-12-018468-index.html,https://www.sec.gov/Archives/edgar/data/744825/000114420412018468/v307334_10k.htm
0,2011-09-30,AMS,2011-11-14 00:00:00,2011-11-14 14:53:26,Q3,9150000.0,6690000.0,2460000.0,0.268852,0.0,1040000.0,-2163000000,0.0,1649999.9999999995,8339999.999999999,608000.0,1600000.0000000005,2708000.0000000005,0.295956,810000.0,0.088525,0.0,820000.0,0.089617,280000.0,220000.0,0.024044,0.04772,0.04772,4610000.0,4610000.0,https://www.sec.gov/Archives/edgar/data/744825/000114420411064139/0001144204-11-064139-index.html,https://www.sec.gov/Archives/edgar/data/744825/000114420411064139/v240262_10q.htm
0,2011-06-30,AMS,2011-08-15 00:00:00,2011-08-15 15:54:55,Q2,4210000.0,2370000.0,1840000.0,0.437055,0.0,1040000.0,2163000000,-232000.0,1610000.0,3980000.0,1146000.0,1430000.0,2616000.0,0.621378,230000.0,0.054632,0.0,290000.0,0.068884,20000.0,20000.0,0.004751,0.00434,0.00434,4610000.0,4610000.0,https://www.sec.gov/Archives/edgar/data/744825/000114420411047155/0001144204-11-047155-index.html,https://www.sec.gov/Archives/edgar/data/744825/000114420411047155/v229865_10q.htm
0,2011-03-31,AMS,2011-05-16 00:00:00,2011-05-16 16:19:28,Q1,4370000.0,2440000.0,1920000.0,0.439359,0.0,1120000.0,0.0,0.0,1699999.9999999998,4139999.9999999995,-576000000,1450000.0,-574510000,-131.466819,230000.0,0.052632,0.0,240000.0,0.05492,20000.0,20000.0,0.004577,0.00433,0.00433,4620000.0,4620000.0,https://www.sec.gov/Archives/edgar/data/744825/000114420411030025/0001144204-11-030025-index.html,https://www.sec.gov/Archives/edgar/data/744825/000114420411030025/v222418_10q.htm
0,2010-12-31,AMS,2011-03-31,2011-03-31 15:06:02,Q4,4150000.0,2240000.0,1920000.0,0.462651,0.0,1010000.0,4240000000,0.0,1559999.9999999995,3799999.9999999995,-2104000000,1460000.0,-2102380000,-506.59759,350000.0,0.084337,0.0,370000.0,0.089157,120000.0,40000.0,0.009639,0.0087,0.0087,4600000.0,4600000.0,https://www.sec.gov/Archives/edgar/data/744825/000114420411018922/v216530_10k.htm,https://www.sec.gov/Archives/edgar/data/744825/000114420411018922/v216530_10k.htm
0,2010-09-30,AMS,2010-11-15 00:00:00,2010-11-15 13:45:28,Q3,4280000.0,2440000.0,1850000.0,0.432243,0.0,1090000.0,1091000000,0.0,1640000.0,4080000.0,984000000,1520000.0,985550000,230.268692,200000.0,0.046729,0.0,220000.0,0.051402,20000.0,10000.0,0.002336,0.00216,0.00216,4620000.0,4620000.0,https://www.sec.gov/Archives/edgar/data/744825/000114420410060491/0001144204-10-060491-index.html,https://www.sec.gov/Archives/edgar/data/744825/000114420410060491/v202286_10q.htm
0,2010-06-30,AMS,2010-08-16 00:00:00,2010-08-16 16:55:02,Q2,4160000.0,2410000.0,1750000.0,0.420673,0.0,1080000.0,1083000000,0.0,1580000.0,3990000.0,-503000000,1500000.0,-501480000,-120.548077,160000.0,0.038462,0.0,200000.0,0.048077,20000.0,0.0,0.0,0.0,0.0,4610000.0,4610000.0,https://www.sec.gov/Archives/edgar/data/744825/000114420410044753/0001144204-10-044753-index.html,https://www.sec.gov/Archives/edgar/data/744825/000114420410044753/v193968_10q.htm
0,2010-03-31,AMS,2010-05-17 00:00:00,2010-05-17 12:50:45,Q1,4090000.0,2390000.0,1700000.0,0.415648,0.0,1060000.0,1061000000,0.0,1540000.0,3930000.0,-481000000,1520000.0,-479460000,-117.227384,160000.0,0.03912,0.0,190000.0,0.046455,10000.0,10000.0,0.002445,0.00217,0.00217,4600000.0,4600000.0,https://www.sec.gov/Archives/edgar/data/744825/000114420410028025/0001144204-10-028025-index.html,https://www.sec.gov/Archives/edgar/data/744825/000114420410028025/v185188_10q.htm
0,2009-12-31,AMS,2010-03-31 00:00:00,2010-03-31 15:13:57,Q4,4090000.0,2200000.0,1890000.0,0.462103,0.0,1060000.0,3928000000,0.0,1599999.9999999995,3799999.9999999995,-2064000000,1520000.0000000005,-2062320000,-504.234719,290000.0,0.070905,40000.0,340000.0,0.08313,300000.0,-140000.0,-0.03423,-0.0305,-0.0305,4590000.0,4590000.0,https://www.sec.gov/Archives/edgar/data/744825/000095012310030745/0000950123-10-030745-index.html,https://www.sec.gov/Archives/edgar/data/744825/000095012310030745/f55392e10vk.htm
0,2009-09-30,AMS,2009-11-16 00:00:00,2009-11-16 16:11:23,Q3,3930000.0,2340000.0,1580000.0,0.402036,0.0,900000.0,875000000,-16000000,1410000.0,3750000.0,-1526000000,1670000.0,-1524290000,-387.860051,170000.0,0.043257,0.0,170000.0,0.043257,20000.0,20000.0,0.005089,0.00431,0.00431,4640000.0,4640000.0,https://www.sec.gov/Archives/edgar/data/744825/000095012309063021/0000950123-09-063021-index.html,https://www.sec.gov/Archives/edgar/data/744825/000095012309063021/f54082e10vq.htm
0,2009-06-30,AMS,2009-08-14 00:00:00,2009-08-14 13:26:20,Q2,4580000.0,2670000.0,1920000.0,0.419214,0.0,1130000.0,1002000000,16000000,1650000.0000000005,4320000.0,483000000,1650000.0,484710000,105.831878,260000.0,0.056769,-20000.0,250000.0,0.054585,30000.0,30000.0,0.00655,0.0064,0.0064,4690000.0,4690000.0,https://www.sec.gov/Archives/edgar/data/744825/000095012309035258/0000950123-09-035258-index.html,https://www.sec.gov/Archives/edgar/data/744825/000095012309035258/f53366e10vq.htm
0,2009-03-31,AMS,2009-05-15 00:00:00,2009-05-15 13:35:50,Q1,4170000.0,2570000.0,1600000.0,0.383693,0.0,1190000.0,993000000,0.0,1670000.0000000005,4240000.0,-483000000,1650000.0,-481530000,-115.47482,-80000.0,-0.019185,0.0,-40000.0,-0.009592,-90000.0,-90000.0,-0.021583,-0.01911,-0.01911,4710000.0,4710000.0,https://www.sec.gov/Archives/edgar/data/744825/000095013409010803/0000950134-09-010803-index.html,https://www.sec.gov/Archives/edgar/data/744825/000095013409010803/f52535e10vq.htm
0,2008-12-31,AMS,2009-03-31 00:00:00,2009-03-31 13:54:36,Q4,4740000.0,2810000.0,1930000.0,0.407173,0.0,970000.0,4323000000,0.0,1579999.9999999995,4390000.0,-2437000000,1750000.0,-2435010000,-513.71519,350000.0,0.07384,80000.0,430000.0,0.090717,160000.0,80000.0,0.016878,0.01639,0.01639,4880000.0,4880000.0,https://www.sec.gov/Archives/edgar/data/744825/000095013409006565/0000950134-09-006565-index.html,https://www.sec.gov/Archives/edgar/data/744825/000095013409006565/f51977e10vk.htm
0,2008-09-30,AMS,2008-11-13 00:00:00,2008-11-13 16:46:16,Q3,4530000.0,2650000.0,1880000.0,0.415011,0.0,1120000.0,0.0,0.0,1750000.0000000005,4400000.0,-1833000000,1679999.9999999998,-1831270000,-404.253863,130000.0,0.028698,90000.0,220000.0,0.048565,20000.0,30000.0,0.006623,0.00596,0.00596,5030000.0,5030000.0,https://www.sec.gov/Archives/edgar/data/744825/000095013408020470/0000950134-08-020470-index.html,https://www.sec.gov/Archives/edgar/data/744825/000095013408020470/f50571e10vq.htm
0,2008-06-30,AMS,2008-08-11 00:00:00,2008-08-11 14:05:32,Q2,5100000.0,2760000.0,2340000.0,0.458824,0.0,1130000.0,2236000000,0.0,1759999.9999999998,4520000.0,-1195000000,1700000.0,-1192880000,-233.898039,590000.0,0.115686,90000.0,670000.0,0.131373,210000.0,210000.0,0.041176,0.04175,0.04175,5030000.0,5030000.0,https://www.sec.gov/Archives/edgar/data/744825/000095013408014899/0000950134-08-014899-index.html,https://www.sec.gov/Archives/edgar/data/744825/000095013408014899/f42927e10vq.htm
0,2008-03-31,AMS,2008-05-14 00:00:00,2008-05-14 14:52:15,Q1,4730000.0,2660000.0,2070000.0,0.437632,0.0,1110000.0,1107000000,0.0,1670000.0,4330000.0,-568000000,1590000.0,-566100000,-119.682875,390000.0,0.082452,150000.0,540000.0,0.114165,150000.0,160000.0,0.033827,0.03181,0.03181,5030000.0,5030000.0,https://www.sec.gov/Archives/edgar/data/744825/000095013408009511/0000950134-08-009511-index.html,https://www.sec.gov/Archives/edgar/data/744825/000095013408009511/f40856e10vq.htm
0,2007-12-31,AMS,2008-03-31,2008-03-31 06:01:43,Q4,8310000.0,5880000.0,2440000.0,0.293622,0.0,1240000.0,4646000000,0.0,1810000.0000000005,7690000.000000001,-1946000000,1620000.0,-1943970000,-233.931408,620000.0,0.074609,10000.0,410000.0,0.049338,230000.0,180000.0,0.021661,0.03579,0.03579,5030000.0,5030000.0,https://www.sec.gov/Archives/edgar/data/744825/000095013408005643/f39302e10vk.htm,https://www.sec.gov/Archives/edgar/data/744825/000095013408005643/f39302e10vk.htm
0,2007-09-30,AMS,2007-11-14 00:00:00,2007-11-14 17:10:55,Q3,4650000.0,2500000.0,2160000.0,0.464516,0.0,1040000.0,1038000000,0.0,1470000.0000000002,3970000.0,-434000000,1530000.0000000002,-431960000,-92.894624,680000.0,0.146237,100000.0,510000.0,0.109677,240000.0,270000.0,0.058065,0.05357,0.05357,5040000.0,5040000.0,https://www.sec.gov/Archives/edgar/data/744825/000095014907000261/0000950149-07-000261-index.html,https://www.sec.gov/Archives/edgar/data/744825/000095014907000261/f35651e10vq.htm
0,2007-06-30,AMS,2007-08-14 00:00:00,2007-08-14 13:23:10,Q2,4910000.0,2460000.0,2450000.0,0.498982,0.0,1210000.0,2370000000,0.0,1679999.9999999998,4139999.9999999995,-937000000,1480000.0,-934990000,-190.425662,770000.0,0.156823,100000.0,530000.0,0.107943,250000.0,280000.0,0.057026,0.05545,0.05545,5050000.0,5050000.0,https://www.sec.gov/Archives/edgar/data/744825/000095013407018181/0000950134-07-018181-index.html,https://www.sec.gov/Archives/edgar/data/744825/000095013407018181/f32994e10vq.htm
0,2007-03-31,AMS,2007-04-02 00:00:00,2007-04-02 14:02:12,Q1,4750000.0,2520000.0,2230000.0,0.469474,0.0,1160000.0,1161000000,0.0,1630000.0000000002,4150000.0000000005,-467000000,1480000.0,-465090000,-97.913684,600000.0,0.126316,120000.0,420000.0,0.088421,200000.0,230000.0,0.048421,0.04554,0.04554,5050000.0,5050000.0,https://www.sec.gov/Archives/edgar/data/744825/000095013407007237/0000950134-07-007237-index.html,https://www.sec.gov/Archives/edgar/data/744825/000095013407007237/f27578e10vk.htm
0,2006-12-31,AMS,2007-04-02 00:00:00,2007-04-02 14:02:12,Q4,4790000.0,2480000.0,2310000.0,0.482255,0.0,890000.0,3995000000,0.0,1390000.0,3870000.0,-2161000000,1500000.0,-2158800000,-450.688935,920000.0,0.192067,60000.0,700000.0,0.146138,350000.0,350000.0,0.073069,0.06931,0.06931,5050000.0,5050000.0,https://www.sec.gov/Archives/edgar/data/744825/000095013407007237/0000950134-07-007237-index.html,https://www.sec.gov/Archives/edgar/data/744825/000095013407007237/f27578e10vk.htm
0,2006-09-30,AMS,2006-11-14,2006-11-14 13:21:32,Q3,5240000.0,2590000.0,2650000.0,0.505725,0.0,1110000.0,3101000000,0.0,1650000.0000000005,4240000.0,-1663000000,1489999.9999999998,-1660800000,-316.946565,1000000.0,0.19084,70000.0,710000.0,0.135496,280000.0,430000.0,0.082061,0.08515,0.08515,5050000.0,5050000.0,https://www.sec.gov/Archives/edgar/data/744825/000095013406021519/f25207e10vq.htm,https://www.sec.gov/Archives/edgar/data/744825/000095013406021519/f25207e10vq.htm
0,2006-06-30,AMS,2006-08-14,2006-08-14 12:37:20,Q2,5310000.0,2680000.0,2630000.0,0.495292,0.0,1080000.0,0.0,0.0,1629999.9999999993,4309999.999999999,-1123000000,1480000.0000000002,-1120780000,-211.06968,1000000.0,0.188324,90000.0,730000.0,0.137476,290000.0,450000.0,0.084746,0.08911,0.08911,5050000.0,5050000.0,https://www.sec.gov/Archives/edgar/data/744825/000095013406015990/f23041e10vq.htm,https://www.sec.gov/Archives/edgar/data/744825/000095013406015990/f23041e10vq.htm
0,2006-03-31,AMS,2006-05-15,2006-05-15 15:33:04,Q1,5050000.0,2620000.0,2420000.0,0.479208,0.0,910000.0,914000000,0.0,1479999.9999999995,4099999.9999999995,-563000000,1490000.0,-560790000,-111.047525,950000.0,0.188119,90000.0,720000.0,0.142574,280000.0,440000.0,0.087129,0.08713,0.08713,5050000.0,5050000.0,https://www.sec.gov/Archives/edgar/data/744825/000095013406009961/f20677e10vq.htm,https://www.sec.gov/Archives/edgar/data/744825/000095013406009961/f20677e10vq.htm
0,2005-12-31,AMS,2006-03-31,2006-03-30 21:32:31,Q4,4650000.0,2270000.0,2380000.0,0.511828,0.0,970000.0,3613000000,0.0,1470000.0000000002,3740000.0,-2075000000,1469999.9999999998,-2072840000,-445.772043,910000.0,0.195699,70000.0,690000.0,0.148387,210000.0,480000.0,0.103226,0.09505,0.09505,5050000.0,5050000.0,https://www.sec.gov/Archives/edgar/data/744825/000095013406006314/f18881e10vk.htm,https://www.sec.gov/Archives/edgar/data/744825/000095013406006314/f18881e10vk.htm
0,2005-09-30,AMS,2005-11-14,2005-11-14 15:39:22,Q3,4400000.0,2210000.0,2190000.0,0.497727,0.0,790000.0,2648000000,0.0,1330000.0,3540000.0,-1577000000,1350000.0,-1575020000,-357.959091,870000.0,0.197727,30000.0,630000.0,0.143182,130000.0,500000.0,0.113636,0.09901,0.09901,5050000.0,5050000.0,https://www.sec.gov/Archives/edgar/data/744825/000095013405021502/f14441e10vq.htm,https://www.sec.gov/Archives/edgar/data/744825/000095013405021502/f14441e10vq.htm
0,2005-06-30,AMS,2005-08-12,2005-08-12 13:49:56,Q2,4730000.0,2430000.0,2300000.0,0.486258,0.0,930000.0,1854000000,0.0,1449999.9999999998,3879999.9999999995,-1046000000,1360000.0,-1044020000,-220.723044,850000.0,0.179704,60000.0,620000.0,0.131078,230000.0,390000.0,0.082452,0.07588,0.07588,5140000.0,5140000.0,https://www.sec.gov/Archives/edgar/data/744825/000095013405015823/f11686e10vq.htm,https://www.sec.gov/Archives/edgar/data/744825/000095013405015823/f11686e10vq.htm
0,2005-03-31,AMS,2005-05-13,2005-05-13 14:57:21,Q1,4450000.0,2160000.0,2290000.0,0.514607,0.0,920000.0,921000000,0.0,1449999.9999999998,3609999.9999999995,-535000000,1320000.0,-533070000,-119.791011,840000.0,0.188764,40000.0,610000.0,0.137079,210000.0,400000.0,0.089888,0.07797,0.07797,5130000.0,5130000.0,https://www.sec.gov/Archives/edgar/data/744825/000095013405010092/f09131e10vq.htm,https://www.sec.gov/Archives/edgar/data/744825/000095013405010092/f09131e10vq.htm
0,2004-12-31,AMS,2005-03-29,2005-03-29 17:09:41,Q4,3910000.0,1950000.0,1960000.0,0.501279,0.0,620000.0,2963000000,0.0,1150000.0,3100000.0,983000000,1269999.9999999995,984900000,251.892583,810000.0,0.207161,40000.0,630000.0,0.161125,240000.0,390000.0,0.099744,0.07632,0.07632,5110000.0,5110000.0,https://www.sec.gov/Archives/edgar/data/744825/000095014905000116/f07365e10vk.htm,https://www.sec.gov/Archives/edgar/data/744825/000095014905000116/f07365e10vk.htm
0,2004-09-30,AMS,2004-11-12,2004-11-12 12:35:29,Q3,4140000.0,1910000.0,2230000.0,0.538647,0.0,820000.0,2345000000,0.0,1370000.0,3280000.0,-270000.0,1220000.0000000002,1560000.0000000002,0.376812,860000.0,0.207729,20000.0,610000.0,0.147343,-230000.0,840000.0,0.202899,0.16406,0.16406,5120000.0,5120000.0,https://www.sec.gov/Archives/edgar/data/744825/000095013404017340/f03271e10vq.htm,https://www.sec.gov/Archives/edgar/data/744825/000095013404017340/f03271e10vq.htm
0,2004-06-30,AMS,2004-08-13,2004-08-12 20:49:33,Q2,4110000.0,2000000.0,2120000.0,0.515815,0.0,760000.0,1528000000,0.0,1319999.9999999998,3320000.0,-250000.0,1200000.0,1520000.0,0.36983,790000.0,0.192214,20000.0,570000.0,0.138686,180000.0,390000.0,0.094891,0.07708,0.07708,5060000.0,5060000.0,https://www.sec.gov/Archives/edgar/data/744825/000095013404012179/f01133e10vq.htm,https://www.sec.gov/Archives/edgar/data/744825/000095013404012179/f01133e10vq.htm
0,2004-03-31,AMS,2004-05-14,2004-05-13 17:43:08,Q1,4230000.0,2030000.0,2200000.0,0.520095,0.0,770000.0,766000000,0.0,1380000.0000000002,3410000.0000000005,-250000.0,1200000.0,1540000.0,0.364066,820000.0,0.193853,20000.0,590000.0,0.13948,220000.0,370000.0,0.08747,0.07255,0.07255,5100000.0,5100000.0,https://www.sec.gov/Archives/edgar/data/744825/000095013404007512/f98965e10vq.htm,https://www.sec.gov/Archives/edgar/data/744825/000095013404007512/f98965e10vq.htm
0,2003-12-31,AMS,2004-03-30,2004-03-29 18:06:04,Q4,4390000.0,2090000.0,2310000.0,0.526196,0.0,890000.0,3255000000,0.0,1520000.0,3610000.0,-230000.0,1179999.9999999998,1519999.9999999998,0.346241,780000.0,0.177677,20000.0,570000.0,0.129841,230000.0,340000.0,0.077449,0.06615,0.06615,5140000.0,5140000.0,https://www.sec.gov/Archives/edgar/data/744825/000095013404004283/f97562e10vk.htm,https://www.sec.gov/Archives/edgar/data/744825/000095013404004283/f97562e10vk.htm
0,2003-09-30,AMS,2003-11-14,2003-11-14 08:24:50,Q3,4010000.0,1900000.0,2120000.0,0.528678,0.0,700000.0,2367000000,0.0,1350000.0,3250000.0,-220000.0,1110000.0,1450000.0,0.361596,760000.0,0.189526,30000.0,560000.0,0.139651,190000.0,370000.0,0.092269,0.07283,0.07283,5080000.0,5080000.0,https://www.sec.gov/Archives/edgar/data/744825/000095014903002720/f94559e10vq.htm,https://www.sec.gov/Archives/edgar/data/744825/000095014903002720/f94559e10vq.htm
0,2003-06-30,AMS,2003-08-13,2003-08-13 12:26:33,Q2,4110000.0,1880000.0,2220000.0,0.540146,0.0,840000.0,1665000000,0.0,1510000.0000000002,3390000.0,-240000.0,1060000.0,1320000.0,0.321168,710000.0,0.172749,30000.0,500000.0,0.121655,170000.0,330000.0,0.080292,0.06522,0.06522,5060000.0,5060000.0,https://www.sec.gov/Archives/edgar/data/744825/000095014903001909/f92288e10vq.htm,https://www.sec.gov/Archives/edgar/data/744825/000095014903001909/f92288e10vq.htm
0,2003-03-31,AMS,2003-05-15,2003-05-15 08:09:24,Q1,3670000.0,1540000.0,2130000.0,0.580381,0.0,830000.0,826000000,0.0,1400000.0,2940000.0,-240000.0,960000.0,1260000.0,0.343324,730000.0,0.19891,40000.0,530000.0,0.144414,200000.0,340000.0,0.092643,0.06706,0.06706,5070000.0,5070000.0,https://www.sec.gov/Archives/edgar/data/744825/000095014903001170/f90197e10vq.htm,https://www.sec.gov/Archives/edgar/data/744825/000095014903001170/f90197e10vq.htm
0,2002-12-31,AMS,2003-03-31,2003-03-28 18:39:00,Q4,3340000.0,1530000.0,1820000.0,0.54491,0.0,750000.0,3313000.0,0.0,1360000.0,2890000.0,-2437000.0,919999.9999999999,-1197000.0,-0.358383,450000.0,0.134731,30000.0,310000.0,0.092814,130000.0,190000.0,0.056886,0.03733,0.03733,5090000.0,5090000.0,https://www.sec.gov/Archives/edgar/data/744825/000095014903000733/f87890e10vk.htm,https://www.sec.gov/Archives/edgar/data/744825/000095014903000733/f87890e10vk.htm
0,2002-09-30,AMS,2002-11-14,2002-11-14 13:23:29,Q3,3560000.0,1340000.0,2220000.0,0.623596,0.0,900000.0,899000000,0.0,1530000.0,2870000.0,-260000.0,940000.0,1150000.0,0.323034,700000.0,0.196629,40000.0,470000.0,0.132022,190000.0,280000.0,0.078652,0.05534,0.05534,5060000.0,5060000.0,https://www.sec.gov/Archives/edgar/data/744825/000095014902002313/f85997e10vq.htm,https://www.sec.gov/Archives/edgar/data/744825/000095014902002313/f85997e10vq.htm
0,2002-06-30,AMS,2002-08-12 00:00:00,2002-08-12 13:29:19,Q2,3220000.0,1300000.0,1920000.0,0.596273,0.0,860000.0,1661000000,0.0,1440000.0000000002,2740000.0,-180000.0,850000.0,1020000.0,0.31677,480000.0,0.149068,40000.0,350000.0,0.108696,40000.0,310000.0,0.096273,0.06102,0.06102,5080000.0,5080000.0,https://www.sec.gov/Archives/edgar/data/744825/000095014902001637/0000950149-02-001637-index.html,https://www.sec.gov/Archives/edgar/data/744825/000095014902001637/f83525e10vq.htm
0,2002-03-31,AMS,2002-05-13 00:00:00,2002-05-13 11:13:58,Q1,3250000.0,1240000.0,2010000.0,0.618462,0.0,800000.0,0.0,0.0,1420000.0000000002,2660000.0,-220000.0,820000.0,1030000.0,0.316923,590000.0,0.181538,50000.0,430000.0,0.132308,110000.0,320000.0,0.098462,0.06387,0.06387,5010000.0,5010000.0,https://www.sec.gov/Archives/edgar/data/744825/000095014902000985/0000950149-02-000985-index.html,https://www.sec.gov/Archives/edgar/data/744825/000095014902000985/f81549e10-q.htm
0,2001-12-31,AMS,,,Q4,3030000.0,1140000.0,1890000.0,0.623762,0.0,870000.0,0.0,0.0,1450000.0,2590000.0,-190000.0,790000.0,950000.0,0.313531,440000.0,0.145215,90000.0,350000.0,0.115512,140000.0,210000.0,0.069307,0.04102,0.04102,5120000.0,5120000.0,,
0,2001-09-30,AMS,2001-11-13 00:00:00,2001-11-13 00:00:00,Q3,3050000.0,1070000.0,1980000.0,0.64918,0.0,800000.0,0.0,0.0,1450000.0,2520000.0,-210000.0,800000.0,1020000.0,0.334426,530000.0,0.17377,100000.0,430000.0,0.140984,170000.0,260000.0,0.085246,0.05068,0.05068,5130000.0,5130000.0,https://www.sec.gov/Archives/edgar/data/744825/000095014901501693/0000950149-01-501693-index.html,https://www.sec.gov/Archives/edgar/data/744825/000095014901501693/f76675e10-q.txt
0,2001-06-30,AMS,2001-08-10 00:00:00,2001-08-10 00:00:00,Q2,2820000.0,1060000.0,1760000.0,0.624113,0.0,770000.0,0.0,0.0,1410000.0,2470000.0,-160000.0,749999.9999999999,899999.9999999999,0.319149,350000.0,0.124113,120000.0,310000.0,0.109929,120000.0,190000.0,0.067376,0.03689,0.03689,5150000.0,5150000.0,https://www.sec.gov/Archives/edgar/data/744825/000095014901501163/0000950149-01-501163-index.html,https://www.sec.gov/Archives/edgar/data/744825/000095014901501163/f74683e10-q.htm
0,2001-03-31,AMS,2001-05-15 00:00:00,2001-05-15 00:00:00,Q1,2860000.0,1020000.0,1840000.0,0.643357,0.0,810000.0,0.0,0.0,1390000.0,2410000.0,-200000.0,660000.0,880000.0,0.307692,450000.0,0.157343,170000.0,420000.0,0.146853,0.0,420000.0,0.146853,0.07343,0.07343,5720000.0,5720000.0,https://www.sec.gov/Archives/edgar/data/744825/000095014901500716/0000950149-01-500716-index.html,https://www.sec.gov/Archives/edgar/data/744825/000095014901500716/f72318e10-q.txt
0,2000-12-31,AMS,,,Q4,2630000.0,1010000.0,1620000.0,0.61597,0.0,740000.0,0.0,0.0,1269999.9999999998,2280000.0,-20000.0,639999.9999999999,979999.9999999999,0.372624,350000.0,0.13308,0.0,360000.0,0.136882,0.0,360000.0,0.136882,0.06897,0.06897,5220000.0,5220000.0,,
0,2000-09-30,AMS,2000-11-13 00:00:00,2000-11-13 00:00:00,Q3,2540000.0,920000.0,1610000.0,0.633858,0.0,650000.0,0.0,0.0,1200000.0000000002,2120000.0,10000.0,609999.9999999999,1039999.9999999999,0.409449,410000.0,0.161417,0.0,420000.0,0.165354,0.0,420000.0,0.165354,0.07749,0.07749,5420000.0,5420000.0,https://www.sec.gov/Archives/edgar/data/744825/000095014900002369/0000950149-00-002369-index.html,https://www.sec.gov/Archives/edgar/data/744825/000095014900002369/f66963e10-q.txt
0,2000-06-30,AMS,2000-08-11 00:00:00,2000-08-11 00:00:00,Q2,2070000.0,790000.0,1280000.0,0.618357,0.0,710000.0,0.0,0.0,1259999.9999999998,2049999.9999999998,110000.0,580000.0000000001,830000.0000000001,0.400966,30000.0,0.014493,0.0,140000.0,0.067633,0.0,140000.0,0.067633,0.02559,0.02559,5470000.0,5470000.0,https://www.sec.gov/Archives/edgar/data/744825/000095014900001739/0000950149-00-001739-index.html,https://www.sec.gov/Archives/edgar/data/744825/000095014900001739/e10-q.txt
0,2000-03-31,AMS,2000-05-12 00:00:00,2000-05-12 00:00:00,Q1,2100000.0,710000.0,1380000.0,0.657143,0.0,550000.0,0.0,0.0,1050000.0,1760000.0,60000.0,530000.0,980000.0,0.466667,340000.0,0.161905,0.0,390000.0,0.185714,0.0,390000.0,0.185714,0.07078,0.07078,5510000.0,5510000.0,https://www.sec.gov/Archives/edgar/data/744825/000095014900001083/0000950149-00-001083-index.html,https://www.sec.gov/Archives/edgar/data/744825/0000950149-00-001083.txt
0,1999-12-31,AMS,,,Q4,1890000.0,670000.0,1220000.0,0.645503,0.0,300000.0,0.0,0.0,759999.9999999999,1430000.0,20000.0,460000.0000000002,970000.0000000002,0.513228,460000.0,0.243386,0.0,480000.0,0.253968,-430000.0,920000.0,0.486772,0.16429,0.16429,5600000.0,5600000.0,,
0,1999-09-30,AMS,,,Q3,1990000.0,540000.0,1450000.0,0.728643,0.0,570000.0,0.0,0.0,909999.9999999999,1450000.0,20000.0,399999.9999999999,989999.9999999999,0.497487,550000.0,0.276382,0.0,570000.0,0.286432,-240000.0,810000.0,0.407035,0.14647,0.14647,5530000.0,5530000.0,,
0,1999-06-30,AMS,,,Q2,1710000.0,480000.0,1230000.0,0.719298,0.0,510000.0,0.0,0.0,770000.0,1250000.0,30000.0,380000.0,910000.0,0.532164,470000.0,0.274854,0.0,500000.0,0.292398,0.0,500000.0,0.292398,0.09191,0.09191,5440000.0,5440000.0,,
0,1999-03-31,AMS,,,Q1,1570000.0,470000.0,1100000.0,0.700637,0.0,430000.0,0.0,0.0,679999.9999999999,1150000.0,30000.0,380000.0,850000.0,0.541401,410000.0,0.261146,0.0,440000.0,0.280255,-50000.0,490000.0,0.312102,0.08235,0.08235,5950000.0,5950000.0,,
0,1998-12-31,AMS,,,Q4,5580000.0,2890000.0,2690000.0,0.482079,0.0,2010000.0,0.0,0.0,2560000.0,5450000.0,0.0,1259999.9999999998,21870000,3.919355,140000.0,0.02509,20470000,20600000,3.691756,1510000.0,19100000,3.422939,3.18333,3.18333,6000000.0,6000000.0,,
0,1998-09-30,AMS,1998-11-16 00:00:00,1998-11-16 00:00:00,Q3,10400000,5650000.0,4750000.0,0.456731,0.0,3350000.0,0.0,0.0,4270000.0,9920000.0,-50000.0,1719999.9999999998,2130000.0,0.204808,480000.0,0.046154,0.0,460000.0,0.044231,10000.0,450000.0,0.043269,0.06988,0.06988,6440000.0,6440000.0,https://www.sec.gov/Archives/edgar/data/744825/000095014998001880/0000950149-98-001880-index.html,https://www.sec.gov/Archives/edgar/data/744825/0000950149-98-001880.txt
0,1998-06-30,AMS,1998-08-13 00:00:00,1998-08-13 00:00:00,Q2,9860000.0,5230000.0,4630000.0,0.469574,0.0,3530000.0,0.0,0.0,4420000.0,9650000.0,-10000.0,1580000.0,1870000.0,0.189655,210000.0,0.021298,0.0,300000.0,0.030426,0.0,300000.0,0.030426,0.05,0.05,6000000.0,6000000.0,https://www.sec.gov/Archives/edgar/data/744825/000095014998001456/0000950149-98-001456-index.html,https://www.sec.gov/Archives/edgar/data/744825/0000950149-98-001456.txt
0,1998-03-31,AMS,1998-05-14 00:00:00,1998-05-14 00:00:00,Q1,9320000.0,4970000.0,4350000.0,0.466738,0.0,3310000.0,0.0,0.0,4140000.0,9110000.0,0.0,1540000.0,1750000.0,0.187768,210000.0,0.022532,0.0,210000.0,0.022532,0.0,210000.0,0.022532,0.03075,0.03075,6830000.0,6830000.0,https://www.sec.gov/Archives/edgar/data/744825/000095014998000976/0000950149-98-000976-index.html,https://www.sec.gov/Archives/edgar/data/744825/0000950149-98-000976.txt
0,1997-12-31,AMS,,,Q4,9470000.0,4970000.0,4500000.0,0.475185,0.0,3260000.0,0.0,0.0,4130000.0,9100000.0,0.0,1690000.0000000005,2200000.0000000005,0.232313,370000.0,0.039071,140000.0,510000.0,0.053854,0.0,510000.0,0.053854,0.07907,0.07907,6450000.0,6450000.0,,
0,1997-09-30,AMS,1997-11-13 00:00:00,1997-11-13 00:00:00,Q3,9360000.0,4830000.0,4530000.0,0.483974,0.0,3420000.0,0.0,0.0,4289999.999999999,9119999.999999998,0.0,1629999.9999999993,2089999.9999999993,0.223291,240000.0,0.025641,220000.0,460000.0,0.049145,10000.0,450000.0,0.048077,0.07042,0.07042,6390000.0,6390000.0,https://www.sec.gov/Archives/edgar/data/744825/000095014997002080/0000950149-97-002080-index.html,https://www.sec.gov/Archives/edgar/data/744825/0000950149-97-002080.txt
0,1997-06-30,AMS,1997-08-13 00:00:00,1997-08-13 00:00:00,Q2,9250000.0,4840000.0,4400000.0,0.475676,0.0,3400000.0,0.0,0.0,4330000.0,9170000.0,0.0,1700000.0000000002,2230000.0,0.241081,80000.0,0.008649,450000.0,530000.0,0.057297,0.0,530000.0,0.057297,0.0876,0.0876,6050000.0,6050000.0,https://www.sec.gov/Archives/edgar/data/744825/000095014997001531/0000950149-97-001531-index.html,https://www.sec.gov/Archives/edgar/data/744825/0000950149-97-001531.txt
0,1997-03-31,AMS,1997-05-14 00:00:00,1997-05-14 00:00:00,Q1,9100000.0,4870000.0,4230000.0,0.464835,0.0,3350000.0,0.0,0.0,4360000.0,9230000.0,0.0,1730000.0,1770000.0,0.194505,-130000.0,-0.014286,170000.0,40000.0,0.004396,0.0,40000.0,0.004396,0.00616,0.00616,6490000.0,6490000.0,https://www.sec.gov/Archives/edgar/data/744825/000095014997001023/0000950149-97-001023-index.html,https://www.sec.gov/Archives/edgar/data/744825/0000950149-97-001023.txt
0,1996-12-31,AMS,,,Q4,9260000.0,4940000.0,4320000.0,0.466523,0.0,3260000.0,0.0,0.0,4280000.0,9220000.0,0.0,1640000.0000000007,1700000.0000000007,0.183585,40000.0,0.00432,10000.0,60000.0,0.006479,0.0,60000.0,0.006479,0.01333,0.01333,4500000.0,4500000.0,,
0,1996-09-30,AMS,1996-11-14 00:00:00,1996-11-14 00:00:00,Q3,9580000.0,5210000.0,4370000.0,0.456159,0.0,3320000.0,0.0,0.0,4430000.000000001,9640000.000000002,0.0,1759999.9999999998,1799999.9999999998,0.187891,-60000.0,-0.006263,90000.0,40000.0,0.004175,0.0,40000.0,0.004175,0.00635,0.00635,6300000.0,6300000.0,https://www.sec.gov/Archives/edgar/data/744825/000095014996001879/0000950149-96-001879-index.html,https://www.sec.gov/Archives/edgar/data/744825/0000950149-96-001879.txt
0,1996-06-30,AMS,1996-08-13 00:00:00,1996-08-13 00:00:00,Q2,9200000.0,5180000.0,4020000.0,0.436957,0.0,3050000.0,0.0,0.0,4050000.000000001,9230000.000000002,0.0,1820000.0,1850000.0,0.201087,-30000.0,-0.003261,60000.0,30000.0,0.003261,0.0,30000.0,0.003261,0.00489,0.00489,6140000.0,6140000.0,https://www.sec.gov/Archives/edgar/data/744825/000095014996001214/0000950149-96-001214-index.html,https://www.sec.gov/Archives/edgar/data/744825/0000950149-96-001214.txt
0,1996-03-31,AMS,1996-05-15 00:00:00,1996-05-15 00:00:00,Q1,8940000.0,5420000.0,3520000.0,0.393736,0.0,2990000.0,0.0,0.0,4070000.0,9490000.0,0.0,1760000.0,1270000.0,0.142058,-550000.0,-0.061521,60000.0,-490000.0,-0.05481,-10000.0,-480000.0,-0.053691,-0.11215,-0.11215,4280000.0,4280000.0,https://www.sec.gov/Archives/edgar/data/744825/000095014996000636/0000950149-96-000636-index.html,https://www.sec.gov/Archives/edgar/data/744825/0000950149-96-000636.txt
0,1995-12-31,AMS,,,Q4,8560000.0,5360000.0,3200000.0,0.373832,0.0,5930000.0,0.0,0.0,7009999.999999999,12369999.999999998,0.0,1760000.0000000007,-2539999.999999999,-0.296729,-3810000.0,-0.445093,90000.0,-3720000.0,-0.434579,0.0,-4300000.0,-0.502336,-0.98174,-0.98174,4380000.0,4380000.0,,
0,1995-09-30,AMS,1995-11-14 00:00:00,1995-11-14 00:00:00,Q3,8380000.0,5360000.0,3020000.0,0.360382,0.0,3050000.0,0.0,0.0,4009999.999999999,9369999.999999998,0.0,2130000.0,1450000.0,0.173031,-990000.0,-0.118138,310000.0,-680000.0,-0.081146,0.0,-680000.0,-0.081146,-0.16114,-0.16114,4220000.0,4220000.0,https://www.sec.gov/Archives/edgar/data/744825/000095014995000805/0000950149-95-000805-index.html,https://www.sec.gov/Archives/edgar/data/744825/0000950149-95-000805.txt
0,1995-06-30,AMS,1995-08-21 00:00:00,1995-08-21 00:00:00,Q2,8470000.0,5850000.0,2620000.0,0.309327,0.0,3420000.0,0.0,0.0,9370000.000000002,15220000.000000002,0.0,2429999.9999999995,16040000,1.893743,-6750000.0,-0.79693,-20000.0,-6770000.0,-0.799292,0.0,13610000,1.606848,3.01774,3.01774,4510000.0,4510000.0,https://www.sec.gov/Archives/edgar/data/744825/000095014995000526/0000950149-95-000526-index.html,https://www.sec.gov/Archives/edgar/data/744825/0000950149-95-000526.txt
