,date,symbol,fillingDate,acceptedDate,period,revenue,costOfRevenue,grossProfit,grossProfitRatio,researchAndDevelopmentExpenses,generalAndAdministrativeExpenses,sellingAndMarketingExpenses,otherExpenses,operatingExpenses,costAndExpenses,interestExpense,depreciationAndAmortization,ebitda,ebitdaratio,operatingIncome,operatingIncomeRatio,totalOtherIncomeExpensesNet,incomeBeforeTax,incomeBeforeTaxRatio,incomeTaxExpense,netIncome,netIncomeRatio,eps,epsdiluted,weightedAverageShsOut,weightedAverageShsOutDil,link,finalLink
0,2020-09-30,ABMD,2020-11-06,2020-11-06 16:00:52,Q2,209764000,38736000,171028000,0.8153353292271315,30525000,79167000,0.0,9757000.0,0.0,148428000,0.0,0.0,65171000,0.310687248526916,61336000,0.34760492744226845,11579000,72915000,0.34760492744226845,10702000,62213000,0.2965856867718007,1.38,1.36,45104000,45661000,https://www.sec.gov/Archives/edgar/data/815094/000156459020051944/0001564590-20-051944-index.htm,https://www.sec.gov/Archives/edgar/data/815094/000156459020051944/abmd-10q_20200930.htm
0,2020-06-30,ABMD,2020-08-06,2020-08-06 16:01:51,Q1,164850000,35983000,128867000,0.7817227782832878,26357000,68444000,0.0,24613000,0.0,130784000,0.0,0.0,37149000,0.22535031847133757,34066000,0.3704943888383379,27010000,61076000,0.3704943888383379,16488000,44588000,0.2704761904761905,0.99,0.98,45010000,45549000,https://www.sec.gov/Archives/edgar/data/815094/000156459020037706/0001564590-20-037706-index.htm,https://www.sec.gov/Archives/edgar/data/815094/000156459020037706/abmd-10q_20200630.htm
0,2020-03-31,ABMD,2020-05-21,2020-05-21 16:08:19,Q4,206658000,39368000,167290000,0.8095016887804972,25346000,83892000,0.0,-21840000,0.0,148606000,0.0,0.0,60954000,0.29495107859361847,58052000,0.19023217102652693,-18739000,39313000,0.19023217102652693,7515000.0,31798000,0.1538677428408288,0.0,0.0,0.0,0.0,https://www.sec.gov/Archives/edgar/data/815094/000156459020026547/0001564590-20-026547-index.htm,https://www.sec.gov/Archives/edgar/data/815094/000156459020026547/abmd-10k_20200331.htm
0,2019-12-31,ABMD,2020-02-06,2020-02-06 16:07:42,Q3,221584000,39996000,181588000,0.8194996028594123,25655000,85674000,0.0,23671000,0.0,151325000,0.0,0.0,72548000,0.3274063109249765,70259000,0.4378294461693985,26757000,97016000,0.4378294461693985,27799000,69217000,0.31237363708571014,1.53,1.51,45140000,45695000,https://www.sec.gov/Archives/edgar/data/815094/000156459020003682/0001564590-20-003682-index.htm,https://www.sec.gov/Archives/edgar/data/815094/000156459020003682/abmd-10q_20191231.htm
0,2019-09-30,ABMD,2019-10-31,2019-10-31 16:13:44,Q2,204974000,34867000,170107000,0.8298954989413292,23969000,85956000,0.0,-45756000,0.0,144792000,0.0,0.0,61937000,0.3021700313210456,60182000,0.08468391113019212,-42824000,17358000,0.08468391113019212,4287000.0,13071000,0.06376906339340599,0.29,0.28,45319000,45912000,https://www.sec.gov/Archives/edgar/data/815094/000156459019039144/0001564590-19-039144-index.htm,https://www.sec.gov/Archives/edgar/data/815094/000156459019039144/abmd-10q_20190930.htm
0,2019-06-30,ABMD,2019-08-01,2019-08-01 16:07:07,Q1,207666000,37073000,170593000,0.8214777575529938,23790000,86078000,0.0,39364000,0.0,146941000,0.0,0.0,62041000,0.29875376806988146,60725000,0.4966532797858099,42413000,103138000,0.4966532797858099,14215000,88923000,0.4282020166998931,1.97,1.93,45215000,46092000,https://www.sec.gov/Archives/edgar/data/815094/000156459019027945/0001564590-19-027945-index.htm,https://www.sec.gov/Archives/edgar/data/815094/000156459019020329/abmd-10k_20190331.htm
0,2019-03-31,ABMD,2019-05-23,2019-05-23 16:07:01,Q4,207081000,34849000,172232000,0.8317131943539001,25548000,81296000,0.0,30372000,0.0,141693000,0.0,0.0,66804000,0.322598403523259,65388000,0.47579932490185,33141000,98529000,0.47579932490185,24569000,73960000,0.3571549297134938,1.64,1.6,45091000,46173000,https://www.sec.gov/Archives/edgar/data/815094/000156459019020329/0001564590-19-020329-index.htm,https://www.sec.gov/Archives/edgar/data/815094/000156459019020329/abmd-10k_20190331.htm
0,2018-12-31,ABMD,2019-02-05,2019-02-05 16:29:42,Q3,200563000,34023000,166540000,0.8303625294795152,23965000,80220000,0.0,-20000.0,0.0,138208000,0.0,0.0,63769000,0.31794997083210763,62355000,0.32164457053394696,2155000.0,64510000,0.32164457053394696,19648000,44862000,0.223680339843341,1.0,0.97,45046000,46136000,https://www.sec.gov/Archives/edgar/data/815094/000156459019002003/0001564590-19-002003-index.htm,https://www.sec.gov/Archives/edgar/data/815094/000156459019002003/abmd-10q_20181231.htm
0,2018-09-30,ABMD,2018-11-06,2018-11-06 16:01:45,Q2,181778000,29846000,151932000,0.835810714167831,22717000,78895000,0.0,-158000.0,0.0,131458000,0.0,0.0,52037000,0.28626676495505504,50320000,0.28514451693824333,1513000.0,51833000,0.28514451693824333,1706000.0,50127000,0.27575944283686693,1.11,1.09,44961000,46153000,https://www.sec.gov/Archives/edgar/data/815094/000156459018027381/0001564590-18-027381-index.htm,https://www.sec.gov/Archives/edgar/data/815094/000156459018027381/abmd-10q_20180930.htm
0,2018-06-30,ABMD,2018-08-02,2018-08-02 13:45:58,Q1,180010000,30850000,149160000,0.8286206321871007,21273000,81139000,0.0,188000.0,0.0,133262000,0.0,0.0,48156000,0.26751847119604466,46748000,0.269357257930115,1739000.0,48487000,0.269357257930115,-41579000,90066000,0.5003388700627743,2.02,1.95,44546000,46169000,https://www.sec.gov/Archives/edgar/data/815094/000156459018018814/0001564590-18-018814-index.htm,https://www.sec.gov/Archives/edgar/data/815094/000156459018014310/abmd-10k_20180331.htm
0,2018-03-31,ABMD,2018-05-24,2018-05-24 16:11:43,Q4,174436000,30098000,144338000,0.8274553417872458,21270000,75501000,0.0,-363000.0,0.0,126869000,0.0,0.0,49169000,0.28187415441766606,47567000,0.2780790662477929,940000.0,48507000,0.2780790662477929,11660000,36847000,0.2112350661560687,0.83,0.8,44320000,46141000,https://www.sec.gov/Archives/edgar/data/815094/000156459018014310/0001564590-18-014310-index.htm,https://www.sec.gov/Archives/edgar/data/815094/000156459018014310/abmd-10k_20180331.htm
0,2017-12-31,ABMD,2018-02-06,2018-02-06 16:23:49,Q3,154022000,24994000,129028000,0.8377244809183104,17706000,66556000,0.0,-81000.0,0.0,109256000,0.0,0.0,46577000,0.30240485125501554,44766000,0.2964122008544234,888000.0,45654000,0.2964122008544234,32208000,13446000,0.08729921699497474,0.3,0.29,44247000,45869000,https://www.sec.gov/Archives/edgar/data/815094/000156459018001410/0001564590-18-001410-index.htm,https://www.sec.gov/Archives/edgar/data/815094/000156459018001410/abmd-10q_20171231.htm
0,2017-09-30,ABMD,2017-11-02,2017-11-02 16:33:06,Q2,132823000,21627000,111196000,0.8371742845742077,19390000,60080000,0.0,-23000.0,0.0,101097000,0.0,0.0,33802000,0.2544890568651514,31726000,0.24456607665841007,758000.0,32484000,0.24456607665841007,7981000.0,24503000,0.18447859181015336,0.56,0.54,44141000,45698000,https://www.sec.gov/Archives/edgar/data/815094/000156459017021239/0001564590-17-021239-index.htm,https://www.sec.gov/Archives/edgar/data/815094/000156459017021239/abmd-10q_20170930.htm
0,2017-06-30,ABMD,2017-08-01,2017-08-01 15:06:52,Q1,132468000,21862000,110606000,0.8349639158136305,16931000,60597000,0.0,79000.0,0.0,99390000,0.0,0.0,34906000,0.26350514841320166,33078000,0.25509557025092855,714000.0,33792000,0.25509557025092855,-3582000.0,37374000,0.28213606304918926,0.85,0.82,43895000,45608000,https://www.sec.gov/Archives/edgar/data/815094/000156459017014620/0001564590-17-014620-index.htm,https://www.sec.gov/Archives/edgar/data/815094/000156459017011690/abmd-10k_20170331.htm
0,2017-03-31,ABMD,2017-05-25,2017-05-25 16:08:18,Q4,124680000,19261000,105419000,0.8455165222970805,16325000,60100000,0.0,-124000.0,0.0,95686000,0.0,0.0,30222000,0.24239653512993262,28994000,0.23545075393006096,362000.0,29356000,0.23545075393006096,14457000,14899000,0.11949791466153352,0.34,0.33,43579000,44924000,https://www.sec.gov/Archives/edgar/data/815094/000156459017011690/0001564590-17-011690-index.htm,https://www.sec.gov/Archives/edgar/data/815094/000156459017011690/abmd-10k_20170331.htm
0,2016-12-31,ABMD,2017-02-03,2017-02-03 16:06:37,Q3,114674000,18987000,95687000,0.8344262866909674,16349000,53935000,0.0,-34000.0,0.0,89271000,0.0,0.0,26476000,0.2308805832185151,25403000,0.22521234107121058,423000.0,25826000,0.22521234107121058,10394000,15432000,0.13457278894954391,0.36,0.34,43431000,44770000,https://www.sec.gov/Archives/edgar/data/815094/000156459017000958/0001564590-17-000958-index.htm,https://www.sec.gov/Archives/edgar/data/815094/000156459017000958/abmd-10q_20161231.htm
0,2016-09-30,ABMD,2016-11-04,2016-11-04 16:16:24,Q2,102955000,17309000,85646000,0.8318780049536205,18052000,53086000,0.0,-114000.0,0.0,88447000,0.0,0.0,15718000,0.15266864163955127,14508000,0.14313049390510418,228000.0,14736000,0.14313049390510418,5861000.0,8875000.0,0.0862027099218105,0.21,0.2,43129000,44580000,https://www.sec.gov/Archives/edgar/data/815094/000156459016027656/0001564590-16-027656-index.htm,https://www.sec.gov/Archives/edgar/data/815094/000156459016027656/abmd-10q_20160930.htm
0,2016-06-30,ABMD,2016-08-03,2016-08-03 15:08:34,Q1,102995000,15070000,87925000,0.8536822175833778,15660000,51032000,0.0,-77000.0,0.0,81762000,0.0,0.0,22370000,0.21719500946647896,21233000,0.20801980678673723,192000.0,21425000,0.20801980678673723,8515000.0,12910000,0.1253458905772125,0.3,0.29,42811000,45178000,https://www.sec.gov/Archives/edgar/data/815094/000156459016022298/0001564590-16-022298-index.htm,https://www.sec.gov/Archives/edgar/data/815094/000156459016020014/abmd-10k_20160331.htm
0,2016-03-31,ABMD,2016-05-26,2016-05-26 16:09:12,Q4,93957000,14663000,79294000,0.8439392488053046,14225000,45256000,0.0,228000.0,0.0,74144000,0.0,0.0,20690000,0.2202071160211586,19813000,0.2152793299062337,414000.0,20227000,0.2152793299062337,9229000.0,10998000,0.11705354577093777,0.26,0.24,42463000,45112000,https://www.sec.gov/Archives/edgar/data/815094/000156459016020014/0001564590-16-020014-index.htm,https://www.sec.gov/Archives/edgar/data/815094/000156459016020014/abmd-10k_20160331.htm
0,2015-12-31,ABMD,2016-02-05,2016-02-05 16:08:32,Q3,85795000,12744000,73051000,0.8514598752841075,13755000,41853000,0.0,-29000.0,0.0,68352000,0.0,0.0,18221000,0.2123783437263244,17443000,0.2039512792120753,55000.0,17498000,0.2039512792120753,6943000.0,10555000,0.12302581735532374,0.25,0.23,42427000,44949000,https://www.sec.gov/Archives/edgar/data/815094/000156459016012405/0001564590-16-012405-index.htm,https://www.sec.gov/Archives/edgar/data/815094/000156459016012405/abmd-10q_20151231.htm
0,2015-09-30,ABMD,2015-11-04,2015-11-04 16:06:42,Q2,76359000,12144000,64215000,0.8409617726790555,11569000,39829000,0.0,87000.0,0.0,63542000,0.0,0.0,13444000,0.17606307049594677,12817000,0.16980316662083056,149000.0,12966000,0.16980316662083056,5231000.0,7735000.0,0.10129781689126363,0.18,0.17,42228000,44922000,https://www.sec.gov/Archives/edgar/data/815094/000119312515366085/0001193125-15-366085-index.htm,https://www.sec.gov/Archives/edgar/data/815094/000119312515366085/d60351d10q.htm
0,2015-06-30,ABMD,2015-08-06,2015-08-06 16:17:24,Q1,73432000,10868000,62564000,0.8519991284453644,10210000,37323000,0.0,53000.0,0.0,58401000,0.0,0.0,15631000,0.21286360169953153,15031000,0.20627246976794858,116000.0,15147000,0.20627246976794858,6288000.0,8859000.0,0.12064222682209391,0.21,0.2,41696000,44410000,https://www.sec.gov/Archives/edgar/data/815094/000119312515281070/0001193125-15-281070-index.htm,https://www.sec.gov/Archives/edgar/data/815094/000119312515204302/d863915d10k.htm
0,2015-03-31,ABMD,2015-05-28,2015-05-28 17:05:36,Q4,67557000,10806000,56751000,0.8400461832230561,9853000.0,34535000,0.0,-59000.0,0.0,55194000,0.0,0.0,13269000,0.19641191882410408,12363000,0.18313424219547939,9000.0,12372000,0.18313424219547939,-86502000,98874000,1.463564101425463,2.4,2.24,41168000,44049000,https://www.sec.gov/Archives/edgar/data/815094/000119312515204302/0001193125-15-204302-index.htm,https://www.sec.gov/Archives/edgar/data/815094/000119312515204302/d863915d10k.htm
0,2014-12-31,ABMD,2015-01-30,2015-01-30 15:00:24,Q3,62005000,9838000.0,52167000,0.8413353761793404,8365000.0,30139000,0.0,-10000.0,0.0,48342000,0.0,0.0,14215000,0.22925570518506572,13663000,0.22096605112490927,38000.0,13701000,0.22096605112490927,1017000.0,12684000,0.20456414805257642,0.31,0.3,40856000,42884000,https://www.sec.gov/Archives/edgar/data/815094/000119312515027514/0001193125-15-027514-index.htm,https://www.sec.gov/Archives/edgar/data/815094/000119312515027514/d846744d10q.htm
0,2014-09-30,ABMD,2014-11-10,2014-11-10 14:36:59,Q2,51938000,9612000.0,42326000,0.8149331895721822,8693000.0,29455000,0.0,-39000.0,0.0,47760000,0.0,0.0,4717000.0,0.09081982363587354,4178000.0,0.08038430436289422,-3000.0,4175000.0,0.08038430436289422,336000.0,3839000.0,0.07391505256267088,0.09,0.09,40448000,42239000,https://www.sec.gov/Archives/edgar/data/815094/000119312514405601/0001193125-14-405601-index.htm,https://www.sec.gov/Archives/edgar/data/815094/000119312514405601/d798670d10q.htm
0,2014-06-30,ABMD,2014-08-06,2014-08-06 12:52:56,Q1,48811000,9689000.0,39122000,0.8014996619614431,9062000.0,31598000,0.0,11000.0,0.0,50349000,0.0,0.0,-961000.0,-0.01968818504025732,-1538000.0,-0.03038249574890906,55000.0,-1483000.0,-0.03038249574890906,226000.0,-1709000.0,-0.03501259961893836,-0.04,-0.04,40062000,40062000,https://www.sec.gov/Archives/edgar/data/815094/000119312514297713/0001193125-14-297713-index.htm,https://www.sec.gov/Archives/edgar/data/815094/000119312514214835/d707960d10k.htm
0,2014-03-31,ABMD,2014-05-28,2014-05-28 15:17:02,Q4,50433000,10114000,40319000,0.7994567049352607,7920000.0,28721000,0.0,44000.0,0.0,46755000,0.0,0.0,4283000.0,0.08492455336783455,3678000.0,0.07459401582297305,84000.0,3762000.0,0.07459401582297305,140000.0,3622000.0,0.07181805563817342,0.09,0.09,39810000,42125000,https://www.sec.gov/Archives/edgar/data/815094/000119312514214835/0001193125-14-214835-index.htm,https://www.sec.gov/Archives/edgar/data/815094/000119312514214835/d707960d10k.htm
0,2013-12-31,ABMD,2014-02-06,2014-02-06 16:05:53,Q3,46195000,9458000.0,36737000,0.7952592271890897,7779000.0,24364000,0.0,20000.0,0.0,41601000,0.0,0.0,5098000.0,0.11035826388137245,4594000.0,0.10068189197965148,57000.0,4651000.0,0.10068189197965148,258000.0,4393000.0,0.09509687195583938,0.11,0.11,39592000,41726000,https://www.sec.gov/Archives/edgar/data/815094/000119312514038809/0001193125-14-038809-index.htm,https://www.sec.gov/Archives/edgar/data/815094/000119312514038809/d636263d10q.htm
0,2013-09-30,ABMD,2013-11-08,2013-11-08 14:17:52,Q2,44345000,9027000.0,35318000,0.796437027849814,7721000.0,26199000,0.0,6000.0,0.0,42947000,0.0,0.0,2043000.0,0.04607058292930432,1398000.0,0.0322246025482016,31000.0,1429000.0,0.0322246025482016,370000.0,1059000.0,0.023880933588905175,0.03,0.03,39260000,41337000,https://www.sec.gov/Archives/edgar/data/815094/000119312513434885/0001193125-13-434885-index.htm,https://www.sec.gov/Archives/edgar/data/815094/000119312513434885/d595362d10q.htm
0,2013-06-30,ABMD,2013-08-07,2013-08-07 16:09:53,Q1,42670000,8723000.0,33947000,0.7955706585423014,7287000.0,27967000,0.0,-21000.0,0.0,43977000,0.0,0.0,-671000.0,-0.01572533395828451,-1307000.0,-0.030747597843918444,-5000.0,-1312000.0,-0.030747597843918444,411000.0,-1723000.0,-0.04037965783923131,-0.04,-0.04,38678000,38678000,https://www.sec.gov/Archives/edgar/data/815094/000119312513324162/0001193125-13-324162-index.htm,https://www.sec.gov/Archives/edgar/data/815094/000119312513237523/d505388d10k.htm
0,2013-03-31,ABMD,2013-05-28,2013-05-28 16:33:09,Q4,43674000,8826000.0,34848000,0.7979118010715758,6822000.0,23894000,0.0,15000.0,0.0,39542000,0.0,0.0,4769000.0,0.10919540229885058,4132000.0,0.09479324082978431,8000.0,4140000.0,0.09479324082978431,398000.0,3742000.0,0.08568026743600311,0.1,0.09,38445000,39824000,https://www.sec.gov/Archives/edgar/data/815094/000119312513237523/0001193125-13-237523-index.htm,https://www.sec.gov/Archives/edgar/data/815094/000119312513237523/d505388d10k.htm
0,2012-12-31,ABMD,2013-02-06,2013-02-06 10:43:54,Q3,38250000,8130000.0,30120000,0.7874509803921569,6259000.0,20943000,0.0,324000.0,0.0,35332000,0.0,0.0,3554000.0,0.09291503267973857,2918000.0,0.0847843137254902,325000.0,3243000.0,0.0847843137254902,559000.0,2684000.0,0.07016993464052287,0.07,0.07,39417000,40865000,https://www.sec.gov/Archives/edgar/data/815094/000119312513040333/0001193125-13-040333-index.htm,https://www.sec.gov/Archives/edgar/data/815094/000119312513040333/d447857d10q.htm
0,2012-09-30,ABMD,2012-11-05,2012-11-05 16:26:46,Q2,37417000,7194000.0,30223000,0.8077344522543229,5854000.0,18437000,0.0,0.0,0.0,31485000,0.0,0.0,6547000.0,0.17497394232568084,5932000.0,0.15832375658123313,-8000.0,5924000.0,0.15832375658123313,455000.0,5469000.0,0.14616350856562524,0.14,0.13,39431000,41722000,https://www.sec.gov/Archives/edgar/data/815094/000119312512451878/0001193125-12-451878-index.htm,https://www.sec.gov/Archives/edgar/data/815094/000119312512451878/d405184d10q.htm
0,2012-06-30,ABMD,2012-08-06,2012-08-06 16:05:42,Q1,38783000,7446000.0,31337000,0.8080086635897171,6712000.0,20953000,0.0,0.0,0.0,35222000,0.0,0.0,4409000.0,0.11368383054431065,3561000.0,0.09166387334656938,-6000.0,3555000.0,0.09166387334656938,436000.0,3119000.0,0.08042183430884665,0.08,0.08,39144000,41549000,https://www.sec.gov/Archives/edgar/data/815094/000119312512337716/0001193125-12-337716-index.htm,https://www.sec.gov/Archives/edgar/data/815094/000119312512258595/d303434d10k.htm
0,2012-03-31,ABMD,2012-06-04,2012-06-04 15:34:33,Q4,37344000,6786000.0,30558000,0.8182840616966581,7236000.0,20028000,0.0,0.0,0.0,34402000,0.0,0.0,3192000.0,0.08547557840616966,2942000.0,0.07840616966580977,-14000.0,2928000.0,0.07840616966580977,361000.0,2567000.0,0.06873928877463582,0.0,0.0,0.0,0.0,https://www.sec.gov/Archives/edgar/data/815094/000119312512258595/0001193125-12-258595-index.htm,https://www.sec.gov/Archives/edgar/data/815094/000119312512258595/d303434d10k.htm
0,2011-12-31,ABMD,2012-02-08,2012-02-08 16:05:47,Q3,32198000,6279000.0,25919000,0.8049878874464252,6140000.0,17184000,0.0,0.0,0.0,29965000,0.0,0.0,2137000.0,0.06637058202372818,2233000.0,0.10208708615441953,1054000.0,3287000.0,0.10208708615441953,366000.0,2921000.0,0.09071992049195603,0.08,0.07,38498000,40270000,https://www.sec.gov/Archives/edgar/data/815094/000119312512046514/0001193125-12-046514-index.htm,https://www.sec.gov/Archives/edgar/data/815094/000119312512046514/d267028d10q.htm
0,2011-09-30,ABMD,2011-11-07,2011-11-07 16:58:31,Q2,29478000,5551000.0,23927000,0.8116900739534568,6459000.0,16323000,0.0,0.0,0.0,28712000,0.0,0.0,1785000.0,0.06055363321799308,766000.0,0.028020896940090915,60000.0,826000.0,0.028020896940090915,225000.0,601000.0,0.020388086030259853,0.02,0.02,38256000,39366000,https://www.sec.gov/Archives/edgar/data/815094/000119312511299974/0001193125-11-299974-index.htm,https://www.sec.gov/Archives/edgar/data/815094/000119312511299974/d231244d10q.htm
0,2011-06-30,ABMD,2011-08-05,2011-08-05 16:52:32,Q1,27355000,5891000.0,21464000,0.784646316943886,7324000.0,18176000,0.0,0.0,0.0,31776000,0.0,0.0,-3298000.0,-0.12056296837872418,-4421000.0,-0.16443063425333576,-77000.0,-4498000.0,-0.16443063425333576,96000.0,-4594000.0,-0.1679400475233047,-0.12,-0.12,38268000,38268000,https://www.sec.gov/Archives/edgar/data/815094/000119312511212464/0001193125-11-212464-index.htm,https://www.sec.gov/Archives/edgar/data/815094/000119312511157312/d10k.htm
0,2011-03-31,ABMD,2011-06-02,2011-06-02 17:12:41,Q4,28529000,5848000.0,22681000,0.7950155981632725,6843000.0,16888000,0.0,0.0,0.0,29940000,0.0,0.0,-353000.0,-0.012373374461074695,-1411000.0,-0.05359458796312524,-118000.0,-1529000.0,-0.05359458796312524,243000.0,-1772000.0,-0.06211223667145711,0.0,0.0,0.0,0.0,https://www.sec.gov/Archives/edgar/data/815094/000119312511157312/0001193125-11-157312-index.htm,https://www.sec.gov/Archives/edgar/data/815094/000119312511157312/d10k.htm
0,2010-12-31,ABMD,2011-02-04,2011-02-04 14:17:59,Q3,27244000,5437000.0,21807000,0.8004331228894436,6592000.0,15592000,0.0,0.0,0.0,27916000,0.0,0.0,198000.0,0.007267655263544267,-672000.0,-0.023418000293642636,34000.0,-638000.0,-0.023418000293642636,164000.0,-802000.0,-0.029437674350315666,-0.02,-0.02,37195000,37195000,https://www.sec.gov/Archives/edgar/data/815094/000119312511024317/0001193125-11-024317-index.htm,https://www.sec.gov/Archives/edgar/data/815094/000119312511024317/d10q.htm
0,2010-09-30,ABMD,2010-11-05,2010-11-05 16:46:13,Q2,23376000,5408000.0,17968000,0.7686516084873375,6589000.0,14054000,0.0,0.0,0.0,26423000,0.0,0.0,-1990000.0,-0.08513004791238878,-3047000.0,-0.12658281998631074,88000.0,-2959000.0,-0.12658281998631074,242000.0,-3201000.0,-0.136935318275154,-0.09,-0.09,37156000,37156000,https://www.sec.gov/Archives/edgar/data/815094/000119312510250201/0001193125-10-250201-index.htm,https://www.sec.gov/Archives/edgar/data/815094/000119312510250201/d10q.htm
0,2010-06-30,ABMD,2010-08-05,2010-08-05 15:17:37,Q1,22002000,5284000.0,16718000,0.7598400145441323,6653000.0,15753000,0.0,0.0,0.0,28057000,0.0,0.0,-5414000.0,-0.24606853922370694,-6055000.0,-0.2607490228161076,318000.0,-5737000.0,-0.2607490228161076,243000.0,-5980000.0,-0.2717934733206072,-0.16,-0.16,37086000,37086000,https://www.sec.gov/Archives/edgar/data/815094/000119312510179183/0001193125-10-179183-index.htm,https://www.sec.gov/Archives/edgar/data/815094/000119312510134997/d10k.htm
0,2010-03-31,ABMD,2010-06-08,2010-06-08 17:05:40,Q4,22979000,6239000.0,16740000,0.7284912311240698,6788000.0,14864000,0.0,0.0,0.0,28253000,0.0,0.0,-4247000.0,-0.18482092345184734,-5274000.0,0.05300491753340006,6492000.0,1218000.0,0.05300491753340006,243000.0,975000.0,0.04243004482353453,0.0,0.0,0.0,0.0,https://www.sec.gov/Archives/edgar/data/815094/000119312510134997/0001193125-10-134997-index.htm,https://www.sec.gov/Archives/edgar/data/815094/000119312510134997/d10k.htm
0,2009-12-31,ABMD,2010-02-05,2010-02-05 16:45:58,Q3,22799000,5772000.0,17027000,0.7468310013597088,6397000.0,15190000,0.0,0.0,0.0,27741000,0.0,0.0,-4122000.0,-0.18079740339488573,-4942000.0,-0.20198254309399535,337000.0,-4605000.0,-0.20198254309399535,-40000.0,-4565000.0,-0.20022808017895521,-0.12,-0.12,37011000,37011000,https://www.sec.gov/Archives/edgar/data/815094/000119312510023399/0001193125-10-023399-index.htm,https://www.sec.gov/Archives/edgar/data/815094/000119312510023399/d10q.htm
0,2009-09-30,ABMD,2009-11-06,2009-11-06 16:38:05,Q2,20022000,5446000.0,14576000,0.727999200879033,6786000.0,14816000,0.0,0.0,0.0,27419000,0.0,0.0,-6196000.0,-0.30945959444610927,-7397000.0,-0.37119168914194384,-35000.0,-7432000.0,-0.37119168914194384,242000.0,-7674000.0,-0.38327839376685646,-0.21,-0.21,36924000,36924000,https://www.sec.gov/Archives/edgar/data/815094/000119312509227619/0001193125-09-227619-index.htm,https://www.sec.gov/Archives/edgar/data/815094/000119312509227619/d10q.htm
0,2009-06-30,ABMD,2009-08-07,2009-08-07 16:48:10,Q1,19913000,5072000.0,14841000,0.7452920202882539,5983000.0,15967000,0.0,0.0,0.0,27376000,0.0,0.0,-5947000.0,-0.298649123688043,-7463000.0,-0.3783458042484809,-71000.0,-7534000.0,-0.3783458042484809,226000.0,-7760000.0,-0.38969517400693016,-0.21,-0.21,36549000,36549000,https://www.sec.gov/Archives/edgar/data/815094/000119312509169193/0001193125-09-169193-index.htm,https://www.sec.gov/Archives/edgar/data/815094/000119312509127074/d10k.htm
0,2009-03-31,ABMD,2009-06-08,2009-06-08 16:58:56,Q4,19583000,5498000.0,14085000,0.7192462850431497,7131000.0,14718000,0.0,0.0,0.0,27754000,0.0,0.0,-6715000.0,-0.342899453607721,-8171000.0,-0.42393913087882346,-131000.0,-8302000.0,-0.42393913087882346,152000.0,-8454000.0,-0.4317009651228106,0.0,0.0,0.0,0.0,https://www.sec.gov/Archives/edgar/data/815094/000119312509127074/0001193125-09-127074-index.htm,https://www.sec.gov/Archives/edgar/data/815094/000119312509127074/d10k.htm
0,2008-12-31,ABMD,2009-02-09,2009-02-09 14:47:41,Q3,17271000,4519000.0,12752000,0.7383475189624226,5203000.0,13227000,0.0,0.0,0.0,23311000,0.0,0.0,-3442000.0,-0.1992936135718835,-6040000.0,-0.43523826066817206,-1477000.0,-7517000.0,-0.43523826066817206,182000.0,-7699000.0,-0.4457761565630247,-0.21,-0.21,36051000,36051000,https://www.sec.gov/Archives/edgar/data/815094/000119312509022451/0001193125-09-022451-index.htm,https://www.sec.gov/Archives/edgar/data/815094/000119312509022451/d10q.htm
0,2008-09-30,ABMD,2008-11-10,2008-11-10 16:50:02,Q2,19999000,4793000.0,15206000,0.760338016900845,6850000.0,13898000,0.0,0.0,0.0,25952000,0.0,0.0,-4736000.0,-0.2368118405920296,-5953000.0,-0.30286514325716285,-61000.0,-6057000.0,-0.30286514325716285,273000.0,-6330000.0,-0.31651582579128956,-0.18,-0.18,34475000,34475000,https://www.sec.gov/Archives/edgar/data/815094/000119312508231898/0001193125-08-231898-index.htm,https://www.sec.gov/Archives/edgar/data/815094/000119312508231898/d10q.htm
0,2008-06-30,ABMD,2008-08-11,2008-08-11 16:56:50,Q1,16357000,5627000.0,10730000,0.6559882619062175,6144000.0,13514000,0.0,0.0,0.0,25711000,0.0,0.0,-8081000.0,-0.49403924925108517,-9354000.0,-0.548327932995048,141000.0,-8969000.0,-0.548327932995048,145000.0,-9114000.0,-0.5571926392370239,-0.28,-0.28,32845000,32845000,https://www.sec.gov/Archives/edgar/data/815094/000119312508173606/0001193125-08-173606-index.htm,https://www.sec.gov/Archives/edgar/data/815094/000119312508134401/d10k.htm
0,2008-03-31,ABMD,2008-06-16,2008-06-16 16:10:30,Q4,17507000,4883000.0,12624000,0.7210829953732792,6686000.0,14419000,0.0,0.0,0.0,26401000,0.0,0.0,-2918000.0,-0.16667618666818987,-8894000.0,-0.8512023761923802,-3688000.0,-14902000,-0.8512023761923802,70000.0,-14972000,-0.8552007768321243,0.0,0.0,0.0,0.0,https://www.sec.gov/Archives/edgar/data/815094/000119312508134401/0001193125-08-134401-index.htm,https://www.sec.gov/Archives/edgar/data/815094/000119312508134401/d10k.htm
0,2007-12-31,ABMD,2008-02-11,2008-02-11 16:27:40,Q3,16015000,3773000.0,12242000,0.7644083671557914,6883000.0,13540000,0.0,0.0,0.0,24599000,0.0,0.0,-6778000.0,-0.4232282235404308,-8584000.0,-0.5078988448329691,-161000.0,-8134000.0,-0.5078988448329691,167000.0,-8301000.0,-0.5183265688417109,-0.26,-0.26,32488000,32488000,https://www.sec.gov/Archives/edgar/data/815094/000119312508025802/0001193125-08-025802-index.htm,https://www.sec.gov/Archives/edgar/data/815094/000119312508025802/d10q.htm
0,2007-09-30,ABMD,2007-11-08,2007-11-08 16:36:19,Q2,11355000,2877000.0,8478000.0,0.7466314398943197,5832000.0,12257000,0.0,0.0,-26000.0,21326000,0.0,0.0,-8828000.0,-0.7774548656979304,-9971000.0,-0.8134742404227213,-42000.0,-9237000.0,-0.8134742404227213,145000.0,-9382000.0,-0.8262439453985029,-0.29,-0.29,32422000,32422000,https://www.sec.gov/Archives/edgar/data/815094/000119312507240414/0001193125-07-240414-index.htm,https://www.sec.gov/Archives/edgar/data/815094/000119312507240414/d10q.htm
0,2007-06-30,ABMD,2007-08-09,2007-08-09 16:50:25,Q1,14063000,3532000.0,10531000,0.7488444855294034,5516000.0,12441000,0.0,0.0,1232000.0,23101000,0.0,0.0,-6717000.0,-0.4776363507075304,-9038000.0,-0.5781127782123302,-1231000.0,-8130000.0,-0.5781127782123302,145000.0,-8275000.0,-0.5884235227191922,-0.26,-0.26,32338000,32338000,https://www.sec.gov/Archives/edgar/data/815094/000119312507177588/0001193125-07-177588-index.htm,https://www.sec.gov/Archives/edgar/data/815094/000119312507134975/d10k.htm
0,2007-03-31,ABMD,2007-06-13,2007-06-13 17:27:24,Q4,13851000,2731000.0,11120000,0.802830120568912,5963000.0,11093000,0.0,0.0,0.0,20152000,0.0,0.0,-5360000.0,-0.38697566962674174,-6301000.0,-0.4489206555483359,83000.0,-6218000.0,-0.4489206555483359,131000.0,-6349000.0,-0.4583784564291387,0.0,0.0,0.0,0.0,https://www.sec.gov/Archives/edgar/data/815094/000119312507134975/0001193125-07-134975-index.htm,https://www.sec.gov/Archives/edgar/data/815094/000119312507134975/d10k.htm
0,2006-12-31,ABMD,2007-02-08,2007-02-08 16:33:57,Q3,12904000,2873000.0,10031000,0.7773558586484811,5625000.0,10917000,0.0,0.0,0.0,19788000,0.0,0.0,-6185000.0,-0.47930874147551145,-6884000.0,-0.5131742095474272,262000.0,-6622000.0,-0.5131742095474272,103000.0,-6725000.0,-0.5211562306261625,-0.25,-0.25,26712000,26712000,https://www.sec.gov/Archives/edgar/data/815094/000119312507024227/0001193125-07-024227-index.htm,https://www.sec.gov/Archives/edgar/data/815094/000119312507024227/d10q.htm
0,2006-09-30,ABMD,2006-11-08,2006-11-08 16:49:54,Q2,10886000,2925000.0,7961000.0,0.7313062649274297,5285000.0,11046000,0.0,0.0,0.0,19760000,0.0,0.0,-8028000.0,-0.7374609590299467,-8874000.0,-0.7875252618041522,301000.0,-8573000.0,-0.7875252618041522,103000.0,-8676000.0,-0.7969869557229469,-0.33,-0.33,26611000,26611000,https://www.sec.gov/Archives/edgar/data/815094/000119312506228459/0001193125-06-228459-index.htm,https://www.sec.gov/Archives/edgar/data/815094/000119312506228459/d10q.htm
0,2006-06-30,ABMD,2006-08-09,2006-08-09 15:09:20,Q1,13008000,3483000.0,9525000.0,0.7322416974169742,5419000.0,9392000.0,0.0,0.0,0.0,18660000,0.0,0.0,-4213000.0,-0.3238776137761378,-5652000.0,-0.46071648216482164,-656000.0,-5993000.0,-0.46071648216482164,138000.0,-6131000.0,-0.4713253382533825,-0.23,-0.23,26488487,26488487,https://www.sec.gov/Archives/edgar/data/815094/000119312506167550/0001193125-06-167550-index.htm,https://www.sec.gov/Archives/edgar/data/815094/000119312506129882/d10k.htm
0,2006-03-31,ABMD,2006-06-14,2006-06-14 17:16:40,Q4,13796000,3834000.0,9962000.0,0.7220933603943172,16601000,9337000.0,0.0,0.0,0.0,31080000,0.0,0.0,-29015000,-2.1031458393737315,-17284000,-0.2594230211655552,12511000,-3579000.0,-0.2594230211655552,103000.0,-3682000.0,-0.26688895331980284,0.0,0.0,0.0,0.0,https://www.sec.gov/Archives/edgar/data/815094/000119312506129882/0001193125-06-129882-index.htm,https://www.sec.gov/Archives/edgar/data/815094/000119312506129882/d10k.htm
0,2005-12-31,ABMD,2006-02-09,2006-02-09 17:23:33,Q3,10515000,3070000.0,7445000.0,0.708036138849263,4564000.0,7421000.0,0.0,0.0,0.0,15055000,0.0,0.0,-4174000.0,-0.39695672848311936,-4540000.0,-0.4019971469329529,313000.0,-4227000.0,-0.4019971469329529,253000.0,-4480000.0,-0.42605801236329055,-0.17,-0.17,26350871,26350871,https://www.sec.gov/Archives/edgar/data/815094/000110465906007471/0001104659-06-007471-index.htm,https://www.sec.gov/Archives/edgar/data/815094/000110465906007471/a06-4180_110q.htm
0,2005-09-30,ABMD,2005-10-09,2005-11-09 17:45:28,Q2,10936000,2448000.0,8488000.0,0.7761521580102414,4674000.0,6853000.0,0.0,0.0,0.0,13975000,0.0,0.0,-2567000.0,-0.23472933430870518,-3039000.0,0.0,260000.0,0.0,0.0,0.0,-2779000.0,-0.25411485003657647,-0.11,-0.11,26251116,26251116,https://www.sec.gov/Archives/edgar/data/815094/000110465905054193/0001104659-05-054193-index.htm,https://www.sec.gov/Archives/edgar/data/815094/000110465905054193/a05-17883_110q.htm
0,2005-06-30,ABMD,2005-08-09,2005-08-09 17:22:46,Q1,8423000.0,2333000.0,6090000.0,0.7230203015552653,4206000.0,7312000.0,0.0,0.0,0.0,13851000,0.0,0.0,8203000.0,0.9738810400094978,-5428000.0,0.0,-13080000,0.0,0.0,0.0,-18508000,-2.197316870473703,-0.77,-0.77,24134413,24134413,https://www.sec.gov/Archives/edgar/data/815094/000110465905037991/0001104659-05-037991-index.htm,https://www.sec.gov/Archives/edgar/data/815094/000110465905028230/a05-10742_110k.htm
0,2005-03-31,ABMD,2005-06-14,2005-06-14 17:30:23,Q4,10772000,2723000.0,8049000.0,0.7472150018566655,3392000.0,5113000.0,0.0,0.0,0.0,11228000,0.0,0.0,406000.0,0.037690308206461194,-456000.0,0.0,-566000.0,0.0,0.0,0.0,-221000.0,-0.020516152989231342,0.0,0.0,0.0,0.0,https://www.sec.gov/Archives/edgar/data/815094/000110465905028230/0001104659-05-028230-index.htm,https://www.sec.gov/Archives/edgar/data/815094/000110465905028230/a05-10742_110k.htm
0,2004-12-31,ABMD,2005-02-08,2005-02-08 17:15:29,Q3,9566000.0,2457000.0,7109000.0,0.7431528329500313,3375000.0,4258000.0,0.0,0.0,0.0,10090000,0.0,0.0,-549000.0,-0.05739075893790508,-524000.0,0.0,323000.0,0.0,0.0,0.0,-201000.0,-0.021011917206773992,-0.01,-0.01,21952158,21952158,https://www.sec.gov/Archives/edgar/data/815094/000110465905004667/0001104659-05-004667-index.htm,https://www.sec.gov/Archives/edgar/data/815094/000110465905004667/a05-2867_110q.htm
0,2004-09-30,ABMD,2004-11-08,2004-11-08 17:28:47,Q2,10437000,2429000.0,8008000.0,0.7672702883970489,3422000.0,4318000.0,0.0,0.0,0.0,10169000,0.0,0.0,412000.0,0.03947494490754048,268000.0,0.0,191000.0,0.0,0.0,0.0,459000.0,0.04397815464213854,0.02,0.02,21852452,23038431,https://www.sec.gov/Archives/edgar/data/815094/000110465904034366/0001104659-04-034366-index.htm,https://www.sec.gov/Archives/edgar/data/815094/000110465904034366/a04-12384_110q.htm
0,2004-06-30,ABMD,2004-08-09,2004-08-09 13:45:58,Q1,7441000.0,1757000.0,5684000.0,0.7638758231420508,3308000.0,4917000.0,0.0,0.0,0.0,9982000.0,0.0,0.0,-2392000.0,-0.32146216906329794,-2541000.0,0.0,162000.0,0.0,0.0,0.0,-2379000.0,-0.31971509205751913,-0.11,-0.11,21570806,21570806,https://www.sec.gov/Archives/edgar/data/815094/000110465904023285/0001104659-04-023285-index.htm,https://www.sec.gov/Archives/edgar/data/815094/000110465904015644/a04-6490_110k.htm
0,2004-03-31,ABMD,2004-05-27,2004-05-27 09:16:27,Q4,8914000.0,2833000.0,6081000.0,0.682185326452771,3468000.0,4003000.0,0.0,0.0,0.0,10603000,0.0,0.0,-580000.0,-0.06506618801884675,-1689000.0,0.0,-777000.0,0.0,0.0,0.0,-1533000.0,-0.17197666591877944,0.0,0.0,0.0,0.0,https://www.sec.gov/Archives/edgar/data/815094/000110465904015644/0001104659-04-015644-index.htm,https://www.sec.gov/Archives/edgar/data/815094/000110465904015644/a04-6490_110k.htm
0,2003-12-31,ABMD,2004-02-10,2004-02-10 09:01:49,Q3,6526000.0,2125000.0,4401000.0,0.6743794054551027,3115000.0,3680000.0,0.0,0.0,-157000.0,8763000.0,0.0,0.0,-2317000.0,-0.3550413729696598,-2237000.0,0.0,427000.0,0.0,0.0,0.0,-1967000.0,-0.3014097456328532,-0.09,-0.09,21172612,21172612,https://www.sec.gov/Archives/edgar/data/815094/000110465904003147/0001104659-04-003147-index.htm,https://www.sec.gov/Archives/edgar/data/815094/000110465904003147/a04-2043_110q.htm
0,2003-09-30,ABMD,2003-10-30,2003-10-30 09:15:38,Q2,5341000.0,1411000.0,3930000.0,0.7358172626848904,3593000.0,3217000.0,0.0,0.0,0.0,8221000.0,0.0,0.0,-2649000.0,-0.4959745366036323,-2880000.0,0.0,119000.0,0.0,0.0,0.0,-2761000.0,-0.5169443924358734,-0.13,-0.13,21075718,21075718,https://www.sec.gov/Archives/edgar/data/815094/000110465903024163/0001104659-03-024163-index.htm,https://www.sec.gov/Archives/edgar/data/815094/000110465903024163/a03-4541_110q.htm
0,2003-06-30,ABMD,2003-08-11,2003-08-11 08:06:38,Q1,5100000.0,1222000.0,3878000.0,0.7603921568627451,4123000.0,3201000.0,0.0,0.0,0.0,8546000.0,0.0,0.0,-3174000.0,-0.6223529411764706,-3446000.0,0.0,261000.0,0.0,0.0,0.0,-3185000.0,-0.6245098039215686,-0.15,-0.15,21052694,21052694,https://www.sec.gov/Archives/edgar/data/815094/000110465903017324/0001104659-03-017324-index.htm,https://www.sec.gov/Archives/edgar/data/815094/000104746903020694/a2112402z10-k.htm
0,2003-03-31,ABMD,2003-06-06,2003-06-06 08:14:44,Q4,7132000.0,2142000.0,4990000.0,0.6996634885025238,4264000.0,3720000.0,0.0,0.0,0.0,10450000,0.0,0.0,-1746000.0,-0.24481211441390915,-3318000.0,0.0,-1193000.0,0.0,0.0,0.0,-3040000.0,-0.4262478968031408,0.0,0.0,0.0,0.0,https://www.sec.gov/Archives/edgar/data/815094/000104746903020694/0001047469-03-020694-index.htm,https://www.sec.gov/Archives/edgar/data/815094/000104746903020694/a2112402z10-k.htm
0,2002-12-31,ABMD,2003-02-14,2003-02-14 08:11:57,Q3,5591000.0,2088000.0,3503000.0,0.6265426578429619,4990000.0,3272000.0,0.0,0.0,-29000.0,10321000,0.0,0.0,-4717000.0,-0.8436773385798605,-4730000.0,0.0,320000.0,0.0,0.0,0.0,-4439000.0,-0.7939545698443927,-0.21,-0.21,21015966,21015966,https://www.sec.gov/Archives/edgar/data/815094/000110465903002267/0001104659-03-002267-index.htm,https://www.sec.gov/Archives/edgar/data/815094/000110465903002267/j7288_10q.htm
0,2002-09-30,ABMD,2002-11-14,2002-11-14 18:37:05,Q2,5576000.0,1598000.0,3978000.0,0.7134146341463414,5284000.0,4214000.0,0.0,0.0,0.0,11096000,0.0,0.0,-5353000.0,-0.9600071736011477,-5520000.0,0.0,328000.0,0.0,0.0,0.0,-5192000.0,-0.9311334289813487,-0.25,-0.25,20983932,20983932,https://www.sec.gov/Archives/edgar/data/815094/000110465902006344/0001104659-02-006344-index.htm,https://www.sec.gov/Archives/edgar/data/815094/000110465902006344/j5665_10q.htm
0,2002-06-30,ABMD,2002-08-14,2002-08-14 18:23:36,Q1,5306000.0,1673000.0,3633000.0,0.6846965699208444,6014000.0,3542000.0,0.0,0.0,0.0,11229000,0.0,0.0,-5849000.0,-1.1023369770071616,-5923000.0,0.0,423000.0,0.0,0.0,0.0,-5500000.0,-1.0365623822088201,-0.26,-0.26,20952472,20952472,https://www.sec.gov/Archives/edgar/data/815094/000091205702032332/0000912057-02-032332-index.htm,https://www.sec.gov/Archives/edgar/data/815094/000091205702032332/a2087363z10-q.htm
0,2002-03-31,ABMD,,Not found...,Q4,10613000,3211000.0,7402000.0,0.6974465278432112,5496000.0,4269000.0,0.0,0.0,0.0,12976000,0.0,0.0,-2363000.0,-0.22265146518420806,-2363000.0,0.0,0.0,0.0,0.0,0.0,-1829000.0,-0.17233581456704042,0.0,0.0,0.0,0.0,,
0,2001-12-31,ABMD,2002-01-24,2002-01-24 00:00:00,Q3,5909000.0,1530000.0,4379000.0,0.7410729395836859,7557000.0,3883000.0,0.0,0.0,0.0,12970000,0.0,0.0,-6060000.0,-1.025554239295989,-7061000.0,0.0,0.0,0.0,0.0,0.0,-6445000.0,-1.0907090878321204,-0.31,-0.31,20903608,20903608,https://www.sec.gov/Archives/edgar/data/815094/000091205702002507/0000912057-02-002507-index.htm,https://www.sec.gov/Archives/edgar/data/815094/000091205702002507/a2068600z10-q.htm
0,2001-09-30,ABMD,2001-10-25 00:00:00,2001-10-25 00:00:00,Q2,4344000.0,1183000.0,3161000.0,0.727670349907919,7171000.0,3900000.0,0.0,0.0,0.0,12254000,0.0,0.0,-6954000.0,-1.600828729281768,-7910000.0,0.0,0.0,0.0,0.0,0.0,-7101000.0,-1.6346685082872927,-0.34,-0.34,20857821,20857821,https://www.sec.gov/Archives/edgar/data/815094/000091205701536621/0000912057-01-536621-index.html,https://www.sec.gov/Archives/edgar/data/815094/000091205701536621/a2061843z10-q.htm
0,2001-06-30,ABMD,2001-07-25 00:00:00,2001-07-25 00:00:00,Q1,5992000.0,1991000.0,4001000.0,0.6677236315086782,7144000.0,4144000.0,0.0,0.0,0.0,13279000,0.0,0.0,-6288000.0,-1.0493991989319091,-7287000.0,0.0,0.0,0.0,0.0,0.0,-6301000.0,-1.0515687583444593,-0.3,-0.3,20791903,20791903,https://www.sec.gov/Archives/edgar/data/815094/000091205701525193/0000912057-01-525193-index.html,https://www.sec.gov/Archives/edgar/data/815094/000091205701525193/a2055059z10-q.txt
0,2001-03-31,ABMD,,,Q4,6104000.0,2042000.0,4062000.0,0.6654652686762779,6136000.0,3557000.0,0.0,0.0,0.0,11735000,0.0,0.0,-4657000.0,-0.7629423328964613,-5631000.0,0.0,0.0,0.0,0.0,0.0,-4181000.0,-0.6849606815203145,0.0,0.0,0.0,0.0,,
0,2000-12-31,ABMD,,,Q3,5949000.0,1913000.0,4036000.0,0.6784333501428812,6439000.0,2919000.0,0.0,0.0,0.0,11271000,0.0,0.0,-4323000.0,-0.7266767523953606,-5322000.0,0.0,0.0,0.0,0.0,0.0,-3754000.0,-0.63103042528156,-0.18,-0.18,20636511,20636511,,
0,2000-09-30,ABMD,2000-10-26 00:00:00,2000-10-26 00:00:00,Q2,6985000.0,1485000.0,5500000.0,0.7874015748031497,5605000.0,2959000.0,0.0,0.0,0.0,10049000,0.0,0.0,-2573000.0,-0.36836077308518256,-3064000.0,0.0,0.0,0.0,0.0,0.0,-1480000.0,-0.21188260558339297,-0.07,-0.07,20517925,20517925,https://www.sec.gov/Archives/edgar/data/815094/000091205700046042/0000912057-00-046042-index.html,https://www.sec.gov/Archives/edgar/data/815094/000091205700046042/a2028659z10-q.txt
0,2000-06-30,ABMD,2000-07-27 00:00:00,2000-07-27 00:00:00,Q1,5859000.0,1935000.0,3924000.0,0.6697388632872504,4491000.0,2977000.0,0.0,0.0,0.0,9403000.0,0.0,0.0,-3040000.0,-0.5188598736985833,-3544000.0,0.0,0.0,0.0,0.0,0.0,-1985000.0,-0.3387950162143711,-0.095,-0.095,20463894,20463894,https://www.sec.gov/Archives/edgar/data/815094/000091205700033350/0000912057-00-033350-index.html,https://www.sec.gov/Archives/edgar/data/815094/000091205700033350/a10-q.txt
0,2000-03-31,ABMD,,,Q4,6053348.0,1799215.0,4254133.0,0.7027735725750445,4194571.0,3627918.0,0.0,0.0,0.0,9621704.0,0.0,0.0,-3568356.0,-0.5894846950811352,-3568356.0,0.0,0.0,0.0,0.0,0.0,-3069857.0,-0.5071337382222202,0.0,0.0,0.0,0.0,,
0,1999-12-31,ABMD,,,Q3,5943662.0,1610330.0,4333332.0,0.7290677027058403,4596270.0,3524082.0,0.0,0.0,0.0,9730682.0,0.0,0.0,-3399446.0,-0.5719447034504991,-3787020.0,0.0,0.0,0.0,0.0,0.0,-3577022.0,-0.6018212341145913,-0.205,-0.205,17347062,17347062,,
0,1999-09-30,ABMD,,,Q2,4167958.0,1115303.0,3052655.0,0.7324102114272745,3450526.0,2911648.0,0.0,0.0,0.0,7477477.0,0.0,0.0,-2644297.0,-0.6344346560114089,-3309519.0,0.0,0.0,0.0,0.0,0.0,-3069098.0,-0.7363553087627083,-0.18,-0.18,8654000.0,8654000.0,,
0,1999-06-30,ABMD,,,Q1,6352032.0,1357152.0,4994880.0,0.7863436456239515,3391633.0,2498352.0,0.0,0.0,0.0,7247137.0,0.0,0.0,-229823.0,-0.036181020498637285,-895105.0,0.0,0.0,0.0,0.0,0.0,-738023.0,-0.11618691467549282,-0.05,-0.05,8573000.0,8573000.0,,
0,1999-03-31,ABMD,,,Q4,6192234.0,2071383.0,4120851.0,0.6654869631864687,2817398.0,2932318.0,0.0,0.0,0.0,7821099.0,0.0,0.0,-1414727.0,-0.22846794872415996,-1628865.0,0.0,0.0,0.0,0.0,0.0,-1381408.0,-0.2230871766150956,0.0,0.0,0.0,0.0,,
0,1998-12-31,ABMD,,,Q3,5126701.0,1700538.0,3426163.0,0.6682978000862543,3647923.0,2301668.0,0.0,0.0,0.0,7650129.0,0.0,0.0,-2115451.0,-0.4126339726073356,-2523428.0,0.0,0.0,0.0,0.0,0.0,-2305724.0,-0.44974809336452426,-0.14,-0.14,8640000.0,8640000.0,,
0,1998-09-30,ABMD,,,Q2,4967426.0,1563346.0,3404080.0,0.6852804651745189,3950444.0,2306439.0,0.0,0.0,0.0,7820229.0,0.0,0.0,-2463392.0,-0.4959091489234062,-2852803.0,0.0,0.0,0.0,0.0,0.0,-2483012.0,-0.49985888063556455,-0.15,-0.15,8621000.0,8621000.0,,
0,1998-06-30,ABMD,,,Q1,5803243.0,1436865.0,4366378.0,0.7524030959930508,3033780.0,2231867.0,0.0,0.0,0.0,6702512.0,0.0,0.0,-524807.0,-0.09043340077263695,-899269.0,0.0,0.0,0.0,0.0,0.0,-542057.0,-0.09340587667964274,-0.03,-0.03,8573000.0,8573000.0,,
0,1998-03-31,ABMD,,,Q4,4593966.0,1307327.0,3286639.0,0.7154251903475124,3082760.0,1717445.0,0.0,0.0,0.0,4901215.0,0.0,0.0,-25715.0,-0.005597559929699088,-307249.0,0.0,0.0,0.0,0.0,0.0,-2640900.0,-0.5748627656364893,0.0,0.0,0.0,0.0,,
0,1997-12-31,ABMD,,,Q3,4847013.0,1757126.0,3089887.0,0.6374827135805082,2353576.0,2366500.0,0.0,0.0,0.0,6477202.0,0.0,0.0,-1476160.0,-0.30455045200002556,-1630189.0,0.0,0.0,0.0,0.0,0.0,-1225829.0,-0.25290400500266863,-0.07,-0.07,8458000.0,8458000.0,,
0,1997-09-30,ABMD,,,Q2,6968669.0,1908525.0,5060144.0,0.7261277583997747,2010682.0,2853605.0,0.0,0.0,0.0,6772812.0,0.0,0.0,485811.0,0.06971359954103144,195857.0,0.0,0.0,0.0,0.0,0.0,488004.0,0.07002829378178244,0.03,0.03,8607000.0,8607000.0,,
0,1997-06-30,ABMD,1997-08-07 00:00:00,1997-08-07 00:00:00,Q1,6035788.0,1529278.0,4506510.0,0.7466315914342916,1643499.0,2116545.0,0.0,0.0,0.0,5289322.0,0.0,0.0,897888.0,0.1487606920587668,746466.0,0.0,0.0,0.0,0.0,0.0,870961.0,0.1442994684372612,0.06,0.06,7601000.0,7601000.0,https://www.sec.gov/Archives/edgar/data/815094/000081509497000009/0000815094-97-000009-index.html,https://www.sec.gov/Archives/edgar/data/815094/0000815094-97-000009.txt
0,1997-03-31,ABMD,,,Q4,5627559.0,1737416.0,3890143.0,0.6912664976058003,1312702.0,2226836.0,0.0,0.0,0.0,5426954.0,0.0,0.0,335964.0,0.059699773916186395,200605.0,0.0,0.0,0.0,0.0,0.0,478729.0,0.08506867720089652,0.0,0.0,0.0,0.0,,
0,1996-12-31,ABMD,,,Q3,3320967.0,1500180.0,1820787.0,0.5482701273454389,739479.0,1612332.0,0.0,0.0,0.0,3851991.0,0.0,0.0,-428939.0,-0.12916087392617873,-531024.0,0.0,0.0,0.0,0.0,0.0,-380581.0,-0.11459945250886262,-0.03,-0.03,6976000.0,6976000.0,,
0,1996-09-30,ABMD,1996-10-24 00:00:00,1996-10-24 00:00:00,Q2,3828132.0,1074154.0,2753978.0,0.7194051824754214,916762.0,1709642.0,0.0,0.0,0.0,3700558.0,0.0,0.0,223658.0,0.058424840104782175,127574.0,0.0,0.0,0.0,0.0,0.0,253887.0,0.06632138076743435,0.02,0.02,7199000.0,7199000.0,https://www.sec.gov/Archives/edgar/data/815094/000081509496000007/0000815094-96-000007-index.html,https://www.sec.gov/Archives/edgar/data/815094/0000815094-96-000007.txt
0,1996-06-30,ABMD,1996-07-24 00:00:00,1996-07-24 00:00:00,Q1,3685272.0,1048699.0,2636573.0,0.715435115779785,863975.0,1519593.0,0.0,0.0,0.0,3432267.0,0.0,0.0,349089.0,0.09472543681986025,253005.0,0.0,0.0,0.0,0.0,0.0,383229.0,0.10398933918581858,0.03,0.03,7206000.0,7206000.0,https://www.sec.gov/Archives/edgar/data/815094/000081509496000004/0000815094-96-000004-index.html,https://www.sec.gov/Archives/edgar/data/815094/0000815094-96-000004.txt
0,1996-03-31,ABMD,,,Q4,3482226.0,1111837.0,2370389.0,0.6807108441554339,726608.0,1606838.0,0.0,0.0,0.0,3445283.0,0.0,0.0,138329.0,0.03972430278792933,36943.0,0.0,0.0,0.0,0.0,0.0,169552.0,0.04869069382630536,0.0,0.0,0.0,0.0,,
0,1995-12-31,ABMD,1996-02-06 00:00:00,1996-02-06 00:00:00,Q3,3511295.0,997157.0,2514138.0,0.7160144619008086,972566.0,1484048.0,0.0,0.0,0.0,3453771.0,0.0,0.0,140143.0,0.039912055238879106,57524.0,0.0,0.0,0.0,0.0,0.0,189063.0,0.05384423695531136,0.02,0.02,6994000.0,6994000.0,https://www.sec.gov/Archives/edgar/data/815094/000081509496000002/0000815094-96-000002-index.html,https://www.sec.gov/Archives/edgar/data/815094/0000815094-96-000002.txt
0,1995-09-30,ABMD,1995-10-27 00:00:00,1995-10-27 00:00:00,Q2,3106599.0,907876.0,2198723.0,0.7077588707136003,860178.0,1414585.0,0.0,0.0,0.0,3182639.0,0.0,0.0,42344.0,0.013630339802465655,-76040.0,0.0,0.0,0.0,0.0,0.0,48448.0,0.015595189466036653,0.01,0.01,6972000.0,6972000.0,https://www.sec.gov/Archives/edgar/data/815094/000095010995004323/0000950109-95-004323-index.html,https://www.sec.gov/Archives/edgar/data/815094/0000950109-95-004323.txt
0,1995-06-30,ABMD,1995-08-07 00:00:00,1995-08-07 00:00:00,Q1,2743490.0,914893.0,1828597.0,0.6665222034707617,658859.0,1216914.0,0.0,0.0,0.0,2790666.0,0.0,0.0,191.0,6.961935345126099e-05,-47176.0,0.0,0.0,0.0,0.0,0.0,84061.0,0.030640170002442145,0.01,0.01,6953000.0,6953000.0,https://www.sec.gov/Archives/edgar/data/815094/000095010995002951/0000950109-95-002951-index.html,https://www.sec.gov/Archives/edgar/data/815094/0000950109-95-002951.txt
0,1995-03-31,ABMD,,,Q4,2600000.0,900000.0,1700000.0,0.6538461538461539,800000.0,900000.0,0.0,0.0,0.0,2800000.0,0.0,0.0,-100000.0,-0.038461538461538464,-200000.0,0.0,100000.0,0.0,0.0,0.0,-100000.0,-0.038461538461538464,0.0,0.0,0.0,0.0,,
