,date,symbol,fillingDate,acceptedDate,period,revenue,costOfRevenue,grossProfit,grossProfitRatio,researchAndDevelopmentExpenses,generalAndAdministrativeExpenses,sellingAndMarketingExpenses,otherExpenses,operatingExpenses,costAndExpenses,interestExpense,depreciationAndAmortization,ebitda,ebitdaratio,operatingIncome,operatingIncomeRatio,totalOtherIncomeExpensesNet,incomeBeforeTax,incomeBeforeTaxRatio,incomeTaxExpense,netIncome,netIncomeRatio,eps,epsdiluted,weightedAverageShsOut,weightedAverageShsOutDil,link,finalLink
0,2020-09-30,IBIO,2020-11-16,2020-11-16 16:16:11,Q1,410000.0,0.0,410000.0,1.0,1762000.0,5572000.0,0.0,-610000.0,7334000.0,7334000.0,614000.0,72000.0,72000.0,0.17560975609756097,0.0,0.0,-610000.0,0.0,0.0,0.0,0.0,0.0,-0.05,-0.05,62795000,62795000,https://www.sec.gov/Archives/edgar/data/1420720/000110465920125818/0001104659-20-125818-index.htm,https://www.sec.gov/Archives/edgar/data/1420720/000110465920125818/tm2035984-1_10q.htm
0,2020-06-30,IBIO,2020-10-13,2020-10-13 17:17:23,Q4,1120000.0,0.0,1120000.0,1.0,349000.0,3700000.0,0.0,-611000.0,4049000.0,4049000.0,615000.0,563000.0,-2366000.0,-2.1125,-2929000.0,-2.61517857143,-611000.0,-3540000.0,-3.16071428571,0.0,-3538000.0,-3.15892857143,0.13,0.13,62795000,62795000,https://www.sec.gov/Archives/edgar/data/1420720/000110465920114567/0001104659-20-114567-index.htm,https://www.sec.gov/Archives/edgar/data/1420720/000110465920114567/tm2024769d1_10k.htm
0,2020-03-31,IBIO,2020-05-15,2020-05-15 16:54:27,Q3,96000.0,0.0,96000.0,1.0,999000.0,3161000.0,0.0,-612000.0,4160000.0,4160000.0,616000.0,558000.0,-3502000.0,-36.479167,-4064000.0,-42.333333,-612000.0,-4676000.0,-48.708333,0.0,-4676000.0,-48.708333,-0.05851,-0.05851,79917000,79917000,https://www.sec.gov/Archives/edgar/data/1420720/000110465920062716/0001104659-20-062716-index.htm,https://www.sec.gov/Archives/edgar/data/1420720/000110465920062716/tm2014558-1_10q.htm
0,2019-12-31,IBIO,2020-02-14,2020-02-13 21:32:24,Q2,314000.0,0.0,314000.0,1.0,888000.0,2581000.0,0.0,-609000.0,3469000.0,3469000.0,615000.0,561999.9999999999,-2585000.0,-8.232484,-3155000.0,-10.047771,2000.0,-3764000.0,-11.987261,0.0,-3762000.0,-11.980892,-0.1019,-0.1019,36917000,36917000,https://www.sec.gov/Archives/edgar/data/1420720/000110465920020473/0001104659-20-020473-index.htm,https://www.sec.gov/Archives/edgar/data/1420720/000110465920020473/tm205325d1_10q.htm
0,2019-09-30,IBIO,2019-11-14,2019-11-14 16:09:59,Q1,108000.0,0.0,108000.0,1.0,977000.0,2986000.0,0.0,-609000.0,3963000.0,3963000.0,620000.0,557999.9999999999,-3285000.0,-30.416667,-3855000.0,-35.694444,7000.0,-4464000.0,-41.333333,0.0,-4463000.0,-41.324074,-0.20358,-0.20358,21923000,21923000,https://www.sec.gov/Archives/edgar/data/1420720/000110465919064178/0001104659-19-064178-index.htm,https://www.sec.gov/Archives/edgar/data/1420720/000114420419041659/tv527664_10k.htm
0,2019-06-30,IBIO,2019-08-26,2019-08-26 16:02:57,Q4,795000.0,0.0,795000.0,1.0,1624000.0,3224000.0,0.0,-1809000.0,4848000.0,4848000.0,474000.0,441000.0000000001,-3588000.0,-4.513208,-4053000.0,-5.098113,12000.0,-4504000.0,-5.665409,0.0,-4503000.0,-5.664151,-0.22613,-0.22613,19913000,19913000,https://www.sec.gov/Archives/edgar/data/1420720/000114420419041659/0001144204-19-041659-index.htm,https://www.sec.gov/Archives/edgar/data/1420720/000114420419041659/tv527664_10k.htm
0,2019-03-31,IBIO,2019-05-10,2019-05-10 17:11:49,Q3,527000.0,0.0,527000.0,1.0,1453000.0,2844000.0,0.0,-454000.0,4297000.0,4297000.0,474000.0,432999.99999999994,-3316000.0,-6.29222,-3770000.0,-7.1537,-454000.0,-4224000.0,-8.01518,0.0,-4223000.0,-8.013283,-0.21967,-0.21967,19224000,19224000,https://www.sec.gov/Archives/edgar/data/1420720/000114420419025332/0001144204-19-025332-index.htm,https://www.sec.gov/Archives/edgar/data/1420720/000114420419025332/tv520575_10q.htm
0,2018-12-31,IBIO,2019-02-13,2019-02-13 16:02:39,Q2,651000.0,0.0,651000.0,1.0,1273000.0,3393000.0,0.0,-455000.0,4666000.0,4666000.0,476000.0,432000.0,-3561000.0,-5.470046,-4015000.0,-6.167435,-2000.0,-4470000.0,-6.866359,0.0,-4469000.0,-6.864823,-0.23914,-0.23914,18688000,18688000,https://www.sec.gov/Archives/edgar/data/1420720/000114420419007128/0001144204-19-007128-index.htm,https://www.sec.gov/Archives/edgar/data/1420720/000114420419007128/tv512730_10q.htm
0,2018-09-30,IBIO,2018-11-13,2018-11-13 16:06:05,Q1,45000.0,0.0,45000.0,1.0,1124000.0,2871000.0,0.0,-449000.0,3995000.0,3995000.0,476000.0,443000.0,-3479000.0,-77.311111,-3950000.0,-87.777778,6000.0,-4399000.0,-97.755556,0.0,-4398000.0,-97.733333,-0.24578,-0.24578,17894000,17894000,https://www.sec.gov/Archives/edgar/data/1420720/000114420418059349/0001144204-18-059349-index.htm,https://www.sec.gov/Archives/edgar/data/1420720/000114420418049866/tv502648_10k.htm
0,2018-06-30,IBIO,2018-09-18,2018-09-18 17:02:34,Q4,90000.0,0.0,90000.0,1.0,1040000.0,3000000.0,0.0,-472000.0,4040000.0,4040000.0,478000.0,430000.0000000001,-3512000.0,-39.022222,-3950000.0,-43.888889,-472000.0,-4420000.0,-49.111111,0.0,-4420000.0,-49.111111,-0.37521,-0.37521,11780000,11780000,https://www.sec.gov/Archives/edgar/data/1420720/000114420418049866/0001144204-18-049866-index.htm,https://www.sec.gov/Archives/edgar/data/1420720/000114420418049866/tv502648_10k.htm
0,2018-03-31,IBIO,2018-05-11,2018-05-11 17:04:10,Q3,80000.0,0.0,80000.0,1.0,970000.0,2610000.0,0.0,-470000.0,3570000.0,3570000.0,478000.0,429999.99999999994,-3052000.0,-38.15,-3490000.0,-43.625,-470000.0,-3960000.0,-49.5,0.0,-3960000.0,-49.5,-0.34315,-0.34315,11540000,11540000,https://www.sec.gov/Archives/edgar/data/1420720/000114420418027689/0001144204-18-027689-index.htm,https://www.sec.gov/Archives/edgar/data/1420720/000114420418027689/tv493469_10q.htm
0,2017-12-31,IBIO,2018-02-14,2018-02-14 17:06:56,Q2,150000.0,0.0,150000.0,1.0,990000.0,2590000.0,0.0,-473000.0,3580000.0,3580000.0,479000.0,420000.00000000006,-3001000.0,-20.006667,-3430000.0,-22.866667,-473000.0,-3900000.0,-26.0,0.0,-3900000.0,-26.0,-0.40373,-0.40373,9660000.0,9660000.0,https://www.sec.gov/Archives/edgar/data/1420720/000114420418009023/0001144204-18-009023-index.htm,https://www.sec.gov/Archives/edgar/data/1420720/000114420418009023/tv484918_10q.htm
0,2017-09-30,IBIO,2017-11-09,2017-11-09 16:02:36,Q1,120000.0,0.0,120000.0,1.0,990000.0,2500000.0,0.0,-466000.0,3480000.0,3480000.0,480000.0,430000.00000000006,-2920000.0,-24.333333,-3360000.0,-28.0,10000.0,-3830000.0,-31.916667,0.0,-3830000.0,-31.916667,-0.41676,-0.41676,9190000.0,9190000.0,https://www.sec.gov/Archives/edgar/data/1420720/000114420417057708/0001144204-17-057708-index.htm,https://www.sec.gov/Archives/edgar/data/1420720/000114420417048249/v474890_10k.htm
0,2017-06-30,IBIO,2017-09-15,2017-09-15 16:02:51,Q4,150000.0,0.0,150000.0,1.0,1110000.0,2890000.0,0.0,-471000.0,4010000.0,4010000.0,482000.0,430000.00000000006,-3418000.0,-22.786667,-3860000.0,-25.733333,10000.0,-4330000.0,-28.866667,0.0,-4330000.0,-28.866667,-0.48597,-0.48597,8910000.0,8910000.0,https://www.sec.gov/Archives/edgar/data/1420720/000114420417048249/0001144204-17-048249-index.htm,https://www.sec.gov/Archives/edgar/data/1420720/000114420417048249/v474890_10k.htm
0,2017-03-31,IBIO,2017-05-15,2017-05-15 16:37:38,Q3,40000.0,0.0,40000.0,1.0,1140000.0,2840000.0,0.0,-469000.0,3970000.0,3970000.0,481000.0,420000.0,-3009000.0,-75.225,-3940000.0,-98.5,-469000.0,-4410000.0,-110.25,0.0,-3910000.0,-97.75,-0.43883,-0.43883,8910000.0,8910000.0,https://www.sec.gov/Archives/edgar/data/1420720/000114420417027544/0001144204-17-027544-index.htm,https://www.sec.gov/Archives/edgar/data/1420720/000114420417027544/v466525_10q.htm
0,2016-12-31,IBIO,2017-02-21,2017-02-21 16:03:37,Q2,80000.0,0.0,80000.0,1.0,1050000.0,2350000.0,0.0,-925000.0,3400000.0,3400000.0,483000.0,420000.00000000006,-2327000.0,-29.0875,-3330000.0,-41.625,-467000.0,-3790000.0,-47.375,0.0,-3230000.0,-40.375,-0.36251,-0.36251,8910000.0,8910000.0,https://www.sec.gov/Archives/edgar/data/1420720/000114420417010136/0001144204-17-010136-index.htm,https://www.sec.gov/Archives/edgar/data/1420720/000114420417010136/v459672_10q.htm
0,2016-09-30,IBIO,2016-11-18,2016-10-13 16:04:36,Q1,140000.0,0.0,140000.0,1.0,820000.0,2470000.0,0.0,0.0,3290000.0,3290000.0,483000.0,410000.00000000006,-2167000.0,-15.478571,-3150000.0,-22.5,10000.0,-3610000.0,-25.785714,0.0,-3060000.0,-21.857143,-0.34343,-0.34343,8910000.0,8910000.0,https://www.sec.gov/Archives/edgar/data/1420720/000114420416135413/0001144204-16-135413-index.htm,https://www.sec.gov/Archives/edgar/data/1420720/000114420416127993/v449304_10k.htm
0,2016-06-30,IBIO,2016-10-13,2016-10-13 16:04:36,Q4,280000.0,0.0,280000.0,1.0,850000.0,2180000.0,0.0,-467000.0,3030000.0,3030000.0,484000.0,409999.9999999999,-1786000.0,-6.378571,-2750000.0,-9.821429,-467000.0,-3220000.0,-11.5,0.0,-2680000.0,-9.571429,-0.3042,-0.3042,8810000.0,8810000.0,https://www.sec.gov/Archives/edgar/data/1420720/000114420416127993/0001144204-16-127993-index.htm,https://www.sec.gov/Archives/edgar/data/1420720/000114420416127993/v449304_10k.htm
0,2016-03-31,IBIO,2016-05-23,2016-05-23 16:43:32,Q3,380000.0,0.0,380000.0,1.0,1050000.0,2400000.0,0.0,-297000.0,3450000.0,3450000.0,201000.0,350000.00000000006,-2489000.0,-6.55,-3070000.0,-8.078947,10000.0,-3390000.0,-8.921053,0.0,-3040000.0,-8.0,-0.37438,-0.37438,8120000.0,8120000.0,https://www.sec.gov/Archives/edgar/data/1420720/000114420416104229/0001144204-16-104229-index.htm,https://www.sec.gov/Archives/edgar/data/1420720/000114420416104229/v439344_10q.htm
0,2015-12-31,IBIO,2016-02-22,2016-02-19 19:48:54,Q2,130000.0,0.0,130000.0,1.0,700000.0,1680000.0,0.0,0.0,2390000.0,2390000.0,0.0,90000.0,-2160000.0,-16.615385,-2250000.0,-17.307692,10000.0,-2250000.0,-17.307692,0.0,-2250000.0,-17.307692,-0.29107,-0.29107,7730000.0,7730000.0,https://www.sec.gov/Archives/edgar/data/1420720/000114420416083497/0001144204-16-083497-index.htm,https://www.sec.gov/Archives/edgar/data/1420720/000114420416083497/v430583_10q.htm
0,2015-09-30,IBIO,2015-11-13,2015-10-13 17:01:30,Q1,160000.0,0.0,160000.0,1.0,550000.0,1420000.0,0.0,0.0,1970000.0,1970000.0,122000.0,90000.0,-1598000.0,-9.9875,-1810000.0,-11.3125,10000.0,-1810000.0,-11.3125,0.0,-1810000.0,-11.3125,-0.23415,-0.23415,7730000.0,7730000.0,https://www.sec.gov/Archives/edgar/data/1420720/000114420415065421/0001144204-15-065421-index.htm,https://www.sec.gov/Archives/edgar/data/1420720/000114420415059224/v420530_10k.htm
0,2015-06-30,IBIO,2015-10-13,2015-10-13 17:01:30,Q4,320000.0,0.0,320000.0,1.0,760000.0,1450000.0,0.0,-30000.0,2210000.0,2210000.0,0.0,99999.99999999996,-1790000.0,-5.59375,-1900000.0,-5.9375,10000.0,-1890000.0,-5.90625,0.0,-1890000.0,-5.90625,-0.24803,-0.24803,7620000.0,7620000.0,https://www.sec.gov/Archives/edgar/data/1420720/000114420415059224/0001144204-15-059224-index.htm,https://www.sec.gov/Archives/edgar/data/1420720/000114420415059224/v420530_10k.htm
0,2015-03-31,IBIO,2015-05-15,2015-05-15 16:09:57,Q3,350000.0,0.0,350000.0,1.0,820000.0,1220000.0,0.0,11000.0,2040000.0,2040000.0,0.0,90000.00000000001,-1590000.0,-4.542857,-1690000.0,-4.828571,10000.0,-1680000.0,-4.8,0.0,-1680000.0,-4.8,-0.23014,-0.23014,7300000.0,7300000.0,https://www.sec.gov/Archives/edgar/data/1420720/000114420415031588/0001144204-15-031588-index.htm,https://www.sec.gov/Archives/edgar/data/1420720/000114420415031588/v409249_10q.htm
0,2014-12-31,IBIO,2015-02-23,2015-02-23 17:20:57,Q2,370000.0,0.0,370000.0,1.0,730000.0,1300000.0,0.0,19000.0,2030000.0,2030000.0,0.0,90000.0,-1560000.0,-4.216216,-1670000.0,-4.513514,10000.0,-1650000.0,-4.459459,0.0,-1650000.0,-4.459459,-0.23239,-0.23239,7100000.0,7100000.0,https://www.sec.gov/Archives/edgar/data/1420720/000114420415011476/0001144204-15-011476-index.htm,https://www.sec.gov/Archives/edgar/data/1420720/000114420415011476/v400804_10q.htm
0,2014-09-30,IBIO,2014-11-14,2014-11-14 16:03:49,Q1,820000.0,0.0,820000.0,1.0,1190000.0,1050000.0,0.0,0.0,2240000.0,2240000.0,122000.0,90000.0,-1198000.0,-1.460976,-1420000.0,-1.731707,10000.0,-1410000.0,-1.719512,0.0,-1410000.0,-1.719512,-0.21396,-0.21396,6590000.0,6590000.0,https://www.sec.gov/Archives/edgar/data/1420720/000114420414068743/0001144204-14-068743-index.htm,https://www.sec.gov/Archives/edgar/data/1420720/000114420414058454/v389461_10k.htm
0,2014-06-30,IBIO,2014-09-29,2014-09-29 17:17:32,Q4,210000.0,0.0,210000.0,1.0,-590000.0,1950000.0,0.0,3000.0,1360000.0,1360000.0,0.0,89999.99999999997,-1050000.0,-5.0,-1150000.0,-5.47619,10000.0,-1140000.0,-5.428571,0.0,-1140000.0,-5.428571,-0.17378,-0.17378,6560000.0,6560000.0,https://www.sec.gov/Archives/edgar/data/1420720/000114420414058454/0001144204-14-058454-index.htm,https://www.sec.gov/Archives/edgar/data/1420720/000114420414058454/v389461_10k.htm
0,2014-03-31,IBIO,2014-05-15,2014-05-15 11:15:24,Q3,0.0,0.0,0.0,0.0,340000.0,950000.0,0.0,0.0,1290000.0,1290000.0,0.0,90000.00000000001,-1190000.0,0.0,-1290000.0,0.0,10000.0,-1280000.0,0.0,0.0,-1280000.0,0.0,-0.19512,-0.19512,6560000.0,6560000.0,https://www.sec.gov/Archives/edgar/data/1420720/000114420414030926/0001144204-14-030926-index.htm,https://www.sec.gov/Archives/edgar/data/1420720/000114420414030926/v377437_10q.htm
0,2013-12-31,IBIO,2014-02-14,2014-02-14 07:34:31,Q2,0.0,0.0,0.0,0.0,590000.0,1050000.0,0.0,958000.0,1640000.0,1640000.0,0.0,90000.0,-1540000.0,0.0,-1640000.0,0.0,10000.0,-1630000.0,0.0,0.0,-1630000.0,0.0,-0.25469,-0.25469,6400000.0,6400000.0,https://www.sec.gov/Archives/edgar/data/1420720/000114420414008930/0001144204-14-008930-index.htm,https://www.sec.gov/Archives/edgar/data/1420720/000114420414008930/v367734_10q.htm
0,2013-09-30,IBIO,2013-11-14,2013-11-14 16:47:55,Q1,0.0,0.0,0.0,0.0,-490000.0,250000.0,0.0,0.0,-240000.0,-240000.0,120000.0,90000.0,590000.0,0.0,240000.0,0.0,20000.0,380000.0,0.0,0.0,380000.0,0.0,0.06109,0.06109,6220000.0,6220000.0,https://www.sec.gov/Archives/edgar/data/1420720/000114420413061968/0001144204-13-061968-index.htm,https://www.sec.gov/Archives/edgar/data/1420720/000114420413053105/v355527_10k.htm
0,2013-06-30,IBIO,2013-09-30,2013-09-30 16:31:52,Q4,620000.0,0.0,620000.0,1.0,970000.0,950000.0,0.0,0.0,1920000.0,1920000.0,42334.0,90000.00000000001,-1187666.0,-1.91559,-1300000.0,-2.096774,10000.0,-1320000.0,-2.129032,0.0,-1320000.0,-2.129032,-0.24354,-0.24354,5420000.0,5420000.0,https://www.sec.gov/Archives/edgar/data/1420720/000114420413053105/0001144204-13-053105-index.htm,https://www.sec.gov/Archives/edgar/data/1420720/000114420413053105/v355527_10k.htm
0,2013-03-31,IBIO,2013-05-20,2013-05-20 13:42:44,Q3,390186.0,0.0,390186.0,1.0,630000.0,1230000.0,0.0,484728000,1860000.0,1860000.0,14808.0,79999.99999999999,-1665192.0,-12.508044345517266,-1860000.0,-12.508262725981968,10000.0,-1760000.0,-12.508262725981968,0.0,-1760000.0,-12.508262725981968,-0.3682,-0.3682,4780000.0,4780000.0,https://www.sec.gov/Archives/edgar/data/1420720/000093041313003036/0000930413-13-003036-index.htm,https://www.sec.gov/Archives/edgar/data/1420720/000093041313003036/c73741_10q.htm
0,2012-12-31,IBIO,2013-02-19,2013-02-19 13:26:35,Q2,390186.0,0.0,390186.0,1.0,660000.0,960000.0,0.0,0.0,1700000.0,1700000.0,17451.0,90000.00000000001,-962549.0,-8.002586563843911,-1700000.0,-8.002801228132224,0.0,-1070000.0,-8.002801228132224,0.0,-1070000.0,-8.002801228132224,-0.22385,-0.22385,4780000.0,4780000.0,https://www.sec.gov/Archives/edgar/data/1420720/000093041313000942/0000930413-13-000942-index.htm,https://www.sec.gov/Archives/edgar/data/1420720/000093041313000942/c72710_10q.htm
0,2012-09-30,IBIO,2012-11-14,2012-10-12 17:20:39,Q1,390000.0,0.0,390000.0,1.0,1180000.0,940000.0,0.0,0.0,2200000.0,2200000.0,15407.0,80000.0,-1954593.0,-5.011777,-1810000.0,-4.641026,10000.0,-2050000.0,-5.25641,0.0,-2050000.0,-5.25641,-0.42887,-0.42887,4780000.0,4780000.0,https://www.sec.gov/Archives/edgar/data/1420720/000093041312006126/0000930413-12-006126-index.htm,https://www.sec.gov/Archives/edgar/data/1420720/000093041312005714/c71079_10-k.htm
0,2012-06-30,IBIO,2012-10-12,2012-10-12 17:20:39,Q4,350000.0,0.0,350000.0,1.0,1050000.0,1360000.0,0.0,0.0,2500000.0,2500000.0,18552.0,90000.00000000001,-1251448.0,-3.575566,-2150000.0,-6.142857,0.0,-1360000.0,-3.885714,0.0,-1360000.0,-3.885714,-0.37569,-0.37569,3620000.0,3620000.0,https://www.sec.gov/Archives/edgar/data/1420720/000093041312005714/0000930413-12-005714-index.htm,https://www.sec.gov/Archives/edgar/data/1420720/000093041312005714/c71079_10-k.htm
0,2012-03-31,IBIO,2012-05-15,2012-05-15 17:23:56,Q3,370000.0,0.0,370000.0,1.0,1310000.0,1170000.0,0.0,0.0,2550000.0,2550000.0,17920.0,79999.99999999999,-3002080.0,-8.11373,-2180000.0,-5.891892,10000.0,-3100000.0,-8.378378,0.0,-3100000.0,-8.378378,-0.67834,-0.67834,4570000.0,4570000.0,https://www.sec.gov/Archives/edgar/data/1420720/000093041312003107/0000930413-12-003107-index.htm,https://www.sec.gov/Archives/edgar/data/1420720/000093041312003107/c69657_10q.htm
0,2011-12-31,IBIO,2012-02-14,2012-02-14 17:20:26,Q2,230000.0,0.0,230000.0,1.0,1160000.0,1670000.0,0.0,0.0,2910000.0,2910000.0,16800.0,80000.0,-1503200.0,-6.535652,-2670000.0,-11.608696,10000.0,-1600000.0,-6.956522,0.0,-1600000.0,-6.956522,-0.49383,-0.49383,3240000.0,3240000.0,https://www.sec.gov/Archives/edgar/data/1420720/000093041312000910/0000930413-12-000910-index.htm,https://www.sec.gov/Archives/edgar/data/1420720/000093041312000910/c68492_10q.htm
0,2011-09-30,IBIO,2011-11-14,2011-11-14 15:28:15,Q1,320000.0,0.0,320000.0,1.0,1460000.0,1110000.0,0.0,0.0,2650000.0,2650000.0,9576.0,80000.0,469576.0,1.467425,-2330000.0,-7.28125,10000.0,380000.0,1.1875,0.0,380000.0,1.1875,0.10951,0.10951,3470000.0,3470000.0,https://www.sec.gov/Archives/edgar/data/1420720/000093041311007345/0000930413-11-007345-index.htm,https://www.sec.gov/Archives/edgar/data/1420720/000093041311006342/c67016_10-k.htm
0,2011-06-30,IBIO,2011-09-29,2011-09-29 15:04:40,Q4,340000.0,0.0,340000.0,1.0,1170000.0,2610000.0,0.0,0.0,3870000.0,3870000.0,50501000,99999.99999999999,49021000,144.179412,-3530000.0,-10.382353,10000.0,-1580000.0,-4.647059,0.0,-1580000.0,-4.647059,-0.48916,-0.48916,3230000.0,3230000.0,https://www.sec.gov/Archives/edgar/data/1420720/000093041311006342/0000930413-11-006342-index.htm,https://www.sec.gov/Archives/edgar/data/1420720/000093041311006342/c67016_10-k.htm
0,2011-03-31,IBIO,2011-05-18,2011-05-18 16:03:42,Q3,180000.0,0.0,180000.0,1.0,1140000.0,1830000.0,0.0,-142860000,3060000.0,3060000.0,7692000.0,90000.00000000001,4752000.0,26.4,-2890000.0,-16.055556,-142860.0,-3030000.0,-16.833333,-1200.0,-3030000.0,-16.833333,-0.93808,-0.93808,3230000.0,3230000.0,https://www.sec.gov/Archives/edgar/data/1420720/000093041311004045/0000930413-11-004045-index.htm,https://www.sec.gov/Archives/edgar/data/1420720/000093041311004045/c65706_10-q.htm
0,2010-12-31,IBIO,2011-02-14,2011-02-14 19:26:15,Q2,0.0,0.0,0.0,0.0,620000.0,1150000.0,0.0,-4292269000,1860000.0,1860000.0,26051000,100000.0,21441000,0.0,-1860000.0,0.0,-4292269.0,-4710000.0,0.0,1200.0,-4710000.0,0.0,-1.52427,-1.52427,3090000.0,3090000.0,https://www.sec.gov/Archives/edgar/data/1420720/000093041311001076/0000930413-11-001076-index.htm,https://www.sec.gov/Archives/edgar/data/1420720/000093041311001076/c64372_10q.htm
0,2010-09-30,IBIO,2010-11-15,2010-10-13 16:01:06,Q1,0.0,0.0,0.0,0.0,160000.0,1120000.0,0.0,-1447124000,1370000.0,1370000.0,13125000,90000.0,10395000,0.0,-1370000.0,0.0,10000.0,-2820000.0,0.0,600.0,-2820000.0,0.0,-0.99647,-0.99647,2830000.0,2830000.0,https://www.sec.gov/Archives/edgar/data/1420720/000093041310005655/0000930413-10-005655-index.htm,https://www.sec.gov/Archives/edgar/data/1420720/000093041310005065/c62978_10k.htm
0,2010-06-30,IBIO,2010-10-13,2010-10-13 16:01:06,Q4,0.0,0.0,0.0,0.0,1100000.0,560000.0,0.0,-1488281000,1670000.0,1670000.0,13109000,90000.00000000001,10619000,0.0,-1670000.0,0.0,10000.0,-2580000.0,0.0,2400000.0,-2580000.0,0.0,-0.91166,-0.91166,2830000.0,2830000.0,https://www.sec.gov/Archives/edgar/data/1420720/000093041310005065/0000930413-10-005065-index.htm,https://www.sec.gov/Archives/edgar/data/1420720/000093041310005065/c62978_10k.htm
0,2010-03-31,IBIO,2010-05-19,2010-05-19 17:21:47,Q3,0.0,0.0,0.0,0.0,1060000.0,540000.0,0.0,-571495000,1590000.0,1590000.0,-60000.0,90000.0,-1610000.0,0.0,-1590000.0,0.0,-571495.0,-1640000.0,0.0,1800.0,-1640000.0,0.0,-0.57951,-0.57951,2830000.0,2830000.0,https://www.sec.gov/Archives/edgar/data/1420720/000093041310002973/0000930413-10-002973-index.htm,https://www.sec.gov/Archives/edgar/data/1420720/000093041310002973/c61577_10q.htm
0,2009-12-31,IBIO,2010-02-16,2010-02-16 17:28:21,Q2,0.0,0.0,0.0,0.0,250000.0,500000.0,0.0,0.0,760000.0,760000.0,450000.0,80000.0,220000.0,0.0,-760000.0,0.0,-520459.0,-310000.0,0.0,1200.0,-310000.0,0.0,-0.10954,-0.10954,2830000.0,2830000.0,https://www.sec.gov/Archives/edgar/data/1420720/000093041310000839/0000930413-10-000839-index.htm,https://www.sec.gov/Archives/edgar/data/1420720/000093041310000839/c60350_10q.htm
0,2009-09-30,IBIO,2009-11-16 00:00:00,2009-11-16 14:55:42,Q1,0.0,0.0,0.0,0.0,100000.0,470000.0,0.0,0.0,570000.0,570000.0,-980000.0,80000.0,-2440000.0,0.0,-570000.0,0.0,10000.0,-1540000.0,0.0,0.0,-1540000.0,0.0,-0.63115,-0.63115,2440000.0,2440000.0,https://www.sec.gov/Archives/edgar/data/1420720/000093041309005785/0000930413-09-005785-index.html,https://www.sec.gov/Archives/edgar/data/1420720/000093041309005785/c59355_10q.htm
0,2009-06-30,IBIO,2009-09-28 00:00:00,2009-09-28 17:31:06,Q4,140000.0,0.0,130000.0,0.928571,210000.0,320000.0,0.0,0.0,610000.0,610000.0,0.0,70000.00000000003,-399999.99999999994,-2.857143,-480000.0,-3.428571,0.0,-470000.0,-3.357143,0.0,-470000.0,-3.357143,-0.20085,-0.20085,2340000.0,2340000.0,https://www.sec.gov/Archives/edgar/data/1420720/000142072009000028/0001420720-09-000028-index.html,https://www.sec.gov/Archives/edgar/data/1420720/000142072009000028/inb210k_20090928.htm
0,2009-03-31,IBIO,2009-05-15 00:00:00,2009-05-15 16:22:33,Q3,330000.0,170000.0,160000.0,0.484848,80000.0,410000.0,0.0,0.0,480000.0,650000.0,0.0,79999.99999999999,-240000.0,-0.727273,-330000.0,-1.0,0.0,-320000.0,-0.969697,0.0,-320000.0,-0.969697,-0.13617,-0.13617,2350000.0,2350000.0,https://www.sec.gov/Archives/edgar/data/1420720/000142072009000013/0001420720-09-000013-index.html,https://www.sec.gov/Archives/edgar/data/1420720/000142072009000013/inb210q_20090331.htm
0,2008-12-31,IBIO,2009-02-11 00:00:00,2009-02-11 16:50:36,Q2,380000.0,200000.0,180000.0,0.473684,320000.0,440000.0,0.0,0.0,750000.0,950000.0,10000.0,70000.0,-480000.0,-1.263158,-570000.0,-1.5,0.0,-560000.0,-1.473684,0.0,-560000.0,-1.473684,-0.2383,-0.2383,2350000.0,2350000.0,https://www.sec.gov/Archives/edgar/data/1420720/000142072009000005/0001420720-09-000005-index.html,https://www.sec.gov/Archives/edgar/data/1420720/000142072009000005/inb210q_20090211.htm
0,2008-09-30,IBIO,2008-11-12 00:00:00,2008-11-12 16:45:18,Q1,330000.0,140000.0,200000.0,0.606061,320000.0,420000.0,0.0,0.0,740000.0,880000.0,10000.0,60000.0,-470000.0,-1.424242,-550000.0,-1.666667,0.0,-540000.0,-1.636364,0.0,-540000.0,-1.636364,-0.49091,-0.49091,1100000.0,1100000.0,https://www.sec.gov/Archives/edgar/data/1420720/000142072008000029/0001420720-08-000029-index.html,https://www.sec.gov/Archives/edgar/data/1420720/000142072008000029/inb210q_20081112.htm
0,2008-06-30,IBIO,2008-09-29 00:00:00,2008-09-29 15:58:15,Q4,90000.0,40000.0,60000.0,0.666667,290000.0,330000.0,0.0,0.0,679999.9999999999,719999.9999999999,0.0,60000.0,-570000.0,-6.333333,-630000.0,-7.0,0.0,-630000.0,-7.0,0.0,-630000.0,-7.0,-62900.0,-62900.0,0.0,0.0,https://www.sec.gov/Archives/edgar/data/1420720/000142072008000025/0001420720-08-000025-index.html,https://www.sec.gov/Archives/edgar/data/1420720/000142072008000025/inb210k_20080730.htm
0,2008-03-31,IBIO,,,Q3,410000.0,220000.0,200000.0,0.487805,260000.0,390000.0,0.0,0.0,700000.0000000001,920000.0000000001,0.0,60000.0,-450000.0,-1.097561,-510000.0,-1.243902,0.0,-510000.0,-1.243902,0.0,-510000.0,-1.243902,-50700.0,-50700.0,0.0,0.0,,
