,date,symbol,fillingDate,acceptedDate,period,revenue,costOfRevenue,grossProfit,grossProfitRatio,researchAndDevelopmentExpenses,generalAndAdministrativeExpenses,sellingAndMarketingExpenses,otherExpenses,operatingExpenses,costAndExpenses,interestExpense,depreciationAndAmortization,ebitda,ebitdaratio,operatingIncome,operatingIncomeRatio,totalOtherIncomeExpensesNet,incomeBeforeTax,incomeBeforeTaxRatio,incomeTaxExpense,netIncome,netIncomeRatio,eps,epsdiluted,weightedAverageShsOut,weightedAverageShsOutDil,link,finalLink
0,2020-09-30,HRC,2020-11-13,2020-11-13 15:38:56,Q4,2114000000,1983000000,131000000,0.0619678334910123,102000000,0.0,618000000,-8000000.0,720000000,2703000000,57000000,-51000000,100000000,0.04730368968779565,151000000,0.07142857142857142,-8000000.0,151000000,0.07142857142857142,22000000,130000000,0.06149479659413434,1.9350133218224848,1.9350133218224848,67183000,67183000,https://www.sec.gov/Archives/edgar/data/47518/000004751820000129/0000047518-20-000129-index.htm,https://www.sec.gov/Archives/edgar/data/47518/000004751820000129/hrc-20200930.htm
0,2020-06-30,HRC,2020-07-31,2020-07-31 10:26:41,Q3,767500000,358500000,409000000,0.532899022801303,34400000,197000000,203000000,2000000.0,273700000.00000006,632200000,17300000,45000000,182500000,0.237785,135300000,0.176287,2000000.0,120200000,0.156612,26300000,93900000,0.122345,1.39768,1.39768,67183000,67183000,https://www.sec.gov/Archives/edgar/data/47518/000004751820000075/0000047518-20-000075-index.htm,https://www.sec.gov/Archives/edgar/data/47518/000004751820000075/hrc-20200630.htm
0,2020-03-31,HRC,2020-05-01 00:00:00,2020-05-01 14:53:53,Q2,723200000,355700000,367500000,0.508158,34400000,202400000,210000000,-11000000,280200000,635900000,19100000,44599999.99999999,120500000,0.166621,87300000,0.120713,0.0,56800000,0.07854,9900000.0,46900000,0.064851,0.69773,0.69773,67218000,67218000,https://www.sec.gov/Archives/edgar/data/47518/000004751820000055/0000047518-20-000055-index.html,https://www.sec.gov/Archives/edgar/data/47518/000004751820000055/hrc-20200331.htm
0,2019-12-31,HRC,2020-01-30 00:00:00,2020-01-29 19:30:54,Q1,685000000,343300000,341700000,0.498832,31500000,199500000,196000000,-1000000.0,278400000.00000006,621700000,19400000,43300000,105300000,0.153723,63300000,0.092409,0.0,42600000,0.06219,2800000.0,39800000,0.058102,0.59113,0.59113,67329000,67329000,https://www.sec.gov/Archives/edgar/data/47518/000004751820000011/0000047518-20-000011-index.html,https://www.sec.gov/Archives/edgar/data/47518/000004751820000011/a2020q110q.htm
0,2019-09-30,HRC,2019-11-15 00:00:00,2019-11-15 15:00:59,Q4,782800000,397000000,385800000,0.492846,35600000,188300000,695000000,-13000000,295000000,692000000,23400000,57800000.00000001,133800000.00000001,0.170925,90800000,0.115994,0.0,52600000,0.067195,24700000,27900000,0.035641,0.40916,0.40916,68188000,68188000,https://www.sec.gov/Archives/edgar/data/47518/000004751819000097/0000047518-19-000097-index.html,https://www.sec.gov/Archives/edgar/data/47518/000004751819000097/a2019q410k.htm
0,2019-06-30,HRC,2019-08-02 00:00:00,2019-08-02 12:38:32,Q3,726800000,370200000,356600000,0.490644,34100000,198600000,246000000,-1000000.0,286700000,656900000,23100000,47600000,116400000,0.160154,69900000,0.096175,0.0,45700000,0.062878,13100000,32600000,0.044854,0.48335,0.48335,67446000,67446000,https://www.sec.gov/Archives/edgar/data/47518/000004751819000057/0000047518-19-000057-index.html,https://www.sec.gov/Archives/edgar/data/47518/000004751819000057/a2019q310q.htm
0,2019-03-31,HRC,2019-04-26 00:00:00,2019-04-26 12:36:38,Q2,714200000,361600000,352600000,0.493699,36600000,199000000,231000000,0.0,271299999.99999994,632900000,21800000,45599999.99999999,128100000,0.179362,81300000,0.113834,0.0,60700000,0.08499,11200000,49500000,0.069308,0.73503,0.73503,67344000,67344000,https://www.sec.gov/Archives/edgar/data/47518/000004751819000035/0000047518-19-000035-index.html,https://www.sec.gov/Archives/edgar/data/47518/000004751819000035/a2019q210q.htm
0,2018-12-31,HRC,2019-01-25 00:00:00,2019-01-25 12:37:50,Q1,683500000,353500000,330000000,0.482809,33200000,189300000,218000000,0.0,259200000.00000006,612700000,21300000,43800000,115700000,0.169276,70800000,0.103584,0.0,49600000,0.072568,8400000.0,42200000,0.061741,0.62311,0.62311,67725000,67725000,https://www.sec.gov/Archives/edgar/data/47518/000004751819000011/0000047518-19-000011-index.html,https://www.sec.gov/Archives/edgar/data/47518/000004751819000011/a2019q110q.htm
0,2018-09-30,HRC,2018-11-19 00:00:00,2018-11-16 17:36:28,Q4,759200000,383000000,376200000,0.495522,35000000,215200000,670000000,0.0,263400000,646400000,23500000,49000000,171400000,0.225764,112800000,0.148577,0.0,89400000,0.117756,8500000.0,90400000,0.119073,1.33333,1.33333,67800000,67800000,https://www.sec.gov/Archives/edgar/data/47518/000004751818000120/0000047518-18-000120-index.html,https://www.sec.gov/Archives/edgar/data/47518/000004751818000120/a2018q410k.htm
0,2018-06-30,HRC,2018-07-27 00:00:00,2018-07-27 10:56:58,Q3,708600000,360600000,348000000,0.491109,33600000,221900000,221000000,0.0,269500000,630100000,24200000,48699999.99999999,128400000,0.181202,78500000,0.110782,0.0,55500000,0.078323,10300000,45200000,0.063788,0.66864,0.66864,67600000,67600000,https://www.sec.gov/Archives/edgar/data/47518/000004751818000077/0000047518-18-000077-index.html,https://www.sec.gov/Archives/edgar/data/47518/000004751818000077/a2018q310q.htm
0,2018-03-31,HRC,2018-04-27 00:00:00,2018-04-27 10:27:04,Q2,710500000,360100000,350400000,0.493174,34700000,232700000,232000000,0.0,304299999.99999994,664400000,24200000,47400000.00000001,93100000,0.131034,46100000,0.064884,0.0,21500000,0.03026,-7000000.0,28500000,0.040113,0.4216,0.4216,67600000,67600000,https://www.sec.gov/Archives/edgar/data/47518/000004751818000041/0000047518-18-000041-index.html,https://www.sec.gov/Archives/edgar/data/47518/000004751818000041/a2018q210q.htm
0,2017-12-31,HRC,2018-01-26 00:00:00,2018-01-26 10:03:39,Q1,669700000,350100000,319600000,0.477229,32300000,221700000,221000000,0.0,267500000,617600000,23100000,51400000.00000001,166700000,0.248917,52100000,0.077796,0.0,30800000,0.045991,3900000.0,88300000,0.13185,1.31009,1.31009,67400000,67400000,https://www.sec.gov/Archives/edgar/data/47518/000004751818000005/0000047518-18-000005-index.html,https://www.sec.gov/Archives/edgar/data/47518/000004751818000005/a2018q110q.htm
0,2017-09-30,HRC,2017-11-17 00:00:00,2017-11-17 10:20:59,Q4,738300000,375800000,362500000,0.490993,31500000,223900000,655000000,0.0,249099999.99999997,624900000,23700000,54800000.00000001,169100000,0.22904,113400000,0.153596,0.0,90300000,0.122308,21200000,69400000,0.094,1.03582,1.03582,67000000,67000000,https://www.sec.gov/Archives/edgar/data/47518/000004751817000130/0000047518-17-000130-index.html,https://www.sec.gov/Archives/edgar/data/47518/000004751817000130/a2017q410k.htm
0,2017-06-30,HRC,2017-07-28 00:00:00,2017-07-28 10:48:31,Q3,689100000,358000000,331100000,0.480482,34900000,221000000,221000000,0.0,290700000.00000006,648700000,23800000,53300000,93500000,0.135684,40400000,0.058627,0.0,16100000,0.023364,10400000,6000000.0,0.008707,0.08863,0.08863,67700000,67700000,https://www.sec.gov/Archives/edgar/data/47518/000004751817000074/0000047518-17-000074-index.html,https://www.sec.gov/Archives/edgar/data/47518/000004751817000074/a2017q310q.htm
0,2017-03-31,HRC,2017-04-28 00:00:00,2017-04-28 09:40:27,Q2,678900000,354500000,324400000,0.477832,35300000,222400000,222000000,0.0,260799999.99999994,615300000,21900000,51400000.00000001,115000000,0.169392,63600000,0.093681,0.0,41300000,0.060834,7300000.0,34400000,0.05067,0.51267,0.51267,67100000,67100000,https://www.sec.gov/Archives/edgar/data/47518/000004751817000052/0000047518-17-000052-index.html,https://www.sec.gov/Archives/edgar/data/47518/000004751817000052/a2017q210q.htm
0,2016-12-31,HRC,2017-01-27 00:00:00,2017-01-27 10:42:56,Q1,637400000,334800000,302600000,0.474741,32000000,208800000,208000000,0.0,246599999.99999997,581400000,19500000,51300000,106400000,0.166928,56000000,0.087857,0.0,35300000,0.055381,11800000,23800000,0.037339,0.35575,0.35575,66900000,66900000,https://www.sec.gov/Archives/edgar/data/47518/000004751817000011/0000047518-17-000011-index.html,https://www.sec.gov/Archives/edgar/data/47518/000004751817000011/hrc-20161231x10q.htm
0,2016-09-30,HRC,2016-11-17 00:00:00,2016-11-17 14:31:41,Q4,706000000,359300000,346700000,0.491076,32000000,212800000,644000000,0.0,263999999.99999994,623299999.9999999,22200000,52099999.99999999,143700000,0.203541,82700000,0.117139,0.0,69100000,0.097875,17700000,51700000,0.073229,0.76935,0.76935,67200000,67200000,https://www.sec.gov/Archives/edgar/data/47518/000121465916014806/0001214659-16-014806-index.html,https://www.sec.gov/Archives/edgar/data/47518/000121465916014806/hr111516410k.htm
0,2016-06-30,HRC,2016-08-04,2016-08-04 17:11:20,Q3,655400000,340000000,315400000,0.481233,33600000,209900000,209000000,0.0,257200000.00000006,597200000,23000000,53500000.00000001,112100000.00000001,0.171041,58200000,0.088801,0.0,35300000,0.05386,-9700000.0,45300000,0.069118,0.68018,0.68018,66600000,66600000,https://www.sec.gov/Archives/edgar/data/47518/000121465916012987/d8116210q.htm,https://www.sec.gov/Archives/edgar/data/47518/000121465916012987/d8116210q.htm
0,2016-03-31,HRC,2016-04-29 00:00:00,2016-04-29 15:12:58,Q2,632600000,328400000,304200000,0.480873,34300000,209400000,209000000,0.0,254399999.99999997,582800000,22700000,51300000,102300000,0.161714,49800000,0.078723,0.0,28100000,0.04442,6000000.0,22300000,0.035251,0.33584,0.33584,66400000,66400000,https://www.sec.gov/Archives/edgar/data/47518/000121465916011092/0001214659-16-011092-index.html,https://www.sec.gov/Archives/edgar/data/47518/000121465916011092/h42616010q.htm
0,2015-12-31,HRC,2016-02-01 00:00:00,2016-02-01 16:32:33,Q1,661200000,370500000,290700000,0.439655,33600000,221200000,221000000,0.0,261900000,632400000,22500000,52100000,80900000,0.122353,28800000,0.043557,0.0,5800000.0,0.008772,1500000.0,4800000.0,0.00726,0.0724,0.0724,66300000,66300000,https://www.sec.gov/Archives/edgar/data/47518/000121465916009157/0001214659-16-009157-index.html,https://www.sec.gov/Archives/edgar/data/47518/000121465916009157/h12616010q.htm
0,2015-09-30,HRC,2015-11-19 00:00:00,2015-11-19 15:40:28,Q4,573900000,317200000,256700000,0.44729,24500000,208700000,514000000,0.0,262500000.00000006,579700000.0000001,8900000.0,33399999.99999999,26699999.99999999,0.046524,-5800000.0,-0.010106,0.0,-16500000,-0.028751,-6400000.0,-9200000.0,-0.016031,-0.16,-0.16,57500000,57500000,https://www.sec.gov/Archives/edgar/data/47518/000121465915007900/0001214659-15-007900-index.html,https://www.sec.gov/Archives/edgar/data/47518/000121465915007900/h111715010k.htm
0,2015-06-30,HRC,2015-08-07 00:00:00,2015-08-07 13:07:52,Q3,474500000,265000000,209500000,0.441517,23300000,150500000,150000000,0.0,178200000,443200000,3300000.0,28700000.000000004,60400000,0.127292,31300000,0.065964,0.0,28000000,0.059009,9300000.0,19100000,0.040253,0.32988,0.32988,57900000,57900000,https://www.sec.gov/Archives/edgar/data/47518/000121465915005911/0001214659-15-005911-index.html,https://www.sec.gov/Archives/edgar/data/47518/000121465915005911/h8315010q.htm
0,2015-03-31,HRC,2015-05-05 00:00:00,2015-05-05 16:39:28,Q2,474800000,260600000,214200000,0.451137,22200000,149900000,149000000,0.0,175899999.99999997,436500000,3000000.0,27799999.999999996,67400000,0.141955,38300000,0.080666,0.0,36600000,0.077085,10500000,26100000,0.054971,0.45313,0.45313,57600000,57600000,https://www.sec.gov/Archives/edgar/data/47518/000121465915003641/0001214659-15-003641-index.html,https://www.sec.gov/Archives/edgar/data/47518/000121465915003641/f5115010q.htm
0,2014-12-31,HRC,2015-02-03,2015-02-03 13:44:16,Q1,465000000,265100000,199900000,0.429892,21800000,155100000,155000000,0.0,180599999.99999997,445699999.99999994,3200000.0,28300000,48500000,0.104301,19300000,0.041505,0.0,17000000,0.036559,4900000.0,12100000,0.026022,0.2079,0.2079,58200000,58200000,https://www.sec.gov/Archives/edgar/data/47518/000121465914007878/h111714110k.htm,https://www.sec.gov/Archives/edgar/data/47518/000121465914007878/h111714110k.htm
0,2014-09-30,HRC,2014-11-19 00:00:00,2014-11-19 16:39:02,Q4,479800000,266500000,213300000,0.44456,21600000,151600000,420000000,0.0,177899999.99999997,444400000,9800000.0,26400000.000000007,70400000,0.146728,35400000,0.073781,0.0,34200000,0.07128,9600000.0,24600000,0.051271,0.4198,0.4198,58600000,58600000,https://www.sec.gov/Archives/edgar/data/47518/000121465914007878/0001214659-14-007878-index.html,https://www.sec.gov/Archives/edgar/data/47518/000121465914007878/h111714110k.htm
0,2014-06-30,HRC,2014-08-07 00:00:00,2014-08-07 12:08:03,Q3,397600000,210500000,187100000,0.470573,17500000,128600000,128000000,0.0,149100000.00000003,359600000,-1700000.0,25599999.999999996,60200000,0.151408,38000000,0.095573,0.0,36300000,0.091298,10200000,26100000,0.065644,0.44845,0.44845,58200000,58200000,https://www.sec.gov/Archives/edgar/data/47518/000121465914005681/0001214659-14-005681-index.html,https://www.sec.gov/Archives/edgar/data/47518/000121465914005681/c8514010q.htm
0,2014-03-31,HRC,2014-05-02 00:00:00,2014-05-02 15:13:26,Q2,415300000,212600000,202700000,0.488081,16400000,130100000,130000000,0.0,174900000,387500000,-2500000.0,26600000,49400000,0.11895,27800000,0.06694,0.0,25300000,0.06092,28600000,-3300000.0,-0.007946,-0.05759,-0.05759,57300000,57300000,https://www.sec.gov/Archives/edgar/data/47518/000121465914003246/0001214659-14-003246-index.html,https://www.sec.gov/Archives/edgar/data/47518/000121465914003246/h42814110q.htm
0,2013-12-31,HRC,2014-01-23,2014-01-23 16:46:41,Q1,393400000,216600000,176800000,0.449415,16400000,138000000,138000000,0.0,155400000,372000000,-2000000.0,27799999.999999996,45200000,0.114896,21400000,0.054398,0.0,19400000,0.049314,6200000.0,13200000,0.033554,0.22335,0.22335,59100000,59100000,https://www.sec.gov/Archives/edgar/data/47518/000121465913006642/s111413010k.htm,https://www.sec.gov/Archives/edgar/data/47518/000121465913006642/s111413010k.htm
0,2013-09-30,HRC,2013-11-20 00:00:00,2013-11-20 16:22:45,Q4,437900000,235200000,202700000,0.462891,18000000,134600000,413000000,0.0,154600000.00000003,389800000,-3300000.0,28000000,69500000,0.158712,48100000,0.109842,0.0,44800000,0.102306,9500000.0,35300000,0.080612,0.5903,0.5903,59800000,59800000,https://www.sec.gov/Archives/edgar/data/47518/000121465913006642/0001214659-13-006642-index.html,https://www.sec.gov/Archives/edgar/data/47518/000121465913006642/s111413010k.htm
0,2013-06-30,HRC,2013-07-25 00:00:00,2013-07-25 16:04:09,Q3,424200000,234100000,190100000,0.448138,16700000,136400000,136000000,0.0,153900000,388000000,-2300000.0,28600000.000000004,60200000.00000001,0.141914,36200000,0.085337,0.0,33900000,0.079915,10500000,23400000,0.055163,0.38614,0.38614,60600000,60600000,https://www.sec.gov/Archives/edgar/data/47518/000121465913004091/0001214659-13-004091-index.html,https://www.sec.gov/Archives/edgar/data/47518/000121465913004091/j72213110q.htm
0,2013-03-31,HRC,2013-04-25 00:00:00,2013-04-25 16:30:25,Q2,425700000,229600000,196100000,0.460653,18300000,141400000,141000000,0.0,162600000,392200000,-3500000.0,29099999.999999996,55600000,0.130608,33500000,0.078694,0.0,30000000,0.070472,7700000.0,22300000,0.052384,0.36799,0.36799,60600000,60600000,https://www.sec.gov/Archives/edgar/data/47518/000121465913002237/0001214659-13-002237-index.html,https://www.sec.gov/Archives/edgar/data/47518/000121465913002237/c4213610q.htm
0,2012-12-31,HRC,2013-01-25 00:00:00,2013-01-25 10:54:41,Q1,428400000,237000000,191400000,0.446779,17200000,136100000,136000000,0.0,154300000,391300000,-1800000.0,31100000,64600000,0.150794,37100000,0.086601,0.0,35300000,0.0824,11300000,24000000,0.056022,0.3928,0.3928,61100000,61100000,https://www.sec.gov/Archives/edgar/data/47518/000121465913000348/0001214659-13-000348-index.html,https://www.sec.gov/Archives/edgar/data/47518/000121465913000348/s12113010q.htm
0,2012-09-30,HRC,2012-11-15 00:00:00,2012-11-15 16:52:43,Q4,431600000,230500000,201100000,0.465941,18700000,130100000,376000000,0.0,153700000,384200000,-2500000.0,57000000,99400000,0.230306,47400000,0.109824,0.0,44900000,0.104032,5700000.0,39200000,0.090825,0.62921,0.62921,62300000,62300000,https://www.sec.gov/Archives/edgar/data/47518/000121465912005085/0001214659-12-005085-index.html,https://www.sec.gov/Archives/edgar/data/47518/000121465912005085/s11812110k.htm
0,2012-06-30,HRC,2012-07-26 00:00:00,2012-07-26 15:59:52,Q3,406500000,233800000,172700000,0.424846,16100000,120500000,120000000,0.0,138300000,372100000,-1000000.0,27000000.000000004,59400000.00000001,0.146125,34400000,0.084625,0.0,33400000,0.082165,10000000,23400000,0.057565,0.3738,0.3738,62600000,62600000,https://www.sec.gov/Archives/edgar/data/47518/000121465912003181/0001214659-12-003181-index.html,https://www.sec.gov/Archives/edgar/data/47518/000121465912003181/s72312010q.htm
0,2012-03-31,HRC,2012-04-26,2012-04-26 15:59:13,Q2,415100000,219300000,195800000,0.471694,16800000,125600000,125000000,0.0,158399999.99999997,377700000,-600000.0,27099999.999999996,63300000,0.152493,37400000,0.090099,0.0,36800000,0.088653,11500000,25300000,0.060949,0.4048,0.4048,62500000,62500000,https://www.sec.gov/Archives/edgar/data/47518/000121465912001836/s42312010q.htm,https://www.sec.gov/Archives/edgar/data/47518/000121465912001836/s42312010q.htm
0,2011-12-31,HRC,2012-01-26 00:00:00,2012-01-26 14:06:33,Q1,381100000,196000000,185100000,0.485699,15300000,120200000,120000000,0.0,135500000,331500000,-1200000.0,26600000,73800000,0.19365,49600000,0.13015,0.0,48400000,0.127001,15500000,32900000,0.086329,0.52809,0.52809,62300000,62300000,https://www.sec.gov/Archives/edgar/data/47518/000121465912000283/0001214659-12-000283-index.html,https://www.sec.gov/Archives/edgar/data/47518/000121465912000283/s12312010q.htm
0,2011-09-30,HRC,2011-11-16 00:00:00,2011-11-16 16:03:22,Q4,430600000,220000000,210600000,0.489085,15500000,126900000,378000000,0.0,147399999.99999997,367400000,2200000.0,25800000.00000001,88600000.00000001,0.205759,63200000,0.146772,0.0,60600000,0.140734,-2900000.0,63500000,0.147469,1.00634,1.00634,63100000,63100000,https://www.sec.gov/Archives/edgar/data/47518/000121465911003981/0001214659-11-003981-index.html,https://www.sec.gov/Archives/edgar/data/47518/000121465911003981/s111011010k.htm
0,2011-06-30,HRC,2011-07-28 00:00:00,2011-07-28 10:27:39,Q3,384800000,197200000,187600000,0.487526,17300000,124600000,124000000,0.0,183000000,380200000,6300000.0,26499999.999999993,36399999.99999999,0.094595,4600000.0,0.011954,0.0,3600000.0,0.009356,2100000.0,1500000.0,0.003898,0.02336,0.02336,64200000,64200000,https://www.sec.gov/Archives/edgar/data/47518/000121465911002410/0001214659-11-002410-index.html,https://www.sec.gov/Archives/edgar/data/47518/000121465911002410/c72511410q.htm
0,2011-03-31,HRC,2011-04-28 00:00:00,2011-04-28 11:49:26,Q2,402100000,203500000,198600000,0.493907,16200000,130500000,130000000,0.0,149300000,352800000,-1400000.0,26200000.000000004,72700000,0.180801,49300000,0.122606,0.0,47900000,0.119125,14800000,33100000,0.082318,0.518,0.518,63900000,63900000,https://www.sec.gov/Archives/edgar/data/47518/000095012311040714/0000950123-11-040714-index.html,https://www.sec.gov/Archives/edgar/data/47518/000095012311040714/c15009e10vq.htm
0,2010-12-31,HRC,2011-01-27,2011-01-27 10:15:33,Q1,374200000,189700000,184500000,0.493052,14800000,120000000,120000000,0.0,134800000,324500000,-2100000.0,25400000,70700000,0.188936,49700000,0.132817,0.0,47600000,0.127205,12200000,35200000,0.094067,0.54829,0.54829,64200000,64200000,https://www.sec.gov/Archives/edgar/data/47518/000095012310106600/c07135e10vk.htm,https://www.sec.gov/Archives/edgar/data/47518/000095012310106600/c07135e10vk.htm
0,2010-09-30,HRC,2010-11-17 00:00:00,2010-11-17 15:11:05,Q4,396600000,200600000,196000000,0.494201,14900000,116000000,358000000,0.0,117900000,318500000,-3900000.0,26000000,96200000,0.242562,78100000,0.196924,0.0,74200000,0.18709,23400000,50700000,0.127837,0.78849,0.78849,64300000,64300000,https://www.sec.gov/Archives/edgar/data/47518/000095012310106600/0000950123-10-106600-index.html,https://www.sec.gov/Archives/edgar/data/47518/000095012310106600/c07135e10vk.htm
0,2010-06-30,HRC,2010-07-29 00:00:00,2010-07-29 11:55:58,Q3,360600000,182600000,178000000,0.493622,14100000,116200000,116000000,0.0,130299999.99999999,312900000,-1400000.0,24200000.000000004,68900000,0.19107,47700000,0.13228,0.0,46300000,0.128397,15500000,30600000,0.084859,0.47813,0.47813,64000000,64000000,https://www.sec.gov/Archives/edgar/data/47518/000095012310069577/0000950123-10-069577-index.html,https://www.sec.gov/Archives/edgar/data/47518/000095012310069577/c03728e10vq.htm
0,2010-03-31,HRC,2010-05-06 00:00:00,2010-05-06 16:42:38,Q2,357100000,185300000,171800000,0.481098,14400000,120800000,120000000,0.0,140200000,325500000,2000000.0,25100000,56500000,0.158219,31600000,0.088491,0.0,29700000,0.08317,5200000.0,24200000,0.067768,0.3811,0.3811,63500000,63500000,https://www.sec.gov/Archives/edgar/data/47518/000095012310045577/0000950123-10-045577-index.html,https://www.sec.gov/Archives/edgar/data/47518/000095012310045577/c96588e10vq.htm
0,2009-12-31,HRC,2010-02-04 00:00:00,2010-02-04 13:17:30,Q1,355300000,184500000,170800000,0.480721,14900000,121600000,121000000,0.0,136500000,321000000,2000000.0,24400000,59000000,0.166057,34300000,0.096538,0.0,32700000,0.092035,12800000,19800000,0.055728,0.31329,0.31329,63200000,63200000,https://www.sec.gov/Archives/edgar/data/47518/000095012310008654/0000950123-10-008654-index.html,https://www.sec.gov/Archives/edgar/data/47518/000095012310008654/c95324e10vq.htm
0,2009-09-30,HRC,2009-11-24 00:00:00,2009-11-24 16:16:57,Q4,363300000,192000000,171300000,0.471511,14900000,118100000,0.0,391000000,132100000.00000001,324100000,8000000.0,24900000.000000007,70000000,0.192678,39200000,0.1079,0.0,37100000,0.102119,10700000,26400000,0.072667,0.42173,0.42173,62600000,62600000,https://www.sec.gov/Archives/edgar/data/47518/000095012309065670/0000950123-09-065670-index.html,https://www.sec.gov/Archives/edgar/data/47518/000095012309065670/c92987e10vk.htm
0,2009-06-30,HRC,2009-08-07 00:00:00,2009-08-07 12:05:19,Q3,334700000,184000000,150700000,0.450254,13000000,113700000,0.0,126000000,133100000.00000001,317100000,2000000.0,24400000,53500000,0.159845,17600000,0.052584,0.0,27100000,0.080968,6900000.0,20200000,0.060353,0.32114,0.32114,62900000,62900000,https://www.sec.gov/Archives/edgar/data/47518/000095012309031841/0000950123-09-031841-index.html,https://www.sec.gov/Archives/edgar/data/47518/000095012309031841/c88921e10vq.htm
0,2009-03-31,HRC,2009-05-05 00:00:00,2009-05-05 16:44:42,Q2,337300000,183900000,153400000,0.454788,14500000,113600000,0.0,128000000,615900000,799800000,2000000.0,24799999.999999996,-437200000,-1.296176,-462500000,-1.371183,0.0,-464000000,-1.37563,1800000.0,-465800000,-1.380966,-7.44089,-7.44089,62600000,62600000,https://www.sec.gov/Archives/edgar/data/47518/000136231009006520/0001362310-09-006520-index.html,https://www.sec.gov/Archives/edgar/data/47518/000136231009006520/c84826e10vq.htm
0,2008-12-31,HRC,2009-02-05 00:00:00,2009-02-05 15:52:59,Q1,351600000,199100000,152500000,0.433732,13300000,116200000,0.0,129000000,129500000.00000003,328600000.00000006,2000000.0,26100000,49100000,0.139647,23000000,0.065415,0.0,21000000,0.059727,6800000.0,14200000,0.040387,0.22611,0.22611,62800000,62800000,https://www.sec.gov/Archives/edgar/data/47518/000136231009001186/0001362310-09-001186-index.html,https://www.sec.gov/Archives/edgar/data/47518/000136231009001186/c80174e10vq.htm
0,2008-09-30,HRC,2008-11-26 00:00:00,2008-11-26 13:45:48,Q4,424300000,234700000,189600000,0.446854,0.0,0.0,0.0,133400000,153900000.00000003,388600000.00000006,12000000,28200000.000000004,105900000,0.249588,35700000,0.084139,2800000.0,32800000,0.077304,9000000.0,56700000,0.133632,0.90431,0.90431,62700000,62700000,https://www.sec.gov/Archives/edgar/data/47518/000136231008007747/0001362310-08-007747-index.html,https://www.sec.gov/Archives/edgar/data/47518/000136231008007747/c77686e10vk.htm
0,2008-06-30,HRC,2008-08-07 00:00:00,2008-08-07 16:03:32,Q3,366800000,206200000,160600000,0.437841,0.0,0.0,0.0,137300000,137300000,343500000,2000000.0,25399999.99999999,48199999.99999999,0.131407,23300000,0.063522,0.0,22000000,0.059978,500000.0,20300000,0.055344,0.32376,0.32376,62700000,62700000,https://www.sec.gov/Archives/edgar/data/47518/000136231008004288/0001362310-08-004288-index.html,https://www.sec.gov/Archives/edgar/data/47518/000136231008004288/c74291e10vq.htm
0,2008-03-31,HRC,2008-05-14 00:00:00,2008-05-14 14:46:42,Q2,375200000,207900000,167300000,0.445896,0.0,0.0,0.0,146900000,146900000,354800000,4000000.0,30200000.000000004,68100000,0.181503,20400000,0.054371,0.0,16900000,0.045043,7500000.0,26400000,0.070362,0.42173,0.42173,62600000,62600000,https://www.sec.gov/Archives/edgar/data/47518/000136231008002779/0001362310-08-002779-index.html,https://www.sec.gov/Archives/edgar/data/47518/000136231008002779/c73375e10vq.htm
0,2007-12-31,HRC,2008-02-08,2008-02-08 09:02:25,Q1,341400000,189400000,152000000,0.445226,0.0,0.0,0.0,126300000,128600000,318000000,5000000.0,29000000,87000000,0.254833,23400000,0.068541,0.0,20600000,0.06034,8200000.0,44800000,0.131224,0.71795,0.71795,62400000,62400000,https://www.sec.gov/Archives/edgar/data/47518/000136231007003196/c71681e10vk.htm,https://www.sec.gov/Archives/edgar/data/47518/000136231007003196/c71681e10vk.htm
0,2007-09-30,HRC,2007-11-29 00:00:00,2007-11-29 13:52:27,Q4,372000000,212600000,159400000,0.428495,0.0,0.0,0.0,125700000,124100000,336700000,6000000.0,26599999.999999993,89400000,0.240323,35300000,0.094892,0.0,33100000,0.088978,8700000.0,48100000,0.129301,0.76715,0.76715,62700000,62700000,https://www.sec.gov/Archives/edgar/data/47518/000136231007003196/0001362310-07-003196-index.html,https://www.sec.gov/Archives/edgar/data/47518/000136231007003196/c71681e10vk.htm
0,2007-06-30,HRC,2007-08-09 00:00:00,2007-08-09 16:34:57,Q3,328500000,183000000,145500000,0.442922,0.0,0.0,0.0,124900000,124899999.99999999,307900000,11000000,27300000.000000004,80200000,0.24414,20600000,0.062709,0.0,17500000,0.053272,6200000.0,35700000,0.108676,0.57395,0.57395,62200000,62200000,https://www.sec.gov/Archives/edgar/data/47518/000095013707011814/0000950137-07-011814-index.html,https://www.sec.gov/Archives/edgar/data/47518/000095013707011814/c17604e10vq.htm
0,2007-03-31,HRC,2007-05-10 00:00:00,2007-05-10 14:37:18,Q2,335000000,182800000,152200000,0.454328,0.0,0.0,0.0,122000000,122199999.99999999,305000000,-4400000.0,27000000,87400000,0.260896,30000000,0.089552,0.0,25600000,0.076418,9900000.0,54900000,0.163881,0.88691,0.88691,61900000,61900000,https://www.sec.gov/Archives/edgar/data/47518/000095013707007216/0000950137-07-007216-index.html,https://www.sec.gov/Archives/edgar/data/47518/000095013707007216/c15078e10vq.htm
0,2006-12-31,HRC,2007-02-07,2007-02-07 17:03:05,Q1,321000000,175600000,145400000,0.45296,0.0,0.0,0.0,110400000,110400000,286000000,5000000.0,26400000,94300000,0.293769,35000000,0.109034,0.0,30000000,0.093458,11000000,51900000,0.161682,0.84253,0.84253,61600000,61600000,https://www.sec.gov/Archives/edgar/data/47518/000095013706013297/c10438e10vk.htm,https://www.sec.gov/Archives/edgar/data/47518/000095013706013297/c10438e10vk.htm
0,2006-09-30,HRC,2006-12-06,2006-12-06 16:06:56,Q4,520000000,291000000,229000000,0.440385,0.0,0.0,0.0,132000000,135000000,426000000,16000000,28000000,139000000,0.267308,94000000,0.180769,1000000.0,95000000,0.182692,29000000,66000000,0.126923,1.06969,1.06969,61700000,61700000,https://www.sec.gov/Archives/edgar/data/47518/000095013706013297/c10438e10vk.htm,https://www.sec.gov/Archives/edgar/data/47518/000095013706013297/c10438e10vk.htm
0,2006-06-30,HRC,2006-08-09,2006-08-09 15:56:25,Q3,469800000,266700000,203100000,0.432312,0.0,0.0,0.0,127100000,124900000.00000003,391600000.00000006,5000000.0,27000000,112500000,0.239464,78200000,0.166454,0.0,80500000,0.17135,29300000,51200000,0.108983,0.83117,0.83117,61600000,61600000,https://www.sec.gov/Archives/edgar/data/47518/000095013706008919/c07563e10vq.htm,https://www.sec.gov/Archives/edgar/data/47518/000095013706008919/c07563e10vq.htm
0,2006-03-31,HRC,2006-05-10,2006-05-10 13:18:07,Q2,495000000,282000000,213000000,0.430303,0.0,0.0,0.0,137000000,138000000,420000000,8000000.0,26000000,118000000,0.238384,75000000,0.151515,0.0,83000000,0.167677,31000000,53000000,0.107071,0.85209,0.85209,62200000,62200000,https://www.sec.gov/Archives/edgar/data/47518/000095013706005697/c05162e10vq.htm,https://www.sec.gov/Archives/edgar/data/47518/000095013706005697/c05162e10vq.htm
0,2005-12-31,HRC,2006-02-09,2006-02-09 17:08:56,Q1,478000000,274000000,204000000,0.426778,0.0,0.0,0.0,133000000,135000000,409000000,5000000.0,28000000,112000000,0.23431,69000000,0.144351,0.0,79000000,0.165272,29000000,50000000,0.104603,0.81301,0.81301,61500000,61500000,https://www.sec.gov/Archives/edgar/data/47518/000095013705015264/c00947e10vk.htm,https://www.sec.gov/Archives/edgar/data/47518/000095013705015264/c00947e10vk.htm
0,2005-09-30,HRC,2005-12-23,2005-12-23 16:24:40,Q4,497000000,287000000,210000000,0.422535,0.0,0.0,0.0,142000000,532000000,819000000,14000000,27000000,-288000000,-0.579477,-322000000,-0.647887,-9000000.0,-331000000,-0.665996,-99000000,-230000000,-0.462777,-3.75204,-3.75204,61300000,61300000,https://www.sec.gov/Archives/edgar/data/47518/000095013705015264/c00947e10vk.htm,https://www.sec.gov/Archives/edgar/data/47518/000095013705015264/c00947e10vk.htm
0,2005-06-30,HRC,2005-08-09,2005-08-09 16:36:42,Q3,465000000,290000000,175000000,0.376344,0.0,0.0,0.0,109000000,114000000,404000000,4000000.0,29000000,94000000,0.202151,61000000,0.131183,5000000.0,62000000,0.133333,22000000,39000000,0.083871,0.625,0.625,62400000,62400000,https://www.sec.gov/Archives/edgar/data/47518/000095013705009909/c97503e10vq.htm,https://www.sec.gov/Archives/edgar/data/47518/000095013705009909/c97503e10vq.htm
0,2005-03-31,HRC,2005-05-10,2005-05-10 14:57:50,Q2,501000000,266000000,235000000,0.469062,0.0,0.0,0.0,151000000,151000000,417000000,1000000.0,28000000,113000000,0.225549,84000000,0.167665,-2000000.0,83000000,0.165669,32000000,52000000,0.103792,0.83333,0.83333,62400000,62400000,https://www.sec.gov/Archives/edgar/data/47518/000095013705005641/c95055e10vq.htm,https://www.sec.gov/Archives/edgar/data/47518/000095013705005641/c95055e10vq.htm
0,2004-12-31,HRC,2005-02-14,2005-02-14 14:09:58,Q1,475000000,255000000,220000000,0.463158,0.0,0.0,0.0,154000000,154000000,409000000,4000000.0,30000000,103000000,0.216842,66000000,0.138947,0.0,69000000,0.145263,25000000,44000000,0.092632,0.70175,0.70175,62700000,62700000,https://www.sec.gov/Archives/edgar/data/47518/000095013704010811/c90197e10vk.htm,https://www.sec.gov/Archives/edgar/data/47518/000095013704010811/c90197e10vk.htm
0,2004-09-30,HRC,2004-12-07,2004-12-07 16:06:59,Q4,474000000,247000000,227000000,0.478903,0.0,0.0,0.0,153000000,160000000,407000000,11000000,32000000,161000000,0.339662,67000000,0.14135,-1000000.0,68000000,0.14346,23000000,95000000,0.200422,1.50555,1.50555,63100000,63100000,https://www.sec.gov/Archives/edgar/data/47518/000095013704010811/c90197e10vk.htm,https://www.sec.gov/Archives/edgar/data/47518/000095013704010811/c90197e10vk.htm
0,2004-06-30,HRC,2004-08-02,2004-07-30 21:43:24,Q3,461000000,240000000,221000000,0.479393,0.0,0.0,0.0,145000000,150000000,390000000,4000000.0,31000000,116000000,0.251627,71000000,0.154013,4000000.0,72000000,0.156182,29000000,52000000,0.112798,0.83067,0.83067,62600000,62600000,https://www.sec.gov/Archives/edgar/data/47518/000095013704006058/c87156e10vq.htm,https://www.sec.gov/Archives/edgar/data/47518/000095013704006058/c87156e10vq.htm
0,2004-03-31,HRC,2004-05-10,2004-05-07 21:49:06,Q2,473000000,233000000,240000000,0.5074,0.0,0.0,0.0,138000000,138000000,371000000,6000000.0,25000000,40000000,0.084567,102000000,0.215645,-3000000.0,96000000,0.20296,44000000,-35000000,-0.073996,-0.55732,-0.55732,62800000,62800000,https://www.sec.gov/Archives/edgar/data/47518/000095013704003770/c85238e10vq.htm,https://www.sec.gov/Archives/edgar/data/47518/000095013704003770/c85238e10vq.htm
0,2003-12-31,HRC,2004-02-13,2004-02-13 15:59:20,Q1,422000000,203000000,219000000,0.518957,0.0,0.0,0.0,146000000,146000000,349000000,3000000.0,20000000,110000000,0.260664,73000000,0.172986,-1000000.0,70000000,0.165877,25000000,62000000,0.146919,0.99359,0.99359,62400000,62400000,https://www.sec.gov/Archives/edgar/data/47518/000095012403004078/c81457e10vk.htm,https://www.sec.gov/Archives/edgar/data/47518/000095012403004078/c81457e10vk.htm
0,2003-09-30,HRC,2003-12-23,2003-12-23 15:05:11,Q4,435000000,206000000,229000000,0.526437,0.0,0.0,0.0,138000000,131000000,337000000,14000000,19000000,118000000,0.271264,98000000,0.225287,-26000000,69000000,0.158621,28000000,57000000,0.131034,0.91493,0.91493,62300000,62300000,https://www.sec.gov/Archives/edgar/data/47518/000095012403004078/c81457e10vk.htm,https://www.sec.gov/Archives/edgar/data/47518/000095012403004078/c81457e10vk.htm
0,2003-06-30,HRC,2003-08-01,2003-08-01 10:25:01,Q3,426000000,199000000,227000000,0.532864,0.0,0.0,0.0,136000000,145000000,344000000,5000000.0,18000000,112000000,0.262911,82000000,0.192488,0.0,79000000,0.185446,27000000,62000000,0.14554,0.99678,0.99678,62200000,62200000,https://www.sec.gov/Archives/edgar/data/47518/000095012403002520/c78623e10vq.htm,https://www.sec.gov/Archives/edgar/data/47518/000095012403002520/c78623e10vq.htm
0,2003-03-31,HRC,2003-05-12,2003-05-12 12:54:43,Q2,429000000,207000000,222000000,0.517483,0.0,0.0,0.0,131000000,131000000,338000000,2000000.0,19000000,109000000,0.254079,91000000,0.212121,-10000000,78000000,0.181818,26000000,62000000,0.144522,0.99678,0.99678,62200000,62200000,https://www.sec.gov/Archives/edgar/data/47518/000095013703002811/c76931e10vq.htm,https://www.sec.gov/Archives/edgar/data/47518/000095013703002811/c76931e10vq.htm
0,2002-12-31,HRC,2003-02-14,2003-02-14 13:05:16,Q1,405000000,198000000,207000000,0.511111,0.0,0.0,0.0,139000000,162000000,360000000,4000000.0,19000000,49000000,0.120988,45000000,0.111111,10000000,54000000,0.133333,18000000,8000000.0,0.019753,0.12882,0.12882,62100000,62100000,https://www.sec.gov/Archives/edgar/data/47518/000095013703000088/c73767e10vkt.htm,https://www.sec.gov/Archives/edgar/data/47518/000095013703000088/c73767e10vkt.htm
0,2002-09-30,HRC,2003-01-06,2003-01-06 16:37:09,Q4,1261000000,1317000000,-56000000,-0.04440919904837431,0.0,0.0,0.0,374000000,374000000,1691000000,10000000,6000000.0,-68000000,-0.05392545598731166,-74000000,-0.05868358445678033,3000000.0,-74000000,-0.05868358445678033,-25000000,-43000000,-0.03409992069785884,-0.688,-0.688,62500000,62500000,https://www.sec.gov/Archives/edgar/data/47518/000095013703000088/0000950137-03-000088-index.htm,https://www.sec.gov/Archives/edgar/data/47518/000095013703000088/c73767e10vkt.htm
0,2002-06-30,HRC,2002-08-13 00:00:00,2002-08-13 16:50:25,Q4,496000000,301000000,195000000,0.393145,0.0,0.0,0.0,152000000,152000000,453000000,4000000.0,19000000,62000000,0.125,43000000,0.086694,-3000000.0,39000000,0.078629,6000000.0,33000000,0.066532,0.52133,0.52133,63300000,63300000,https://www.sec.gov/Archives/edgar/data/47518/000095013702004399/0000950137-02-004399-index.html,https://www.sec.gov/Archives/edgar/data/47518/000095013702004399/c71121e10vq.htm
0,2002-03-31,HRC,2002-05-15 00:00:00,2002-05-15 10:47:25,Q3,533000000,294000000,239000000,0.448405,0.0,0.0,0.0,154000000,154000000,448000000,4000000.0,46000000,132000000,0.247655,85000000,0.159475,-1000000.0,82000000,0.153846,29000000,53000000,0.099437,0.83728,0.83728,63300000,63300000,https://www.sec.gov/Archives/edgar/data/47518/000095013702003063/0000950137-02-003063-index.html,https://www.sec.gov/Archives/edgar/data/47518/000095013702003063/c69582e10-q.htm
0,2001-12-31,HRC,2002-02-14 00:00:00,2002-02-14 00:00:00,Q1,543000000,585000000,-42000000,-0.07734806629834254,0.0,0.0,0.0,155000000,155000000,740000000,5000000.0,27000000,85000000,0.15653775322283608,58000000,0.10681399631675875,-3000000.0,58000000,0.10681399631675875,0.0,63000000,0.11602209944751381,1.0,1.0,63000000,63000000,https://www.sec.gov/Archives/edgar/data/47518/000095013702000745/0000950137-02-000745-index.html,https://www.sec.gov/Archives/edgar/data/47518/000095013702000745/c67415e10-q.htm
0,2001-12-01,HRC,2002-02-14 00:00:00,2002-02-14 00:00:00,Q2,543000000,315000000,228000000,0.41989,0.0,0.0,0.0,154000000,166000000,481000000,-1000000.0,28000000,86000000,0.158379,62000000,0.11418,-2000000.0,59000000,0.108656,-4000000.0,63000000,0.116022,1.00318,1.00318,62800000,62800000,https://www.sec.gov/Archives/edgar/data/47518/000095013702000745/0000950137-02-000745-index.html,https://www.sec.gov/Archives/edgar/data/47518/000095013702000745/c67415e10-q.htm
0,2001-09-01,HRC,2001-10-03 00:00:00,2001-10-03 00:00:00,Q1,514000000,306000000,208000000,0.404669,0.0,0.0,0.0,144000000,144000000,450000000,-2000000.0,21000000,80000000,0.155642,64000000,0.124514,-1000000.0,61000000,0.118677,20000000,41000000,0.079767,0.65183,0.65183,62900000,62900000,https://www.sec.gov/Archives/edgar/data/47518/000095013701503853/0000950137-01-503853-index.html,https://www.sec.gov/Archives/edgar/data/47518/000095013701503853/c65300e10-q.txt
0,2001-06-02,HRC,2001-07-13 00:00:00,2001-07-13 00:00:00,Q4,525000000,311000000,214000000,0.407619,0.0,0.0,0.0,147000000,147000000,458000000,-2000000.0,22000000,84000000,0.16,67000000,0.127619,-1000000.0,64000000,0.121905,23000000,41000000,0.078095,0.65391,0.65391,62700000,62700000,https://www.sec.gov/Archives/edgar/data/47518/000095013701502323/0000950137-01-502323-index.html,https://www.sec.gov/Archives/edgar/data/47518/000095013701502323/c63761e10-q.txt
0,2001-03-03,HRC,2001-04-11 00:00:00,2001-04-11 00:00:00,Q3,525000000,321000000,204000000,0.388571,0.0,0.0,0.0,141000000,161000000,482000000,-3000000.0,29000000,65000000,0.12381,43000000,0.081905,-1000000.0,39000000,0.074286,14000000,25000000,0.047619,0.39872,0.39872,62700000,62700000,https://www.sec.gov/Archives/edgar/data/47518/000095013701500812/0000950137-01-500812-index.html,https://www.sec.gov/Archives/edgar/data/47518/000095013701500812/c61624e10-q.txt
0,2000-12-02,HRC,2001-02-22 00:00:00,2001-02-22 00:00:00,Q2,587000000,341000000,246000000,0.41908,0.0,0.0,0.0,165000000,171000000,512000000,0.0,22000000,97000000,0.165247,75000000,0.127768,0.0,75000000,0.127768,27000000,48000000,0.081772,0.76555,0.76555,62700000,62700000,https://www.sec.gov/Archives/edgar/data/47518/000095013701000751/0000950137-01-000751-index.html,https://www.sec.gov/Archives/edgar/data/47518/000095013701000751/c60266e10-k.txt
0,2000-08-26,HRC,2000-10-06 00:00:00,2000-10-06 00:00:00,Q1,492000000,300000000,192000000,0.390244,0.0,0.0,0.0,141000000,140000000,440000000,1000000.0,21000000,74000000,0.150407,52000000,0.105691,-1000000.0,52000000,0.105691,18000000,34000000,0.069106,0.5414,0.5414,62800000,62800000,https://www.sec.gov/Archives/edgar/data/47518/000095013700004326/0000950137-00-004326-index.html,https://www.sec.gov/Archives/edgar/data/47518/000095013700004326/c57794e10-q.txt
0,2000-05-27,HRC,2000-07-10 00:00:00,2000-07-10 00:00:00,Q4,503000000,310000000,193000000,0.383698,0.0,0.0,0.0,135000000,135000000,445000000,-1000000.0,23000000,78000000,0.15507,58000000,0.115308,-1000000.0,56000000,0.111332,20000000,36000000,0.071571,0.57234,0.57234,62900000,62900000,https://www.sec.gov/Archives/edgar/data/47518/000095013700003248/0000950137-00-003248-index.html,https://www.sec.gov/Archives/edgar/data/47518/000095013700003248/e10-q.txt
0,2000-02-26,HRC,2000-04-10 00:00:00,2000-04-10 00:00:00,Q3,514000000,319000000,195000000,0.379377,0.0,0.0,0.0,138000000,136000000,455000000,-3000000.0,23000000,77000000,0.149805,59000000,0.114786,1000000.0,57000000,0.110895,21000000,36000000,0.070039,0.56872,0.56872,63300000,63300000,https://www.sec.gov/Archives/edgar/data/47518/000095012400002107/0000950124-00-002107-index.html,https://www.sec.gov/Archives/edgar/data/47518/0000950124-00-002107.txt
0,1999-11-27,HRC,,,Q2,526000000,333000000,193000000,0.36692,0.0,0.0,0.0,131000000,158000000,491000000,-1000000.0,27000000,58000000,0.110266,35000000,0.06654,-2000000.0,32000000,0.060837,11000000,21000000,0.039924,0.32159,0.32159,65300000,65300000,,
0,1999-08-28,HRC,1999-10-08 00:00:00,1999-10-08 00:00:00,Q1,481000000,306000000,175000000,0.363825,0.0,0.0,0.0,132000000,133000000,439000000,-4000000.0,26000000,59000000,0.122661,42000000,0.087318,-1000000.0,37000000,0.076923,14000000,23000000,0.047817,0.34639,0.34639,66400000,66400000,https://www.sec.gov/Archives/edgar/data/47518/000095013799003614/0000950137-99-003614-index.html,https://www.sec.gov/Archives/edgar/data/47518/0000950137-99-003614.txt
0,1999-05-29,HRC,1999-07-09 00:00:00,1999-07-09 00:00:00,Q4,524000000,320000000,204000000,0.389313,0.0,0.0,0.0,136000000,145000000,465000000,-3000000.0,23000000,75000000,0.14313,59000000,0.112595,-1000000.0,55000000,0.104962,20000000,35000000,0.066794,0.52553,0.52553,66600000,66600000,https://www.sec.gov/Archives/edgar/data/47518/000095013799002461/0000950137-99-002461-index.html,https://www.sec.gov/Archives/edgar/data/47518/0000950137-99-002461.txt
0,1999-02-27,HRC,1999-04-07 00:00:00,1999-04-07 00:00:00,Q3,516000000,312000000,204000000,0.395349,0.0,0.0,0.0,128000000,129000000,441000000,-3000000.0,22000000,90000000,0.174419,75000000,0.145349,-1000000.0,71000000,0.137597,26000000,45000000,0.087209,0.67265,0.67265,66900000,66900000,https://www.sec.gov/Archives/edgar/data/47518/000104746999013901/0001047469-99-013901-index.html,https://www.sec.gov/Archives/edgar/data/47518/0001047469-99-013901.txt
0,1998-11-28,HRC,,,Q2,531000000,302000000,229000000,0.431262,0.0,0.0,0.0,149000000,142000000,444000000,-7000000.0,30000000,108000000,0.20339,87000000,0.163842,5000000.0,85000000,0.160075,31000000,54000000,0.101695,0.79882,0.79882,67600000,67600000,,
0,1998-08-29,HRC,1998-10-13 00:00:00,1998-10-13 00:00:00,Q1,483000000,287000000,196000000,0.405797,0.0,0.0,0.0,128000000,201000000,488000000,-1000000.0,68000000,134000000,0.277433,-5000000.0,-0.010352,73000000,67000000,0.138716,25000000,42000000,0.086957,0.62222,0.62222,67500000,67500000,https://www.sec.gov/Archives/edgar/data/47518/000104746998036936/0001047469-98-036936-index.html,https://www.sec.gov/Archives/edgar/data/47518/0001047469-98-036936.txt
0,1998-05-30,HRC,1998-06-30 00:00:00,1998-06-30 00:00:00,Q4,508000000,296000000,212000000,0.417323,0.0,0.0,0.0,138000000,138000000,434000000,-4000000.0,26000000,94000000,0.185039,74000000,0.145669,2000000.0,72000000,0.141732,27000000,45000000,0.088583,0.66667,0.66667,67500000,67500000,https://www.sec.gov/Archives/edgar/data/47518/000104746998025990/0001047469-98-025990-index.html,https://www.sec.gov/Archives/edgar/data/47518/0001047469-98-025990.txt
0,1998-02-28,HRC,1998-04-14 00:00:00,1998-04-14 00:00:00,Q3,479000000,282000000,197000000,0.411273,0.0,0.0,0.0,125000000,125000000,407000000,-2000000.0,25000000,92000000,0.192067,72000000,0.150313,-1000000.0,69000000,0.14405,26000000,43000000,0.08977,0.63704,0.63704,67500000,67500000,https://www.sec.gov/Archives/edgar/data/47518/000104746998014871/0001047469-98-014871-index.html,https://www.sec.gov/Archives/edgar/data/47518/0001047469-98-014871.txt
0,1997-11-29,HRC,,,Q2,475000000,270000000,205000000,0.431579,0.0,0.0,0.0,128000000,128000000,398000000,-4000000.0,23000000,95000000,0.2,77000000,0.162105,3000000.0,76000000,0.16,30000000,46000000,0.096842,0.6686,0.6686,68800000,68800000,,
0,1997-08-30,HRC,1997-10-14 00:00:00,1997-10-14 00:00:00,Q1,429000000,250000000,179000000,0.417249,0.0,0.0,0.0,121000000,121000000,371000000,-6000000.0,25000000,77000000,0.179487,58000000,0.135198,6000000.0,58000000,0.135198,23000000,35000000,0.081585,0.50872,0.50872,68800000,68800000,https://www.sec.gov/Archives/edgar/data/47518/000104746997000604/0001047469-97-000604-index.html,https://www.sec.gov/Archives/edgar/data/47518/0001047469-97-000604.txt
0,1997-05-31,HRC,1997-07-15 00:00:00,1997-07-15 00:00:00,Q4,426000000,249000000,177000000,0.415493,0.0,0.0,0.0,114000000,114000000,363000000,-5000000.0,28000000,84000000,0.197183,63000000,0.147887,3000000.0,61000000,0.143192,24000000,37000000,0.086854,0.53779,0.53779,68800000,68800000,https://www.sec.gov/Archives/edgar/data/47518/000091205797024217/0000912057-97-024217-index.html,https://www.sec.gov/Archives/edgar/data/47518/0000912057-97-024217.txt
0,1997-03-01,HRC,1997-04-15 00:00:00,1997-04-15 00:00:00,Q3,446000000,262000000,184000000,0.412556,0.0,0.0,0.0,118000000,118000000,380000000,-6000000.0,26000000,84000000,0.188341,66000000,0.147982,4000000.0,64000000,0.143498,25000000,39000000,0.087444,0.56686,0.56686,68800000,68800000,https://www.sec.gov/Archives/edgar/data/47518/000091205797013005/0000912057-97-013005-index.html,https://www.sec.gov/Archives/edgar/data/47518/0000912057-97-013005.txt
0,1996-11-30,HRC,1997-02-27 00:00:00,1997-02-27 00:00:00,Q2,421900000,246700000,175200000,0.415264,0.0,0.0,0.0,114100000,114199999.99999999,360900000,-2900000.0,21500000,82700000,0.196018,61000000,0.144584,6000000.0,64100000,0.151932,25800000,38300000,0.09078,0.55669,0.55669,68800000,68800000,https://www.sec.gov/Archives/edgar/data/47518/000091205797007163/0000912057-97-007163-index.html,https://www.sec.gov/Archives/edgar/data/47518/0000912057-97-007163.txt
0,1996-08-31,HRC,1996-10-15 00:00:00,1996-10-15 00:00:00,Q1,404100000,241000000,163100000,0.403613,0.0,0.0,0.0,106900000,106899999.99999999,347900000,-6500000.0,24500000,74900000,0.18535,56200000,0.139074,7200000.0,56900000,0.140807,22200000,34700000,0.08587,0.50145,0.50145,69200000,69200000,https://www.sec.gov/Archives/edgar/data/47518/000091205796022784/0000912057-96-022784-index.html,https://www.sec.gov/Archives/edgar/data/47518/0000912057-96-022784.txt
0,1996-06-01,HRC,1996-07-11 00:00:00,1996-07-11 00:00:00,Q4,424200000,255100000,169100000,0.398633,0.0,0.0,0.0,108800000,108799999.99999999,363900000,-6300000.0,26400000,76300000,0.179868,60300000,0.14215,2300000.0,56300000,0.13272,22600000,33600000,0.079208,0.48138,0.48138,69800000,69800000,https://www.sec.gov/Archives/edgar/data/47518/000091205796014353/0000912057-96-014353-index.html,https://www.sec.gov/Archives/edgar/data/47518/0000912057-96-014353.txt
0,1996-03-02,HRC,1996-04-16 00:00:00,1996-04-16 00:00:00,Q3,433900000,264200000,169700000,0.391104,0.0,0.0,0.0,111200000,111199999.99999999,375400000,-6200000.0,26600000,76100000,0.175386,58500000,0.134824,3500000.0,55800000,0.128601,22400000,33300000,0.076746,0.47504,0.47504,70100000,70100000,https://www.sec.gov/Archives/edgar/data/47518/000091205796006502/0000912057-96-006502-index.html,https://www.sec.gov/Archives/edgar/data/47518/0000912057-96-006502.txt
0,1995-12-02,HRC,1996-02-28 00:00:00,1996-02-28 00:00:00,Q2,425000000,263900000,161100000,0.379059,0.0,0.0,0.0,101600000,127400000.00000003,391300000.00000006,0.0,48800000,83600000,0.196706,33700000,0.079294,1000000.0,34800000,0.081882,26100000,8700000.0,0.020471,0.12323,0.12323,70600000,70600000,https://www.sec.gov/Archives/edgar/data/47518/000091205796003240/0000912057-96-003240-index.html,https://www.sec.gov/Archives/edgar/data/47518/0000912057-96-003240.txt
0,1995-09-02,HRC,1995-10-16 00:00:00,1995-10-16 00:00:00,Q1,398700000,252000000,146700000,0.367946,0.0,0.0,0.0,98000000,97899999.99999999,349900000,-5600000.0,25500000,65500000,0.164284,48800000,0.122398,2400000.0,45600000,0.114372,19700000,25900000,0.064961,0.36582,0.36582,70800000,70800000,https://www.sec.gov/Archives/edgar/data/47518/000091205795008645/0000912057-95-008645-index.html,https://www.sec.gov/Archives/edgar/data/47518/0000912057-95-008645.txt
0,1995-06-03,HRC,1995-07-14 00:00:00,1995-07-14 00:00:00,Q4,404900000,252300000,152600000,0.376883,0.0,0.0,0.0,104500000,104500000,356800000,-5400000.0,29499999.999999996,69100000,0.170659,48100000,0.118795,2300000.0,44900000,0.110892,17200000,27800000,0.068659,0.39266,0.39266,70800000,70800000,https://www.sec.gov/Archives/edgar/data/47518/000091205795005404/0000912057-95-005404-index.html,https://www.sec.gov/Archives/edgar/data/47518/0000912057-95-005404.txt
0,1995-03-04,HRC,1995-04-18 00:00:00,1995-04-18 00:00:00,Q3,396300000,243800000,152500000,0.384809,0.0,0.0,0.0,103600000,103599999.99999997,347399999.99999994,-5300000.0,23800000,63000000,0.15897,48900000,0.123391,900000.0,44500000,0.112289,17000000,27500000,0.069392,0.38787,0.38787,70900000,70900000,https://www.sec.gov/Archives/edgar/data/47518/000091205795002504/0000912057-95-002504-index.html,https://www.sec.gov/Archives/edgar/data/47518/0000912057-95-002504.txt
0,1994-12-03,HRC,1995-03-02 00:00:00,1995-03-02 00:00:00,Q2,439100000,260500000,178700000,0.406969,0.0,0.0,0.0,112100000,112100000.00000001,372600000,0.0,26900000.000000007,92900000,0.211569,66500000,0.151446,-600000.0,66000000,0.150307,25400000,40600000,0.092462,0.56942,0.56942,71300000,71300000,https://www.sec.gov/Archives/edgar/data/47518/000091205795001144/0000912057-95-001144-index.html,https://www.sec.gov/Archives/edgar/data/47518/0000912057-95-001144.txt
0,1994-08-27,HRC,1994-10-11 00:00:00,1994-10-11 00:00:00,Q1,377800000,230800000,147000000,0.389095,0.0,0.0,0.0,93800000,178599999.99999997,409399999.99999994,0.0,23299999.999999996,-11900000.000000004,-0.031498,-31600000,-0.083642,-3600000.0,-35200000,-0.093171,-13700000,-21500000,-0.056908,-0.30197,-0.30197,71200000,71200000,https://www.sec.gov/Archives/edgar/data/47518/000091205794003362/0000912057-94-003362-index.html,https://www.sec.gov/Archives/edgar/data/47518/0000912057-94-003362.txt
0,1994-05-28,HRC,1994-07-12 00:00:00,1994-07-12 00:00:00,Q4,382700000,227200000,155500000,0.406323,0.0,0.0,0.0,98600000,98500000,325700000,0.0,23999999.999999996,77100000,0.201463,57000000,0.148942,-4000000.0,53000000,0.13849,20300000,32800000,0.085707,0.46067,0.46067,71200000,71200000,https://www.sec.gov/Archives/edgar/data/47518/000091205794002288/0000912057-94-002288-index.html,https://www.sec.gov/Archives/edgar/data/47518/0000912057-94-002288.txt
0,1994-02-26,HRC,1994-04-12 00:00:00,1994-04-12 00:00:00,Q3,377400000,220800000,156700000,0.415209,0.0,0.0,0.0,92500000,92500000,313300000,0.0,23300000,84300000,0.22337,64100000,0.169846,-3200000.0,61000000,0.161632,23300000,37700000,0.099894,0.52801,0.52801,71400000,71400000,https://www.sec.gov/Archives/edgar/data/47518/000091205794001323/0000912057-94-001323-index.html,https://www.sec.gov/Archives/edgar/data/47518/0000912057-94-001323.txt
