,date,symbol,fillingDate,acceptedDate,period,revenue,costOfRevenue,grossProfit,grossProfitRatio,researchAndDevelopmentExpenses,generalAndAdministrativeExpenses,sellingAndMarketingExpenses,otherExpenses,operatingExpenses,costAndExpenses,interestExpense,depreciationAndAmortization,ebitda,ebitdaratio,operatingIncome,operatingIncomeRatio,totalOtherIncomeExpensesNet,incomeBeforeTax,incomeBeforeTaxRatio,incomeTaxExpense,netIncome,netIncomeRatio,eps,epsdiluted,weightedAverageShsOut,weightedAverageShsOutDil,link,finalLink
0,2020-09-30,TWST,2020-11-27,2020-11-25 20:53:26,Q4,68893000,44934000,23959.0,0.34777118139723917,32562000,80780000,0.0,67434000,180776.0,225710000,606000.0,1889000.0,-109994000,-1.596591816294834,-111883.0,-0.0016240111477218296,-126.0,-111363.0,-0.0016164632110664363,-361000.0,-111002.0,-0.0016112232011960576,-2.6531065884293175,-2.6531065884293175,41838500,41838500,https://www.sec.gov/Archives/edgar/data/1581280/000119312520303904/0001193125-20-303904-index.htm,https://www.sec.gov/Archives/edgar/data/1581280/000119312520303904/d92559d10k.htm
0,2020-06-30,TWST,2020-08-12,2020-08-12 17:03:12,Q3,21207000,16472000,4735000.0,0.2232753336162588,10444000,22487000,0.0,16473000,32931000,49403000,181000.0,1724000.0000000002,-26281000,-1.239261,-28196000,-1.329561,-56000.0,-28186000,-1.329089,21000.0,-28207000,-1.33008,-0.67419,-0.67419,41838500,41838500,https://www.sec.gov/Archives/edgar/data/1581280/000119312520217763/0001193125-20-217763-index.htm,https://www.sec.gov/Archives/edgar/data/1581280/000119312520217763/d944668d10q.htm
0,2020-03-31,TWST,2020-05-13,2020-05-12 21:40:20,Q2,19297000,13564000,5733000.0,0.29709281235425195,10629000,27190000,0.0,13564000,37819000,51383000,215000.0,1559000.0000000002,-29933000,-1.551174,-32086000,-1.662746,18000.0,-31707000,-1.643105,61000.0,-31768000,-1.646266,-0.85481,-0.85481,37163680,37163680,https://www.sec.gov/Archives/edgar/data/1581280/000119312520140790/0001193125-20-140790-index.htm,https://www.sec.gov/Archives/edgar/data/1581280/000119312520140790/d859703d10q.htm
0,2019-12-31,TWST,2020-02-10,2020-02-10 17:20:09,Q1,17164000,13792000,3372000.0,0.19645770216732697,10297000,26405000,0.0,22500000,59202000,72994000,248000.0,1505000.0,-53848000,-3.137264,-55830000,-3.252738,-87000.0,-55601000,-3.239396,37000.0,-55638000,-3.241552,-1.68722,-1.68722,32976150,32976150,https://www.sec.gov/Archives/edgar/data/1581280/000119312520029990/0001193125-20-029990-index.htm,https://www.sec.gov/Archives/edgar/data/1581280/000119312519313115/d65251d10k.htm
0,2019-09-30,TWST,2019-12-13,2019-12-13 06:03:36,Q4,15737000,12385000,3352000.0,0.2130012073457457,10497000,24423000,0.0,12385000,34920000,47305000,287000.0,1489000.0,-29292000,-1.861346,-31568000,-2.005973,-2000.0,-31068000,-1.974201,113000.0,-31181000,-1.981381,-0.96007,-0.96007,32477990,32477990,https://www.sec.gov/Archives/edgar/data/1581280/000119312519313115/0001193125-19-313115-index.htm,https://www.sec.gov/Archives/edgar/data/1581280/000119312519313115/d65251d10k.htm
0,2019-06-30,TWST,2019-08-09,2019-08-09 16:32:05,Q3,13600000,11394000,2206000.0,0.16220588235294117,9007000.0,21320000,0.0,11395000,30326999.999999996,41721000,319000.0,1586999.9999999998,-25956000,-1.908529,-28121000,-2.067721,-227000.0,-27862000,-2.048676,54000.0,-27916000,-2.052647,-0.92162,-0.92162,30290150,30290150,https://www.sec.gov/Archives/edgar/data/1581280/000119312519218039/0001193125-19-218039-index.htm,https://www.sec.gov/Archives/edgar/data/1581280/000119312519218039/d748609d10q.htm
0,2019-03-31,TWST,2019-05-02,2019-05-01 21:23:06,Q2,13557000,11789000,1768000.0,0.13041233311204545,8907000.0,19124000,0.0,11789000,28031000,39820000,340000.0,1563000.0000000002,-23946000,-1.76632,-26263000,-1.937228,-21000.0,-25849000,-1.90669,84000.0,-25933000,-1.912886,-0.92977,-0.92977,27891700,27891700,https://www.sec.gov/Archives/edgar/data/1581280/000119312519133596/0001193125-19-133596-index.htm,https://www.sec.gov/Archives/edgar/data/1581280/000119312519133596/d712201d10q.htm
0,2018-12-31,TWST,2019-02-11,2019-02-11 16:23:01,Q1,11492000,11857000,-365000.0,-0.03176122520013923,7273000.0,15259000,0.0,11857000,22532000.000000004,34389000.00000001,348000.0,1472000.0,-20776000,-1.807866,-22897000,-1.99243,-15000.0,-22596000,-1.966237,43000.0,-22639000,-1.969979,-1.17988,-1.17988,19187530,19187530,https://www.sec.gov/Archives/edgar/data/1581280/000119312519034010/0001193125-19-034010-index.htm,https://www.sec.gov/Archives/edgar/data/1581280/000119312519034010/d655564d10q.htm
