,date,symbol,fillingDate,acceptedDate,period,revenue,costOfRevenue,grossProfit,grossProfitRatio,researchAndDevelopmentExpenses,generalAndAdministrativeExpenses,sellingAndMarketingExpenses,otherExpenses,operatingExpenses,costAndExpenses,interestExpense,depreciationAndAmortization,ebitda,ebitdaratio,operatingIncome,operatingIncomeRatio,totalOtherIncomeExpensesNet,incomeBeforeTax,incomeBeforeTaxRatio,incomeTaxExpense,netIncome,netIncomeRatio,eps,epsdiluted,weightedAverageShsOut,weightedAverageShsOutDil,link,finalLink
0,2020-09-30,VNDA,2020-10-29,2020-10-29 07:01:12,Q3,179776000,5898000.0,173878000,0.9671925062299751,12298000,34001000,0.0,6267000.0,52566000,58464000,0.0,349000.0,8091000.0,0.0450060074759701,7742000.0,0.04306470274118904,659000.0,8401000.0,0.046730375578497685,2454000.0,5947000.0,0.03308005517977928,0.28,0.28,54325832,55054772,https://www.sec.gov/Archives/edgar/data/1347178/000134717820000030/0001347178-20-000030-index.htm,https://www.sec.gov/Archives/edgar/data/1347178/000134717820000030/vnda-20200930.htm
0,2020-06-30,VNDA,2020-08-06,2020-08-06 07:01:25,Q2,62207000,5847000.0,56360000,0.9060073625154725,12903000,33917000,0.0,11793000,47189000,53036000,0.0,712000.0,11801000,0.189705,9171000.0,0.147427,1918000.0,11089000,0.17826,2375000.0,8714000.0,0.140081,0.1582,0.1582,55081400,55081400,https://www.sec.gov/Archives/edgar/data/1347178/000134717820000024/0001347178-20-000024-index.htm,https://www.sec.gov/Archives/edgar/data/1347178/000134717820000024/vnda-20200630.htm
0,2020-03-31,VNDA,2020-05-07,2020-05-07 07:01:11,Q1,58000000,5207000.0,52793000,0.9102241379310345,15527000,37021000,0.0,5577000.0,52918000,58125000,0.0,721000.0,1962000.0,0.033828,-125000.0,-0.002155,1366000.0,1241000.0,0.021397,755000.0,486000.0,0.008379,0.00886,0.00886,54870150,54870150,https://www.sec.gov/Archives/edgar/data/1347178/000134717820000013/0001347178-20-000013-index.htm,https://www.sec.gov/Archives/edgar/data/1347178/000134717820000003/vnda1231201910k.htm
0,2019-12-31,VNDA,2020-02-26,2020-02-26 07:02:16,Q4,60930000,6225000.0,54705000,0.8978335795174791,13074000,37018000,0.0,6595000.0,50461999.99999999,56686999.99999999,0.0,734999.9999999999,6545000.0,0.107418,4243000.0,0.069637,1567000.0,5810000.0,0.095355,1594000.0,4216000.0,0.069194,0.07669,0.07669,54976690,54976690,https://www.sec.gov/Archives/edgar/data/1347178/000134717820000003/0001347178-20-000003-index.htm,https://www.sec.gov/Archives/edgar/data/1347178/000134717820000003/vnda1231201910k.htm
0,2019-09-30,VNDA,2019-11-07,2019-11-07 07:03:16,Q3,59485000,6782000.0,52703000,0.88598806421787,11347000,30221000,0.0,7158000.0,41944000,48726000,0.0,726000.0,13002000,0.218576,10759000,0.180869,1517000.0,12276000,0.206371,-88147000,100423000,1.688207,1.84122,1.84122,54541630,54541630,https://www.sec.gov/Archives/edgar/data/1347178/000134717819000017/0001347178-19-000017-index.htm,https://www.sec.gov/Archives/edgar/data/1347178/000134717819000017/vnda930201910q.htm
0,2019-06-30,VNDA,2019-08-01,2019-08-01 07:04:26,Q2,59060000,6368000.0,52692000,0.8921774466644091,10950000,31468000,0.0,6747000.0,42797000,49165000,0.0,719000.0000000001,12263000,0.207636,9895000.0,0.167541,1649000.0,11544000,0.195462,18000.0,11526000,0.195157,0.21118,0.21118,54579980,54579980,https://www.sec.gov/Archives/edgar/data/1347178/000134717819000014/0001347178-19-000014-index.htm,https://www.sec.gov/Archives/edgar/data/1347178/000134717819000014/vnda630201910q.htm
0,2019-03-31,VNDA,2019-05-03,2019-05-03 07:02:25,Q1,47713000,5113000.0,42600000,0.892838429778048,13278000,31029000,0.0,5493000.0,44687000,49800000,0.0,712000.0,110000.0,0.002305,-2087000.0,-0.043741,1485000.0,-602000.0,-0.012617,10000.0,-612000.0,-0.012827,-0.0116,-0.0116,52752770,52752770,https://www.sec.gov/Archives/edgar/data/1347178/000134717819000011/0001347178-19-000011-index.htm,https://www.sec.gov/Archives/edgar/data/1347178/000134717819000003/vnda1231201810k.htm
0,2018-12-31,VNDA,2019-02-19,2019-02-19 07:02:26,Q4,53041000,5667000.0,47374000,0.8931581229614827,12922000,24922000,0.0,6047000.0,38224000,43891000,0.0,752000.0,11070000,0.208706,9150000.0,0.172508,1168000.0,10318000,0.194529,-42000.0,10360000,0.195321,0.18757,0.18757,55234100,55234100,https://www.sec.gov/Archives/edgar/data/1347178/000134717819000003/0001347178-19-000003-index.htm,https://www.sec.gov/Archives/edgar/data/1347178/000134717819000003/vnda1231201810k.htm
0,2018-09-30,VNDA,2018-11-07,2018-11-07 17:08:34,Q3,49135000,5068000.0,44067000,0.8968556019130965,11390000,26047000,0.0,5465000.0,37834000,42902000,0.0,704000.0,7967000.0,0.162145,6233000.0,0.126855,1030000.0,7263000.0,0.147817,92000.0,7171000.0,0.145945,0.13107,0.13107,54709750,54709750,https://www.sec.gov/Archives/edgar/data/1347178/000134717818000010/0001347178-18-000010-index.htm,https://www.sec.gov/Archives/edgar/data/1347178/000134717818000010/vnda0930201810q.htm
0,2018-06-30,VNDA,2018-08-02,2018-08-02 07:01:11,Q2,47350000,5213000.0,42137000,0.8899049630411827,9866000.0,27960000,0.0,5611000.0,37826000,43437000,0.0,1219000.0,5132000.0,0.1083843717,3913000.0,0.0826399155227,788000.0,4701000.0,0.0992819429778,90000.0,4611000.0,0.0973812038015,0.09023,0.09023,49270829,51101464,https://www.sec.gov/Archives/edgar/data/1347178/000134717818000007/0001347178-18-000007-index.htm,https://www.sec.gov/Archives/edgar/data/1347178/000134717818000007/vnda0630201810q.htm
0,2018-03-31,VNDA,2018-05-02,2018-05-02 17:03:04,Q1,43592000,4560000.0,39032000,0.8953936502110479,9416000.0,26822000,0.0,4912000.0,36238000,41150000,0.0,909000.0,3351000.0,0.0768719031015,2442000.0,0.0560194531107,622000.0,3064000.0,0.0702881262617,-2000.0,3066000.0,0.0703340062397,0.06358,0.06358,46336430,48225041,https://www.sec.gov/Archives/edgar/data/1347178/000119312518148848/0001193125-18-148848-index.htm,https://www.sec.gov/Archives/edgar/data/1347178/000119312518046425/d503767d10k.htm
0,2017-12-31,VNDA,2018-02-15,2018-02-15 07:03:12,Q4,44276000,4791000.0,39485000,0.8917923931701147,10154000,31049000,0.0,5223000.0,41203000,46426000,0.0,923000.0,-1227000.0,-0.02771253049055922,-2150000.0,-0.048559038756888606,399000.0,-1751000.0,-0.039547384587586956,87000.0,-1838000.0,-0.04151233173728431,-0.04109,-0.04109,44735146,44735146,https://www.sec.gov/Archives/edgar/data/1347178/000119312518046425/0001193125-18-046425-index.htm,https://www.sec.gov/Archives/edgar/data/1347178/000119312518046425/d503767d10k.htm
0,2017-09-30,VNDA,2017-11-08,2017-11-08 07:02:02,Q3,41336000,4525000.0,36811000,0.8905312560479969,10178000,31124000,0.0,4957000.0,41302000,46259000,0.0,901000.0,-4022000.0,-0.09730017418231082,-4923000.0,-0.11909715502225662,396000.0,-4527000.0,-0.1095171279272305,23000.0,-4550000.0,-0.11007354364234566,-0.10186,-0.10186,44735146,44669201,https://www.sec.gov/Archives/edgar/data/1347178/000119312517336447/0001193125-17-336447-index.htm,https://www.sec.gov/Archives/edgar/data/1347178/000119312517336447/d533000d10q.htm
0,2017-06-30,VNDA,2017-08-03,2017-08-03 07:02:01,Q2,42056000,4529000.0,37527000,0.8923102529960053,7648000.0,31371000,0.0,4961000.0,39019000,43980000,0.0,829000.0,-1095000.0,-0.02603671295415636,-1924000.0,-0.04574852577515694,397000.0,-1527000.0,-0.03630873121552216,7000.0,-1534000.0,-0.03647517595586837,-0.03443,-0.03443,44735146,44559368,https://www.sec.gov/Archives/edgar/data/1347178/000119312517246701/0001193125-17-246701-index.htm,https://www.sec.gov/Archives/edgar/data/1347178/000119312517246701/d398673d10q.htm
0,2017-03-31,VNDA,2017-05-03,2017-05-03 07:03:01,Q1,37415000,4003000.0,33412000,0.8930108245356141,10567000,30297000,0.0,4457000.0,40864000,45321000,0.0,757000.0,-7149000.0,-0.19107309902445543,-7906000.0,-0.21130562608579448,280000.0,-7626000.0,-0.2038219965254577,19000.0,-7645000.0,-0.2043298142456234,-0.17219,-0.17219,44735146,44398359,https://www.sec.gov/Archives/edgar/data/1347178/000119312517154971/0001193125-17-154971-index.htm,https://www.sec.gov/Archives/edgar/data/1347178/000119312517047317/d474152d10k.htm
0,2016-12-31,VNDA,2017-02-17,2017-02-17 07:02:11,Q4,38244000,5272000.0,32972000,0.8621483108461458,7614000.0,23907000,0.0,7377000.0,31521000,38898000,0.0,2400000.0,1746000.0,0.0456542202698,-654000.0,-0.017100721681832444,154000.0,-500000.0,-0.01307394623993306,104000.0,-604000.0,-0.01579332705783914,-0.0139,-0.0139,43449441,43449441,https://www.sec.gov/Archives/edgar/data/1347178/000119312517047317/0001193125-17-047317-index.htm,https://www.sec.gov/Archives/edgar/data/1347178/000119312517047317/d474152d10k.htm
0,2016-09-30,VNDA,2016-11-03,2016-11-03 07:01:32,Q3,38482000,6990000.0,31492000,0.818356634270568,7294000.0,21908000,0.0,9933000.0,29202000,39135000,0.0,3129000.0,2699000.0,0.070137,-653000.0,-0.016968972506626476,223000.0,-430000.0,-0.011174055402525857,0.0,-430000.0,-0.011174055402525857,-0.00994,-0.00994,43449441,43275074,https://www.sec.gov/Archives/edgar/data/1347178/000119312516757991/0001193125-16-757991-index.htm,https://www.sec.gov/Archives/edgar/data/1347178/000119312516757991/d254310d10q.htm
0,2016-06-30,VNDA,2016-07-28,2016-07-28 07:02:09,Q2,36029000,6494000.0,29535000,0.8197563074190236,6700000.0,24682000,0.0,9436000.0,31382000,40818000,0.0,3143000.0,-1475000.0,-0.040939,-4789000.0,-0.1329207027672153,171000.0,-4618000.0,-0.12817452607621638,0.0,-4618000.0,-0.12817452607621638,-0.10701,-0.10701,43449441,43153598,https://www.sec.gov/Archives/edgar/data/1347178/000119312516661038/0001193125-16-661038-index.htm,https://www.sec.gov/Archives/edgar/data/1347178/000119312516661038/d196712d10q.htm
0,2016-03-31,VNDA,2016-05-05,2016-05-05 07:02:10,Q1,33262000,5956000.0,27306000,0.8209368047621911,7548000.0,29290000,0.0,8899000.0,36838000,45737000,0.0,3134000.0,-9224000.0,-0.277313,-12475000,-0.37505261259094463,117000.0,-12358000,-0.37153508508207567,0.0,-12358000,-0.37153508508207567,-0.2867,-0.2867,43449441,43104462,https://www.sec.gov/Archives/edgar/data/1347178/000119312516578637/0001193125-16-578637-index.htm,https://www.sec.gov/Archives/edgar/data/1347178/000119312516461076/d97997d10k.htm
0,2015-12-31,VNDA,2016-02-12,2016-02-12 07:03:51,Q4,31849000,6171000.0,25678000,0.8062419542214826,8747000.0,28881000,0.0,9114000.0,37628000,46742000,0.0,3040000.0,-11758000,-0.36918,-14893000,-0.4676127978900436,95000.0,-14798000,-0.46462997268360073,0.0,-14798000,-0.46462997268360073,-0.35025,-0.35025,42250254,42250254,https://www.sec.gov/Archives/edgar/data/1347178/000119312516461076/0001193125-16-461076-index.htm,https://www.sec.gov/Archives/edgar/data/1347178/000119312516461076/d97997d10k.htm
0,2015-09-30,VNDA,2015-11-04,2015-11-04 07:02:13,Q3,28344000,6510000.0,21834000,0.7703217612193056,9974000.0,18458000,0.0,9453000.0,28432000,37885000,0.0,2914000.0,-6546000.0,-0.230948,-9541000.0,-0.3366144510302004,81000.0,-9460000.0,-0.33375670335873553,0.0,-9460000.0,-0.33375670335873553,-0.22492,-0.22492,42250254,42059839,https://www.sec.gov/Archives/edgar/data/1347178/000119312515365182/0001193125-15-365182-index.htm,https://www.sec.gov/Archives/edgar/data/1347178/000119312515365182/d10945d10q.htm
0,2015-06-30,VNDA,2015-07-31,2015-07-31 07:01:06,Q2,27582000,5766000.0,21816000,0.7909506199695454,5946000.0,18386000,0.0,8708000.0,24332000,33040000,0.0,2836000.0,-2550000.0,-0.092452,-5458000.0,-0.19788267710825902,72000.0,-5386000.0,-0.19527227902255093,0.0,-5386000.0,-0.19527227902255093,-0.12864,-0.12864,42250254,41868944,https://www.sec.gov/Archives/edgar/data/1347178/000119312515271844/0001193125-15-271844-index.htm,https://www.sec.gov/Archives/edgar/data/1347178/000119312515271844/d937928d10q.htm
0,2015-03-31,VNDA,2015-05-07,2015-05-07 16:32:24,Q1,22150000,5015000.0,17135000,0.7735891647855531,4478000.0,18806000,0.0,9159000.0,23284000,32443000,0.0,4087000.0,-6134000.0,-0.27693,-10293000,-0.46469525959367947,72000.0,-10221000,-0.4614446952595937,0.0,-10221000,-0.4614446952595937,-0.24484,-0.24484,42250254,41744948,https://www.sec.gov/Archives/edgar/data/1347178/000119312515177216/0001193125-15-177216-index.htm,https://www.sec.gov/Archives/edgar/data/1347178/000119312515091300/d824216d10k.htm
0,2014-12-31,VNDA,2015-03-13,2015-03-13 16:39:14,Q4,15369000,682000.0,14687000,0.9556249593337237,4751000.0,17323000,0.0,-377000.0,22074000,17564000,0.0,628000.0,70347000,4.577201,69693000,4.53464766738,99000.0,69719000,4.53633938448,0.0,69719000,4.53633938448,1.90039,1.90039,34774163,36686723,https://www.sec.gov/Archives/edgar/data/1347178/000119312515091300/0001193125-15-091300-index.htm,https://www.sec.gov/Archives/edgar/data/1347178/000119312515091300/d824216d10k.htm
0,2014-09-30,VNDA,2014-10-27,2014-10-27 07:12:02,Q3,14783000,703000.0,14080000,0.9524453764459176,3702000.0,11289000,0.0,5000.0,14991000,16230000,0.0,632000.0,-1669000.0,-0.1129,-2296000.0,-5.887179487179488,-5000.0,-2301000.0,-5.9,0.0,-2301000.0,-5.9,-0.06805,-0.06805,34774163,33814154,https://www.sec.gov/Archives/edgar/data/1347178/000119312514382267/0001193125-14-382267-index.htm,https://www.sec.gov/Archives/edgar/data/1347178/000119312514382267/d784389d10q.htm
0,2014-06-30,VNDA,2014-08-08,2014-08-08 07:01:03,Q2,10862000,198000.0,10664000,0.9817713128337323,3514000.0,28139000,0.0,3000.0,31653000,32468000,0.0,713000.0,1807000.0,0.16636,1110000.0,4.422310756972111,-16000.0,1094000.0,4.3585657370517925,0.0,1094000.0,4.3585657370517925,0.03239,0.03239,34774163,33777207,https://www.sec.gov/Archives/edgar/data/1347178/000119312514301702/0001193125-14-301702-index.htm,https://www.sec.gov/Archives/edgar/data/1347178/000119312514301702/d736209d10q.htm
0,2014-03-31,VNDA,2014-05-08,2014-05-08 07:01:57,Q1,9143000.0,0.0,9143000.0,1.0,7263000.0,27893000,0.0,369000.0,35156000,35721000,0.0,637000.0,-3536000.0,-0.386744,-4219000.0,-0.5229300941993059,46000.0,-4173000.0,-0.5172285572632622,0.0,-4173000.0,-0.5172285572632622,-0.12391,-0.12391,34774163,33678706,https://www.sec.gov/Archives/edgar/data/1347178/000119312514188616/0001193125-14-188616-index.htm,https://www.sec.gov/Archives/edgar/data/1347178/000119312514066051/d638779d10k.htm
0,2013-12-31,VNDA,2014-02-25,2014-02-25 07:01:59,Q4,8783000.0,0.0,8783000.0,1.0,6222000.0,9851000.0,0.0,377000.0,16073000,16450000,0.0,454000.0,-7169000.0,-0.816236,-7667000.0,-0.872936354320847,44000.0,-7623000.0,-0.8679266765342138,0.0,-7623000.0,-0.8679266765342138,-0.25116,-0.25116,30351353,30351353,https://www.sec.gov/Archives/edgar/data/1347178/000119312514066051/0001193125-14-066051-index.htm,https://www.sec.gov/Archives/edgar/data/1347178/000119312514066051/d638779d10k.htm
0,2013-09-30,VNDA,2013-11-08,2013-11-08 06:57:56,Q3,8709000.0,0.0,8709000.0,1.0,8026000.0,5711000.0,0.0,377000.0,13737000,14114000,0.0,486000.0,-4894000.0,-0.561947,-5405000.0,-0.6206223447008842,25000.0,-5380000.0,-0.6177517510621197,0.0,-5380000.0,-0.6177517510621197,-0.18322,-0.18322,29363162,29363162,https://www.sec.gov/Archives/edgar/data/1347178/000119312513433952/0001193125-13-433952-index.htm,https://www.sec.gov/Archives/edgar/data/1347178/000119312513433952/d591280d10q.htm
0,2013-06-30,VNDA,2013-07-31,2013-07-31 07:08:59,Q2,8319000.0,0.0,8319000.0,1.0,5982000.0,5074000.0,0.0,372000.0,11056000,11428000,0.0,476000.0,-2603000.0,-0.312898,-3109000.0,-0.37372280322154106,30000.0,-3079000.0,-0.3701166005529511,0.0,-3079000.0,-0.3701166005529511,-0.10856,-0.10856,28361340,28361340,https://www.sec.gov/Archives/edgar/data/1347178/000119312513311423/0001193125-13-311423-index.htm,https://www.sec.gov/Archives/edgar/data/1347178/000119312513311423/d542774d10q.htm
0,2013-03-31,VNDA,2013-05-10,2013-05-10 06:57:02,Q1,8068000.0,0.0,8068000.0,1.0,7960000.0,3958000.0,0.0,369000.0,11918000,12287000,0.0,356000.0,-3817000.0,-0.473104,-4219000.0,-0.5229300941993059,46000.0,-4173000.0,-0.5172285572632622,0.0,-4173000.0,-0.5172285572632622,-0.14722,-0.14722,28345555,28345555,https://www.sec.gov/Archives/edgar/data/1347178/000119312513212435/0001193125-13-212435-index.htm,https://www.sec.gov/Archives/edgar/data/1347178/000119312513075214/d447199d10k.htm
0,2012-12-31,VNDA,2013-02-26,2013-02-26 07:04:55,Q4,32727000,129000.0,32598000,0.9960583004858374,45446000,13882000,0.0,506000.0,59328000,60952000,0.0,1568000.0,-4801000.0,-0.146698,-6428000.0,-0.8116161616161616,59000.0,-6369000.0,-0.8041666666666667,0.0,-6369000.0,-0.8041666666666667,-0.22562,-0.22562,28228409,28228409,https://www.sec.gov/Archives/edgar/data/1347178/000119312513075214/0001193125-13-075214-index.htm,https://www.sec.gov/Archives/edgar/data/1347178/000119312513075214/d447199d10k.htm
0,2012-09-30,VNDA,2012-11-08,2012-11-08 07:02:05,Q3,8288000.0,0.0,8288000.0,1.0,10159000,3147000.0,0.0,377000.0,13683000,13683000,0.0,104000.0,-5291000.0,-0.6383928571428571,-5395000.0,-0.6509411196911197,69000.0,-5326000.0,-0.6426158301158301,-50000.0,-5326000.0,-0.6426158301158301,-0.18868,-0.18868,28228409,28228409,https://www.sec.gov/Archives/edgar/data/1347178/000119312512458846/0001193125-12-458846-index.htm,https://www.sec.gov/Archives/edgar/data/1347178/000119312512458846/d409160d10q.htm
0,2012-06-30,VNDA,2012-08-03,2012-08-03 07:01:19,Q2,8378000.0,0.0,8378000.0,1.0,12490000,3601000.0,0.0,372000.0,16463000,16463000,0.0,93000.0,-7992000.0,-0.9539269515397469,-8085000.0,-0.9650274528527095,78000.0,50000.0,-0.9557173549773216,50000.0,-8007000.0,-0.9557173549773216,-0.28365,-0.28365,28228409,28228409,https://www.sec.gov/Archives/edgar/data/1347178/000119312512333283/0001193125-12-333283-index.htm,https://www.sec.gov/Archives/edgar/data/1347178/000119312512333283/d343835d10q.htm
0,2012-03-31,VNDA,2012-05-09,2012-05-09 07:06:20,Q1,8141000.0,0.0,8141000.0,1.0,12180000,3909000.0,0.0,369000.0,16458000,16458000,0.0,331000.0,-7631000.0,-0.937354,-8317000.0,-1.021618965729026,355000.0,-7962000.0,-0.9780125291733203,0.0,-7962000.0,-0.9780125291733203,-0.28206,-0.28206,28228409,28228409,https://www.sec.gov/Archives/edgar/data/1347178/000119312512220200/0001193125-12-220200-index.htm,https://www.sec.gov/Archives/edgar/data/1347178/000119312512105284/d294468d10k.htm
0,2011-12-31,VNDA,2012-03-09,2012-03-09 07:07:11,Q4,8370000.0,0.0,8370000.0,1.0,10556000,3345000.0,0.0,377000.0,14278000,14278000,0.0,185000.0,-5338000.0,-0.637754,-5908000.0,-0.7058542413381123,0.0,-5809000.0,-0.694026284348865,0.0,-5523000.0,-0.6598566308243727,-0.19565,-0.19565,28228409,28228409,https://www.sec.gov/Archives/edgar/data/1347178/000119312512105284/0001193125-12-105284-index.htm,https://www.sec.gov/Archives/edgar/data/1347178/000119312512105284/d294468d10k.htm
0,2011-09-30,VNDA,2011-11-07,2011-11-07 07:00:25,Q3,7969000.0,0.0,7969000.0,1.0,8174000.0,2711000.0,0.0,377000.0,11262000,11262000,0.0,146000.0,-2928000.0,-0.367424,-3293000.0,-0.4132262517254361,0.0,-3187000.0,-0.39992470824444726,0.0,-3074000.0,-0.3857447609486761,-0.1089,-0.1089,28228409,28228409,https://www.sec.gov/Archives/edgar/data/1347178/000119312511298600/0001193125-11-298600-index.htm,https://www.sec.gov/Archives/edgar/data/1347178/000119312511298600/d249617d10q.htm
0,2011-06-30,VNDA,2011-08-05,2011-08-05 07:05:20,Q2,7430000.0,0.0,7430000.0,1.0,5999000.0,2572000.0,0.0,372000.0,8943000.0,8943000.0,0.0,61000.0,-1280000.0,-0.172275,-1513000.0,-0.20363391655450874,0.0,-1392000.0,-0.1873485868102288,0.0,-1341000.0,-0.18048452220726782,-0.04751,-0.04751,28228409,28228409,https://www.sec.gov/Archives/edgar/data/1347178/000095012311073247/0000950123-11-073247-index.htm,https://www.sec.gov/Archives/edgar/data/1347178/000095012311073247/w83082e10vq.htm
0,2011-03-31,VNDA,2011-05-09,2011-05-09 16:42:31,Q1,7501000.0,0.0,7501000.0,1.0,4267000.0,2858000.0,0.0,369000.0,7494000.0,7494000.0,0.0,77000.0,213000.0,0.028396,7000.0,0.0009332089054792694,0.0,142000.0,0.01893080922543661,0.0,136000.0,0.018130915877882948,0.0047,0.0047,28101418,28936835,https://www.sec.gov/Archives/edgar/data/1347178/000095012311047445/0000950123-11-047445-index.htm,https://www.sec.gov/Archives/edgar/data/1347178/000095012311024187/w81923e10vk.htm
0,2010-12-31,VNDA,2011-03-10,2011-03-10 17:00:50,Q4,35709000,2891000.0,32818000,0.9190400179226526,12338000,10147000,0.0,4386000.0,26871000,29762000,0.0,-257567000,-250375000,-7.011538,8838000.0,0.2475006300932538,0.0,9269000.0,0.2595704164216304,0.0,7192000.0,0.20140580805959282,0.25204,0.25204,27916388,28534617,https://www.sec.gov/Archives/edgar/data/1347178/000095012311024187/0000950123-11-024187-index.htm,https://www.sec.gov/Archives/edgar/data/1347178/000095012311024187/w81923e10vk.htm
0,2010-09-30,VNDA,2010-11-08,2010-11-08 16:23:51,Q3,7246321000,376792000,6869529000,0.9480023035137417,4072189000,2053584000,0.0,376792000,6502565000,6879357000,0.0,79187000,3263669000,0.45039,743756000,0.1026391185264909,-132835000,899495000,0.12413126605901119,0.0,3184482000,0.43946190073555946,112.01439,112.01439,27872542,28429223,https://www.sec.gov/Archives/edgar/data/1347178/000095012310102478/0000950123-10-102478-index.htm,https://www.sec.gov/Archives/edgar/data/1347178/000095012310102478/w80381e10vq.htm
0,2010-06-30,VNDA,2010-08-06,2010-08-06 12:00:37,Q2,8289811000,1888124000,6401687000,0.7722355793153789,2403546000,2841947000,0.0,1888124000,7133617000,9021741000,0.0,84618000,1363959000,0.164534,1156194000,0.13947169603746093,85434000,1241628000,0.1497776004784669,0.0,1279341000,0.154326920119168,45.07397,45.07397,27802298,28383142,https://www.sec.gov/Archives/edgar/data/1347178/000095012310073998/0000950123-10-073998-index.htm,https://www.sec.gov/Archives/edgar/data/1347178/000095012310073998/w79415e10vq.htm
0,2010-03-31,VNDA,2010-05-10,2010-05-10 15:55:57,Q1,12420822000,1743919000,10676903000,0.8595971345535747,2040647000,2488971000,0.0,1743919000,6273537000,8017456000,0.0,94098000,623463000,0.050195,6147285000,0.4949177276672993,47401000,6194686000,0.49873398073009984,0.0,529365000,0.042619159987962146,18.69309,18.69309,27704418,28318754,https://www.sec.gov/Archives/edgar/data/1347178/000095012310047136/0000950123-10-047136-index.htm,https://www.sec.gov/Archives/edgar/data/1347178/000095012310024770/w77690e10vk.htm
0,2009-12-31,VNDA,2010-03-15,2010-03-15 17:15:06,Q4,4547744000,2897625000,1650119000,0.3628434230246909,13873961000,23724101000,0.0,2897625000,40495687000,43393312000,0.0,95024000,-35763822000,-7.86408,-35947943000,-7.904566088152719,89097000,-35858846000,-7.884974615985421,0.0,-35858846000,-7.884974615985421,-1327.35467,-1327.35467,27015271,27015271,https://www.sec.gov/Archives/edgar/data/1347178/000095012310024770/0000950123-10-024770-index.htm,https://www.sec.gov/Archives/edgar/data/1347178/000095012310024770/w77690e10vk.htm
0,2009-09-30,VNDA,2009-11-04,2009-11-04 15:59:36,Q3,5266435000,376791000,4889644000,0.9284542579562836,2091984000,5266435000,0.0,376791000,7735210000,8112001000,0.0,107116000,-7618252000,-1.446567,-7735210000,-1.4687753670177264,9842000.0,-7725368000,-1.4669065506362464,0.0,-7725368000,-1.4669065506362464,-286.96713,-286.96713,26920742,26920742,https://www.sec.gov/Archives/edgar/data/1347178/000095012309057560/0000950123-09-057560-index.htm,https://www.sec.gov/Archives/edgar/data/1347178/000095012309057560/w76141e10vq.htm
0,2009-06-30,VNDA,2009-08-10,2009-08-10 16:08:04,Q2,9212351000,229352000,8982999000,0.9751038578534404,7195590000,4988320000,0.0,229352000,12413262000,12642614000,0.0,116874000,-12275226000,-1.332475,-12413262000,-1.3474586454641166,21162000,-12392100000,-1.345161511974522,0.0,-12392100000,-1.345161511974522,-462.78621,-462.78621,26777159,26777159,https://www.sec.gov/Archives/edgar/data/1347178/000095012309032872/0000950123-09-032872-index.htm,https://www.sec.gov/Archives/edgar/data/1347178/000095012309032872/w75227e10vq.htm
0,2009-03-31,VNDA,2009-05-11,2009-05-11 15:36:08,Q1,0.0,0.0,0.0,0.0,2333344000,4224031000,0.0,0.0,6557375000,6557375000,0.0,122795000,-6381193000,0.0,-6557375000,0.0,53387000,-6503988000,0.0,0.0,-6503988000,0.0,-244.02024,-244.02024,26653478,26653478,https://www.sec.gov/Archives/edgar/data/1347178/000095013309001571/0000950133-09-001571-index.htm,https://www.sec.gov/Archives/edgar/data/1347178/000095013309000733/w73153e10vk.htm
0,2008-12-31,VNDA,2009-03-13,2009-03-13 16:30:04,Q4,4095118000,0.0,4095118000,1.0,3559543000,4095118000,0.0,0.0,7654661000,7654661000,0.0,127664000,-7376355000,-1.801256,-7654661000,-1.8692162228292322,150642000,-7504019000,-1.8324304696470284,0.0,-7504019000,-1.8324304696470284,-281.57537,-281.57537,26650126,26650126,https://www.sec.gov/Archives/edgar/data/1347178/000095013309000733/0000950133-09-000733-index.htm,https://www.sec.gov/Archives/edgar/data/1347178/000095013309000733/w73153e10vk.htm
0,2008-09-30,VNDA,2008-11-06,2008-11-06 16:52:31,Q3,7400263000,0.0,7400263000,1.0,3792424000,7400263000,0.0,0.0,11192687000,11192687000,0.0,143434000,-10725777000,-1.449378,-11192687000,-1.5124715162150317,323476000,-10869211000,-1.4687600967695338,0.0,-10869211000,-1.4687600967695338,-407.8589,-407.8589,26649439,26649439,https://www.sec.gov/Archives/edgar/data/1347178/000095013308003625/0000950133-08-003625-index.htm,https://www.sec.gov/Archives/edgar/data/1347178/000095013308003625/w71480e10vq.htm
0,2008-06-30,VNDA,2008-08-08,2008-08-08 14:25:04,Q2,17414199000,0.0,17414199000,1.0,5480909000,8454985000,0.0,0.0,13935894000,13935894000,0.0,137078000,-13357804000,-0.767064,-13935894000,-0.8002604081875945,441012000,-13494882000,-0.7749355568981381,0.0,-13494882000,-0.7749355568981381,-506.39561,-506.39561,26648892,26648892,https://www.sec.gov/Archives/edgar/data/1347178/000095013308002746/0000950133-08-002746-index.htm,https://www.sec.gov/Archives/edgar/data/1347178/000095013308002746/w65192e10vq.htm
0,2008-03-31,VNDA,2008-05-09,2008-05-09 16:13:25,Q1,0.0,0.0,0.0,0.0,11102665000,8959214000,0.0,0.0,20061879000,20061879000,0.0,122629000,-19073500000,0.0,-20061879000,0.0,865750000,-19196129000,0.0,0.0,-19196129000,0.0,-720.34979,-720.34979,26648344,26648344,https://www.sec.gov/Archives/edgar/data/1347178/000095013308001881/0000950133-08-001881-index.htm,https://www.sec.gov/Archives/edgar/data/1347178/000095013308001050/w51167e10vk.htm
0,2007-12-31,VNDA,2008-03-13,2008-03-13 16:43:07,Q4,9472938000,0.0,9472938000,1.0,12574735000,9472938000,0.0,0.0,22047673000,22047673000,0.0,124780000,-21922893000,-2.314265436974252,-22047673000,-2.3274376967314683,71345.0,-20748597000,-2.1903022061371034,-10070000,-20748406000,-2.190282043437844,-787.11179,-787.11179,26360177,26360177,https://www.sec.gov/Archives/edgar/data/1347178/000095013308001050/0000950133-08-001050-index.htm,https://www.sec.gov/Archives/edgar/data/1347178/000095013308001050/w51167e10vk.htm
0,2007-09-30,VNDA,2007-11-08,2007-11-08 16:31:55,Q3,9647646000,0.0,9647646000,1.0,13874248000,9647646000,0.0,0.0,23521894000,23521894000,0.0,153146000,-23368748000,-2.4222227888544,-23521894000,-2.4380967129183637,-3022090000,-21933431000,-2.273448984342916,10070000,-21943501000,-2.274492762275896,-836.79879,-836.79879,26223151,26223151,https://www.sec.gov/Archives/edgar/data/1347178/000095013307004491/0000950133-07-004491-index.htm,https://www.sec.gov/Archives/edgar/data/1347178/000095013307004491/w42211e10vq.htm
0,2007-06-30,VNDA,2007-08-08,2007-08-08 12:32:56,Q2,7449375000,0.0,7449375000,1.0,10193825000,7449375000,0.0,0.0,17643200000,17643200000,0.0,144989000,-15840034000,-2.126357,-17643200000,-2.368413457504824,1659781000,-15985829000,-2.1459288866515647,0.0,-15985023000,-2.1458206896551726,-615.31889,-615.31889,25978437,25978437,https://www.sec.gov/Archives/edgar/data/1347178/000095013307003303/0000950133-07-003303-index.htm,https://www.sec.gov/Archives/edgar/data/1347178/000095013307003303/w38061e10vq.htm
0,2007-03-31,VNDA,2007-05-08,2007-05-08 16:46:18,Q1,6233549000,0.0,6233549000,1.0,10592059000,6233549000,0.0,0.0,16825608000,16825608000,0.0,148671000,-15244089000,-2.445491,-16825608000,-2.6992020115667654,1433654000,-15391954000,-2.469212001060712,0.0,-15392760000,-2.4693413013998926,-607.43819,-607.43819,25340455,25340455,https://www.sec.gov/Archives/edgar/data/1347178/000095013307002163/0000950133-07-002163-index.htm,https://www.sec.gov/Archives/edgar/data/1347178/000095013307001153/w31999e10vk.htm
0,2006-12-31,VNDA,2007-03-16,2007-03-16 16:13:01,Q4,4467225000,0.0,4467225000,1.0,7939988000,4467225000,0.0,0.0,12407213000,12407213000,4000.0,160175000,-12247038000,-2.741531487668519,-12407213000,-2.7773870803463,516287000,-11890926000,-2.6618148850796635,0.0,-11891475000,-2.661937780165539,-743.13289,-743.13289,16001815,16001815,https://www.sec.gov/Archives/edgar/data/1347178/000095013307001153/0000950133-07-001153-index.htm,https://www.sec.gov/Archives/edgar/data/1347178/000095013307001153/w31999e10vk.htm
0,2006-09-30,VNDA,2006-11-09,2006-11-09 16:35:22,Q3,3264849000,0.0,3264849000,1.0,9542384000,3264849000,0.0,0.0,12807233000,12807233000,396000.0,151180000,-12656053000,-3.8764589112697094,-12807233000,-3.9227642687303454,683074000,-12124159000,-3.7135435666396823,0.0,-12124159000,-3.7135435666396823,-874.59406,-874.59406,13862613,13862613,https://www.sec.gov/Archives/edgar/data/1347178/000095013306004848/0000950133-06-004848-index.htm,https://www.sec.gov/Archives/edgar/data/1347178/000095013306004848/w26972e10vq.htm
0,2006-06-30,VNDA,2006-08-08,2006-08-08 15:47:47,Q2,2980642000,0.0,2980642000,1.0,19099850000,2980642000,0.0,0.0,22080492000,22080492000,1624000.0,143782000,-21936710000,-7.359726528714284,-22080492000,-7.407965129659986,707408000,-21373084000,-7.170631025128143,0.0,-21373084000,-7.170631025128143,-2.22258,-2.22258,9616347000,9616347000,https://www.sec.gov/Archives/edgar/data/1347178/000095013306003624/0000950133-06-003624-index.htm,https://www.sec.gov/Archives/edgar/data/1347178/000095013306003624/w24020e10vq.htm
