,date,symbol,fillingDate,acceptedDate,period,revenue,costOfRevenue,grossProfit,grossProfitRatio,researchAndDevelopmentExpenses,generalAndAdministrativeExpenses,sellingAndMarketingExpenses,otherExpenses,operatingExpenses,costAndExpenses,interestExpense,depreciationAndAmortization,ebitda,ebitdaratio,operatingIncome,operatingIncomeRatio,totalOtherIncomeExpensesNet,incomeBeforeTax,incomeBeforeTaxRatio,incomeTaxExpense,netIncome,netIncomeRatio,eps,epsdiluted,weightedAverageShsOut,weightedAverageShsOutDil,link,finalLink
0,2020-09-30,SRNE,2020-11-09,2020-11-06 18:12:43,Q3,11753000,2671000.0,9082000.0,0.7727388751808049,32003000,24265000,0.0,238000.0,0.0,59973000,2563000.0,0.0,-44844000,-3.8155364587764824,-48220000,-7.351144388666723,-35616000,-86398000,-7.351144388666723,145000.0,-84023000,-7.149068322981367,-0.33,-0.33,251211000,257670000,https://www.sec.gov/Archives/edgar/data/850261/000156459020052064/0001564590-20-052064-index.htm,https://www.sec.gov/Archives/edgar/data/850261/000156459020052064/srne-10q_20200930.htm
0,2020-06-30,SRNE,2020-08-04,2020-08-04 16:33:49,Q2,9007000.0,2249000.0,6758000.0,0.7503053180859331,24150000,24463000,0.0,0.0,0.0,51854000,8297000.0,0.0,-40250000,-4.468746530476296,-42847000,-9.127678472299323,-31071000,-82213000,-9.127678472299323,-1919000.0,-77740000,-8.631064727434218,-0.36,-0.36,216956000,216956000,https://www.sec.gov/Archives/edgar/data/850261/000156459020036142/0001564590-20-036142-index.htm,https://www.sec.gov/Archives/edgar/data/850261/000156459020036142/srne-10q_20200630.htm
0,2020-03-31,SRNE,2020-05-11 00:00:00,2020-05-11 16:02:10,Q1,7721000.0,2439000.0,5282000.0,0.684108276130035,21154000,26299000,0.0,0.0,0.0,50884000,6825000.0,0.0,-40086000,-5.1918145317964,-43163000,-8.923714544748089,-18931000,-68900000,-8.923714544748089,-276000.0,-65195000,-8.443854423002202,-0.36,-0.36,182609000,182609000,https://www.sec.gov/Archives/edgar/data/850261/000156459020024153/0001564590-20-024153-index.htm,https://www.sec.gov/Archives/edgar/data/850261/000156459020024153/srne-10q_20200331.htm
0,2019-12-31,SRNE,2020-03-03 00:00:00,2020-03-02 21:57:52,Q4,13034000,1422000.0,11612000,0.8909007211907319,28963000,25429000,0.0,0.0,0.0,56806000,8080000.0,0.0,-40961000,-3.142626975602271,-43772000,-5.302286328065061,-17328000,-69110000,-5.302286328065061,309000.0,-62820000,-4.8197023170170326,0.0,0.0,0.0,0.0,https://www.sec.gov/Archives/edgar/data/850261/000085026120000027/0000850261-20-000027-index.html,https://www.sec.gov/Archives/edgar/data/850261/000085026120000027/srne-20191231.htm
0,2019-09-30,SRNE,2019-11-12 00:00:00,2019-11-08 20:46:50,Q3,5778000.0,5226000.0,552000.0,0.09553478712357218,27573000,25234000,0.0,0.0,0.0,59024000,9459000.0,0.0,-50750000,-8.78331602630668,-53246000,-12.80754586362063,-11479000,-74002000,-12.80754586362063,-221000.0,-64415000,-11.148321218414676,-0.49,-0.5,130800000,140445000,https://www.sec.gov/Archives/edgar/data/850261/000085026119000036/0000850261-19-000036-index.html,https://www.sec.gov/Archives/edgar/data/850261/000085026119000036/srne-20190930.htm
0,2019-06-30,SRNE,2019-08-09 00:00:00,2019-08-09 16:49:34,Q2,6477000.0,3281000.0,3196000.0,0.49343832020997375,24759000,27772000,0.0,0.0,0.0,56804000,9520000.0,0.0,-48418000,-7.475374401729195,-50327000,-10.908445267870928,-11112000,-70654000,-10.908445267870928,-383000.0,-56762000,-8.763625135093408,-0.46,-0.47,122549000,132459000,https://www.sec.gov/Archives/edgar/data/850261/000085026119000029/0000850261-19-000029-index.html,https://www.sec.gov/Archives/edgar/data/850261/000085026119000029/srne06301910-q.htm
0,2019-03-31,SRNE,2019-05-15 00:00:00,2019-05-15 17:00:50,Q1,6143000.0,2308000.0,3835000.0,0.6242878072602963,25584000,25122000,0.0,0.0,0.0,53980000,9080000.0,0.0,-42973000,-6.995441966465896,-47837000,-23.73595962884584,-89427000,-145810000,-23.73595962884584,-178000.0,-108071000,-17.5925443594335,-0.88,-0.88,122281000,122281000,https://www.sec.gov/Archives/edgar/data/850261/000085026119000020/0000850261-19-000020-index.html,https://www.sec.gov/Archives/edgar/data/850261/000085026119000020/srne3301910-q.htm
0,2018-12-31,SRNE,2019-03-15 00:00:00,2019-03-15 06:30:16,Q4,6929000.0,2345000.0,4584000.0,0.6615673257324289,24839000,22536000,0.0,0.0,0.0,50755000,8887000.0,0.0,-40272000,-5.812094097272333,-43826000,-8.045316784528792,-3725000.0,-55746000,-8.045316784528792,-3122000.0,-49776000,-7.183720594602396,0.0,0.0,0.0,0.0,https://www.sec.gov/Archives/edgar/data/850261/000085026119000002/0000850261-19-000002-index.html,https://www.sec.gov/Archives/edgar/data/850261/000085026119000002/srne12312018-10k.htm
0,2018-09-30,SRNE,2018-11-09 00:00:00,2018-11-09 17:07:21,Q3,4105000.0,2177000.0,1928000.0,0.46967113276492084,19567000,20102000,0.0,0.0,0.0,42501000,2684000.0,0.0,-35916000,-8.749330085261876,-38396000,-12.272838002436053,-9519000.0,-50380000,-12.272838002436053,-826000.0,-47328000,-11.529354445797807,-0.4,-0.4,117021000,117021000,https://www.sec.gov/Archives/edgar/data/850261/000085026118000033/0000850261-18-000033-index.html,https://www.sec.gov/Archives/edgar/data/850261/000085026118000033/srne9301810-q.htm
0,2018-06-30,SRNE,2018-08-09 00:00:00,2018-08-09 17:21:13,Q2,3913000.0,1226000.0,2687000.0,0.6866854076156401,17925000,11039000,0.0,0.0,0.0,30847000,45009000,0.0,-25002000,-6.389470994122157,-26934000,-18.932021466905187,-2144000.0,-74081000,-18.932021466905187,-1377000.0,-73864000,-18.876565295169947,-0.73,-0.73,100563000,100563000,https://www.sec.gov/Archives/edgar/data/850261/000085026118000031/0000850261-18-000031-index.html,https://www.sec.gov/Archives/edgar/data/850261/000085026118000031/srne6301810-q.htm
0,2018-03-31,SRNE,2018-05-10 00:00:00,2018-05-10 17:21:49,Q1,6246000.0,1311000.0,4935000.0,0.7901056676272814,14632000,9961000.0,0.0,0.0,0.0,26566000,1052000.0,0.0,-18311000,-2.931636247198207,-20320000,-5.375280179314761,-12206000,-33574000,-5.375280179314761,-948000.0,-32574000,-5.215177713736791,-0.38,-0.38,84941000,84941000,https://www.sec.gov/Archives/edgar/data/850261/000085026118000019/0000850261-18-000019-index.html,https://www.sec.gov/Archives/edgar/data/850261/000085026118000019/srne3311810-q.htm
0,2017-12-31,SRNE,2018-03-16 00:00:00,2018-03-16 17:19:14,Q4,20407000,980000.0,19427000,0.9519772627039741,12865000,7138000.0,0.0,0.0,0.0,21645000,963000.0,0.0,3176000.0,0.1556328710736512,-1238000.0,-1.862155142843142,-35849000,-38001000,-1.862155142843142,-90424000,12425000,0.6088597050031852,0.0,0.0,0.0,0.0,https://www.sec.gov/Archives/edgar/data/850261/000085026118000013/0000850261-18-000013-index.html,https://www.sec.gov/Archives/edgar/data/850261/000085026118000013/srne12312017-10k.htm
0,2017-09-30,SRNE,2017-11-09 00:00:00,2017-11-09 06:23:08,Q3,121910000,1085000.0,120825000,0.9910999917972274,16604000,10214000,0.0,0.0,0.0,28559000,1473000.0,0.0,94927000,0.7786645886309572,93351000,0.7788778607169223,3075000.0,94953000,0.7788778607169223,57480000,33959000,0.2785579525879747,0.44,0.44,76887000,76888000,https://www.sec.gov/Archives/edgar/data/850261/000085026117000007/0000850261-17-000007-index.html,https://www.sec.gov/Archives/edgar/data/850261/000085026117000007/srne9301710-q.htm
0,2017-06-30,SRNE,2017-08-09 00:00:00,2017-08-09 16:41:17,Q2,4665000.0,816000.0,3849000.0,0.82508038585209,11179000,9092000.0,0.0,0.0,0.0,21752000,1200000.0,0.0,-16223000,-3.477599142550911,-17087000,-3.459163987138264,1918000.0,-16137000,-3.459163987138264,-1398000.0,-14187000,-3.0411575562700963,-0.2,-0.2,70302000,70302000,https://www.sec.gov/Archives/edgar/data/850261/000085026117000004/0000850261-17-000004-index.html,https://www.sec.gov/Archives/edgar/data/850261/000085026117000004/srne6301710-q.htm
0,2017-03-31,SRNE,2017-05-15 00:00:00,2017-05-15 16:05:12,Q1,4874000.0,1064000.0,3810000.0,0.7816988100123102,14883000,11887000,0.0,0.0,0.0,28461000,1609000.0,0.0,-22856000,-4.689372178908494,-23587000,-5.231637258924907,-528000.0,-25499000,-5.231637258924907,-1696000.0,-23064000,-4.732047599507592,-0.45,-0.45,50886000,50886000,https://www.sec.gov/Archives/edgar/data/850261/000156459017011020/0001564590-17-011020-index.html,https://www.sec.gov/Archives/edgar/data/850261/000156459017011020/srne-10q_20170331.htm
0,2016-12-31,SRNE,2017-03-22 00:00:00,2017-03-21 22:01:06,Q4,4019000.0,-261000.0,4280000.0,1.0649415277432197,13555000,10237000,0.0,0.0,0.0,24042000,794000.0,0.0,-18032000,-4.4866882309032095,-20023000,-3.16596168201045,7905000.0,-12724000,-3.16596168201045,-701000.0,-11957000,-2.9751181886041302,0.0,0.0,0.0,0.0,https://www.sec.gov/Archives/edgar/data/850261/000156459017004944/0001564590-17-004944-index.html,https://www.sec.gov/Archives/edgar/data/850261/000156459017004944/srne-10k_20161231.htm
0,2016-09-30,SRNE,2016-11-09 00:00:00,2016-11-09 15:37:45,Q3,2243000.0,418000.0,1825000.0,0.8136424431564868,10212000,5267000.0,0.0,0.0,0.0,16009000,236000.0,0.0,-13295000,-5.927329469460544,-13766000,6.2554614355773515,28007000,14031000,6.2554614355773515,-195000.0,14373000,6.407935800267499,0.22,0.22,66193000,66527000,https://www.sec.gov/Archives/edgar/data/850261/000156459016028583/0001564590-16-028583-index.html,https://www.sec.gov/Archives/edgar/data/850261/000156459016028583/srne-10q_20160930.htm
0,2016-06-30,SRNE,2016-08-08 00:00:00,2016-08-08 11:28:41,Q2,902000.0,295000.0,607000.0,0.6729490022172949,10631000,4220000.0,0.0,0.0,0.0,15257000,273000.0,0.0,-13284000,-14.727272727272727,-14355000,-51.12305986696231,-31530000,-46113000,-51.12305986696231,0.0,-44949000,-49.83259423503326,-0.97,-0.97,46498000,46498000,https://www.sec.gov/Archives/edgar/data/850261/000156459016023183/0001564590-16-023183-index.html,https://www.sec.gov/Archives/edgar/data/850261/000156459016023183/srne-10q_20160630.htm
0,2016-03-31,SRNE,2016-05-10 00:00:00,2016-05-09 21:43:47,Q1,988000.0,359000.0,629000.0,0.6366396761133604,7777000.0,4495000.0,0.0,0.0,0.0,12742000,307000.0,0.0,-11695000,-11.837044534412955,-11754000,-20.270242914979757,-7979000.0,-20027000,-20.270242914979757,0.0,-18390000,-18.61336032388664,-0.48,-0.48,37965000,37965000,https://www.sec.gov/Archives/edgar/data/850261/000156459016018729/0001564590-16-018729-index.html,https://www.sec.gov/Archives/edgar/data/850261/000156459016018729/srne-10q_20160331.htm
0,2015-12-31,SRNE,2016-03-15 00:00:00,2016-03-14 21:56:19,Q4,1337000.0,523000.0,814000.0,0.6088257292445775,8288000.0,10130000,0.0,0.0,0.0,19052000,375000.0,0.0,-24560000,-18.36948391922214,-17715000,-19.0074794315632,-7346000.0,-25413000,-19.0074794315632,1186000.0,-23476000,-17.55871353777113,0.0,0.0,0.0,0.0,https://www.sec.gov/Archives/edgar/data/850261/000156459016014768/0001564590-16-014768-index.html,https://www.sec.gov/Archives/edgar/data/850261/000156459016014768/srne-10k_20151231.htm
0,2015-09-30,SRNE,2015-11-16 00:00:00,2015-11-13 21:46:43,Q3,1103000.0,604000.0,499000.0,0.4524025385312783,7244000.0,4711000.0,0.0,0.0,0.0,12670000,396000.0,0.0,-11156000,-10.114233907524932,-11567000,30.13961922030825,45206000,33244000,30.13961922030825,35323000,-939000.0,-0.8513145965548504,-0.03,-0.03,37328000,37328000,https://www.sec.gov/Archives/edgar/data/850261/000156459015010747/0001564590-15-010747-index.html,https://www.sec.gov/Archives/edgar/data/850261/000156459015010747/srne-10q_20150930.htm
0,2015-06-30,SRNE,2015-08-07 00:00:00,2015-08-07 16:28:32,Q2,1173000.0,314000.0,859000.0,0.73231031543052,7971000.0,3072000.0,0.0,0.0,0.0,11706000,442000.0,0.0,-9929000.0,-8.46462063086104,-10533000,-9.356351236146633,0.0,-10975000,-9.356351236146633,-17000.0,-10958000,-9.341858482523444,-0.3,-0.3,36315000,36315000,https://www.sec.gov/Archives/edgar/data/850261/000156459015006681/0001564590-15-006681-index.html,https://www.sec.gov/Archives/edgar/data/850261/000156459015006681/srne-10q_20150630.htm
0,2015-03-31,SRNE,2015-05-05 00:00:00,2015-05-05 17:10:59,Q1,977000.0,509000.0,468000.0,0.4790174002047083,7840000.0,2219000.0,0.0,0.0,0.0,11154000,439000.0,0.0,-9354000.0,-9.574206755373593,-10177000,-10.86591606960082,0.0,-10616000,-10.86591606960082,-178000.0,-10438000,-10.683725690890482,-0.29,-0.29,36206000,36206000,https://www.sec.gov/Archives/edgar/data/850261/000156459015003320/0001564590-15-003320-index.html,https://www.sec.gov/Archives/edgar/data/850261/000156459015003320/srne-10q_20150331.htm
0,2014-12-31,SRNE,2015-03-16,2015-03-13 18:57:10,Q4,798000.0,443000.0,355000.0,0.4448621553884712,7127000.0,2387000.0,0.0,0.0,0.0,10544000,462000.0,0.0,-8933000.0,-11.19423558897243,-9746000.0,-12.790726817042607,0.0,-10207000,-12.790726817042607,0.0,-8505000.0,-10.657894736842104,0.0,0.0,0.0,0.0,https://www.sec.gov/Archives/edgar/data/850261/000156459015001681/srne-10k_20141231.htm,https://www.sec.gov/Archives/edgar/data/850261/000156459015001681/srne-10k_20141231.htm
0,2014-09-30,SRNE,2014-11-04 00:00:00,2014-11-04 14:48:47,Q3,1276000.0,527000.0,749000.0,0.5869905956112853,5440000.0,1854000.0,0.0,0.0,0.0,8407000.0,476000.0,0.0,-6324000.0,-4.956112852664577,-7131000.0,-5.960031347962382,0.0,-7605000.0,-5.960031347962382,0.0,-7605000.0,-5.960031347962382,-0.27,-0.27,28533000,28533000,https://www.sec.gov/Archives/edgar/data/850261/000156459014004930/0001564590-14-004930-index.html,https://www.sec.gov/Archives/edgar/data/850261/000156459014004930/srne-10q_20140930.htm
0,2014-06-30,SRNE,2014-08-06 00:00:00,2014-08-06 17:11:20,Q2,775000.0,510000.0,265000.0,0.3419354838709677,5309000.0,2361000.0,0.0,0.0,0.0,8766000.0,468000.0,0.0,-7193000.0,-9.281290322580645,-7991000.0,-10.908387096774193,0.0,-8454000.0,-10.908387096774193,0.0,-8454000.0,-10.908387096774193,-0.33,-0.33,25341000,25341000,https://www.sec.gov/Archives/edgar/data/850261/000119312514298463/0001193125-14-298463-index.html,https://www.sec.gov/Archives/edgar/data/850261/000119312514298463/d756095d10q.htm
0,2014-03-31,SRNE,2014-04-01 00:00:00,2014-03-31 21:38:02,Q1,976000.0,563000.0,413000.0,0.42315573770491804,6107000.0,3385000.0,0.0,0.0,0.0,10641000,223000.0,0.0,-8887000.0,-9.105532786885245,-9665000.0,-10.341188524590164,-209000.0,-10093000,-10.341188524590164,0.0,-10093000,-10.341188524590164,-0.44,-0.44,23051000,23051000,https://www.sec.gov/Archives/edgar/data/850261/000119312514124642/0001193125-14-124642-index.html,https://www.sec.gov/Archives/edgar/data/850261/000119312514124642/d652675d10k.htm
0,2013-12-31,SRNE,2014-04-01 00:00:00,2014-03-31 21:38:02,Q4,100697.0,4440.0,96257.0,0.9559073259382107,3394654.0,2564924.0,0.0,0.0,0.0,6454749.0,170219.0,0.0,-5697347.0,-56.579113578358836,-6354052.0,-112.17679771989235,-4775542.0,-11295867,-112.17679771989235,0.0,-11295867,-112.17679771989235,0.0,0.0,0.0,0.0,https://www.sec.gov/Archives/edgar/data/850261/000119312514124642/0001193125-14-124642-index.html,https://www.sec.gov/Archives/edgar/data/850261/000119312514124642/d652675d10k.htm
0,2013-09-30,SRNE,2013-11-14 00:00:00,2013-11-14 16:36:19,Q3,83791.0,0.0,0.0,0.0,2082252.0,1114621.0,0.0,0.0,0.0,3390628.0,51285.0,0.0,-2996824.0,-35.76546407132031,-3306837.0,-40.0573450609254,0.0,-3356445.0,-40.0573450609254,0.0,-3356445.0,-40.0573450609254,-0.24,-0.24,14135261,14135261,https://www.sec.gov/Archives/edgar/data/850261/000119312513442213/0001193125-13-442213-index.html,https://www.sec.gov/Archives/edgar/data/850261/000119312513442213/d606223d10q.htm
0,2013-06-30,SRNE,2013-08-13 00:00:00,2013-08-12 20:36:15,Q2,141598.0,0.0,0.0,0.0,2141039.0,1507516.0,0.0,0.0,0.0,3648555.0,21762.0,0.0,-3278651.0,-23.154642014717723,-3506957.0,-33.45111512874475,-1210000.0,-4736611.0,-33.45111512874475,0.0,-4736611.0,-33.45111512874475,-0.35,-0.35,13443018,13443018,https://www.sec.gov/Archives/edgar/data/850261/000119312513331373/0001193125-13-331373-index.html,https://www.sec.gov/Archives/edgar/data/850261/000119312513331373/d550964d10q.htm
0,2013-03-31,SRNE,2013-05-15 00:00:00,2013-05-15 14:54:56,Q1,134063.0,0.0,0.0,0.0,1398677.0,1249681.0,0.0,0.0,0.0,2648358.0,9928.0,0.0,-2409297.0,-17.971379127723534,-2514295.0,-18.814579712523216,0.0,-2522339.0,-18.814579712523216,0.0,-2522339.0,-18.814579712523216,-0.25,-0.25,12312342,12312342,https://www.sec.gov/Archives/edgar/data/850261/000119312513222066/0001193125-13-222066-index.html,https://www.sec.gov/Archives/edgar/data/850261/000119312513222066/d501657d10q.htm
0,2012-12-31,SRNE,2013-03-25 00:00:00,2013-03-25 09:10:04,Q4,121984.0,0.0,0.0,0.0,1163057.0,715716.0,0.0,0.0,0.0,1878773.0,0.0,0.0,-1672525.0,-13.711019477964323,-1756789.0,0.0,0.0,0.0,0.0,0.0,-1754835.0,-14.3857801023085,0.0,0.0,0.0,0.0,https://www.sec.gov/Archives/edgar/data/850261/000119312513123435/0001193125-13-123435-index.html,https://www.sec.gov/Archives/edgar/data/850261/000119312513123435/d444183d10k.htm
0,2012-09-30,SRNE,2012-11-08 00:00:00,2012-11-08 06:06:32,Q3,134506.0,0.0,134506.0,1.0,950823.0,427030.0,0.0,0.0,0.0,1377853.0,0.0,0.0,-1166238.0,-8.670527708801094,-1243347.0,0.0,0.0,0.0,0.0,0.0,-1241229.0,-9.228056740963229,0.0,0.0,11963698,11963698,https://www.sec.gov/Archives/edgar/data/850261/000119312512458730/0001193125-12-458730-index.html,https://www.sec.gov/Archives/edgar/data/850261/000119312512458730/d399130d10q.htm
0,2012-06-30,SRNE,2012-08-14 00:00:00,2012-08-14 16:15:03,Q2,217135.0,0.0,217135.0,1.0,917452.0,244557.0,0.0,0.0,0.0,1162009.0,0.0,0.0,-875441.0,-4.031782071061782,-944874.0,0.0,0.0,0.0,0.0,0.0,-943118.0,-4.343463743753886,0.0,0.0,11224997,11224997,https://www.sec.gov/Archives/edgar/data/850261/000119312512355607/0001193125-12-355607-index.html,https://www.sec.gov/Archives/edgar/data/850261/000119312512355607/d352635d10q.htm
0,2012-03-31,SRNE,2012-05-15,2012-05-15 14:48:06,Q1,110149.0,0.0,110149.0,1.0,799072.0,218675.0,0.0,0.0,0.0,1017747.0,0.0,0.0,-845102.0,-7.672352903793952,-907598.0,0.0,0.0,0.0,0.0,0.0,-906126.0,-8.226366104095362,0.0,0.0,10435728,10435728,https://www.sec.gov/Archives/edgar/data/850261/000119312512144051/d270175d10k.htm,https://www.sec.gov/Archives/edgar/data/850261/000119312512144051/d270175d10k.htm
0,2011-12-31,SRNE,2012-03-30 00:00:00,2012-03-30 17:25:17,Q4,127907.0,0.0,127907.0,1.0,709008.0,182219.0,0.0,0.0,0.0,891227.0,0.0,0.0,-708123.0,-5.536233357048481,-763320.0,0.0,0.0,0.0,0.0,0.0,-762123.0,-5.958415098469982,0.0,0.0,0.0,0.0,https://www.sec.gov/Archives/edgar/data/850261/000119312512144051/0001193125-12-144051-index.html,https://www.sec.gov/Archives/edgar/data/850261/000119312512144051/d270175d10k.htm
0,2011-09-30,SRNE,2011-11-08 00:00:00,2011-11-08 13:45:00,Q3,91756.0,0.0,91756.0,1.0,636453.0,158969.0,0.0,0.0,0.0,795422.0,0.0,0.0,-656670.0,-7.15669819957278,-703666.0,0.0,0.0,0.0,0.0,0.0,-702288.0,-7.653864597410523,0.0,0.0,9907457.0,9907457.0,https://www.sec.gov/Archives/edgar/data/850261/000119312511301729/0001193125-11-301729-index.html,https://www.sec.gov/Archives/edgar/data/850261/000119312511301729/d243573d10q.htm
0,2011-06-30,SRNE,2011-08-12 00:00:00,2011-08-12 15:41:40,Q2,74156.0,0.0,74156.0,1.0,636301.0,527226.0,0.0,0.0,0.0,1163527.0,0.0,0.0,-1045759.0,-14.102149522627974,-1089371.0,0.0,0.0,0.0,0.0,0.0,-1087637.0,-14.666877933006095,0.0,0.0,9890240.0,9890240.0,https://www.sec.gov/Archives/edgar/data/850261/000119312511221290/0001193125-11-221290-index.html,https://www.sec.gov/Archives/edgar/data/850261/000119312511221290/d10q.htm
0,2011-03-31,SRNE,2011-05-12 00:00:00,2011-05-11 19:19:04,Q1,235365.0,0.0,235365.0,1.0,588644.0,332806.0,0.0,0.0,0.0,921450.0,0.0,0.0,-672671.0,-2.8579907802774414,-686085.0,0.0,0.0,0.0,0.0,0.0,-684443.0,-2.9080067129777154,0.0,0.0,9876089.0,9876089.0,https://www.sec.gov/Archives/edgar/data/850261/000119312511136180/0001193125-11-136180-index.html,https://www.sec.gov/Archives/edgar/data/850261/000119312511136180/d10q.htm
0,2010-12-31,SRNE,2011-03-18,2011-03-18 12:27:55,Q4,511772.0,0.0,511772.0,1.0,416438.0,284079.0,0.0,0.0,0.0,700517.0,0.0,0.0,-182278.0,-0.3561703258482293,-188745.0,0.0,0.0,0.0,0.0,0.0,-188076.0,-0.3674995896610209,0.0,0.0,0.0,0.0,https://www.sec.gov/Archives/edgar/data/850261/000119312511070863/d10k.htm,https://www.sec.gov/Archives/edgar/data/850261/000119312511070863/d10k.htm
0,2010-09-30,SRNE,2010-11-08 00:00:00,2010-11-08 17:00:56,Q3,114331.0,0.0,114331.0,1.0,345976.0,213896.0,0.0,0.0,0.0,559872.0,0.0,0.0,-439075.0,-3.840384497642809,-445541.0,0.0,0.0,0.0,0.0,0.0,-444834.0,-3.8907557880189976,0.0,0.0,8812020.0,8812020.0,https://www.sec.gov/Archives/edgar/data/850261/000119312510252249/0001193125-10-252249-index.html,https://www.sec.gov/Archives/edgar/data/850261/000119312510252249/d10q.htm
0,2010-06-30,SRNE,2010-08-12 00:00:00,2010-08-12 12:52:52,Q2,56465.0,0.0,56465.0,1.0,313399.0,319558.0,0.0,0.0,0.0,632957.0,0.0,0.0,-570176.0,-10.097865934649784,-576492.0,0.0,0.0,0.0,0.0,0.0,-575585.0,-10.193659789249978,0.0,0.0,8793443.0,8793443.0,https://www.sec.gov/Archives/edgar/data/850261/000119312510186983/0001193125-10-186983-index.html,https://www.sec.gov/Archives/edgar/data/850261/000119312510186983/d10q.htm
0,2010-03-31,SRNE,2010-05-14 00:00:00,2010-05-14 17:15:42,Q1,0.0,0.0,0.0,0.0,316532.0,284862.0,0.0,0.0,0.0,601394.0,0.0,0.0,-597230.0,0.0,-601394.0,0.0,0.0,0.0,0.0,0.0,-599891.0,0.0,0.0,0.0,8774934.0,8774934.0,https://www.sec.gov/Archives/edgar/data/850261/000119312510120836/0001193125-10-120836-index.html,https://www.sec.gov/Archives/edgar/data/850261/000119312510120836/d10q.htm
0,2009-12-31,SRNE,2010-03-25 00:00:00,2010-03-25 14:46:07,Q4,0.0,0.0,0.0,0.0,311302.0,379383.0,0.0,0.0,0.0,690685.0,0.0,0.0,-690685.0,0.0,-690685.0,0.0,0.0,0.0,0.0,0.0,-685941.0,0.0,0.0,0.0,0.0,0.0,https://www.sec.gov/Archives/edgar/data/850261/000119312510067006/0001193125-10-067006-index.html,https://www.sec.gov/Archives/edgar/data/850261/000119312510067006/d10k.htm
0,2009-09-30,SRNE,2009-11-12 00:00:00,2009-11-12 16:05:34,Q3,0.0,0.0,0.0,0.0,98174.0,140493.0,0.0,0.0,0.0,238667.0,0.0,0.0,-238667.0,0.0,-238667.0,0.0,0.0,-231929.0,0.0,0.0,-231929.0,0.0,0.0,0.0,7054275.0,7054275.0,https://www.sec.gov/Archives/edgar/data/850261/000119312509232769/0001193125-09-232769-index.html,https://www.sec.gov/Archives/edgar/data/850261/000119312509232769/d10q.htm
0,2009-06-30,SRNE,2009-08-13 00:00:00,2009-08-13 16:31:12,Q2,0.0,0.0,0.0,0.0,0.0,79778.0,0.0,0.0,0.0,79778.0,0.0,0.0,-79778.0,0.0,-79778.0,0.0,0.0,0.0,0.0,0.0,-79552.0,0.0,-0.25,-0.25,442957.0,442957.0,https://www.sec.gov/Archives/edgar/data/850261/000095012309034696/0000950123-09-034696-index.html,https://www.sec.gov/Archives/edgar/data/850261/000095012309034696/g20196e10vq.htm
0,2009-03-31,SRNE,2009-05-14 00:00:00,2009-05-13 17:57:13,Q1,0.0,0.0,0.0,0.0,0.0,58836.0,0.0,0.0,0.0,58836.0,0.0,0.0,-58836.0,0.0,-58836.0,0.0,0.0,0.0,0.0,0.0,-58464.0,0.0,-0.25,-0.25,442957.0,442957.0,https://www.sec.gov/Archives/edgar/data/850261/000095014409004262/0000950144-09-004262-index.html,https://www.sec.gov/Archives/edgar/data/850261/000095014409004262/g19090e10vq.htm
0,2008-12-31,SRNE,2009-03-30 00:00:00,2009-03-30 16:17:56,Q4,0.0,0.0,0.0,0.0,0.0,46079.0,0.0,0.0,0.0,46079.0,0.0,0.0,-46079.0,0.0,-46079.0,0.0,0.0,0.0,0.0,0.0,-45116.0,0.0,0.0,0.0,0.0,0.0,https://www.sec.gov/Archives/edgar/data/850261/000095014409002708/0000950144-09-002708-index.html,https://www.sec.gov/Archives/edgar/data/850261/000095014409002708/g18300e10vk.htm
0,2008-09-30,SRNE,2008-11-13 00:00:00,2008-11-13 15:38:05,Q3,0.0,0.0,0.0,0.0,0.0,125842.0,0.0,0.0,0.0,125842.0,0.0,0.0,-125842.0,0.0,-125842.0,0.0,0.0,0.0,0.0,0.0,-125192.0,0.0,-2.5,-2.5,43339.0,43339.0,https://www.sec.gov/Archives/edgar/data/850261/000095014408008578/0000950144-08-008578-index.html,https://www.sec.gov/Archives/edgar/data/850261/000095014408008578/g16615e10vq.htm
0,2008-06-30,SRNE,2008-08-14 00:00:00,2008-08-14 11:29:50,Q2,0.0,0.0,0.0,0.0,0.0,5434.0,0.0,0.0,0.0,5434.0,0.0,0.0,-5434.0,0.0,-5434.0,0.0,0.0,0.0,0.0,0.0,-5434.0,0.0,-0.017131,-0.017131,317209.0,317209.0,https://www.sec.gov/Archives/edgar/data/850261/000095014408006475/0000950144-08-006475-index.html,https://www.sec.gov/Archives/edgar/data/850261/000095014408006475/g14729e10vq.htm
0,2008-03-31,SRNE,2008-05-14 00:00:00,2008-05-14 12:37:26,Q1,0.0,0.0,0.0,0.0,0.0,13160.0,0.0,0.0,0.0,13160.0,0.0,0.0,-13160.0,0.0,-13160.0,0.0,0.0,0.0,0.0,0.0,-13160.0,0.0,-0.041487,-0.041487,317209.0,317209.0,https://www.sec.gov/Archives/edgar/data/850261/000114420408028514/0001144204-08-028514-index.html,https://www.sec.gov/Archives/edgar/data/850261/000114420408028514/v113729_10q.htm
0,2007-12-31,SRNE,2008-03-31,2008-03-31 06:32:13,Q4,0.0,0.0,0.0,0.0,0.0,7418.0,0.0,0.0,0.0,7418.0,0.0,0.0,-7418.0,0.0,-7418.0,0.0,0.0,0.0,0.0,0.0,-7418.0,0.0,0.0,0.0,0.0,0.0,https://www.sec.gov/Archives/edgar/data/850261/000114420408018569/v108693_10ksb.htm,https://www.sec.gov/Archives/edgar/data/850261/000114420408018569/v108693_10ksb.htm
0,2007-09-30,SRNE,2007-11-07,2007-11-07 06:14:06,Q3,0.0,0.0,0.0,0.0,0.0,10646.0,0.0,0.0,0.0,10646.0,0.0,0.0,-10646.0,0.0,-10646.0,0.0,0.0,0.0,0.0,0.0,-10640.0,0.0,-0.033543,-0.033543,317209.0,317209.0,https://www.sec.gov/Archives/edgar/data/850261/000114420407058650/v091952_10qsb.htm,https://www.sec.gov/Archives/edgar/data/850261/000114420407058650/v091952_10qsb.htm
0,2007-06-30,SRNE,2007-08-13,2007-08-13 16:27:38,Q2,0.0,0.0,0.0,0.0,0.0,12620.0,0.0,0.0,0.0,12620.0,0.0,0.0,-12620.0,0.0,-12620.0,0.0,0.0,0.0,0.0,0.0,-12620.0,0.0,-0.039784,-0.039784,317209.0,317209.0,https://www.sec.gov/Archives/edgar/data/850261/000114420407042483/v083996_10qsb.htm,https://www.sec.gov/Archives/edgar/data/850261/000114420407042483/v083996_10qsb.htm
0,2007-03-31,SRNE,,,Q1,0.0,0.0,0.0,0.0,0.0,209947.0,0.0,0.0,0.0,209947.0,0.0,0.0,-179947.0,0.0,-209947.0,0.0,-30000.0,0.0,0.0,0.0,-239943.0,0.0,-2.5,-2.5,76796.0,76796.0,,
