,date,symbol,fillingDate,acceptedDate,period,revenue,costOfRevenue,grossProfit,grossProfitRatio,researchAndDevelopmentExpenses,generalAndAdministrativeExpenses,sellingAndMarketingExpenses,otherExpenses,operatingExpenses,costAndExpenses,interestExpense,depreciationAndAmortization,ebitda,ebitdaratio,operatingIncome,operatingIncomeRatio,totalOtherIncomeExpensesNet,incomeBeforeTax,incomeBeforeTaxRatio,incomeTaxExpense,netIncome,netIncomeRatio,eps,epsdiluted,weightedAverageShsOut,weightedAverageShsOutDil,link,finalLink
0,2020-09-30,INSM,2020-10-29,2020-10-29 07:29:49,Q3,43643000,10622000,33021000,0.7566161812890956,41411000,46585000,0.0,3755000.0,91741000,118254000,7185000.0,2295000.0,-61047000,-1.3987810187200695,-63342000,-1.451366771303531,0.0,-63342000,-1.451366771303531,317000.0,-63659000,-1.4586302499828152,-2.0,-2.0,96029000,96029000,https://www.sec.gov/Archives/edgar/data/1104506/000110450620000019/0001104506-20-000019-index.htm,https://www.sec.gov/Archives/edgar/data/1104506/000110450620000019/insm-20200930.htm
0,2020-06-30,INSM,2020-08-06,2020-08-06 07:30:34,Q2,42495000,9950000.0,32545000,0.7658548064478173,35748000,49663000,0.0,-46000.0,86658999.99999999,96608999.99999999,7469000.0,3875999.9999999995,-50081000,-1.178515,-54114000,-1.27342,-46000.0,-61426000,-1.445488,428000.0,-61854000,-1.455559,-0.64009,-0.64009,96633000,96633000,https://www.sec.gov/Archives/edgar/data/1104506/000110450620000016/0001104506-20-000016-index.htm,https://www.sec.gov/Archives/edgar/data/1104506/000110450620000016/insm-20200630.htm
0,2020-03-31,INSM,2020-04-30,2020-04-30 07:30:49,Q1,36860000,8438000.0,28422000,0.7710797612588172,36184000,51346000,0.0,36000.0,88779000,97217000,7411000.0,3875000.0,-55042000,-1.493272,-60357000,-1.637466,36000.0,-66328000,-1.799457,36000.0,-66364000,-1.800434,-0.73919,-0.73919,89779000,89779000,https://www.sec.gov/Archives/edgar/data/1104506/000110450620000011/0001104506-20-000011-index.htm,https://www.sec.gov/Archives/edgar/data/1104506/000110450620000007/insm-20191231.htm
0,2019-12-31,INSM,2020-02-25,2020-02-25 07:30:50,Q4,45708000,8706000.0,37002000,0.8095300603833027,32630000,50206000,0.0,5248000.0,84084000,92790000,7348000.0,3547000.0,-41769000,-0.913823,-47082000,-1.03006,-276000.0,-52664000,-1.152183,324000.0,-52988000,-1.159272,-0.59192,-0.59192,89519000,89519000,https://www.sec.gov/Archives/edgar/data/1104506/000110450620000007/0001104506-20-000007-index.htm,https://www.sec.gov/Archives/edgar/data/1104506/000110450620000007/insm-20191231.htm
0,2019-09-30,INSM,2019-10-30,2019-10-30 07:31:28,Q3,38885000,6437000.0,32448000,0.8344605889160345,34340000,53347000,0.0,-85000.0,88936000,95373000,6846000.0,2253000.0,-51435000,-1.322747,-56488000,-1.452694,-85000.0,-60534000,-1.556744,148000.0,-60682000,-1.56055,-0.67995,-0.67995,89245000,89245000,https://www.sec.gov/Archives/edgar/data/1104506/000110450619000026/0001104506-19-000026-index.htm,https://www.sec.gov/Archives/edgar/data/1104506/000110450619000026/insm-20190930.htm
0,2019-06-30,INSM,2019-08-01,2019-08-01 07:33:23,Q2,29972000,4919000.0,25053000,0.8358801548111571,33538000,52433000,0.0,-51000.0,87219000.00000001,92138000.00000001,6785000.0,2424000.0000000005,-57215000,-1.908948,-62166000,-2.074136,-51000.0,-66424000,-2.216202,90000.0,-66514000,-2.219205,-0.81307,-0.81307,81806000,81806000,https://www.sec.gov/Archives/edgar/data/1104506/000110450619000020/0001104506-19-000020-index.htm,https://www.sec.gov/Archives/edgar/data/1104506/000110450619000020/insm-20190630.htm
0,2019-03-31,INSM,2019-05-07,2019-05-07 07:30:45,Q1,21902000,4150000.0,17752000,0.8105195872523058,31203000,54810000,0.0,-119000.0,87261000,91411000,6726000.0,2317000.0,-64895000,-2.962971,-69509000,-3.173637,-119000.0,-73938000,-3.375856,215000.0,-74153000,-3.385673,-0.95631,-0.95631,77541000,77541000,https://www.sec.gov/Archives/edgar/data/1104506/000110450619000014/0001104506-19-000014-index.htm,https://www.sec.gov/Archives/edgar/data/1104506/000110450619000009/insmed10k2018.htm
0,2018-12-31,INSM,2019-02-22,2019-02-22 07:30:35,Q4,9835000.0,2423000.0,7412000.0,0.7536349771225216,39925000,53960000,0.0,0.0,95134000,97557000,6667000.0,2174000.0,-82665000,-8.405186,-87722000,-8.91937,52000.0,-91506000,-9.304118,67000.0,-91573000,-9.31093,-1.18773,-1.18773,77099000,77099000,https://www.sec.gov/Archives/edgar/data/1104506/000110450619000009/0001104506-19-000009-index.htm,https://www.sec.gov/Archives/edgar/data/1104506/000110450619000009/insmed10k2018.htm
0,2018-09-30,INSM,2018-10-30,2018-10-30 07:29:59,Q3,44445000,0.0,44445000,1.0,39538000,44445000,0.0,0.0,83983000,83983000,6675000.0,952000.0000000002,-80070000,-1.8458544268196648,-83983000,-1.9731578355270558,220000.0,-87697000,-1.9731578355270558,46000.0,-87743000,-1.9741928225897176,-1.13854,-1.13854,77066000,77066000,https://www.sec.gov/Archives/edgar/data/1104506/000110450618000011/0001104506-18-000011-index.htm,https://www.sec.gov/Archives/edgar/data/1104506/000110450618000011/insm-20180930x10q.htm
0,2018-06-30,INSM,2018-08-02,2018-08-02 07:59:02,Q2,37160000,0.0,37160000,1.0,35720000,37160000,0.0,-86000.0,72880000,72880000,6488000.0,929999.9999999999,-68982000,-1.9093379978471474,-72880000,-2.0558934337997847,240000.0,-76400000,-2.0558934337997847,40000.0,-76440000,-2.0569698600645854,-0.9957,-0.9957,76770000,76770000,https://www.sec.gov/Archives/edgar/data/1104506/000110450618000008/0001104506-18-000008-index.htm,https://www.sec.gov/Archives/edgar/data/1104506/000110450618000008/insm-20180630x10q.htm
0,2018-03-31,INSM,2018-05-02,2018-05-02 07:59:01,Q1,32653000,0.0,32653000,1.0,30100000,32650000,0.0,86000.0,64960000,64960000,5642000.0,770000.0,-62058000,-1.971855572229198,-64960000,-2.097081432027685,90000.0,-68480000,-2.097081432027685,50000.0,-68520000,-2.09855143478394,-0.89428,-0.89428,76620000,76620000,https://www.sec.gov/Archives/edgar/data/1104506/000110450618000004/0001104506-18-000004-index.htm,https://www.sec.gov/Archives/edgar/data/1104506/000110450618000002/insmed10k2017.htm
0,2017-12-31,INSM,2018-02-23,2018-02-23 08:00:43,Q4,31404000,0.0,31404000,1.0,33950000,31400000,0.0,300000.0,65350000,65350000,1466000.0,730000.0,-63554000,-2.069513437778627,-65350000,-2.0936823334607055,90000.0,-65750000,-2.0936823334607055,-370000.0,-65380000,-2.0820277671634186,-0.8523,-0.8523,76710000,76710000,https://www.sec.gov/Archives/edgar/data/1104506/000110450618000002/0001104506-18-000002-index.htm,https://www.sec.gov/Archives/edgar/data/1104506/000110450618000002/insmed10k2017.htm
0,2017-09-30,INSM,2017-11-02,2017-11-02 07:58:13,Q3,17408000,0.0,17408000,1.0,26680000,17410000,0.0,0.0,44080000,44080000,1496000.0,720000.0,-42934000,-2.5510110294117645,-44080000,-2.59375,100000.0,-45150000,-2.59375,30000.0,-45180000,-2.5953010110294117,-0.69178,-0.69178,65310000,65310000,https://www.sec.gov/Archives/edgar/data/1104506/000110450617000005/0001104506-17-000005-index.htm,https://www.sec.gov/Archives/edgar/data/1104506/000110450617000005/insm-20170930x10q.htm
0,2017-06-30,INSM,2017-08-03,2017-08-03 08:01:25,Q2,16644000,0.0,16644000,1.0,26870000,16640000,0.0,95000.0,43520000,43520000,1489000.0,730000.0,-42411000,-2.6356044220139387,-43520000,-2.681747176159577,200000.0,-44640000,-2.681747176159577,40000.0,-44670000,-2.683970199471281,-0.71805,-0.71805,62210000,62210000,https://www.sec.gov/Archives/edgar/data/1104506/000110465917049121/0001104659-17-049121-index.htm,https://www.sec.gov/Archives/edgar/data/1104506/000110465917049121/a17-13313_110q.htm
0,2017-03-31,INSM,2017-05-03,2017-05-03 08:02:01,Q1,0.0,0.0,0.0,1.0,22250000,13720000,0.0,-95000.0,35970000,35970000,1474000.0,720000.0,-35186000,-2.671308786000729,-35970000,-2.7257746992344147,-100000.0,-37380000,-2.7257746992344147,30000.0,-37410000,-2.727962085308057,-0.603,-0.603,62040000,62040000,https://www.sec.gov/Archives/edgar/data/1104506/000110465917029170/0001104659-17-029170-index.htm,https://www.sec.gov/Archives/edgar/data/1104506/000104746917000856/a2230968z10-k.htm
0,2016-12-31,INSM,2017-02-23,2017-02-23 08:07:55,Q4,0.0,0.0,0.0,0.0,54870000,12180000,0.0,191000.0,67050000,67050000,1483000.0,679999.9999999999,-66207000,0.0,-67050000,0.0,30000.0,-68380000,0.0,30000.0,-68400000,0.0,-1.10394,-1.10394,61960000,61960000,https://www.sec.gov/Archives/edgar/data/1104506/000104746917000856/0001047469-17-000856-index.htm,https://www.sec.gov/Archives/edgar/data/1104506/000104746917000856/a2230968z10-k.htm
0,2016-09-30,INSM,2016-11-03,2016-11-03 08:01:32,Q3,13716000,0.0,13716000,1.0,23430000,13720000,0.0,45000.0,37150000,37150000,769000.0,679999.9999999999,-36281000,-2.689268008165646,-37150000,-2.75116652085156,50000.0,-37740000,-2.75116652085156,30000.0,-37760000,-2.752989209682123,-0.61021,-0.61021,61880000,61880000,https://www.sec.gov/Archives/edgar/data/1104506/000110465916154364/0001104659-16-154364-index.htm,https://www.sec.gov/Archives/edgar/data/1104506/000110465916154364/a16-17150_110q.htm
0,2016-06-30,INSM,2016-08-04,2016-08-04 08:02:23,Q2,12262000,0.0,12262000,1.0,23870000,12260000,0.0,47000.0,36130000,36130000,624000.0,570000.0000000001,-35366000,-2.9323112053498614,-36130000,-2.9816506279562875,30000.0,-36560000,-2.9816506279562875,20000.0,-36580000,-2.9831185777197846,-0.59114,-0.59114,61880000,61880000,https://www.sec.gov/Archives/edgar/data/1104506/000110465916136806/0001104659-16-136806-index.htm,https://www.sec.gov/Archives/edgar/data/1104506/000110465916136806/a16-11538_110q.htm
0,2016-03-31,INSM,2016-05-05,2016-05-05 08:01:30,Q1,12520000,0.0,12520000,1.0,20550000,12520000,0.0,0.0,33070000,33070000,622000.0,510000.0,-32368000,-2.631948881789137,-33070000,-2.676038338658147,20000.0,-33500000,-2.676038338658147,30000.0,-33530000,-2.6782747603833865,-0.54203,-0.54203,61860000,61860000,https://www.sec.gov/Archives/edgar/data/1104506/000110465916117987/0001104659-16-117987-index.htm,https://www.sec.gov/Archives/edgar/data/1104506/000104746916010395/a2227323z10-k.htm
0,2015-12-31,INSM,2016-02-25,2016-02-25 08:04:51,Q4,0.0,0.0,0.0,0.0,19650000,12940000,0.0,-1484000.0,32590000,32590000,724000.0,639999.9999999999,-31856000,0.0,-32590000,0.0,0.0,-33220000,0.0,-1970000.0,-31250000,0.0,-0.50534,-0.50534,61840000,61840000,https://www.sec.gov/Archives/edgar/data/1104506/000104746916010395/0001047469-16-010395-index.htm,https://www.sec.gov/Archives/edgar/data/1104506/000104746916010395/a2227323z10-k.htm
0,2015-09-30,INSM,2015-11-06,2015-11-06 08:06:02,Q3,11024000,0.0,11024000,1.0,19220000,11020000,0.0,-67000.0,30250000,30250000,725000.0,460000.0000000001,-29775000,-2.7562590711175616,-30250000,-2.808599419448476,-70000.0,-30960000,-2.808599419448476,0.0,-30960000,-2.808599419448476,-0.50121,-0.50121,61770000,61770000,https://www.sec.gov/Archives/edgar/data/1104506/000110465915076446/0001104659-15-076446-index.htm,https://www.sec.gov/Archives/edgar/data/1104506/000110465915076446/a15-18005_110q.htm
0,2015-06-30,INSM,2015-08-06,2015-08-06 07:31:12,Q2,9706000.0,0.0,9706000.0,1.0,18250000,9710000.0,0.0,-5000.0,27950000,27950000,718000.0,450000.0,-27442000,-2.8886255924170614,-27950000,-2.9473521533072327,-10000.0,-28610000,-2.9473521533072327,0.0,-28610000,-2.9473521533072327,-0.47033,-0.47033,60830000,60830000,https://www.sec.gov/Archives/edgar/data/1104506/000110465915056784/0001104659-15-056784-index.htm,https://www.sec.gov/Archives/edgar/data/1104506/000110465915056784/a15-12110_110q.htm
0,2015-03-31,INSM,2015-05-07,2015-05-07 08:00:56,Q1,9542000.0,0.0,9542000.0,1.0,17160000,9540000.0,0.0,36000.0,26710000,26710000,722000.0,430000.0,-26218000,-2.811884300985118,-26710000,-2.8682666107734227,40000.0,-27370000,-2.8682666107734227,0.0,-27370000,-2.8682666107734227,-0.54784,-0.54784,49960000,49960000,https://www.sec.gov/Archives/edgar/data/1104506/000110465915035191/0001104659-15-035191-index.htm,https://www.sec.gov/Archives/edgar/data/1104506/000104746915001346/a2222985z10-k.htm
0,2014-12-31,INSM,2015-02-27,2015-02-27 07:50:18,Q4,9000.0,0.0,9000.0,1.0,14800000,8270000.0,0.0,-3124000.0,23070000,23070000,620000.0,370000.0000000001,-22690000,-1419.4444444444443,-23070000,-1473.111111111111,-10000.0,-23680000,-1473.111111111111,-6030000.0,-17650000,-1473.111111111111,-0.35492,-0.35492,49730000,49730000,https://www.sec.gov/Archives/edgar/data/1104506/000104746915001346/0001047469-15-001346-index.htm,https://www.sec.gov/Archives/edgar/data/1104506/000104746915001346/a2222985z10-k.htm
0,2014-09-30,INSM,2014-11-06,2014-11-06 07:40:56,Q3,0.0,0.0,0.0,0.0,15200000,8200000.0,0.0,152000.0,23400000,23400000,594000.0,359999.99999999994,-23036000,0.0,-23400000,0.0,152000.0,-23990000,0.0,0.0,-23990000,0.0,-0.54424,-0.54424,44080000,44080000,https://www.sec.gov/Archives/edgar/data/1104506/000110465914077304/0001104659-14-077304-index.htm,https://www.sec.gov/Archives/edgar/data/1104506/000110465914077304/a14-19864_110q.htm
0,2014-06-30,INSM,2014-08-06,2014-08-06 07:31:13,Q2,0.0,0.0,0.0,0.0,14940000,7870000.0,0.0,0.0,22820000,22820000,595000.0,170000.0,-22455000,0.0,-22820000,0.0,180000.0,-23220000,0.0,0.0,-23220000,0.0,-0.59129,-0.59129,39270000,39270000,https://www.sec.gov/Archives/edgar/data/1104506/000110465914057161/0001104659-14-057161-index.htm,https://www.sec.gov/Archives/edgar/data/1104506/000110465914057161/a14-14157_110q.htm
0,2014-03-31,INSM,2014-05-08,2014-05-08 07:31:17,Q1,6728000.0,0.0,6728000.0,1.0,11350000,6730000.0,0.0,0.0,18080000,18080000,606000.0,170000.0,-17914000,-2.737514863258026,-18080000,-2.777497027348395,-20000.0,-18690000,-2.777497027348395,-4390000.0,-14300000,-2.777497027348395,-0.36442,-0.36442,39240000,39240000,https://www.sec.gov/Archives/edgar/data/1104506/000110465914036103/0001104659-14-036103-index.htm,https://www.sec.gov/Archives/edgar/data/1104506/000104746914001864/a2218603z10-k.htm
0,2013-12-31,INSM,2014-03-06,2014-03-06 07:36:16,Q4,11500000,0.0,11500000,1.0,9630000.0,5970000.0,0.0,0.0,15590000,15590000,610000.0,200000.00000000006,-15400000,-4.957565217391305,-15590000,-4.982086956521739,-40000.0,-16210000,-4.982086956521739,0.0,-16210000,-4.875913043478261,-0.41363,-0.41363,39190000,39190000,https://www.sec.gov/Archives/edgar/data/1104506/000104746914001864/0001047469-14-001864-index.htm,https://www.sec.gov/Archives/edgar/data/1104506/000104746914001864/a2218603z10-k.htm
0,2013-09-30,INSM,2013-11-05,2013-11-05 07:30:59,Q3,11500000,0.0,11500000,1.0,12100000,4750000.0,0.0,0.0,16840000,16840000,525000.0,180000.0,-16625000,-3.555565217391304,-16840000,-3.5721739130434784,0.0,-17330000,-3.5721739130434784,-1221000.0,-17330000,-3.466,-0.46349,-0.46349,37390000,37390000,https://www.sec.gov/Archives/edgar/data/1104506/000110465913080816/0001104659-13-080816-index.htm,https://www.sec.gov/Archives/edgar/data/1104506/000110465913080816/a13-19824_110q.htm
0,2013-06-30,INSM,2013-08-06,2013-08-06 07:31:00,Q2,11500000,0.0,11500000,1.0,12230000,7540000.0,0.0,0.0,19770000,19770000,634000.0,150000.0,-8066000.0,-0.701391,-8270000.0,-0.71913,0.0,-8850000.0,-0.769565,0.0,-8850000.0,-0.769565,-0.27874,-0.27874,31750000,31750000,https://www.sec.gov/Archives/edgar/data/1104506/000110465913060111/0001104659-13-060111-index.htm,https://www.sec.gov/Archives/edgar/data/1104506/000110465913060111/a13-14008_110q.htm
0,2013-03-31,INSM,2013-05-07,2013-05-07 07:31:16,Q1,3975000.0,0.0,3975000.0,1.0,10330000,3980000.0,0.0,0.0,14310000,14310000,643000.0,150000.0,-14107000,-3.68125786163522,-14310000,-3.748176100628931,0.0,-14900000,-3.748176100628931,-1220000.0,-13680000,-3.4410062893081763,-0.4336,-0.4336,31550000,31550000,https://www.sec.gov/Archives/edgar/data/1104506/000110465913037892/0001104659-13-037892-index.htm,https://www.sec.gov/Archives/edgar/data/1104506/000114036113012797/form10k.htm
0,2012-12-31,INSM,2013-03-18,2013-03-18 07:30:56,Q4,5000.0,0.0,5000.0,1.0,11590000,4250000.0,0.0,0.0,15840000,15840000,538000.0,150000.0000000001,-14762000,-8208.8,-15840000,-8274.8,0.0,-15460000,-8274.8,0.0,-15450000,-8274.8,-0.49157,-0.49157,31430000,31430000,https://www.sec.gov/Archives/edgar/data/1104506/000114036113012797/0001140361-13-012797-index.htm,https://www.sec.gov/Archives/edgar/data/1104506/000114036113012797/form10k.htm
0,2012-09-30,INSM,2012-11-07,2012-11-07 07:34:18,Q3,5.0,0.0,5.0,1.0,5710000.0,3650000.0,0.0,0.0,9350000.0,9350000.0,222000.0,139999.99999999997,-9018000.0,-5145.2,-9350000.0,-5183.8,0.0,-9380000.0,-5183.8,4.0,-9380000.0,-5184.6,-0.37505,-0.37505,25010000,25010000,https://www.sec.gov/Archives/edgar/data/1104506/000114036112045934/0001140361-12-045934-index.htm,https://www.sec.gov/Archives/edgar/data/1104506/000114036112045934/form10q.htm
0,2012-06-30,INSM,2012-08-07,2012-08-07 08:00:56,Q2,5.0,0.0,5.0,1.0,7750000.0,2240000.0,0.0,12014000,9980000.0,9980000.0,1000.0,130000.0,-9569000.0,-3279.8,-9980000.0,-3307.4,0.0,-9690000.0,-3307.4,4.0,-9700000.0,-3308.2,-0.38987,-0.38987,24880000,24880000,https://www.sec.gov/Archives/edgar/data/1104506/000114036112035365/0001140361-12-035365-index.htm,https://www.sec.gov/Archives/edgar/data/1104506/000114036112035365/form10q.htm
0,2012-03-31,INSM,2012-05-08,2012-05-08 08:06:39,Q1,5.0,0.0,5.0,1.0,4740000.0,2530000.0,0.0,0.0,7260000.0,7260000.0,2000.0,140000.0,-6708000.0,-1341.4,-7260000.0,-1368.6,10000.0,-6840000.0,-1368.6,2.0,-6850000.0,-1369.0,-0.27554,-0.27554,24860000,24860000,https://www.sec.gov/Archives/edgar/data/1104506/000114036112023462/0001140361-12-023462-index.htm,https://www.sec.gov/Archives/edgar/data/1104506/000114036112015075/form10k.htm
0,2011-12-31,INSM,2012-03-13,2012-03-13 06:30:07,Q4,1400000.0,0.0,1400000.0,1.0,6520000.0,3760000.0,0.0,0.0,10270000,10270000,19000.0,110000.00000000001,-8031000.0,-5.736429,-8870000.0,-6.335714,653000.0,-8160000.0,-5.828571,-2000.0,-8160000.0,-5.828571,-0.32745,-0.32745,24920000,24920000,https://www.sec.gov/Archives/edgar/data/1104506/000114036112015075/0001140361-12-015075-index.htm,https://www.sec.gov/Archives/edgar/data/1104506/000114036112015075/form10k.htm
0,2011-09-30,INSM,2011-11-09,2011-11-09 11:12:24,Q3,440000.0,0.0,440000.0,1.0,6930000.0,2470000.0,0.0,25990000,35400000,35400000,-2000.0,80000.00000000001,-34512000,-78.436364,-34960000,-79.454545,434.0,-34590000,-78.613636,0.0,-34590000,-78.613636,-1.39307,-1.39307,24830000,24830000,https://www.sec.gov/Archives/edgar/data/1104506/000110450611000041/0001104506-11-000041-index.htm,https://www.sec.gov/Archives/edgar/data/1104506/000110450611000041/i10q.htm
0,2011-06-30,INSM,2011-08-08,2011-08-08 07:30:30,Q2,980000.0,0.0,980000.0,1.0,8710000.0,2750000.0,0.0,0.0,11450000,11450000,-7000.0,69999.99999999999,-9957000.0,-10.160204,-10470000,-10.683673,977.0,-10020000,-10.22449,0.0,-10020000,-10.22449,-0.40354,-0.40354,24830000,24830000,https://www.sec.gov/Archives/edgar/data/1104506/000110450611000033/0001104506-11-000033-index.htm,https://www.sec.gov/Archives/edgar/data/1104506/000110450611000033/i10q.htm
0,2011-03-31,INSM,2011-05-10,2011-05-10 08:06:33,Q1,1600000.0,0.0,1600000.0,1.0,5760000.0,3260000.0,0.0,0.0,9020000.0,9020000.0,4000.0,80000.0,-6806000.0,-4.25375,-7420000.0,-4.6375,1351.0,-6890000.0,-4.30625,2.0,-6890000.0,-4.30625,-0.36629,-0.36629,18810000,18810000,https://www.sec.gov/Archives/edgar/data/1104506/000110450611000023/0001104506-11-000023-index.htm,https://www.sec.gov/Archives/edgar/data/1104506/000110450611000016/i10-k.htm
0,2010-12-31,INSM,2011-03-16,2011-03-16 15:59:34,Q4,1320000.0,0.0,1320000.0,1.0,2450000.0,5200000.0,0.0,0.0,7650000.0,7650000.0,81000.0,20000.000000000004,-5739000.0,-4.347727,-6330000.0,-4.795455,1320000.0,-5850000.0,-4.431818,-2000.0,-5840000.0,-4.424242,-0.41954,-0.41954,13920000,13920000,https://www.sec.gov/Archives/edgar/data/1104506/000110450611000016/0001104506-11-000016-index.htm,https://www.sec.gov/Archives/edgar/data/1104506/000110450611000016/i10-k.htm
0,2010-09-30,INSM,2010-11-03,2010-11-03 08:48:25,Q3,1810000.0,0.0,1810000.0,1.0,770000.0,1640000.0,0.0,0.0,2410000.0,2410000.0,350000.0,0.0,100000.0,0.055249,-600000.0,-0.331492,1806.0,-250000.0,-0.138122,80000.0,-330000.0,-0.18232,-0.02533,-0.02533,13030000,13030000,https://www.sec.gov/Archives/edgar/data/1104506/000110450610000017/0001104506-10-000017-index.htm,https://www.sec.gov/Archives/edgar/data/1104506/000110450610000017/i10q.htm
0,2010-06-30,INSM,2010-08-04,2010-08-04 16:07:46,Q2,1860000.0,0.0,1860000.0,1.0,890000.0,1880000.0,0.0,0.0,2780000.0,2780000.0,540000.0,0.0,160000.0,0.086022,-910000.0,-0.489247,1864.0,-380000.0,-0.204301,3.0,-380000.0,-0.204301,-0.02919,-0.02919,13020000,13020000,https://www.sec.gov/Archives/edgar/data/1104506/000110450610000013/0001104506-10-000013-index.htm,https://www.sec.gov/Archives/edgar/data/1104506/000110450610000013/i10q.htm
0,2010-03-31,INSM,2010-05-06,2010-05-06 16:23:54,Q1,1930000.0,0.0,1930000.0,1.0,640000.0,1540000.0,0.0,0.0,2180000.0,2180000.0,28000.0,30000.0,178000.0,0.092228,-250000.0,-0.129534,1927.0,120000.0,0.062176,0.0,120000.0,0.062176,0.00919,0.00919,13060000,13060000,https://www.sec.gov/Archives/edgar/data/1104506/000110450610000008/0001104506-10-000008-index.htm,https://www.sec.gov/Archives/edgar/data/1104506/000110450610000004/i10k.htm
0,2009-12-31,INSM,2010-03-16,2010-03-15 18:21:49,Q4,2490000.0,0.0,2490000.0,1.0,720000.0,1420000.0,0.0,0.0,2150000.0,2150000.0,51000.0,49999.99999999993,90999.99999999993,0.036546,340000.0,0.136546,-290000.0,-10000.0,-0.004016,-2320000.0,2310000.0,0.927711,0.17865,0.17865,12930000,12930000,https://www.sec.gov/Archives/edgar/data/1104506/000110450610000004/0001104506-10-000004-index.htm,https://www.sec.gov/Archives/edgar/data/1104506/000110450610000004/i10k.htm
0,2009-09-30,INSM,2009-11-09,2009-11-09 08:35:17,Q3,2480000.0,0.0,2480000.0,1.0,1140000.0,2100000.0,0.0,0.0,3240000.0,3240000.0,68000.0,60000.00000000005,-21999.99999999995,-0.008871,-760000.0,-0.306452,2454.0,-150000.0,-0.060484,0.0,-150000.0,-0.060484,-0.01159,-0.01159,12940000,12940000,https://www.sec.gov/Archives/edgar/data/1104506/000110450609000025/0001104506-09-000025-index.htm,https://www.sec.gov/Archives/edgar/data/1104506/000110450609000025/i10q.htm
0,2009-06-30,INSM,2009-08-13,2009-08-13 16:21:25,Q2,3040000.0,0.0,3040000.0,1.0,1470000.0,2870000.0,0.0,0.0,4350000.0,4350000.0,420000.0,390000.0,-790000.0,-0.259868,-1310000.0,-0.430921,10000.0,-1600000.0,-0.526316,0.0,-1600000.0,-0.526316,-0.12678,-0.12678,12620000,12620000,https://www.sec.gov/Archives/edgar/data/1104506/000110450609000021/0001104506-09-000021-index.htm,https://www.sec.gov/Archives/edgar/data/1104506/000110450609000021/i10q.htm
0,2009-03-31,INSM,2009-05-13,2009-05-13 16:27:50,Q1,2370000.0,0.0,2370000.0,1.0,5870000.0,3450000.0,0.0,0.0,9320000.0,9320000.0,242000.0,210000.0,121042000,51.072574,-6950000.0,-2.932489,127760000,120590000,50.881857,2790000.0,117800000,49.704641,9.60065,9.60065,12270000,12270000,https://www.sec.gov/Archives/edgar/data/1104506/000110450609000010/0001104506-09-000010-index.htm,https://www.sec.gov/Archives/edgar/data/1104506/000110450609000004/i10k.htm
0,2008-12-31,INSM,2009-03-31,2009-03-31 17:10:56,Q4,2860000.0,0.0,2860000.0,1.0,5270000.0,1320000.0,0.0,0.0,5600000.0,5600000.0,273000.0,229999.99999999997,-3457000.0,-1.208741,-2740000.0,-0.958042,2798.0,-3960000.0,-1.384615,0.0,-3960000.0,-1.384615,-0.32379,-0.32379,12230000,12230000,https://www.sec.gov/Archives/edgar/data/1104506/000110450609000004/0001104506-09-000004-index.htm,https://www.sec.gov/Archives/edgar/data/1104506/000110450609000004/i10k.htm
0,2008-09-30,INSM,2008-11-05,2008-11-05 17:05:00,Q3,4070000.0,0.0,4070000.0,1.0,5000000.0,960000.0,0.0,0.0,6010000.0,6010000.0,301000.0,250000.0,-1609000.0,-0.395332,-1940000.0,-0.476658,2802.0,-2160000.0,-0.530713,0.0,-2160000.0,-0.530713,-0.17661,-0.17661,12230000,12230000,https://www.sec.gov/Archives/edgar/data/1104506/000110450608000010/0001104506-08-000010-index.htm,https://www.sec.gov/Archives/edgar/data/1104506/000110450608000010/i10q.htm
0,2008-06-30,INSM,2008-08-08,2008-08-08 16:05:50,Q2,2370000.0,0.0,2370000.0,1.0,5460000.0,1300000.0,0.0,0.0,6810000.0,6810000.0,328000.0,270000.0000000001,-4072000.0,-1.718143,-4440000.0,-1.873418,2619.0,-4670000.0,-1.970464,0.0,-4670000.0,-1.970464,-0.37937,-0.37937,12310000,12310000,https://www.sec.gov/Archives/edgar/data/1104506/000119312508171909/0001193125-08-171909-index.htm,https://www.sec.gov/Archives/edgar/data/1104506/000119312508171909/d10q.htm
0,2008-03-31,INSM,2008-05-09,2008-05-09 08:35:25,Q1,2400000.0,0.0,2400000.0,1.0,5320000.0,1480000.0,0.0,0.0,7200000.0,7200000.0,354000.0,290000.0,-4226000.0,-1.760833,-4800000.0,-2.0,2292.0,-4870000.0,-2.029167,0.0,-4870000.0,-2.029167,-0.39951,-0.39951,12190000,12190000,https://www.sec.gov/Archives/edgar/data/1104506/000119312508108902/0001193125-08-108902-index.htm,https://www.sec.gov/Archives/edgar/data/1104506/000119312508054197/d10k.htm
0,2007-12-31,INSM,2008-03-12,2008-03-12 16:28:00,Q4,2140000.0,0.0,2140000.0,1.0,4610000.0,870000.0,0.0,0.0,5480000.0,5480000.0,217000.0,149999.99999999997,-2933000.0,-1.370561,-3340000.0,-1.560748,2039000.0,-3300000.0,-1.542056,0.0,-3300000.0,-1.542056,-0.27094,-0.27094,12180000,12180000,https://www.sec.gov/Archives/edgar/data/1104506/000119312508054197/0001193125-08-054197-index.htm,https://www.sec.gov/Archives/edgar/data/1104506/000119312508054197/d10k.htm
0,2007-09-30,INSM,2007-11-09,2007-11-09 16:07:32,Q3,1580000.0,0.0,1580000.0,1.0,4790000.0,920000.0,0.0,0.0,5710000.0,5710000.0,159000.0,90000.0,-3661000.0,-2.317089,-4120000.0,-2.607595,1424.0,-3910000.0,-2.474684,0.0,-3910000.0,-2.474684,-0.29779,-0.29779,13130000,13130000,https://www.sec.gov/Archives/edgar/data/1104506/000119312507242432/0001193125-07-242432-index.htm,https://www.sec.gov/Archives/edgar/data/1104506/000119312507242432/d10q.htm
0,2007-06-30,INSM,2007-08-06,2007-08-06 16:26:55,Q2,2200000.0,0.0,2200000.0,1.0,3690000.0,1080000.0,0.0,0.0,4770000.0,4770000.0,155000.0,90000.00000000001,-2255000.0,-1.025,-2570000.0,-1.168182,1213.0,-2500000.0,-1.136364,0.0,-2500000.0,-1.136364,-0.23697,-0.23697,10550000,10550000,https://www.sec.gov/Archives/edgar/data/1104506/000119312507172027/0001193125-07-172027-index.htm,https://www.sec.gov/Archives/edgar/data/1104506/000119312507172027/d10q.htm
0,2007-03-31,INSM,2007-05-10,2007-05-10 14:19:25,Q1,1660000.0,580000.0,1080000.0,0.6506024096385542,6110000.0,5380000.0,0.0,0.0,11480000,12060000,151000.0,80000.0,-10019000,-6.035542,-10400000,-6.26506,702.0,-10250000,-6.174699,0.0,-10250000,-6.174699,-1.01185,-1.01185,10130000,10130000,https://www.sec.gov/Archives/edgar/data/1104506/000119312507109940/0001193125-07-109940-index.htm,https://www.sec.gov/Archives/edgar/data/1104506/000119312507056486/d10k.htm
0,2006-12-31,INSM,2007-03-16,2007-03-16 09:49:00,Q4,500000.0,840000.0,-340000.0,-0.68,4250000.0,9720000.0,0.0,0.0,21070000,21910000,552000.0,470000.0000000002,-20408000,-40.816,-21410000,-42.82,0.0,-21430000,-42.86,0.0,-21430000,-42.86,-2.13022,-2.13022,10060000,10060000,https://www.sec.gov/Archives/edgar/data/1104506/000119312507056486/0001193125-07-056486-index.htm,https://www.sec.gov/Archives/edgar/data/1104506/000119312507056486/d10k.htm
0,2006-09-30,INSM,2006-11-08,2006-11-08 17:30:09,Q3,230000.0,630000.0,-400000.0,-1.7391304347826086,5320000.0,7000000.0,0.0,0.0,12319999.999999998,12949999.999999998,168000.0,89999.99999999985,-12112000,-52.66087,-12720000,-55.304348,0.0,-12370000,-53.782609,0.0,-12370000,-53.782609,-1.23453,-1.23453,10020000,10020000,https://www.sec.gov/Archives/edgar/data/1104506/000119312506228596/0001193125-06-228596-index.htm,https://www.sec.gov/Archives/edgar/data/1104506/000119312506228596/d10q.htm
0,2006-06-30,INSM,2006-08-09,2006-08-09 16:33:54,Q2,210000.0,20000.0,190000.0,0.9047619047619048,4350000.0,5160000.0,0.0,0.0,9510000.0,9530000.0,164000.0,80000.00000000007,-8666000.0,-41.266667,-9320000.0,-44.380952,0.0,-8910000.0,-42.428571,0.0,-8910000.0,-42.428571,-0.88922,-0.88922,10020000,10020000,https://www.sec.gov/Archives/edgar/data/1104506/000119312506167812/0001193125-06-167812-index.htm,https://www.sec.gov/Archives/edgar/data/1104506/000119312506167812/d10q.htm
0,2006-03-31,INSM,2006-05-09,2006-05-09 16:39:52,Q1,50000.0,0.0,50000.0,1.0,7170000.0,3800000.0,0.0,0.0,10970000,10970000,2819000.0,2730000.0,-7881000.0,-157.62,-10920000,-218.4,0.0,-13430000,-268.6,0.0,-13430000,-268.6,-1.67875,-1.67875,8000000.0,8000000.0,https://www.sec.gov/Archives/edgar/data/1104506/000119312506105509/0001193125-06-105509-index.htm,https://www.sec.gov/Archives/edgar/data/1104506/000119312506045468/d10k.htm
0,2005-12-31,INSM,2006-03-06,2006-03-06 06:22:40,Q4,20000.0,0.0,20000.0,1.0,5480000.0,1610000.0,0.0,0.0,7090000.0,7090000.0,6021000.0,5660000.0,-1209000.0,-60.45,-7060000.0,-353.0,0.0,-12890000,-644.5,0.0,-12890000,-644.5,-2.2535,-2.2535,5720000.0,5720000.0,https://www.sec.gov/Archives/edgar/data/1104506/000119312506045468/0001193125-06-045468-index.htm,https://www.sec.gov/Archives/edgar/data/1104506/000119312506045468/d10k.htm
0,2005-09-30,INSM,2005-11-07,2005-11-07 17:17:00,Q3,20000.0,0.0,20000.0,1.0,6730000.0,1190000.0,0.0,0.0,7920000.0,7920000.0,6096000.0,5670000.0,-1994000.0,-99.7,-7900000.0,-395.0,0.0,-13760000,-688.0,0.0,-13760000,-688.0,-2.87866,-2.87866,4780000.0,4780000.0,https://www.sec.gov/Archives/edgar/data/1104506/000119312505218371/0001193125-05-218371-index.htm,https://www.sec.gov/Archives/edgar/data/1104506/000119312505218371/d10q.htm
0,2005-06-30,INSM,2005-08-09,2005-08-09 13:13:56,Q2,30000.0,0.0,30000.0,1.0,5340000.0,1640000.0,0.0,0.0,6980000.0,6980000.0,1825000.0,1340000.0,-5355000.0,-178.5,-6950000.0,-231.666667,0.0,-8520000.0,-284.0,0.0,-8520000.0,-284.0,-1.89333,-1.89333,4500000.0,4500000.0,https://www.sec.gov/Archives/edgar/data/1104506/000119312505162218/0001193125-05-162218-index.htm,https://www.sec.gov/Archives/edgar/data/1104506/000119312505162218/d10q.htm
0,2005-03-31,INSM,2005-05-10,2005-05-10 16:10:54,Q1,60000.0,0.0,60000.0,1.0,4290000.0,1290000.0,0.0,0.0,5580000.0,5580000.0,305000.0,230000.0,-5225000.0,-87.083333,-5520000.0,-92.0,0.0,-5760000.0,-96.0,0.0,-5760000.0,-96.0,-1.28,-1.28,4500000.0,4500000.0,https://www.sec.gov/Archives/edgar/data/1104506/000119312505102760/0001193125-05-102760-index.htm,https://www.sec.gov/Archives/edgar/data/1104506/000119312505052742/d10k.htm
0,2004-12-31,INSM,2005-03-16,2005-03-16 16:11:24,Q4,20000.0,0.0,20000.0,1.0,4910000.0,1000000.0,0.0,0.0,5910000.0,5910000.0,50000.0,3.0,-5790000.0,-289.5,-5880000.0,-294.0,0.0,-5840000.0,-292.0,0.0,-5840000.0,-292.0,-1.41063,-1.41063,4140000.0,4140000.0,https://www.sec.gov/Archives/edgar/data/1104506/000119312505052742/0001193125-05-052742-index.htm,https://www.sec.gov/Archives/edgar/data/1104506/000119312505052742/d10k.htm
0,2004-09-30,INSM,2004-11-09,2004-11-09 16:29:21,Q3,20000.0,0.0,20000.0,1.0,6790000.0,890000.0,0.0,0.0,7670000.0,7670000.0,50000.0,9999.999999999998,-7540000.0,-377.0,-7650000.0,-382.5,0.0,-7600000.0,-380.0,0.0,-7600000.0,-380.0,-1.97917,-1.97917,3840000.0,3840000.0,https://www.sec.gov/Archives/edgar/data/1104506/000119312504191343/0001193125-04-191343-index.htm,https://www.sec.gov/Archives/edgar/data/1104506/000119312504191343/d10q.htm
0,2004-06-30,INSM,2004-08-09,2004-08-09 12:13:16,Q2,30000.0,0.0,30000.0,1.0,7770000.0,1320000.0,0.0,0.0,9090000.0,9090000.0,50000.0,10000.0,-8950000.0,-298.333333,-9060000.0,-302.0,0.0,-9010000.0,-300.333333,0.0,-9010000.0,-300.333333,-2.34635,-2.34635,3840000.0,3840000.0,https://www.sec.gov/Archives/edgar/data/1104506/000119312504135509/0001193125-04-135509-index.htm,https://www.sec.gov/Archives/edgar/data/1104506/000119312504135509/d10q.htm
0,2004-03-31,INSM,2004-05-10,2004-05-10 14:25:59,Q1,60000.0,0.0,60000.0,1.0,3860000.0,1040000.0,0.0,0.0,4900000.0,4900000.0,80000.0,10000.0,-4670000.0,-77.833333,-4840000.0,-80.666667,0.0,-4760000.0,-79.333333,0.0,-4760000.0,-79.333333,-1.23958,-1.23958,3840000.0,3840000.0,https://www.sec.gov/Archives/edgar/data/1104506/000119312504083450/0001193125-04-083450-index.htm,https://www.sec.gov/Archives/edgar/data/1104506/000119312504040365/d10k.htm
0,2003-12-31,INSM,2004-03-12,2004-03-12 14:50:44,Q4,30000.0,0.0,30000.0,1.0,1520000.0,1010000.0,0.0,119000.0,2530000.0,2530000.0,50000.0,20000.000000000004,-2380000.0,-79.333333,-2500000.0,-83.333333,0.0,-2450000.0,-81.666667,0.0,-2450000.0,-81.666667,-0.63802,-0.63802,3840000.0,3840000.0,https://www.sec.gov/Archives/edgar/data/1104506/000119312504040365/0001193125-04-040365-index.htm,https://www.sec.gov/Archives/edgar/data/1104506/000119312504040365/d10k.htm
0,2003-09-30,INSM,2003-11-14,2003-11-13 19:07:25,Q3,30000.0,0.0,30000.0,1.0,1820000.0,670000.0,0.0,0.0,2500000.0,2500000.0,70000.0,20000.000000000004,-2310000.0,-77.0,-2470000.0,-82.333333,0.0,-2400000.0,-80.0,0.0,-2400000.0,-80.0,-0.6383,-0.6383,3760000.0,3760000.0,https://www.sec.gov/Archives/edgar/data/1104506/000119312503080525/0001193125-03-080525-index.htm,https://www.sec.gov/Archives/edgar/data/1104506/000119312503080525/d10q.htm
0,2003-06-30,INSM,2003-08-12,2003-08-12 15:55:41,Q2,30000.0,0.0,30000.0,1.0,2220000.0,1120000.0,0.0,0.0,3350000.0,3350000.0,70000.0,30000.0,-3140000.0,-104.666667,-3310000.0,-110.333333,0.0,-3240000.0,-108.0,0.0,-3240000.0,-108.0,-0.9759,-0.9759,3320000.0,3320000.0,https://www.sec.gov/Archives/edgar/data/1104506/000119312503034282/0001193125-03-034282-index.htm,https://www.sec.gov/Archives/edgar/data/1104506/000119312503034282/d10q.htm
0,2003-03-31,INSM,2003-05-15,2003-05-15 13:03:21,Q1,60000.0,0.0,60000.0,1.0,1580000.0,790000.0,0.0,0.0,2360000.0,2360000.0,90000.0,30000.0,-2090000.0,-34.833333,-2300000.0,-38.333333,0.0,-2210000.0,-36.833333,0.0,-2210000.0,-36.833333,-0.66566,-0.66566,3320000.0,3320000.0,https://www.sec.gov/Archives/edgar/data/1104506/000091664103001559/0000916641-03-001559-index.htm,https://www.sec.gov/Archives/edgar/data/1104506/000091664103000829/d10k.htm
0,2002-12-31,INSM,2003-03-28,2003-03-28 11:08:55,Q4,30000.0,0.0,30000.0,1.0,2350000.0,910000.0,0.0,15385000,18650000,18650000,130000.0,29999.99999999997,-18340000,-611.333333,-18620000,-620.666667,0.0,-18500000,-616.666667,0.0,-18500000,-616.666667,-5.58912,-5.58912,3310000.0,3310000.0,https://www.sec.gov/Archives/edgar/data/1104506/000091664103000829/0000916641-03-000829-index.htm,https://www.sec.gov/Archives/edgar/data/1104506/000091664103000829/d10k.htm
0,2002-09-30,INSM,2002-11-08,2002-11-08 13:43:56,Q3,1760000.0,0.0,1760000.0,1.0,3440000.0,600000.0,0.0,2533000.0,6570000.0,6570000.0,110000.0,90000.0,-4510000.0,-2.5625,-4810000.0,-2.732955,0.0,-4710000.0,-2.676136,0.0,-4710000.0,-2.676136,-1.42296,-1.42296,3310000.0,3310000.0,https://www.sec.gov/Archives/edgar/data/1104506/000091664102001812/0000916641-02-001812-index.htm,https://www.sec.gov/Archives/edgar/data/1104506/000091664102001812/d10q.htm
0,2002-06-30,INSM,2002-08-09,2002-08-09 15:34:39,Q2,70000.0,0.0,70000.0,1.0,6580000.0,770000.0,0.0,0.0,7350000.0,7350000.0,170000.0,110000.00000000001,-6830000.0,-97.571429,-7280000.0,-104.0,0.0,-7110000.0,-101.571429,0.0,-7110000.0,-101.571429,-2.15455,-2.15455,3300000.0,3300000.0,https://www.sec.gov/Archives/edgar/data/1104506/000089843002002915/0000898430-02-002915-index.htm,https://www.sec.gov/Archives/edgar/data/1104506/000089843002002915/d10q.htm
0,2002-03-31,INSM,2002-05-14,2002-05-14 15:47:33,Q1,100000.0,0.0,100000.0,1.0,5710000.0,710000.0,0.0,0.0,6410000.0,6410000.0,200000.0,120000.0,-5790000.0,-57.9,-6310000.0,-63.1,0.0,-6110000.0,-61.1,0.0,-6110000.0,-61.1,-1.85714,-1.85714,3290000.0,3290000.0,https://www.sec.gov/Archives/edgar/data/1104506/000091664102000803/0000916641-02-000803-index.htm,https://www.sec.gov/Archives/edgar/data/1104506/000091664102000803/d10q.htm
0,2001-12-31,INSM,,Not found...,Q4,60000.0,0.0,0.0,0.0,8950000.0,1350000.0,0.0,0.0,10300000,10300000,330000.0,469999.9999999999,-9110000.0,-151.833333,-10240000,-170.666667,0.0,-9910000.0,-165.166667,0.0,-9910000.0,-165.166667,-3.01216,-3.01216,3290000.0,3290000.0,,
0,2001-09-30,INSM,2001-11-08 00:00:00,2001-11-08 00:00:00,Q3,70000.0,0.0,0.0,0.0,8030000.0,1010000.0,0.0,0.0,9040000.0,9040000.0,600000.0,360000.00000000006,-7410000.0,-105.857143,-8970000.0,-128.142857,0.0,-8370000.0,-119.571429,0.0,-8370000.0,-119.571429,-2.54407,-2.54407,3290000.0,3290000.0,https://www.sec.gov/Archives/edgar/data/1104506/000091664101501473/0000916641-01-501473-index.html,https://www.sec.gov/Archives/edgar/data/1104506/000091664101501473/d10q.txt
0,2001-06-30,INSM,2001-08-08 00:00:00,2001-08-08 00:00:00,Q2,70000.0,0.0,0.0,0.0,8170000.0,1530000.0,0.0,0.0,9700000.0,9700000.0,840000.0,360000.0,-7590000.0,-108.428571,-9630000.0,-137.571429,0.0,-8790000.0,-125.571429,0.0,-8790000.0,-125.571429,-2.67988,-2.67988,3280000.0,3280000.0,https://www.sec.gov/Archives/edgar/data/1104506/000091664101500837/0000916641-01-500837-index.html,https://www.sec.gov/Archives/edgar/data/1104506/000091664101500837/d10q.txt
0,2001-03-31,INSM,2001-05-03 00:00:00,2001-05-03 00:00:00,Q1,100000.0,0.0,0.0,0.0,10360000,1090000.0,0.0,0.0,11450000,11450000,1250000.0,360000.0,-8480000.0,-84.8,-11350000,-113.5,0.0,-10090000,-100.9,0.0,-10090000,-100.9,-3.07622,-3.07622,3280000.0,3280000.0,https://www.sec.gov/Archives/edgar/data/1104506/000091664101500215/0000916641-01-500215-index.html,https://www.sec.gov/Archives/edgar/data/1104506/000091664101500215/d10q.txt
0,2000-12-31,INSM,2001-03-22 00:00:00,2001-03-22 00:00:00,Q4,10000.0,0.0,0.0,0.0,7090000.0,1890000.0,0.0,0.0,8980000.0,8980000.0,1070000.0,360000.0,-6470000.0,-647.0,-8970000.0,-897.0,0.0,-7900000.0,-790.0,0.0,-7900000.0,-790.0,-2.55663,-2.55663,3090000.0,3090000.0,https://www.sec.gov/Archives/edgar/data/1104506/000091664101000387/0000916641-01-000387-index.html,https://www.sec.gov/Archives/edgar/data/1104506/000091664101000387/0000916641-01-000387-0001.txt
0,2000-09-30,INSM,2000-11-14 00:00:00,2000-11-14 00:00:00,Q3,50000.0,0.0,0.0,0.0,7920000.0,1680000.0,0.0,0.0,5600000.0,5600000.0,600000.0,310000.0,-4040000.0,-80.8,-5550000.0,-111.0,0.0,-4950000.0,-99.0,200000.0,-5150000.0,-103.0,-1.90037,-1.90037,2710000.0,2710000.0,https://www.sec.gov/Archives/edgar/data/1104506/000091664100001687/0000916641-00-001687-index.html,https://www.sec.gov/Archives/edgar/data/1104506/000091664100001687/0000916641-00-001687-0001.txt
