,date,symbol,fillingDate,acceptedDate,period,revenue,costOfRevenue,grossProfit,grossProfitRatio,researchAndDevelopmentExpenses,generalAndAdministrativeExpenses,sellingAndMarketingExpenses,otherExpenses,operatingExpenses,costAndExpenses,interestExpense,depreciationAndAmortization,ebitda,ebitdaratio,operatingIncome,operatingIncomeRatio,totalOtherIncomeExpensesNet,incomeBeforeTax,incomeBeforeTaxRatio,incomeTaxExpense,netIncome,netIncomeRatio,eps,epsdiluted,weightedAverageShsOut,weightedAverageShsOutDil,link,finalLink
0,2020-09-30,AHCO,2020-11-06,2020-11-06 16:32:48,Q3,284405000,240720000,43685000,0.15360137831613369,0.0,26306000,0.0,0.0,26306000,271146000,-12406000,-62511314000,-62498055000,-219.75019778133296,13259000,0.04662013677677959,0.0,-4463000.0,-0.01569241047098328,-636000.0,-3827000.0,-0.01345616286633498,-0.08000585357695363,-0.08000585357695363,47834000,47834000,https://www.sec.gov/Archives/edgar/data/1725255/000155837020013175/0001558370-20-013175-index.htm,https://www.sec.gov/Archives/edgar/data/1725255/000155837020013175/ahco-20200930x10q.htm
0,2020-06-30,AHCO,,,Q2,232116000,193717000,38399000,0.16543,0.0,20892000,0.0,0.0,21928999.999999974,215645999.99999997,-7482000.0,18373849.999999996,16743849.999999996,0.072136,16470000,0.070956,0.0,8988000.0,0.038722,1819000.0,4033000.0,0.017375,0.08431,0.08431,47834000,47834000,,
0,2020-03-31,AHCO,,,Q1,191439030,163033740,28405290,0.148378,0.0,17852870,0.0,0.0,19094709.999999993,182128450,-7938240.0,16740150,9750470.0,0.050933,9310580.0,0.048635,0.0,1372350.0,0.007169,1106720.0,-158160.0,-0.000826,-0.00377,-0.00377,41976560,41976560,,
0,2019-12-31,AHCO,2020-03-06,,Q4,529644250,440386390,89257860,0.16852417448126739,0.0,56492550,0.0,0.0,61682480,502068870,-39304490,0.0,-53144390,-0.10034,27575380,0.052064,0.0,-11729110,-0.022145,1156000.0,-14995900,-0.028313,-0.66479,-0.66479,22557210,22557210,https://www.sec.gov/Archives/edgar/data/1725255/000155837020002146/0001558370-20-002146-index.htm,https://www.sec.gov/Archives/edgar/data/1725255/000155837020002146/ahco-20191231x10k.htm
0,2019-09-30,AHCO,,,Q3,0.0,0.0,0.0,0.0,0.0,1245250.0,0.0,0.0,1245250.0,1245250.0,1367430.0,0.0,1489620.0,0.0,-1245250.0,0.0,0.0,122190.0,0.0,276660.0,-154470.0,0.0,-0.00618,-0.00618,25000000,25000000,,
0,2019-06-30,AHCO,,,Q2,124154000,99850000,24304000,0.195757,0.0,0.0,0.0,0.0,0.0,99850000,1482090.0,13234370,0.0,0.0,0.0,0.0,0.0,0.0,0.0,0.0,0.0,0.0,0.0,0.0,0.0,0.0,,
0,2019-03-31,AHCO,,,Q1,119498270,100226880,19271390,0.161269,0.0,0.0,0.0,0.0,0.0,100226880,0.0,14971630,0.0,0.0,0.0,0.0,0.0,0.0,0.0,0.0,0.0,0.0,0.0,0.0,0.0,0.0,,
0,2018-12-31,AHCO,,,Q4,0.0,0.0,0.0,0.0,0.0,482030.0,0.0,0.0,482030.0,482030.0,1423240.0,0.0,2364440.0,0.0,-482030.0,0.0,0.0,941210.0,0.0,283590.0,657610.0,0.0,0.02104,0.02104,31250000,31250000,,
0,2018-09-30,AHCO,,,Q3,0.0,0.0,0.0,0.0,0.0,444750.0,0.0,0.0,444750.0,444750.0,1204830.0,0.0,1964910.0,0.0,-444750.0,0.0,0.0,760080.0,0.0,241760.0,518320.0,0.0,0.01659,0.01659,31250000,31250000,,
