,date,symbol,fillingDate,acceptedDate,period,revenue,costOfRevenue,grossProfit,grossProfitRatio,researchAndDevelopmentExpenses,generalAndAdministrativeExpenses,sellingAndMarketingExpenses,otherExpenses,operatingExpenses,costAndExpenses,interestExpense,depreciationAndAmortization,ebitda,ebitdaratio,operatingIncome,operatingIncomeRatio,totalOtherIncomeExpensesNet,incomeBeforeTax,incomeBeforeTaxRatio,incomeTaxExpense,netIncome,netIncomeRatio,eps,epsdiluted,weightedAverageShsOut,weightedAverageShsOutDil,link,finalLink
0,2020-09-30,TRHC,2020-11-06,2020-11-05 18:41:07,Q3,70506000,49248000,21258000,0.30150625478682663,5101000.0,15620000,5030000.0,14204000,39955000,89203000,-4722000.0,25757000,7060000.0,0.10013332198678127,-18697000,-0.265183104983973,0.0,-23419000,-0.3321561285564349,0.0,-21589000,-0.3062008907043372,-0.99,-0.99,21556650,21556650,https://www.sec.gov/Archives/edgar/data/1651561/000155837020012968/0001558370-20-012968-index.htm,https://www.sec.gov/Archives/edgar/data/1651561/000155837020012968/trhc-20200930x10q.htm
0,2020-06-30,TRHC,2020-08-06,2020-08-06 16:57:01,Q2,76834000,51698000,25136000,0.3271468360361298,3821000.0,21354000,5027000.0,10111000,35285999.99999999,86984000,4668000.0,10210999.999999998,60999.999999999,0.000794,-10150000,-0.132103,0.0,-14818000,-0.192857,-508000.0,-14310000,-0.186246,-0.66383,-0.66383,21556650,21556650,https://www.sec.gov/Archives/edgar/data/1651561/000155837020009704/0001558370-20-009704-index.htm,https://www.sec.gov/Archives/edgar/data/1651561/000155837020009704/trhc-20200630x10q.htm
0,2020-03-31,TRHC,2020-05-08,2020-05-08 16:56:52,Q1,72827000,48073000,24754000,0.33990141019127523,4828000.0,22507000,5540000.0,10613000,37948000,86021000,-4610000.0,9913000.0,-12501000,-0.171653,-13194000,-0.181169,0.0,-17804000,-0.24447,-3367000.0,-14437000,-0.198237,-0.67542,-0.67542,21374900,21374900,https://www.sec.gov/Archives/edgar/data/1651561/000155837020006035/0001558370-20-006035-index.htm,https://www.sec.gov/Archives/edgar/data/1651561/000155837020001882/trhc-20191231x10kc30ed6.htm
0,2019-12-31,TRHC,2020-03-02,2020-03-02 16:04:14,Q4,73223000,48090000,25133000,0.3432391461699193,5090000.0,18784000,6668000.0,9057000.0,32931000,81021000,4544000.0,9757000.000000006,1959000.000000005,0.026754,-7798000.0,-0.106497,0.0,-12342000,-0.168554,-5518000.0,-6824000.0,-0.093195,-0.32607,-0.32607,20927960,20927960,https://www.sec.gov/Archives/edgar/data/1651561/000155837020001882/0001558370-20-001882-index.htm,https://www.sec.gov/Archives/edgar/data/1651561/000155837020001882/trhc-20191231x10kc30ed6.htm
0,2019-09-30,TRHC,2019-11-08,2019-11-08 17:23:37,Q3,74270000,46441000,27829000,0.37470041739598764,5902000.0,19039000,6884000.0,10652000,35593000,82034000,4441000.0,9141999.999999998,1377999.999999998,0.018554,-7764000.0,-0.104537,0.0,-12205000,-0.164333,-4101000.0,-8104000.0,-0.109115,-0.39167,-0.39167,20691110,20691110,https://www.sec.gov/Archives/edgar/data/1651561/000155837019010630/0001558370-19-010630-index.htm,https://www.sec.gov/Archives/edgar/data/1651561/000155837019010630/trhc-20190930x10q9e2764.htm
0,2019-06-30,TRHC,2019-08-09,2019-08-09 16:20:00,Q2,76255000,45156000,31099000,0.4078289948200118,5197000.0,19754000,6871000.0,10908000,35859000,81015000,4308000.0,9078000.0,4318000.0,0.056626,-4760000.0,-0.062422,0.0,-9068000.0,-0.118917,-2539000.0,-6529000.0,-0.085621,-0.31877,-0.31877,20482030,20482030,https://www.sec.gov/Archives/edgar/data/1651561/000155837019007906/0001558370-19-007906-index.htm,https://www.sec.gov/Archives/edgar/data/1651561/000155837019007906/trhc-20190630x10q.htm
0,2019-03-31,TRHC,2019-05-10,2019-05-10 16:46:13,Q1,60959000,41668000,19291000,0.3164586033235453,5550000.0,18593000,4850000.0,7475000.0,31618000.000000004,73286000,2693000.0,6299000.0,-6028000.0,-0.098886,-12327000,-0.202218,0.0,-15020000,-0.246395,-4041000.0,-10979000,-0.180105,-0.53859,-0.53859,20384560,20384560,https://www.sec.gov/Archives/edgar/data/1651561/000154478419000006/0001544784-19-000006-index.htm,https://www.sec.gov/Archives/edgar/data/1651561/000155837019001440/trhc-20181231x10k.htm
0,2018-12-31,TRHC,2019-03-01,2019-03-01 17:27:47,Q4,57310000,38537000,18773000,0.3275693596231024,3707000.0,10634000,2682000.0,13775000,28116000.000000007,66653000.00000001,491000.0,4692000.0,-4651000.0,-0.081155,-9343000.0,-0.163026,0.0,-9834000.0,-0.171593,731000.0,-10565000,-0.184348,-0.54388,-0.54388,19425170,19425170,https://www.sec.gov/Archives/edgar/data/1651561/000155837019001440/0001558370-19-001440-index.htm,https://www.sec.gov/Archives/edgar/data/1651561/000155837019001440/trhc-20181231x10k.htm
0,2018-09-30,TRHC,2018-11-08,2018-11-08 12:50:38,Q3,54418000,35058000,19360000,0.35576463670109154,3380000.0,10493000,2669000.0,15906000,9549999.999999996,44608000,232000.0,4100000.0,13910000,0.255614,9810000.0,0.180271,0.0,9578000.0,0.176008,-838000.0,10416000,0.191407,0.46732,0.46732,22288870,22288870,https://www.sec.gov/Archives/edgar/data/1651561/000155837018008949/0001558370-18-008949-index.htm,https://www.sec.gov/Archives/edgar/data/1651561/000155837018008949/trhc-20180930x10q.htm
0,2018-06-30,TRHC,2018-08-08,2018-08-08 17:01:33,Q2,48598000,32410000,16188000,0.33310012757726654,2922000.0,6528000.0,2314000.0,39249000,51013000,83423000,120000.0,3986000.0,-30839000,-0.6345734392361826,-34825000,-0.7165932754434339,-120000.0,-34945000,-0.7190625128606115,-5919000.0,-29026000,-0.5972673772583234,-1.53794,-1.53794,18989334,18873297,https://www.sec.gov/Archives/edgar/data/1651561/000155837018006788/0001558370-18-006788-index.htm,https://www.sec.gov/Archives/edgar/data/1651561/000155837018006788/trhc-20180630x10q.htm
0,2018-03-31,TRHC,2018-05-09,2018-05-09 15:18:00,Q1,43944000,31664000,12280000,0.2794465683597306,2213000.0,5877000.0,2002000.0,17569000,27661000,59325000,63000.0,4069000.0,-11312000,-0.2574185326779538,-15381000,-0.3500136537411251,-63000.0,-15444000,-0.3514472965592572,2650000.0,-18094000,-0.4117513198616421,-0.963,-0.963,18989334,18789226,https://www.sec.gov/Archives/edgar/data/1651561/000155837018004465/0001558370-18-004465-index.htm,https://www.sec.gov/Archives/edgar/data/1651561/000155837018002063/trhc-20171231x10k.htm
0,2017-12-31,TRHC,2018-03-14,2018-03-14 16:46:16,Q4,43933000,29567000,14366000,0.32699792866410216,1591000.0,5084000.0,1673000.0,-3351000.0,4997000.0,34564000,361000.0,3802000.0,13171000,0.299797418797,9369000.0,0.213256549746,-361000.0,9008000.0,0.205039491954,-1938000.0,10946000,0.249152117998,0.58303,0.58303,16730418,18774374,https://www.sec.gov/Archives/edgar/data/1651561/000155837018002063/0001558370-18-002063-index.htm,https://www.sec.gov/Archives/edgar/data/1651561/000155837018002063/trhc-20171231x10k.htm
0,2017-09-30,TRHC,2017-11-09,2017-11-09 11:30:15,Q3,33268000,23465000,9803000.0,0.29466754839485393,1527000.0,4098000.0,1325000.0,3089000.0,10039000,33504000,174000.0,2192000.0,1956000.0,0.0587952386678,-236000.0,-0.007093904051941806,-174000.0,-410000.0,-0.012324155344475172,-8105000.0,7695000.0,0.231303354575,0.41794,0.41794,16483169,18411800,https://www.sec.gov/Archives/edgar/data/1651561/000155837017008646/0001558370-17-008646-index.htm,https://www.sec.gov/Archives/edgar/data/1651561/000155837017008646/trhc-20170930x10q.htm
0,2017-06-30,TRHC,2017-08-08,2017-08-08 08:02:27,Q2,29656000,23218000,6438000.0,0.21708929053142703,1291000.0,5490000.0,1314000.0,1815000.0,9910000.0,33128000,77000.0,1823000.0,601000.0,0.020265713515,-1222000.0,-0.04120582681413542,-153000.0,-1299000.0,-0.043802265983274885,165000.0,-1464000.0,-0.04936606420285945,-0.08941,-0.08941,16483169,16373413,https://www.sec.gov/Archives/edgar/data/1651561/000155837017006212/0001558370-17-006212-index.htm,https://www.sec.gov/Archives/edgar/data/1651561/000155837017006212/trhc-20170630x10q.htm
0,2017-03-31,TRHC,2017-05-02,2017-05-02 08:01:30,Q1,27689000,17405000,10284000,0.37141102965076384,1219000.0,6509000.0,1230000.0,1786000.0,10744000,28149000,76000.0,1787000.0,-923000.0,-0.03333453718082993,-2710000.0,-0.09787280147350934,0.0,-2786000.0,-0.10061757376575535,95000.0,-2881000.0,-0.10404853913106288,-0.17742,-0.17742,16238761,16238761,https://www.sec.gov/Archives/edgar/data/1651561/000155837017003220/0001558370-17-003220-index.htm,https://www.sec.gov/Archives/edgar/data/1651561/000155837017001729/trhc-20161231x10k.htm
0,2016-12-31,TRHC,2017-03-14,2017-03-14 07:28:56,Q4,27313000,15798000,11515000,0.42159411269358915,933000.0,6069000.0,1349000.0,1271000.0,9622000.0,25420000,238000.0,1724000.0,1476000.0,0.0540402006371,-248000.0,-0.009079925310291802,0.0,-5501000.0,-0.20140592391901294,530000.0,-6031000.0,-0.22081060300955588,-0.52031,-0.52031,7486131.0,11591210,https://www.sec.gov/Archives/edgar/data/1651561/000155837017001729/0001558370-17-001729-index.htm,https://www.sec.gov/Archives/edgar/data/1651561/000155837017001729/trhc-20161231x10k.htm
0,2016-09-30,TRHC,2016-11-10 00:00:00,2016-11-10 08:01:47,Q3,-6130451000,4371597000,1758854000,-0.28690450343702284,2878000.0,-217738000,2511000.0,3561000.0,-208788000,-4580385000,4250000.0,-721830000,-933631000,0.152294015563,-211801000,0.0345490078952,0.0,-46508000,0.00758639127855,10011000,96181000,-0.0156890577871,9.39997,9.39997,4817285.0,10232050,https://www.sec.gov/Archives/edgar/data/1651561/000155837016009881/0001558370-16-009881-index.html,https://www.sec.gov/Archives/edgar/data/1651561/000155837016009881/trhc-20160930x10q.htm
