,date,symbol,fillingDate,acceptedDate,period,revenue,costOfRevenue,grossProfit,grossProfitRatio,researchAndDevelopmentExpenses,generalAndAdministrativeExpenses,sellingAndMarketingExpenses,otherExpenses,operatingExpenses,costAndExpenses,interestExpense,depreciationAndAmortization,ebitda,ebitdaratio,operatingIncome,operatingIncomeRatio,totalOtherIncomeExpensesNet,incomeBeforeTax,incomeBeforeTaxRatio,incomeTaxExpense,netIncome,netIncomeRatio,eps,epsdiluted,weightedAverageShsOut,weightedAverageShsOutDil,link,finalLink
0,2020-09-30,BU.TO,2020-09-30,2020-09-30,Q3,131.0,0.0,0.0,0.0,3207.0,860299.0,0.0,53600.0,173444.0,1037438.0,280206.0,488.0,-1695667.0,-12944.022900763359,-1037307.0,33414.37404580152,5489570.0,4377283.0,33414.37404580152,0.0,4377283.0,33414.37404580152,0.04,0.04,100124413,107848305,https://www.sedar.com/ModifyCompanyDocumentSearchForm.do?lang=EN&company_search=Burcon NutraScience Corp&document_selection=0&industry_group=A&FromDate=13&FromMonth=05&FromYear=2000&ToDate=13&ToMonth=11&ToYear=2020&Variable=Issuer,https://www.sedar.com/ModifyCompanyDocumentSearchForm.do?lang=EN&company_search=Burcon NutraScience Corp&document_selection=0&industry_group=A&FromDate=13&FromMonth=05&FromYear=2000&ToDate=13&ToMonth=11&ToYear=2020&Variable=Issuer
0,2020-06-30,BU.TO,2020-06-30,2020-06-30,Q2,8515.0,0.0,0.0,0.0,5562.0,740015.0,0.0,109316.0,138774.0,886307.0,388023.0,1956.0,-988854.0,-116.13082795067528,-877792.0,-164.4979448032883,-274538.0,-1400700.0,-164.4979448032883,0.0,-1400700.0,-164.4979448032883,-0.01,-0.01,97175670,97175670,https://www.sedar.com/ModifyCompanyDocumentSearchForm.do?lang=EN&company_search=Burcon NutraScience Corp&document_selection=0&industry_group=A&FromDate=13&FromMonth=05&FromYear=2000&ToDate=13&ToMonth=11&ToYear=2020&Variable=Issuer,https://www.sedar.com/ModifyCompanyDocumentSearchForm.do?lang=EN&company_search=Burcon NutraScience Corp&document_selection=0&industry_group=A&FromDate=13&FromMonth=05&FromYear=2000&ToDate=13&ToMonth=11&ToYear=2020&Variable=Issuer
0,2020-03-31,BU.TO,2020-03-31,2020-03-31,Q1,3399.0,0.0,0.0,0.0,89542.0,858887.0,0.0,87904.0,92849.0,1041278.0,381262.0,0.0,-1425231.0,-419.30891438658426,-1037879.0,-534.1556340100029,-528721.0,-1815595.0,-534.1556340100029,0.0,-1815595.0,-534.1556340100029,-0.01813338970586524,-0.01813338970586524,100124413,100124413,https://www.sedar.com/ModifyCompanyDocumentSearchForm.do?lang=EN&company_search=Burcon NutraScience Corp&document_selection=0&industry_group=A&FromDate=13&FromMonth=05&FromYear=2000&ToDate=13&ToMonth=11&ToYear=2020&Variable=Issuer,https://www.sedar.com/ModifyCompanyDocumentSearchForm.do?lang=EN&company_search=Burcon NutraScience Corp&document_selection=0&industry_group=A&FromDate=13&FromMonth=05&FromYear=2000&ToDate=13&ToMonth=11&ToYear=2020&Variable=Issuer
0,2019-12-31,BU.TO,2019-12-31,2019-12-31,Q4,5044.0,0.0,0.0,0.0,115459.0,422509.0,0.0,125422.0,201983.0,739951.0,90757.0,927.0,-690601.0,-136.91534496431404,-734907.0,-156.28112609040443,-53206.0,-788282.0,-156.28112609040443,0.0,-788282.0,-156.28112609040443,-0.01,-0.01,88196884,88196884,https://www.sedar.com/ModifyCompanyDocumentSearchForm.do?lang=EN&company_search=Burcon NutraScience Corp&document_selection=0&industry_group=A&FromDate=13&FromMonth=05&FromYear=2000&ToDate=13&ToMonth=11&ToYear=2020&Variable=Issuer,https://www.sedar.com/ModifyCompanyDocumentSearchForm.do?lang=EN&company_search=Burcon NutraScience Corp&document_selection=0&industry_group=A&FromDate=13&FromMonth=05&FromYear=2000&ToDate=13&ToMonth=11&ToYear=2020&Variable=Issuer
0,2019-09-30,BU.TO,2019-09-30,2019-09-30,Q3,7055.0,0.0,0.0,0.0,160719.0,422010.0,0.0,0.0,190045.0,772774.0,0.0,0.0,-692487.0,-98.15549255846918,-765719.0,-98.88547129695252,-96220.0,-697637.0,-98.88547129695252,0.0,-697637.0,-98.88547129695252,-0.01,-0.01,88195754,88195754,https://www.sedar.com/ModifyCompanyDocumentSearchForm.do?lang=EN&company_search=Burcon NutraScience Corp&document_selection=0&industry_group=A&FromDate=13&FromMonth=05&FromYear=2000&ToDate=13&ToMonth=11&ToYear=2020&Variable=Issuer,https://www.sedar.com/ModifyCompanyDocumentSearchForm.do?lang=EN&company_search=Burcon NutraScience Corp&document_selection=0&industry_group=A&FromDate=13&FromMonth=05&FromYear=2000&ToDate=13&ToMonth=11&ToYear=2020&Variable=Issuer
0,2019-06-30,BU.TO,2019-06-30,2019-06-30,Q2,15636.0,0.0,0.0,0.0,356130.0,393946.0,0.0,0.0,361260.0,1111336.0,117258.0,0.0,-1119775.0,-71.61518291123049,-1095700.0,-85.18674852903555,-127166.0,-1331980.0,-85.18674852903555,0.0,-1331980.0,-85.18674852903555,-0.018431,-0.018431,76338965,76338965,https://www.sedar.com/ModifyCompanyDocumentSearchForm.do?lang=EN&company_search=Burcon NutraScience Corp&document_selection=0&industry_group=A&FromDate=13&FromMonth=05&FromYear=2000&ToDate=13&ToMonth=11&ToYear=2020&Variable=Issuer,https://www.sedar.com/ModifyCompanyDocumentSearchForm.do?lang=EN&company_search=Burcon NutraScience Corp&document_selection=0&industry_group=A&FromDate=13&FromMonth=05&FromYear=2000&ToDate=13&ToMonth=11&ToYear=2020&Variable=Issuer
0,2019-03-31,BU.TO,2019-03-31,2019-03-31,Q1,11731.0,0.0,0.0,0.0,431764.0,406242.0,0.0,0.0,388818.0,1226824.0,105887.0,0.0,-1112583.0,-94.84127525360157,-1215093.0,-106.14841019520928,-6105.0,-1245227.0,-106.14841019520928,0.0,-1245227.0,-106.14841019520928,-0.012436797007738762,-0.012436797007738762,100124413,100124413,https://www.sedar.com/ModifyCompanyDocumentSearchForm.do?lang=EN&company_search=Burcon NutraScience Corp&document_selection=0&industry_group=A&FromDate=13&FromMonth=05&FromYear=2000&ToDate=13&ToMonth=11&ToYear=2020&Variable=Issuer,https://www.sedar.com/ModifyCompanyDocumentSearchForm.do?lang=EN&company_search=Burcon NutraScience Corp&document_selection=0&industry_group=A&FromDate=13&FromMonth=05&FromYear=2000&ToDate=13&ToMonth=11&ToYear=2020&Variable=Issuer
0,2018-12-31,BU.TO,2018-12-31,2018-12-31,Q4,14170.0,0.0,0.0,0.0,409745.0,350375.0,0.0,-319193.0,319193.0,1079313.0,79631.0,0.0,-1067072.0,-75.30501058574453,-1065143.0,-81.50402258292166,12332.0,-1154912.0,-81.50402258292166,0.0,-1154912.0,-81.50402258292166,-0.018431,-0.018431,71521880,71521880,https://www.sedar.com/ModifyCompanyDocumentSearchForm.do?lang=EN&company_search=Burcon NutraScience Corp&document_selection=0&industry_group=A&FromDate=13&FromMonth=05&FromYear=2000&ToDate=13&ToMonth=11&ToYear=2020&Variable=Issuer,https://www.sedar.com/ModifyCompanyDocumentSearchForm.do?lang=EN&company_search=Burcon NutraScience Corp&document_selection=0&industry_group=A&FromDate=13&FromMonth=05&FromYear=2000&ToDate=13&ToMonth=11&ToYear=2020&Variable=Issuer
0,2018-09-30,BU.TO,2018-09-30,2018-09-30,Q3,7496.0,0.0,0.0,0.0,396989.0,359401.0,0.0,0.0,307738.0,1064128.0,90188.0,0.0,-1178589.0,-157.22905549626466,-1056632.0,-173.59324973319104,-4772.0,-1301255.0,-173.59324973319104,0.0,-1301255.0,-173.59324973319104,-0.018431,-0.018431,71521880,71521880,https://www.sedar.com/ModifyCompanyDocumentSearchForm.do?lang=EN&company_search=Burcon NutraScience Corp&document_selection=0&industry_group=A&FromDate=13&FromMonth=05&FromYear=2000&ToDate=13&ToMonth=11&ToYear=2020&Variable=Issuer,https://www.sedar.com/ModifyCompanyDocumentSearchForm.do?lang=EN&company_search=Burcon NutraScience Corp&document_selection=0&industry_group=A&FromDate=13&FromMonth=05&FromYear=2000&ToDate=13&ToMonth=11&ToYear=2020&Variable=Issuer
0,2018-06-30,BU.TO,2018-06-30,2018-06-30,Q2,6780.0,0.0,0.0,0.0,454020.0,375888.0,0.0,-202199.0,202199.0,1032107.0,68129.0,0.0,-982032.0,-144.8424778761062,-1025327.0,-158.69955752212388,5527.0,-1075983.0,-158.69955752212388,0.0,-1075983.0,-158.69955752212388,-0.012288,-0.012288,71521880,71521880,https://www.sedar.com/ModifyCompanyDocumentSearchForm.do?lang=EN&company_search=Burcon NutraScience Corp&document_selection=0&industry_group=A&FromDate=13&FromMonth=05&FromYear=2000&ToDate=13&ToMonth=11&ToYear=2020&Variable=Issuer,https://www.sedar.com/ModifyCompanyDocumentSearchForm.do?lang=EN&company_search=Burcon NutraScience Corp&document_selection=0&industry_group=A&FromDate=13&FromMonth=05&FromYear=2000&ToDate=13&ToMonth=11&ToYear=2020&Variable=Issuer
0,2018-03-31,BU.TO,2018-03-31,2018-03-31,Q1,7424.0,0.0,0.0,0.0,445902.0,1778498.0,0.0,0.0,0.0,3963654.0,160096.0,0.0,-1303386.0,-175.56384698275863,-3956230.0,-188.69288793103448,1335859.0,-1400856.0,-188.69288793103448,0.0,-1400856.0,-188.69288793103448,-0.013991153186585973,-0.013991153186585973,100124413,100124413,https://www.sedar.com/ModifyCompanyDocumentSearchForm.do?lang=EN&company_search=Burcon NutraScience Corp&document_selection=0&industry_group=A&FromDate=13&FromMonth=05&FromYear=2000&ToDate=13&ToMonth=11&ToYear=2020&Variable=Issuer,https://www.sedar.com/ModifyCompanyDocumentSearchForm.do?lang=EN&company_search=Burcon NutraScience Corp&document_selection=0&industry_group=A&FromDate=13&FromMonth=05&FromYear=2000&ToDate=13&ToMonth=11&ToYear=2020&Variable=Issuer
0,2017-12-31,BU.TO,2017-12-31,2017-12-31,Q4,14041.0,0.0,0.0,0.0,471221.0,464563.0,0.0,0.0,0.0,935784.0,67326.0,0.0,-879909.0,-62.667117726657644,-921743.0,-107.47076419058472,-526752.0,-1508997.0,-107.47076419058472,0.0,-1508997.0,-107.47076419058472,-0.024038,-0.024038,62946726,62946726,https://www.sedar.com/ModifyCompanyDocumentSearchForm.do?lang=EN&company_search=Burcon NutraScience Corp&document_selection=0&industry_group=A&FromDate=13&FromMonth=05&FromYear=2000&ToDate=13&ToMonth=11&ToYear=2020&Variable=Issuer,https://www.sedar.com/ModifyCompanyDocumentSearchForm.do?lang=EN&company_search=Burcon NutraScience Corp&document_selection=0&industry_group=A&FromDate=13&FromMonth=05&FromYear=2000&ToDate=13&ToMonth=11&ToYear=2020&Variable=Issuer
0,2017-09-30,BU.TO,2017-09-30,2017-09-30,Q3,5683.0,0.0,0.0,0.0,485019.0,60229.0,0.0,0.0,0.0,545248.0,-26937.0,0.0,-890264.0,-156.65387999296146,-539565.0,-226.40383600211157,-388746.0,-1286653.0,-226.40383600211157,0.0,-1286653.0,-226.40383600211157,-0.018028,-0.018028,62946726,62946726,https://www.sedar.com/ModifyCompanyDocumentSearchForm.do?lang=EN&company_search=Burcon NutraScience Corp&document_selection=0&industry_group=A&FromDate=13&FromMonth=05&FromYear=2000&ToDate=13&ToMonth=11&ToYear=2020&Variable=Issuer,https://www.sedar.com/ModifyCompanyDocumentSearchForm.do?lang=EN&company_search=Burcon NutraScience Corp&document_selection=0&industry_group=A&FromDate=13&FromMonth=05&FromYear=2000&ToDate=13&ToMonth=11&ToYear=2020&Variable=Issuer
0,2017-06-30,BU.TO,2017-06-30,2017-06-30,Q2,21866.0,0.0,0.0,0.0,534183.0,499965.0,0.0,0.0,0.0,1034148.0,65024.0,0.0,-963306.0,-44.05497118814598,-1012282.0,-65.22816244397696,-360883.0,-1426279.0,-65.22816244397696,0.0,-1426279.0,-65.22816244397696,-0.024038,-0.024038,62946726,62946726,https://www.sedar.com/ModifyCompanyDocumentSearchForm.do?lang=EN&company_search=Burcon NutraScience Corp&document_selection=0&industry_group=A&FromDate=13&FromMonth=05&FromYear=2000&ToDate=13&ToMonth=11&ToYear=2020&Variable=Issuer,https://www.sedar.com/ModifyCompanyDocumentSearchForm.do?lang=EN&company_search=Burcon NutraScience Corp&document_selection=0&industry_group=A&FromDate=13&FromMonth=05&FromYear=2000&ToDate=13&ToMonth=11&ToYear=2020&Variable=Issuer
0,2017-03-31,BU.TO,2017-03-31,2017-03-31,Q1,8832.0,0.0,0.0,0.0,564189.0,463224.0,0.0,0.0,0.0,1028046.0,63541.0,0.0,-862843.0,-97.69508605072464,-1019214.0,-154.4758831521739,-397825.0,-1364331.0,-154.4758831521739,0.0,-1364331.0,-154.4758831521739,-0.013626357040415309,-0.013626357040415309,100124413,100124413,https://www.sedar.com/ModifyCompanyDocumentSearchForm.do?lang=EN&company_search=Burcon NutraScience Corp&document_selection=0&industry_group=A&FromDate=13&FromMonth=05&FromYear=2000&ToDate=13&ToMonth=11&ToYear=2020&Variable=Issuer,https://www.sedar.com/ModifyCompanyDocumentSearchForm.do?lang=EN&company_search=Burcon NutraScience Corp&document_selection=0&industry_group=A&FromDate=13&FromMonth=05&FromYear=2000&ToDate=13&ToMonth=11&ToYear=2020&Variable=Issuer
0,2016-12-31,BU.TO,2016-12-31,2016-12-31,Q4,30158.0,0.0,0.0,0.0,480624.0,690813.0,0.0,0.0,0.0,1172131.0,169053.0,694.0,-1095467.0,-36.324258903110284,-1141973.0,-45.96554811327011,-82767.0,-1386229.0,-45.96554811327011,0.0,-1386229.0,-45.96554811327011,-0.024038,-0.024038,60745178,60745178,https://www.sedar.com/ModifyCompanyDocumentSearchForm.do?lang=EN&company_search=Burcon NutraScience Corp&document_selection=0&industry_group=A&FromDate=13&FromMonth=05&FromYear=2000&ToDate=13&ToMonth=11&ToYear=2020&Variable=Issuer,https://www.sedar.com/ModifyCompanyDocumentSearchForm.do?lang=EN&company_search=Burcon NutraScience Corp&document_selection=0&industry_group=A&FromDate=13&FromMonth=05&FromYear=2000&ToDate=13&ToMonth=11&ToYear=2020&Variable=Issuer
0,2016-09-30,BU.TO,2016-09-30,2016-09-30,Q3,17743.0,0.0,0.0,0.0,65444.0,900148.0,0.0,0.0,88937.0,1092626.0,63356.0,38097.0,-1015117.0,-57.21225271938229,-1074883.0,-81.55311954010033,-330426.0,-1446997.0,-81.55311954010033,0.0,-1446997.0,-81.55311954010033,-0.024037,-0.024037,59627881,59627881,https://www.sedar.com/ModifyCompanyDocumentSearchForm.do?lang=EN&company_search=Burcon NutraScience Corp&document_selection=0&industry_group=A&FromDate=13&FromMonth=05&FromYear=2000&ToDate=13&ToMonth=11&ToYear=2020&Variable=Issuer,https://www.sedar.com/ModifyCompanyDocumentSearchForm.do?lang=EN&company_search=Burcon NutraScience Corp&document_selection=0&industry_group=A&FromDate=13&FromMonth=05&FromYear=2000&ToDate=13&ToMonth=11&ToYear=2020&Variable=Issuer
0,2016-06-30,BU.TO,2016-06-30,2016-06-30,Q2,31106.0,0.0,0.0,0.0,640181.0,508031.0,0.0,0.0,0.0,1148925.0,41471.0,713.0,-1048508.0,-33.70758053108725,-1117819.0,-50.75483829486273,-456078.0,-1578780.0,-50.75483829486273,0.0,-1578780.0,-50.75483829486273,-0.023871,-0.023871,60042831,60042831,https://www.sedar.com/ModifyCompanyDocumentSearchForm.do?lang=EN&company_search=Burcon NutraScience Corp&document_selection=0&industry_group=A&FromDate=13&FromMonth=05&FromYear=2000&ToDate=13&ToMonth=11&ToYear=2020&Variable=Issuer,https://www.sedar.com/ModifyCompanyDocumentSearchForm.do?lang=EN&company_search=Burcon NutraScience Corp&document_selection=0&industry_group=A&FromDate=13&FromMonth=05&FromYear=2000&ToDate=13&ToMonth=11&ToYear=2020&Variable=Issuer
0,2016-03-31,BU.TO,2016-03-31,2016-03-31,Q1,33150.0,0.0,0.0,0.0,-1556100.0,2543267.0,0.0,0.0,0.0,1645032.0,-128.0,121377.0,-1371409.0,-41.369803921568625,-1611882.0,-48.57082956259427,-114601.0,-1610123.0,-48.57082956259427,0.0,-1610123.0,-48.57082956259427,-0.016081222868192996,-0.016081222868192996,100124413,100124413,https://www.sedar.com/ModifyCompanyDocumentSearchForm.do?lang=EN&company_search=Burcon NutraScience Corp&document_selection=0&industry_group=A&FromDate=13&FromMonth=05&FromYear=2000&ToDate=13&ToMonth=11&ToYear=2020&Variable=Issuer,https://www.sedar.com/ModifyCompanyDocumentSearchForm.do?lang=EN&company_search=Burcon NutraScience Corp&document_selection=0&industry_group=A&FromDate=13&FromMonth=05&FromYear=2000&ToDate=13&ToMonth=11&ToYear=2020&Variable=Issuer
0,2015-12-31,BU.TO,2015-12-31,2015-12-31,Q4,23588.0,0.0,23588.0,1.0,679253.0,1083129.0,0.0,0.0,0.0,1763154.0,8227.0,772.0,-1297469.0,-55.00546888248262,-1739566.0,-70.68729862642022,71884.0,-1667372.0,-70.68729862642022,0.0,-1667372.0,-70.68729862642022,-0.029839,-0.029839,59815385,59815385,https://www.sedar.com/ModifyCompanyDocumentSearchForm.do?lang=EN&company_search=Burcon NutraScience Corp&document_selection=0&industry_group=A&FromDate=13&FromMonth=05&FromYear=2000&ToDate=13&ToMonth=11&ToYear=2020&Variable=Issuer,https://www.sedar.com/ModifyCompanyDocumentSearchForm.do?lang=EN&company_search=Burcon NutraScience Corp&document_selection=0&industry_group=A&FromDate=13&FromMonth=05&FromYear=2000&ToDate=13&ToMonth=11&ToYear=2020&Variable=Issuer
0,2015-09-30,BU.TO,2015-09-30,2015-09-30,Q3,23963.0,0.0,23963.0,1.0,600744.0,893442.0,0.0,0.0,0.0,1494847.0,214976.0,661.0,-1428917.0,-59.63013812961649,-1470884.0,-64.28948796060594,132936.0,-1540569.0,-64.28948796060594,0.0,-1540569.0,-64.28948796060594,-0.023871,-0.023871,59815385,59815385,https://www.sedar.com/ModifyCompanyDocumentSearchForm.do?lang=EN&company_search=Burcon NutraScience Corp&document_selection=0&industry_group=A&FromDate=13&FromMonth=05&FromYear=2000&ToDate=13&ToMonth=11&ToYear=2020&Variable=Issuer,https://www.sedar.com/ModifyCompanyDocumentSearchForm.do?lang=EN&company_search=Burcon NutraScience Corp&document_selection=0&industry_group=A&FromDate=13&FromMonth=05&FromYear=2000&ToDate=13&ToMonth=11&ToYear=2020&Variable=Issuer
0,2015-06-30,BU.TO,2015-06-30,2015-06-30,Q2,25689.0,0.0,25689.0,1.0,727467.0,988021.0,0.0,0.0,0.0,1716163.0,77270.0,675.0,-1644902.0,-64.03137529681965,-1690474.0,-68.18918603293238,0.0,-1751712.0,-68.18918603293238,0.0,-1751712.0,-68.18918603293238,-0.029839,-0.029839,58986601,58986601,https://www.sedar.com/ModifyCompanyDocumentSearchForm.do?lang=EN&company_search=Burcon NutraScience Corp&document_selection=0&industry_group=A&FromDate=13&FromMonth=05&FromYear=2000&ToDate=13&ToMonth=11&ToYear=2020&Variable=Issuer,https://www.sedar.com/ModifyCompanyDocumentSearchForm.do?lang=EN&company_search=Burcon NutraScience Corp&document_selection=0&industry_group=A&FromDate=13&FromMonth=05&FromYear=2000&ToDate=13&ToMonth=11&ToYear=2020&Variable=Issuer
0,2015-03-31,BU.TO,2015-03-31,2015-03-31,Q1,25508.0,0.0,25508.0,1.0,665103.0,1091041.0,0.0,0.0,0.0,1756904.0,54642.0,760.0,-909090.0,-35.63940724478595,-1731396.0,-60.28653755684491,0.0,-1537789.0,-60.28653755684491,0.0,-1537789.0,-60.28653755684491,-0.015358781678949768,-0.015358781678949768,100124413,100124413,https://www.sedar.com/ModifyCompanyDocumentSearchForm.do?lang=EN&company_search=Burcon NutraScience Corp&document_selection=0&industry_group=A&FromDate=13&FromMonth=05&FromYear=2000&ToDate=13&ToMonth=11&ToYear=2020&Variable=Issuer,https://www.sedar.com/ModifyCompanyDocumentSearchForm.do?lang=EN&company_search=Burcon NutraScience Corp&document_selection=0&industry_group=A&FromDate=13&FromMonth=05&FromYear=2000&ToDate=13&ToMonth=11&ToYear=2020&Variable=Issuer
0,2014-12-31,BU.TO,2014-12-31,2014-12-31,Q4,30930.0,0.0,30930.0,1.0,646503.0,1227811.0,0.0,0.0,0.0,1875075.0,0.0,761.0,-1792381.0,-57.94959586162302,-1844145.0,-59.14161008729389,0.0,-1829250.0,-59.14161008729389,0.0,-1829250.0,-59.14161008729389,-0.02951,-0.02951,56735640,56735640,https://www.sedar.com/ModifyCompanyDocumentSearchForm.do?lang=EN&company_search=Burcon NutraScience Corp&document_selection=0&industry_group=A&FromDate=13&FromMonth=05&FromYear=2000&ToDate=13&ToMonth=11&ToYear=2020&Variable=Issuer,https://www.sedar.com/ModifyCompanyDocumentSearchForm.do?lang=EN&company_search=Burcon NutraScience Corp&document_selection=0&industry_group=A&FromDate=13&FromMonth=05&FromYear=2000&ToDate=13&ToMonth=11&ToYear=2020&Variable=Issuer
0,2014-09-30,BU.TO,2014-09-30,2014-09-30,Q3,23658.0,0.0,23658.0,1.0,619718.0,882902.0,0.0,0.0,0.0,1503334.0,0.0,714.0,-1443083.0,-60.99767520500465,-1479676.0,-76.88832530222335,0.0,-1819024.0,-76.88832530222335,0.0,-1819024.0,-76.88832530222335,-0.02951,-0.02951,56735640,56735640,https://www.sedar.com/ModifyCompanyDocumentSearchForm.do?lang=EN&company_search=Burcon NutraScience Corp&document_selection=0&industry_group=A&FromDate=13&FromMonth=05&FromYear=2000&ToDate=13&ToMonth=11&ToYear=2020&Variable=Issuer,https://www.sedar.com/ModifyCompanyDocumentSearchForm.do?lang=EN&company_search=Burcon NutraScience Corp&document_selection=0&industry_group=A&FromDate=13&FromMonth=05&FromYear=2000&ToDate=13&ToMonth=11&ToYear=2020&Variable=Issuer
0,2014-06-30,BU.TO,2014-06-30,2014-06-30,Q2,25290.0,0.0,25290.0,1.0,604437.0,840327.0,0.0,0.0,0.0,1445479.0,0.0,715.0,-1383754.0,-54.71546065638592,-1420189.0,-55.09533412415975,0.0,-1393361.0,-55.09533412415975,0.0,-1393361.0,-55.09533412415975,-0.023608,-0.023608,56701002,56701002,https://www.sedar.com/ModifyCompanyDocumentSearchForm.do?lang=EN&company_search=Burcon NutraScience Corp&document_selection=0&industry_group=A&FromDate=13&FromMonth=05&FromYear=2000&ToDate=13&ToMonth=11&ToYear=2020&Variable=Issuer,https://www.sedar.com/ModifyCompanyDocumentSearchForm.do?lang=EN&company_search=Burcon NutraScience Corp&document_selection=0&industry_group=A&FromDate=13&FromMonth=05&FromYear=2000&ToDate=13&ToMonth=11&ToYear=2020&Variable=Issuer
0,2014-03-31,BU.TO,2014-03-31,2014-03-31,Q1,23616.0,0.0,23616.0,1.0,599353.0,786898.0,0.0,0.0,0.0,1387079.0,0.0,828.0,-1225554.0,-51.895071138211385,-1363463.0,-52.45240514905149,0.0,-1238716.0,-52.45240514905149,0.0,-1238716.0,-52.45240514905149,-0.023608,-0.023608,52470816,52470816,https://www.sedar.com/ModifyCompanyDocumentSearchForm.do?lang=EN&company_search=Burcon NutraScience Corp&document_selection=0&industry_group=A&FromDate=13&FromMonth=05&FromYear=2000&ToDate=13&ToMonth=11&ToYear=2020&Variable=Issuer,https://www.sedar.com/ModifyCompanyDocumentSearchForm.do?lang=EN&company_search=Burcon NutraScience Corp&document_selection=0&industry_group=A&FromDate=13&FromMonth=05&FromYear=2000&ToDate=13&ToMonth=11&ToYear=2020&Variable=Issuer
0,2013-12-31,BU.TO,2013-12-31,2013-12-31,Q4,23750.0,0.0,23750.0,1.0,587711.0,1099595.0,0.0,0.0,0.0,1688134.0,0.0,828.0,-1506095.0,-63.41452631578947,-1664384.0,-64.77301052631579,0.0,-1538359.0,-64.77301052631579,0.0,-1538359.0,-64.77301052631579,-0.028919,-0.028919,53583660,53583660,https://www.sedar.com/ModifyCompanyDocumentSearchForm.do?lang=EN&company_search=Burcon NutraScience Corp&document_selection=0&industry_group=A&FromDate=13&FromMonth=05&FromYear=2000&ToDate=13&ToMonth=11&ToYear=2020&Variable=Issuer,https://www.sedar.com/ModifyCompanyDocumentSearchForm.do?lang=EN&company_search=Burcon NutraScience Corp&document_selection=0&industry_group=A&FromDate=13&FromMonth=05&FromYear=2000&ToDate=13&ToMonth=11&ToYear=2020&Variable=Issuer
0,2013-09-30,BU.TO,2013-09-30,2013-09-30,Q3,23458.0,0.0,23458.0,1.0,82132.0,1383890.0,0.0,0.0,0.0,1645350.0,0.0,45922.0,-1442564.0,-61.49560917384261,-1621892.0,0.0,0.0,0.0,0.0,0.0,-1603640.0,-68.36217921391423,-0.0301,-0.0301,53583660,53583660,https://www.sedar.com/ModifyCompanyDocumentSearchForm.do?lang=EN&company_search=Burcon NutraScience Corp&document_selection=0&industry_group=A&FromDate=13&FromMonth=05&FromYear=2000&ToDate=13&ToMonth=11&ToYear=2020&Variable=Issuer,https://www.sedar.com/ModifyCompanyDocumentSearchForm.do?lang=EN&company_search=Burcon NutraScience Corp&document_selection=0&industry_group=A&FromDate=13&FromMonth=05&FromYear=2000&ToDate=13&ToMonth=11&ToYear=2020&Variable=Issuer
0,2013-06-30,BU.TO,2013-06-30,2013-06-30,Q2,23899.0,0.0,23899.0,1.0,617275.0,1009202.0,0.0,0.0,0.0,1627111.0,0.0,634.0,-1464918.0,-61.29620486212812,-1603212.0,-66.14628227122473,0.0,-1580830.0,-66.14628227122473,0.0,-1580830.0,-66.14628227122473,-0.02951,-0.02951,53583660,53583660,https://www.sedar.com/ModifyCompanyDocumentSearchForm.do?lang=EN&company_search=Burcon NutraScience Corp&document_selection=0&industry_group=A&FromDate=13&FromMonth=05&FromYear=2000&ToDate=13&ToMonth=11&ToYear=2020&Variable=Issuer,https://www.sedar.com/ModifyCompanyDocumentSearchForm.do?lang=EN&company_search=Burcon NutraScience Corp&document_selection=0&industry_group=A&FromDate=13&FromMonth=05&FromYear=2000&ToDate=13&ToMonth=11&ToYear=2020&Variable=Issuer
0,2013-03-31,BU.TO,2013-03-31,2013-03-31,Q1,23478.0,0.0,23478.0,1.0,621443.0,827215.0,0.0,0.0,0.0,1452109.0,0.0,0.0,-1257232.0,-53.54936536331885,-1428631.0,-59.73622114319789,0.0,-1402487.0,-59.73622114319789,0.0,-1402487.0,-59.73622114319789,-0.01400744292003989,-0.01400744292003989,100124413,100124413,https://www.sedar.com/ModifyCompanyDocumentSearchForm.do?lang=EN&company_search=Burcon NutraScience Corp&document_selection=0&industry_group=A&FromDate=13&FromMonth=05&FromYear=2000&ToDate=13&ToMonth=11&ToYear=2020&Variable=Issuer,https://www.sedar.com/ModifyCompanyDocumentSearchForm.do?lang=EN&company_search=Burcon NutraScience Corp&document_selection=0&industry_group=A&FromDate=13&FromMonth=05&FromYear=2000&ToDate=13&ToMonth=11&ToYear=2020&Variable=Issuer
0,2012-12-31,BU.TO,2012-12-31,2012-12-31,Q4,6831.0,0.0,6831.0,1.0,572180.0,1207909.0,0.0,0.0,0.0,1780089.0,0.0,0.0,-1465984.0,-214.607524520568,-1773258.0,-256.8101302883912,0.0,-1754270.0,-256.8101302883912,0.0,-1754270.0,-256.8101302883912,-0.033641,-0.033641,52146798,52146798,https://www.sedar.com/ModifyCompanyDocumentSearchForm.do?lang=EN&company_search=Burcon NutraScience Corp&document_selection=0&industry_group=A&FromDate=13&FromMonth=05&FromYear=2000&ToDate=13&ToMonth=11&ToYear=2020&Variable=Issuer,https://www.sedar.com/ModifyCompanyDocumentSearchForm.do?lang=EN&company_search=Burcon NutraScience Corp&document_selection=0&industry_group=A&FromDate=13&FromMonth=05&FromYear=2000&ToDate=13&ToMonth=11&ToYear=2020&Variable=Issuer
0,2012-09-30,BU.TO,2012-09-30,2012-09-30,Q3,0.0,0.0,0.0,0.0,588005.0,774271.0,0.0,0.0,0.0,1363125.0,0.0,849.0,-1327059.0,0.0,-1363125.0,0.0,0.0,-1351787.0,0.0,0.0,-1351787.0,0.0,-0.026559,-0.026559,50973105,50973105,https://www.sedar.com/ModifyCompanyDocumentSearchForm.do?lang=EN&company_search=Burcon NutraScience Corp&document_selection=0&industry_group=A&FromDate=13&FromMonth=05&FromYear=2000&ToDate=13&ToMonth=11&ToYear=2020&Variable=Issuer,https://www.sedar.com/ModifyCompanyDocumentSearchForm.do?lang=EN&company_search=Burcon NutraScience Corp&document_selection=0&industry_group=A&FromDate=13&FromMonth=05&FromYear=2000&ToDate=13&ToMonth=11&ToYear=2020&Variable=Issuer
0,2012-06-30,BU.TO,2012-06-30,2012-06-30,Q2,0.0,0.0,0.0,0.0,58430.0,936923.0,0.0,0.0,42103.0,1066299.0,0.0,28843.0,-1037456.0,0.0,-1066299.0,0.0,0.0,0.0,0.0,0.0,-1036978.0,0.0,-0.020657,-0.020657,50823344,50823344,https://www.sedar.com/ModifyCompanyDocumentSearchForm.do?lang=EN&company_search=Burcon NutraScience Corp&document_selection=0&industry_group=A&FromDate=13&FromMonth=05&FromYear=2000&ToDate=13&ToMonth=11&ToYear=2020&Variable=Issuer,https://www.sedar.com/ModifyCompanyDocumentSearchForm.do?lang=EN&company_search=Burcon NutraScience Corp&document_selection=0&industry_group=A&FromDate=13&FromMonth=05&FromYear=2000&ToDate=13&ToMonth=11&ToYear=2020&Variable=Issuer
0,2012-03-31,BU.TO,2012-03-31,2012-03-31,Q1,0.0,0.0,0.0,0.0,828744.0,352068.0,0.0,0.0,0.0,1116558.0,0.0,0.0,-1083676.0,0.0,-1116558.0,0.0,0.0,0.0,0.0,0.0,-1088635.0,0.0,-0.010872822794976086,-0.010872822794976086,100124413,100124413,https://www.sedar.com/ModifyCompanyDocumentSearchForm.do?lang=EN&company_search=Burcon NutraScience Corp&document_selection=0&industry_group=A&FromDate=13&FromMonth=05&FromYear=2000&ToDate=13&ToMonth=11&ToYear=2020&Variable=Issuer,https://www.sedar.com/ModifyCompanyDocumentSearchForm.do?lang=EN&company_search=Burcon NutraScience Corp&document_selection=0&industry_group=A&FromDate=13&FromMonth=05&FromYear=2000&ToDate=13&ToMonth=11&ToYear=2020&Variable=Issuer
0,2011-12-31,BU.TO,2011-12-31,2011-12-31,Q4,0.0,0.0,0.0,0.0,133007.0,1759260.0,0.0,0.0,0.0,1929834.0,0.0,37567.0,-1892267.0,0.0,-1929834.0,0.0,0.0,0.0,0.0,0.0,-1897454.0,0.0,-0.035412,-0.035412,50815719,50815719,https://www.sedar.com/ModifyCompanyDocumentSearchForm.do?lang=EN&company_search=Burcon NutraScience Corp&document_selection=0&industry_group=A&FromDate=13&FromMonth=05&FromYear=2000&ToDate=13&ToMonth=11&ToYear=2020&Variable=Issuer,https://www.sedar.com/ModifyCompanyDocumentSearchForm.do?lang=EN&company_search=Burcon NutraScience Corp&document_selection=0&industry_group=A&FromDate=13&FromMonth=05&FromYear=2000&ToDate=13&ToMonth=11&ToYear=2020&Variable=Issuer
0,2011-09-30,BU.TO,2011-09-30,2011-09-30,Q3,0.0,0.0,0.0,0.0,220224.0,1601187.0,0.0,0.0,0.0,1822210.0,0.0,799.0,-1802571.0,0.0,-1822210.0,0.0,0.0,-1786507.0,0.0,0.0,-1786507.0,0.0,-0.035412,-0.035412,50792883,50792883,https://www.sedar.com/ModifyCompanyDocumentSearchForm.do?lang=EN&company_search=Burcon NutraScience Corp&document_selection=0&industry_group=A&FromDate=13&FromMonth=05&FromYear=2000&ToDate=13&ToMonth=11&ToYear=2020&Variable=Issuer,https://www.sedar.com/ModifyCompanyDocumentSearchForm.do?lang=EN&company_search=Burcon NutraScience Corp&document_selection=0&industry_group=A&FromDate=13&FromMonth=05&FromYear=2000&ToDate=13&ToMonth=11&ToYear=2020&Variable=Issuer
0,2011-06-30,BU.TO,2011-06-30,2011-06-30,Q2,0.0,0.0,0.0,0.0,63974.0,1168221.0,0.0,0.0,0.0,1232994.0,0.0,799.0,-1221934.0,0.0,-1232994.0,0.0,0.0,0.0,0.0,0.0,-1189746.0,0.0,-0.023608,-0.023608,50635346,50635346,https://www.sedar.com/ModifyCompanyDocumentSearchForm.do?lang=EN&company_search=Burcon NutraScience Corp&document_selection=0&industry_group=A&FromDate=13&FromMonth=05&FromYear=2000&ToDate=13&ToMonth=11&ToYear=2020&Variable=Issuer,https://www.sedar.com/ModifyCompanyDocumentSearchForm.do?lang=EN&company_search=Burcon NutraScience Corp&document_selection=0&industry_group=A&FromDate=13&FromMonth=05&FromYear=2000&ToDate=13&ToMonth=11&ToYear=2020&Variable=Issuer
0,2011-03-31,BU.TO,2011-03-31,2011-03-31,Q1,0.0,0.0,0.0,0.0,940631.0,2095600.0,0.0,0.0,0.0,3033529.0,0.0,0.0,-2988379.0,0.0,-3033529.0,0.0,0.0,0.0,0.0,0.0,-2993069.0,0.0,-0.02989349860158481,-0.02989349860158481,100124413,100124413,https://www.sedar.com/ModifyCompanyDocumentSearchForm.do?lang=EN&company_search=Burcon NutraScience Corp&document_selection=0&industry_group=A&FromDate=13&FromMonth=05&FromYear=2000&ToDate=13&ToMonth=11&ToYear=2020&Variable=Issuer,https://www.sedar.com/ModifyCompanyDocumentSearchForm.do?lang=EN&company_search=Burcon NutraScience Corp&document_selection=0&industry_group=A&FromDate=13&FromMonth=05&FromYear=2000&ToDate=13&ToMonth=11&ToYear=2020&Variable=Issuer
0,2010-12-31,BU.TO,2010-12-31,2010-12-31,Q4,0.0,0.0,0.0,0.0,634831.0,1151603.0,0.0,0.0,0.0,1787348.0,0.0,0.0,-1740191.0,0.0,-1787348.0,0.0,0.0,0.0,0.0,0.0,-1748671.0,0.0,-0.035412,-0.035412,50365219,50365219,https://www.sedar.com/ModifyCompanyDocumentSearchForm.do?lang=EN&company_search=Burcon NutraScience Corp&document_selection=0&industry_group=A&FromDate=13&FromMonth=05&FromYear=2000&ToDate=13&ToMonth=11&ToYear=2020&Variable=Issuer,https://www.sedar.com/ModifyCompanyDocumentSearchForm.do?lang=EN&company_search=Burcon NutraScience Corp&document_selection=0&industry_group=A&FromDate=13&FromMonth=05&FromYear=2000&ToDate=13&ToMonth=11&ToYear=2020&Variable=Issuer
0,2010-09-30,BU.TO,2010-09-30,2010-09-30,Q3,0.0,0.0,0.0,0.0,641128.0,1143888.0,0.0,0.0,0.0,1785922.0,0.0,0.0,-1742116.0,0.0,-1785922.0,0.0,0.0,0.0,0.0,0.0,-1753554.0,0.0,-0.035412,-0.035412,50064026,50064026,https://www.sedar.com/ModifyCompanyDocumentSearchForm.do?lang=EN&company_search=Burcon NutraScience Corp&document_selection=0&industry_group=A&FromDate=13&FromMonth=05&FromYear=2000&ToDate=13&ToMonth=11&ToYear=2020&Variable=Issuer,https://www.sedar.com/ModifyCompanyDocumentSearchForm.do?lang=EN&company_search=Burcon NutraScience Corp&document_selection=0&industry_group=A&FromDate=13&FromMonth=05&FromYear=2000&ToDate=13&ToMonth=11&ToYear=2020&Variable=Issuer
0,2010-06-30,BU.TO,2010-06-30,2010-06-30,Q2,0.0,0.0,0.0,0.0,672727.0,1664796.0,0.0,0.0,0.0,2338405.0,0.0,0.0,-2296468.0,0.0,-2338405.0,0.0,0.0,0.0,0.0,0.0,-2311180.0,0.0,-0.047215,-0.047215,49381075,49381075,https://www.sedar.com/ModifyCompanyDocumentSearchForm.do?lang=EN&company_search=Burcon NutraScience Corp&document_selection=0&industry_group=A&FromDate=13&FromMonth=05&FromYear=2000&ToDate=13&ToMonth=11&ToYear=2020&Variable=Issuer,https://www.sedar.com/ModifyCompanyDocumentSearchForm.do?lang=EN&company_search=Burcon NutraScience Corp&document_selection=0&industry_group=A&FromDate=13&FromMonth=05&FromYear=2000&ToDate=13&ToMonth=11&ToYear=2020&Variable=Issuer
0,2010-03-31,BU.TO,2010-03-31,2010-03-31,Q1,0.0,0.0,0.0,0.0,740420.0,1241939.0,0.0,0.0,0.0,1983446.0,0.0,0.0,-1927159.0,0.0,-1983446.0,0.0,0.0,0.0,0.0,0.0,-1952199.0,0.0,-0.01949773228633061,-0.01949773228633061,100124413,100124413,https://www.sedar.com/ModifyCompanyDocumentSearchForm.do?lang=EN&company_search=Burcon NutraScience Corp&document_selection=0&industry_group=A&FromDate=13&FromMonth=05&FromYear=2000&ToDate=13&ToMonth=11&ToYear=2020&Variable=Issuer,https://www.sedar.com/ModifyCompanyDocumentSearchForm.do?lang=EN&company_search=Burcon NutraScience Corp&document_selection=0&industry_group=A&FromDate=13&FromMonth=05&FromYear=2000&ToDate=13&ToMonth=11&ToYear=2020&Variable=Issuer
0,2009-12-31,BU.TO,2009-12-31,2009-12-31,Q4,0.0,0.0,0.0,0.0,471728.0,1735335.0,0.0,0.0,0.0,2207896.0,0.0,0.0,-2166661.0,0.0,-2207896.0,0.0,0.0,0.0,0.0,0.0,-2176364.0,0.0,-0.047215,-0.047215,49060701,49060701,https://www.sedar.com/ModifyCompanyDocumentSearchForm.do?lang=EN&company_search=Burcon NutraScience Corp&document_selection=0&industry_group=A&FromDate=13&FromMonth=05&FromYear=2000&ToDate=13&ToMonth=11&ToYear=2020&Variable=Issuer,https://www.sedar.com/ModifyCompanyDocumentSearchForm.do?lang=EN&company_search=Burcon NutraScience Corp&document_selection=0&industry_group=A&FromDate=13&FromMonth=05&FromYear=2000&ToDate=13&ToMonth=11&ToYear=2020&Variable=Issuer
0,2009-09-30,BU.TO,2009-09-30,2009-09-30,Q3,0.0,0.0,0.0,0.0,419628.0,819892.0,0.0,0.0,0.0,1240353.0,0.0,0.0,-1206900.0,0.0,-1240353.0,0.0,0.0,0.0,0.0,0.0,-1217678.0,0.0,-0.023608,-0.023608,48883561,48883561,https://www.sedar.com/ModifyCompanyDocumentSearchForm.do?lang=EN&company_search=Burcon NutraScience Corp&document_selection=0&industry_group=A&FromDate=13&FromMonth=05&FromYear=2000&ToDate=13&ToMonth=11&ToYear=2020&Variable=Issuer,https://www.sedar.com/ModifyCompanyDocumentSearchForm.do?lang=EN&company_search=Burcon NutraScience Corp&document_selection=0&industry_group=A&FromDate=13&FromMonth=05&FromYear=2000&ToDate=13&ToMonth=11&ToYear=2020&Variable=Issuer
0,2009-06-30,BU.TO,2009-06-30,2009-06-30,Q2,0.0,0.0,0.0,0.0,469383.0,846229.0,0.0,0.0,0.0,1316238.0,0.0,0.0,-1283244.0,0.0,-1316238.0,0.0,0.0,0.0,0.0,0.0,-1314081.0,0.0,-0.02951,-0.02951,44530564,44530564,https://www.sedar.com/ModifyCompanyDocumentSearchForm.do?lang=EN&company_search=Burcon NutraScience Corp&document_selection=0&industry_group=A&FromDate=13&FromMonth=05&FromYear=2000&ToDate=13&ToMonth=11&ToYear=2020&Variable=Issuer,https://www.sedar.com/ModifyCompanyDocumentSearchForm.do?lang=EN&company_search=Burcon NutraScience Corp&document_selection=0&industry_group=A&FromDate=13&FromMonth=05&FromYear=2000&ToDate=13&ToMonth=11&ToYear=2020&Variable=Issuer
0,2009-03-31,BU.TO,2009-03-31,2009-03-31,Q1,0.0,0.0,0.0,0.0,712024.0,1064277.0,0.0,0.0,0.0,1776940.0,0.0,0.0,-1727469.0,0.0,-1776940.0,0.0,0.0,0.0,0.0,0.0,-1770976.0,0.0,-0.01768775413444871,-0.01768775413444871,100124413,100124413,https://www.sedar.com/ModifyCompanyDocumentSearchForm.do?lang=EN&company_search=Burcon NutraScience Corp&document_selection=0&industry_group=A&FromDate=13&FromMonth=05&FromYear=2000&ToDate=13&ToMonth=11&ToYear=2020&Variable=Issuer,https://www.sedar.com/ModifyCompanyDocumentSearchForm.do?lang=EN&company_search=Burcon NutraScience Corp&document_selection=0&industry_group=A&FromDate=13&FromMonth=05&FromYear=2000&ToDate=13&ToMonth=11&ToYear=2020&Variable=Issuer
0,2008-12-31,BU.TO,2008-12-31,2008-12-31,Q4,0.0,0.0,0.0,0.0,408918.0,554404.0,0.0,0.0,0.0,964027.0,0.0,0.0,-923764.0,0.0,-964027.0,0.0,0.0,0.0,0.0,0.0,-947371.0,0.0,-0.023608,-0.023608,43106161,43106161,https://www.sedar.com/ModifyCompanyDocumentSearchForm.do?lang=EN&company_search=Burcon NutraScience Corp&document_selection=0&industry_group=A&FromDate=13&FromMonth=05&FromYear=2000&ToDate=13&ToMonth=11&ToYear=2020&Variable=Issuer,https://www.sedar.com/ModifyCompanyDocumentSearchForm.do?lang=EN&company_search=Burcon NutraScience Corp&document_selection=0&industry_group=A&FromDate=13&FromMonth=05&FromYear=2000&ToDate=13&ToMonth=11&ToYear=2020&Variable=Issuer
0,2008-09-30,BU.TO,2008-09-30,2008-09-30,Q3,0.0,0.0,0.0,0.0,484017.0,593394.0,0.0,0.0,0.0,1077970.0,0.0,0.0,-1038618.0,0.0,-1077970.0,0.0,0.0,0.0,0.0,0.0,-1053535.0,0.0,-0.023608,-0.023608,42931916,42931916,https://www.sedar.com/ModifyCompanyDocumentSearchForm.do?lang=EN&company_search=Burcon NutraScience Corp&document_selection=0&industry_group=A&FromDate=13&FromMonth=05&FromYear=2000&ToDate=13&ToMonth=11&ToYear=2020&Variable=Issuer,https://www.sedar.com/ModifyCompanyDocumentSearchForm.do?lang=EN&company_search=Burcon NutraScience Corp&document_selection=0&industry_group=A&FromDate=13&FromMonth=05&FromYear=2000&ToDate=13&ToMonth=11&ToYear=2020&Variable=Issuer
0,2008-06-30,BU.TO,2008-06-30,2008-06-30,Q2,0.0,0.0,0.0,0.0,485814.0,583967.0,0.0,0.0,0.0,1070340.0,0.0,0.0,-1029558.0,0.0,-1070340.0,0.0,0.0,0.0,0.0,0.0,-1039449.0,0.0,-0.023608,-0.023608,44030058,44030058,https://www.sedar.com/ModifyCompanyDocumentSearchForm.do?lang=EN&company_search=Burcon NutraScience Corp&document_selection=0&industry_group=A&FromDate=13&FromMonth=05&FromYear=2000&ToDate=13&ToMonth=11&ToYear=2020&Variable=Issuer,https://www.sedar.com/ModifyCompanyDocumentSearchForm.do?lang=EN&company_search=Burcon NutraScience Corp&document_selection=0&industry_group=A&FromDate=13&FromMonth=05&FromYear=2000&ToDate=13&ToMonth=11&ToYear=2020&Variable=Issuer
0,2008-03-31,BU.TO,2008-03-31,2008-03-31,Q1,0.0,0.0,0.0,0.0,687238.0,748153.0,0.0,0.0,0.0,1436044.0,0.0,0.0,-1386334.0,0.0,-1436044.0,0.0,0.0,0.0,0.0,0.0,-1391774.0,0.0,-0.013900446038070655,-0.013900446038070655,100124413,100124413,https://www.sedar.com/ModifyCompanyDocumentSearchForm.do?lang=EN&company_search=Burcon NutraScience Corp&document_selection=0&industry_group=A&FromDate=13&FromMonth=05&FromYear=2000&ToDate=13&ToMonth=11&ToYear=2020&Variable=Issuer,https://www.sedar.com/ModifyCompanyDocumentSearchForm.do?lang=EN&company_search=Burcon NutraScience Corp&document_selection=0&industry_group=A&FromDate=13&FromMonth=05&FromYear=2000&ToDate=13&ToMonth=11&ToYear=2020&Variable=Issuer
0,2007-12-31,BU.TO,2007-12-31,2007-12-31,Q4,0.0,0.0,0.0,0.0,556783.0,512074.0,0.0,0.0,0.0,1069510.0,0.0,0.0,-1020664.0,0.0,-1069510.0,0.0,0.0,0.0,0.0,0.0,-1011445.0,0.0,-0.023608,-0.023608,42573071,42573071,https://www.sedar.com/ModifyCompanyDocumentSearchForm.do?lang=EN&company_search=Burcon NutraScience Corp&document_selection=0&industry_group=A&FromDate=13&FromMonth=05&FromYear=2000&ToDate=13&ToMonth=11&ToYear=2020&Variable=Issuer,https://www.sedar.com/ModifyCompanyDocumentSearchForm.do?lang=EN&company_search=Burcon NutraScience Corp&document_selection=0&industry_group=A&FromDate=13&FromMonth=05&FromYear=2000&ToDate=13&ToMonth=11&ToYear=2020&Variable=Issuer
0,2007-09-30,BU.TO,2007-09-30,2007-09-30,Q3,0.0,0.0,0.0,0.0,539128.0,467740.0,0.0,0.0,0.0,1007389.0,0.0,0.0,-959298.0,0.0,-1007389.0,0.0,0.0,0.0,0.0,0.0,-942646.0,0.0,-0.023608,-0.023608,42333232,42333232,https://www.sedar.com/ModifyCompanyDocumentSearchForm.do?lang=EN&company_search=Burcon NutraScience Corp&document_selection=0&industry_group=A&FromDate=13&FromMonth=05&FromYear=2000&ToDate=13&ToMonth=11&ToYear=2020&Variable=Issuer,https://www.sedar.com/ModifyCompanyDocumentSearchForm.do?lang=EN&company_search=Burcon NutraScience Corp&document_selection=0&industry_group=A&FromDate=13&FromMonth=05&FromYear=2000&ToDate=13&ToMonth=11&ToYear=2020&Variable=Issuer
0,2007-06-30,BU.TO,2007-06-30,2007-06-30,Q2,0.0,0.0,0.0,0.0,374470.0,383905.0,0.0,0.0,0.0,758896.0,0.0,0.0,-711398.0,0.0,-758896.0,0.0,0.0,0.0,0.0,0.0,-696511.0,0.0,-0.017706,-0.017706,42241989,42241989,https://www.sedar.com/ModifyCompanyDocumentSearchForm.do?lang=EN&company_search=Burcon NutraScience Corp&document_selection=0&industry_group=A&FromDate=13&FromMonth=05&FromYear=2000&ToDate=13&ToMonth=11&ToYear=2020&Variable=Issuer,https://www.sedar.com/ModifyCompanyDocumentSearchForm.do?lang=EN&company_search=Burcon NutraScience Corp&document_selection=0&industry_group=A&FromDate=13&FromMonth=05&FromYear=2000&ToDate=13&ToMonth=11&ToYear=2020&Variable=Issuer
0,2007-03-31,BU.TO,2007-03-31,2007-03-31,Q1,0.0,0.0,0.0,0.0,523859.0,474101.0,0.0,0.0,0.0,998569.0,0.0,0.0,-938181.0,0.0,-998569.0,0.0,0.0,0.0,0.0,0.0,-940241.0,0.0,-0.009390726715171853,-0.009390726715171853,100124413,100124413,https://www.sedar.com/ModifyCompanyDocumentSearchForm.do?lang=EN&company_search=Burcon NutraScience Corp&document_selection=0&industry_group=A&FromDate=13&FromMonth=05&FromYear=2000&ToDate=13&ToMonth=11&ToYear=2020&Variable=Issuer,https://www.sedar.com/ModifyCompanyDocumentSearchForm.do?lang=EN&company_search=Burcon NutraScience Corp&document_selection=0&industry_group=A&FromDate=13&FromMonth=05&FromYear=2000&ToDate=13&ToMonth=11&ToYear=2020&Variable=Issuer
0,2006-12-31,BU.TO,2006-12-31,2006-12-31,Q4,0.0,0.0,0.0,0.0,440100.0,543551.0,0.0,0.0,0.0,984260.0,0.0,0.0,-928362.0,0.0,-984260.0,0.0,0.0,0.0,0.0,0.0,-920051.0,0.0,-0.023608,-0.023608,40887986,40887986,https://www.sedar.com/ModifyCompanyDocumentSearchForm.do?lang=EN&company_search=Burcon NutraScience Corp&document_selection=0&industry_group=A&FromDate=13&FromMonth=05&FromYear=2000&ToDate=13&ToMonth=11&ToYear=2020&Variable=Issuer,https://www.sedar.com/ModifyCompanyDocumentSearchForm.do?lang=EN&company_search=Burcon NutraScience Corp&document_selection=0&industry_group=A&FromDate=13&FromMonth=05&FromYear=2000&ToDate=13&ToMonth=11&ToYear=2020&Variable=Issuer
0,2006-09-30,BU.TO,2006-09-30,2006-09-30,Q3,0.0,0.0,0.0,0.0,329797.0,648252.0,0.0,0.0,0.0,978657.0,0.0,0.0,-923750.0,0.0,-978657.0,0.0,0.0,0.0,0.0,0.0,-944135.0,0.0,-0.023608,-0.023608,38398254,38398254,https://www.sedar.com/ModifyCompanyDocumentSearchForm.do?lang=EN&company_search=Burcon NutraScience Corp&document_selection=0&industry_group=A&FromDate=13&FromMonth=05&FromYear=2000&ToDate=13&ToMonth=11&ToYear=2020&Variable=Issuer,https://www.sedar.com/ModifyCompanyDocumentSearchForm.do?lang=EN&company_search=Burcon NutraScience Corp&document_selection=0&industry_group=A&FromDate=13&FromMonth=05&FromYear=2000&ToDate=13&ToMonth=11&ToYear=2020&Variable=Issuer
0,2006-06-30,BU.TO,2006-06-30,2006-06-30,Q2,0.0,0.0,0.0,0.0,361443.0,401624.0,0.0,0.0,0.0,763663.0,0.0,0.0,-700081.0,0.0,-763663.0,0.0,0.0,0.0,0.0,0.0,-742202.0,0.0,-0.017706,-0.017706,37136485,37136485,https://www.sedar.com/ModifyCompanyDocumentSearchForm.do?lang=EN&company_search=Burcon NutraScience Corp&document_selection=0&industry_group=A&FromDate=13&FromMonth=05&FromYear=2000&ToDate=13&ToMonth=11&ToYear=2020&Variable=Issuer,https://www.sedar.com/ModifyCompanyDocumentSearchForm.do?lang=EN&company_search=Burcon NutraScience Corp&document_selection=0&industry_group=A&FromDate=13&FromMonth=05&FromYear=2000&ToDate=13&ToMonth=11&ToYear=2020&Variable=Issuer
0,2006-03-31,BU.TO,2006-03-31,2006-03-31,Q1,0.0,0.0,0.0,0.0,374784.0,600365.0,0.0,0.0,0.0,975884.0,0.0,0.0,-912355.0,0.0,-975884.0,0.0,0.0,0.0,0.0,0.0,-952523.0,0.0,-0.009513394100997127,-0.009513394100997127,100124413,100124413,https://www.sedar.com/ModifyCompanyDocumentSearchForm.do?lang=EN&company_search=Burcon NutraScience Corp&document_selection=0&industry_group=A&FromDate=13&FromMonth=05&FromYear=2000&ToDate=13&ToMonth=11&ToYear=2020&Variable=Issuer,https://www.sedar.com/ModifyCompanyDocumentSearchForm.do?lang=EN&company_search=Burcon NutraScience Corp&document_selection=0&industry_group=A&FromDate=13&FromMonth=05&FromYear=2000&ToDate=13&ToMonth=11&ToYear=2020&Variable=Issuer
0,2005-12-31,BU.TO,2005-12-31,2005-12-31,Q4,0.0,0.0,0.0,0.0,323305.0,372288.0,0.0,0.0,0.0,696328.0,0.0,0.0,-633007.0,0.0,-696328.0,0.0,0.0,0.0,0.0,0.0,-678913.0,0.0,-0.017706,-0.017706,36218507,36218507,https://www.sedar.com/ModifyCompanyDocumentSearchForm.do?lang=EN&company_search=Burcon NutraScience Corp&document_selection=0&industry_group=A&FromDate=13&FromMonth=05&FromYear=2000&ToDate=13&ToMonth=11&ToYear=2020&Variable=Issuer,https://www.sedar.com/ModifyCompanyDocumentSearchForm.do?lang=EN&company_search=Burcon NutraScience Corp&document_selection=0&industry_group=A&FromDate=13&FromMonth=05&FromYear=2000&ToDate=13&ToMonth=11&ToYear=2020&Variable=Issuer
0,2005-09-30,BU.TO,2005-09-30,2005-09-30,Q3,0.0,0.0,0.0,0.0,307300.0,358969.0,0.0,0.0,0.0,666986.0,0.0,0.0,-604401.0,0.0,-666986.0,0.0,0.0,0.0,0.0,0.0,-651132.0,0.0,-0.017706,-0.017706,35730602,35730602,https://www.sedar.com/ModifyCompanyDocumentSearchForm.do?lang=EN&company_search=Burcon NutraScience Corp&document_selection=0&industry_group=A&FromDate=13&FromMonth=05&FromYear=2000&ToDate=13&ToMonth=11&ToYear=2020&Variable=Issuer,https://www.sedar.com/ModifyCompanyDocumentSearchForm.do?lang=EN&company_search=Burcon NutraScience Corp&document_selection=0&industry_group=A&FromDate=13&FromMonth=05&FromYear=2000&ToDate=13&ToMonth=11&ToYear=2020&Variable=Issuer
0,2005-06-30,BU.TO,2005-06-30,2005-06-30,Q2,0.0,0.0,0.0,0.0,296349.0,281980.0,0.0,0.0,0.0,578968.0,0.0,0.0,-518064.0,0.0,-578968.0,0.0,0.0,0.0,0.0,0.0,-574582.0,0.0,-0.017706,-0.017706,35897932,35897932,https://www.sedar.com/ModifyCompanyDocumentSearchForm.do?lang=EN&company_search=Burcon NutraScience Corp&document_selection=0&industry_group=A&FromDate=13&FromMonth=05&FromYear=2000&ToDate=13&ToMonth=11&ToYear=2020&Variable=Issuer,https://www.sedar.com/ModifyCompanyDocumentSearchForm.do?lang=EN&company_search=Burcon NutraScience Corp&document_selection=0&industry_group=A&FromDate=13&FromMonth=05&FromYear=2000&ToDate=13&ToMonth=11&ToYear=2020&Variable=Issuer
0,2005-03-31,BU.TO,2005-03-31,2005-03-31,Q1,0.0,0.0,0.0,0.0,296410.0,388509.0,0.0,0.0,0.0,685668.0,0.0,0.0,-611945.0,0.0,-685668.0,0.0,0.0,0.0,0.0,0.0,-677758.0,0.0,-0.00676915828710027,-0.00676915828710027,100124413,100124413,https://www.sedar.com/ModifyCompanyDocumentSearchForm.do?lang=EN&company_search=Burcon NutraScience Corp&document_selection=0&industry_group=A&FromDate=13&FromMonth=05&FromYear=2000&ToDate=13&ToMonth=11&ToYear=2020&Variable=Issuer,https://www.sedar.com/ModifyCompanyDocumentSearchForm.do?lang=EN&company_search=Burcon NutraScience Corp&document_selection=0&industry_group=A&FromDate=13&FromMonth=05&FromYear=2000&ToDate=13&ToMonth=11&ToYear=2020&Variable=Issuer
0,2004-12-31,BU.TO,2004-12-31,2004-12-31,Q4,0.0,0.0,0.0,0.0,287840.0,359779.0,0.0,0.0,0.0,648366.0,0.0,0.0,-575349.0,0.0,-648366.0,0.0,0.0,0.0,0.0,0.0,-637306.0,0.0,-0.023608,-0.023608,30618156,30618156,https://www.sedar.com/ModifyCompanyDocumentSearchForm.do?lang=EN&company_search=Burcon NutraScience Corp&document_selection=0&industry_group=A&FromDate=13&FromMonth=05&FromYear=2000&ToDate=13&ToMonth=11&ToYear=2020&Variable=Issuer,https://www.sedar.com/ModifyCompanyDocumentSearchForm.do?lang=EN&company_search=Burcon NutraScience Corp&document_selection=0&industry_group=A&FromDate=13&FromMonth=05&FromYear=2000&ToDate=13&ToMonth=11&ToYear=2020&Variable=Issuer
0,2004-09-30,BU.TO,2004-09-30,2004-09-30,Q3,0.0,0.0,0.0,0.0,457021.0,467542.0,0.0,0.0,0.0,925310.0,0.0,0.0,-852997.0,0.0,-925310.0,0.0,0.0,0.0,0.0,0.0,-912598.0,0.0,-0.02951,-0.02951,30587133,30587133,https://www.sedar.com/ModifyCompanyDocumentSearchForm.do?lang=EN&company_search=Burcon NutraScience Corp&document_selection=0&industry_group=A&FromDate=13&FromMonth=05&FromYear=2000&ToDate=13&ToMonth=11&ToYear=2020&Variable=Issuer,https://www.sedar.com/ModifyCompanyDocumentSearchForm.do?lang=EN&company_search=Burcon NutraScience Corp&document_selection=0&industry_group=A&FromDate=13&FromMonth=05&FromYear=2000&ToDate=13&ToMonth=11&ToYear=2020&Variable=Issuer
0,2004-06-30,BU.TO,2004-06-30,2004-06-30,Q2,0.0,0.0,0.0,0.0,364764.0,575988.0,0.0,0.0,0.0,941573.0,0.0,0.0,-866838.0,0.0,-941573.0,0.0,0.0,0.0,0.0,0.0,-925631.0,0.0,-0.02951,-0.02951,30562234,30562234,https://www.sedar.com/ModifyCompanyDocumentSearchForm.do?lang=EN&company_search=Burcon NutraScience Corp&document_selection=0&industry_group=A&FromDate=13&FromMonth=05&FromYear=2000&ToDate=13&ToMonth=11&ToYear=2020&Variable=Issuer,https://www.sedar.com/ModifyCompanyDocumentSearchForm.do?lang=EN&company_search=Burcon NutraScience Corp&document_selection=0&industry_group=A&FromDate=13&FromMonth=05&FromYear=2000&ToDate=13&ToMonth=11&ToYear=2020&Variable=Issuer
0,2004-03-31,BU.TO,2004-03-31,2004-03-31,Q1,0.0,0.0,0.0,0.0,363300.0,430856.0,0.0,0.0,0.0,795126.0,0.0,0.0,-694735.0,0.0,-795126.0,0.0,0.0,0.0,0.0,0.0,-771874.0,0.0,-0.0077091488166827005,-0.0077091488166827005,100124413,100124413,https://www.sedar.com/ModifyCompanyDocumentSearchForm.do?lang=EN&company_search=Burcon NutraScience Corp&document_selection=0&industry_group=A&FromDate=13&FromMonth=05&FromYear=2000&ToDate=13&ToMonth=11&ToYear=2020&Variable=Issuer,https://www.sedar.com/ModifyCompanyDocumentSearchForm.do?lang=EN&company_search=Burcon NutraScience Corp&document_selection=0&industry_group=A&FromDate=13&FromMonth=05&FromYear=2000&ToDate=13&ToMonth=11&ToYear=2020&Variable=Issuer
0,2003-12-31,BU.TO,2003-12-31,2003-12-31,Q4,0.0,0.0,0.0,0.0,319130.0,271896.0,0.0,0.0,0.0,591996.0,0.0,0.0,-488149.0,0.0,-591996.0,0.0,0.0,0.0,0.0,0.0,-579818.0,0.0,-0.023608,-0.023608,27794186,27794186,https://www.sedar.com/ModifyCompanyDocumentSearchForm.do?lang=EN&company_search=Burcon NutraScience Corp&document_selection=0&industry_group=A&FromDate=13&FromMonth=05&FromYear=2000&ToDate=13&ToMonth=11&ToYear=2020&Variable=Issuer,https://www.sedar.com/ModifyCompanyDocumentSearchForm.do?lang=EN&company_search=Burcon NutraScience Corp&document_selection=0&industry_group=A&FromDate=13&FromMonth=05&FromYear=2000&ToDate=13&ToMonth=11&ToYear=2020&Variable=Issuer
0,2003-09-30,BU.TO,2003-09-30,2003-09-30,Q3,0.0,0.0,0.0,0.0,311169.0,312846.0,0.0,0.0,0.0,624972.0,0.0,0.0,-521383.0,0.0,-624972.0,0.0,0.0,0.0,0.0,0.0,-619956.0,0.0,-0.023608,-0.023608,26050809,26050809,https://www.sedar.com/ModifyCompanyDocumentSearchForm.do?lang=EN&company_search=Burcon NutraScience Corp&document_selection=0&industry_group=A&FromDate=13&FromMonth=05&FromYear=2000&ToDate=13&ToMonth=11&ToYear=2020&Variable=Issuer,https://www.sedar.com/ModifyCompanyDocumentSearchForm.do?lang=EN&company_search=Burcon NutraScience Corp&document_selection=0&industry_group=A&FromDate=13&FromMonth=05&FromYear=2000&ToDate=13&ToMonth=11&ToYear=2020&Variable=Issuer
0,2003-06-30,BU.TO,2003-06-30,2003-06-30,Q2,0.0,0.0,0.0,0.0,337111.0,290797.0,0.0,0.0,0.0,628865.0,0.0,0.0,-525563.0,0.0,-628865.0,0.0,0.0,0.0,0.0,0.0,-621987.0,0.0,-0.023608,-0.023608,25771518,25771518,https://www.sedar.com/ModifyCompanyDocumentSearchForm.do?lang=EN&company_search=Burcon NutraScience Corp&document_selection=0&industry_group=A&FromDate=13&FromMonth=05&FromYear=2000&ToDate=13&ToMonth=11&ToYear=2020&Variable=Issuer,https://www.sedar.com/ModifyCompanyDocumentSearchForm.do?lang=EN&company_search=Burcon NutraScience Corp&document_selection=0&industry_group=A&FromDate=13&FromMonth=05&FromYear=2000&ToDate=13&ToMonth=11&ToYear=2020&Variable=Issuer
0,2003-03-31,BU.TO,2003-03-31,2003-03-31,Q1,0.0,0.0,0.0,0.0,488426.0,540609.0,0.0,0.0,0.0,1030299.0,0.0,0.0,-909546.0,0.0,-1030299.0,0.0,0.0,0.0,0.0,0.0,-1022116.0,0.0,-0.010208459349469545,-0.010208459349469545,100124413,100124413,https://www.sedar.com/ModifyCompanyDocumentSearchForm.do?lang=EN&company_search=Burcon NutraScience Corp&document_selection=0&industry_group=A&FromDate=13&FromMonth=05&FromYear=2000&ToDate=13&ToMonth=11&ToYear=2020&Variable=Issuer,https://www.sedar.com/ModifyCompanyDocumentSearchForm.do?lang=EN&company_search=Burcon NutraScience Corp&document_selection=0&industry_group=A&FromDate=13&FromMonth=05&FromYear=2000&ToDate=13&ToMonth=11&ToYear=2020&Variable=Issuer
0,2002-12-31,BU.TO,2002-12-31,2002-12-31,Q4,0.0,0.0,0.0,0.0,446250.0,308332.0,0.0,0.0,0.0,755708.0,0.0,0.0,-635976.0,0.0,-755708.0,0.0,0.0,0.0,0.0,0.0,-742250.0,0.0,-0.02951,-0.02951,25203628,25203628,https://www.sedar.com/ModifyCompanyDocumentSearchForm.do?lang=EN&company_search=Burcon NutraScience Corp&document_selection=0&industry_group=A&FromDate=13&FromMonth=05&FromYear=2000&ToDate=13&ToMonth=11&ToYear=2020&Variable=Issuer,https://www.sedar.com/ModifyCompanyDocumentSearchForm.do?lang=EN&company_search=Burcon NutraScience Corp&document_selection=0&industry_group=A&FromDate=13&FromMonth=05&FromYear=2000&ToDate=13&ToMonth=11&ToYear=2020&Variable=Issuer
0,2002-09-30,BU.TO,2002-09-30,2002-09-30,Q3,0.0,0.0,0.0,0.0,469229.0,305638.0,0.0,0.0,0.0,775975.0,0.0,0.0,-659869.0,0.0,-775975.0,0.0,0.0,0.0,0.0,0.0,-757238.0,0.0,-0.02951,-0.02951,25203628,25203628,https://www.sedar.com/ModifyCompanyDocumentSearchForm.do?lang=EN&company_search=Burcon NutraScience Corp&document_selection=0&industry_group=A&FromDate=13&FromMonth=05&FromYear=2000&ToDate=13&ToMonth=11&ToYear=2020&Variable=Issuer,https://www.sedar.com/ModifyCompanyDocumentSearchForm.do?lang=EN&company_search=Burcon NutraScience Corp&document_selection=0&industry_group=A&FromDate=13&FromMonth=05&FromYear=2000&ToDate=13&ToMonth=11&ToYear=2020&Variable=Issuer
0,2002-06-30,BU.TO,2002-06-30,2002-06-30,Q2,0.0,0.0,0.0,0.0,552138.0,376085.0,0.0,0.0,0.0,929373.0,0.0,0.0,-816018.0,0.0,-929373.0,0.0,0.0,0.0,0.0,0.0,-917767.0,0.0,-0.041313,-0.041313,23600018,23600018,https://www.sedar.com/ModifyCompanyDocumentSearchForm.do?lang=EN&company_search=Burcon NutraScience Corp&document_selection=0&industry_group=A&FromDate=13&FromMonth=05&FromYear=2000&ToDate=13&ToMonth=11&ToYear=2020&Variable=Issuer,https://www.sedar.com/ModifyCompanyDocumentSearchForm.do?lang=EN&company_search=Burcon NutraScience Corp&document_selection=0&industry_group=A&FromDate=13&FromMonth=05&FromYear=2000&ToDate=13&ToMonth=11&ToYear=2020&Variable=Issuer
0,2002-03-31,BU.TO,2002-03-31,2002-03-31,Q1,0.0,0.0,0.0,0.0,611731.0,249897.0,0.0,0.0,0.0,979253.0,0.0,0.0,-754831.0,0.0,-979253.0,0.0,0.0,0.0,0.0,0.0,-972478.0,0.0,-0.009712696143347178,-0.009712696143347178,100124413,100124413,https://www.sedar.com/ModifyCompanyDocumentSearchForm.do?lang=EN&company_search=Burcon NutraScience Corp&document_selection=0&industry_group=A&FromDate=13&FromMonth=05&FromYear=2000&ToDate=13&ToMonth=11&ToYear=2020&Variable=Issuer,https://www.sedar.com/ModifyCompanyDocumentSearchForm.do?lang=EN&company_search=Burcon NutraScience Corp&document_selection=0&industry_group=A&FromDate=13&FromMonth=05&FromYear=2000&ToDate=13&ToMonth=11&ToYear=2020&Variable=Issuer
0,2001-12-31,BU.TO,2001-12-31,2001-12-31,Q4,0.0,0.0,0.0,0.0,595765.0,370397.0,0.0,0.0,0.0,1083624.0,0.0,0.0,-894700.0,0.0,-1083624.0,0.0,0.0,0.0,0.0,0.0,-1067360.0,0.0,-0.045327,-0.045327,23560097,23560097,https://www.sedar.com/ModifyCompanyDocumentSearchForm.do?lang=EN&company_search=Burcon NutraScience Corp&document_selection=0&industry_group=A&FromDate=13&FromMonth=05&FromYear=2000&ToDate=13&ToMonth=11&ToYear=2020&Variable=Issuer,https://www.sedar.com/ModifyCompanyDocumentSearchForm.do?lang=EN&company_search=Burcon NutraScience Corp&document_selection=0&industry_group=A&FromDate=13&FromMonth=05&FromYear=2000&ToDate=13&ToMonth=11&ToYear=2020&Variable=Issuer
0,2001-09-30,BU.TO,2001-09-30,2001-09-30,Q3,0.0,0.0,0.0,0.0,585849.0,340972.0,0.0,0.0,0.0,1044442.0,0.0,0.0,-774511.0,0.0,-1044442.0,0.0,0.0,0.0,0.0,0.0,-1026765.0,0.0,-0.046271,-0.046271,22195862,22195862,https://www.sedar.com/ModifyCompanyDocumentSearchForm.do?lang=EN&company_search=Burcon NutraScience Corp&document_selection=0&industry_group=A&FromDate=13&FromMonth=05&FromYear=2000&ToDate=13&ToMonth=11&ToYear=2020&Variable=Issuer,https://www.sedar.com/ModifyCompanyDocumentSearchForm.do?lang=EN&company_search=Burcon NutraScience Corp&document_selection=0&industry_group=A&FromDate=13&FromMonth=05&FromYear=2000&ToDate=13&ToMonth=11&ToYear=2020&Variable=Issuer
0,2001-06-30,BU.TO,2001-06-30,2001-06-30,Q2,1.0,0.0,0.0,0.0,406231.0,305904.0,0.0,0.0,0.0,829439.0,0.0,0.0,-712134.0,-712134.0,-829438.0,0.0,0.0,0.0,0.0,0.0,-803262.0,-803262.0,-0.035412,-0.035412,21653941,21653941,https://www.sedar.com/ModifyCompanyDocumentSearchForm.do?lang=EN&company_search=Burcon NutraScience Corp&document_selection=0&industry_group=A&FromDate=13&FromMonth=05&FromYear=2000&ToDate=13&ToMonth=11&ToYear=2020&Variable=Issuer,https://www.sedar.com/ModifyCompanyDocumentSearchForm.do?lang=EN&company_search=Burcon NutraScience Corp&document_selection=0&industry_group=A&FromDate=13&FromMonth=05&FromYear=2000&ToDate=13&ToMonth=11&ToYear=2020&Variable=Issuer
0,2001-03-31,BU.TO,2001-03-31,2001-03-31,Q1,1.0,-57657.0,57658.0,57658.0,326584.0,339006.0,0.0,0.0,0.0,782442.0,0.0,0.0,-607932.0,-607932.0,-782441.0,0.0,0.0,0.0,0.0,0.0,-745137.0,-745137.0,-0.007442111046383862,-0.007442111046383862,100124413,100124413,https://www.sedar.com/ModifyCompanyDocumentSearchForm.do?lang=EN&company_search=Burcon NutraScience Corp&document_selection=0&industry_group=A&FromDate=13&FromMonth=05&FromYear=2000&ToDate=13&ToMonth=11&ToYear=2020&Variable=Issuer,https://www.sedar.com/ModifyCompanyDocumentSearchForm.do?lang=EN&company_search=Burcon NutraScience Corp&document_selection=0&industry_group=A&FromDate=13&FromMonth=05&FromYear=2000&ToDate=13&ToMonth=11&ToYear=2020&Variable=Issuer
0,2000-12-31,BU.TO,2000-12-31,2000-12-31,Q4,1.0,538.0,-537.0,-537.0,216471.0,154835.0,0.0,0.0,0.0,488129.0,0.0,0.0,-371843.0,-371843.0,-488128.0,-436826.0,0.0,-436826.0,-436826.0,-11868.0,-424958.0,-424958.0,-0.017706,-0.017706,18129669,18129669,https://www.sedar.com/ModifyCompanyDocumentSearchForm.do?lang=EN&company_search=Burcon NutraScience Corp&document_selection=0&industry_group=A&FromDate=13&FromMonth=05&FromYear=2000&ToDate=13&ToMonth=11&ToYear=2020&Variable=Issuer,https://www.sedar.com/ModifyCompanyDocumentSearchForm.do?lang=EN&company_search=Burcon NutraScience Corp&document_selection=0&industry_group=A&FromDate=13&FromMonth=05&FromYear=2000&ToDate=13&ToMonth=11&ToYear=2020&Variable=Issuer
0,2000-09-30,BU.TO,2000-09-30,2000-09-30,Q3,1.0,-17159.0,17160.0,17160.0,200156.0,198160.0,0.0,0.0,0.0,515029.0,0.0,0.0,-381156.0,-381156.0,-515028.0,0.0,0.0,0.0,0.0,0.0,-458790.0,-458790.0,-0.023608,-0.023608,18129669,18129669,https://www.sedar.com/ModifyCompanyDocumentSearchForm.do?lang=EN&company_search=Burcon NutraScience Corp&document_selection=0&industry_group=A&FromDate=13&FromMonth=05&FromYear=2000&ToDate=13&ToMonth=11&ToYear=2020&Variable=Issuer,https://www.sedar.com/ModifyCompanyDocumentSearchForm.do?lang=EN&company_search=Burcon NutraScience Corp&document_selection=0&industry_group=A&FromDate=13&FromMonth=05&FromYear=2000&ToDate=13&ToMonth=11&ToYear=2020&Variable=Issuer
0,2000-06-30,BU.TO,2000-06-30,2000-06-30,Q2,1.0,-16234.0,16235.0,16235.0,192207.0,164894.0,0.0,0.0,0.0,473601.0,0.0,0.0,-340866.0,-340866.0,-473600.0,0.0,0.0,0.0,0.0,0.0,-435753.0,-435753.0,-0.023608,-0.023608,18129669,18129669,https://www.sedar.com/ModifyCompanyDocumentSearchForm.do?lang=EN&company_search=Burcon NutraScience Corp&document_selection=0&industry_group=A&FromDate=13&FromMonth=05&FromYear=2000&ToDate=13&ToMonth=11&ToYear=2020&Variable=Issuer,https://www.sedar.com/ModifyCompanyDocumentSearchForm.do?lang=EN&company_search=Burcon NutraScience Corp&document_selection=0&industry_group=A&FromDate=13&FromMonth=05&FromYear=2000&ToDate=13&ToMonth=11&ToYear=2020&Variable=Issuer
0,2000-03-31,BU.TO,2000-03-31,2000-03-31,Q1,0.0,-12805.0,12805.0,0.0,120479.0,160185.0,0.0,0.0,0.0,397194.0,0.0,0.0,-267859.0,0.0,-397194.0,0.0,0.0,0.0,0.0,0.0,-371265.0,0.0,-0.003708036720275204,-0.003708036720275204,100124413,100124413,https://www.sedar.com/ModifyCompanyDocumentSearchForm.do?lang=EN&company_search=Burcon NutraScience Corp&document_selection=0&industry_group=A&FromDate=13&FromMonth=05&FromYear=2000&ToDate=13&ToMonth=11&ToYear=2020&Variable=Issuer,https://www.sedar.com/ModifyCompanyDocumentSearchForm.do?lang=EN&company_search=Burcon NutraScience Corp&document_selection=0&industry_group=A&FromDate=13&FromMonth=05&FromYear=2000&ToDate=13&ToMonth=11&ToYear=2020&Variable=Issuer
0,1999-12-31,BU.TO,1999-12-31,1999-12-31,Q4,1.0,0.0,0.0,0.0,85952.0,89008.0,0.0,0.0,0.0,282572.0,0.0,0.0,-174959.0,-174959.0,-282571.0,0.0,0.0,0.0,0.0,0.0,-258242.0,-258242.0,-0.023608,-0.023608,11283345,11283345,https://www.sedar.com/ModifyCompanyDocumentSearchForm.do?lang=EN&company_search=Burcon NutraScience Corp&document_selection=0&industry_group=A&FromDate=13&FromMonth=05&FromYear=2000&ToDate=13&ToMonth=11&ToYear=2020&Variable=Issuer,https://www.sedar.com/ModifyCompanyDocumentSearchForm.do?lang=EN&company_search=Burcon NutraScience Corp&document_selection=0&industry_group=A&FromDate=13&FromMonth=05&FromYear=2000&ToDate=13&ToMonth=11&ToYear=2020&Variable=Issuer
0,1999-09-30,BU.TO,1999-09-30,1999-09-30,Q3,1.0,0.0,0.0,0.0,0.0,7065.0,0.0,0.0,0.0,7065.0,0.0,0.0,-7064.0,-7064.0,-7064.0,0.0,0.0,0.0,0.0,0.0,-5417.0,-5417.0,-0.000708,-0.000708,7654747.0,7654747.0,https://www.sedar.com/ModifyCompanyDocumentSearchForm.do?lang=EN&company_search=Burcon NutraScience Corp&document_selection=0&industry_group=A&FromDate=13&FromMonth=05&FromYear=2000&ToDate=13&ToMonth=11&ToYear=2020&Variable=Issuer,https://www.sedar.com/ModifyCompanyDocumentSearchForm.do?lang=EN&company_search=Burcon NutraScience Corp&document_selection=0&industry_group=A&FromDate=13&FromMonth=05&FromYear=2000&ToDate=13&ToMonth=11&ToYear=2020&Variable=Issuer
0,1999-06-30,BU.TO,1999-06-30,1999-06-30,Q2,1.0,0.0,0.0,0.0,0.0,5072.0,0.0,0.0,0.0,5072.0,0.0,0.0,-5071.0,-5071.0,-5071.0,0.0,0.0,0.0,0.0,0.0,-2715.0,-2715.0,-0.000354,-0.000354,7666985.0,7666985.0,https://www.sedar.com/ModifyCompanyDocumentSearchForm.do?lang=EN&company_search=Burcon NutraScience Corp&document_selection=0&industry_group=A&FromDate=13&FromMonth=05&FromYear=2000&ToDate=13&ToMonth=11&ToYear=2020&Variable=Issuer,https://www.sedar.com/ModifyCompanyDocumentSearchForm.do?lang=EN&company_search=Burcon NutraScience Corp&document_selection=0&industry_group=A&FromDate=13&FromMonth=05&FromYear=2000&ToDate=13&ToMonth=11&ToYear=2020&Variable=Issuer
