,date,symbol,fillingDate,acceptedDate,period,revenue,costOfRevenue,grossProfit,grossProfitRatio,researchAndDevelopmentExpenses,generalAndAdministrativeExpenses,sellingAndMarketingExpenses,otherExpenses,operatingExpenses,costAndExpenses,interestExpense,depreciationAndAmortization,ebitda,ebitdaratio,operatingIncome,operatingIncomeRatio,totalOtherIncomeExpensesNet,incomeBeforeTax,incomeBeforeTaxRatio,incomeTaxExpense,netIncome,netIncomeRatio,eps,epsdiluted,weightedAverageShsOut,weightedAverageShsOutDil,link,finalLink
0,2020-09-30,ADTN,2020-11-06,2020-11-06 16:53:12,Q3,133143000,74181000,58962000,0.4428471643270769,27223000,27205000,0.0,-1679000.0,54428000,128609000,0.0,4121000.0,8655000.0,0.06500529505869629,4534000.0,0.03405361153045973,-1679000.0,6043000.0,0.0453872903569846,-562000.0,5481000.0,0.041166264843063474,0.11428988468836666,0.11428988468836666,47957000,47957000,https://www.sec.gov/Archives/edgar/data/926282/000156459020052017/0001564590-20-052017-index.htm,https://www.sec.gov/Archives/edgar/data/926282/000156459020052017/adtn-10q_20200930.htm
0,2020-06-30,ADTN,2020-08-07,2020-08-07 13:21:33,Q2,128715000,75221000,53494000,0.4156003573787049,28031000,30310000,0.0,-628000.0,59532999.99999999,134754000,10183000,4039000.0,16609000,0.129037,-6039000.0,-0.046918,-1757000.0,2387000.0,0.018545,1635000.0,752000.0,0.005842,0.01558,0.01558,48254000,48254000,https://www.sec.gov/Archives/edgar/data/926282/000156459020038237/0001564590-20-038237-index.htm,https://www.sec.gov/Archives/edgar/data/926282/000156459020038237/adtn-10q_20200630.htm
0,2020-03-31,ADTN,2020-05-08,2020-05-08 15:59:12,Q1,114523000,62889000,51634000,0.45086139902028416,29423000,26537000,0.0,0.0,56577999.99999999,119467000,1000.0,4365000.0,-9971000.0,-0.087065,-4944000.0,-0.04317,1129000.0,-14337000,-0.125189,-4368000.0,-9969000.0,-0.087048,-0.20787,-0.20787,47957000,47957000,https://www.sec.gov/Archives/edgar/data/926282/000156459020023537/0001564590-20-023537-index.htm,https://www.sec.gov/Archives/edgar/data/926282/000156459020006425/adtn-10k_20191231.htm
0,2019-12-31,ADTN,2020-02-25,2020-02-25 16:54:37,Q4,115787000,68540000,47247000,0.40805099018024477,29618000,30343000,0.0,-768000.0,61316999.99999999,129856999.99999999,129000.0,4456000.000000001,-6270999.999999999,-0.05416,-14070000,-0.121516,-768000.0,-10856000,-0.093758,768000.0,-11624000,-0.100391,-0.2425,-0.2425,47935000,47935000,https://www.sec.gov/Archives/edgar/data/926282/000156459020006425/0001564590-20-006425-index.htm,https://www.sec.gov/Archives/edgar/data/926282/000156459020006425/adtn-10k_20191231.htm
0,2019-09-30,ADTN,2019-11-05,2019-11-05 17:22:32,Q3,114092000,67699000,46393000,0.406627984433615,31233000,30381000,0.0,1616000.0,66681000,134380000,128000.0,4401999.999999999,-13876000.000000002,-0.121621,-20288000,-0.177821,1616000.0,-18406000,-0.161326,27717000,-46123000,-0.404261,-0.96443,-0.96443,47824000,47824000,https://www.sec.gov/Archives/edgar/data/926282/000156459019040490/0001564590-19-040490-index.htm,https://www.sec.gov/Archives/edgar/data/926282/000156459019040490/adtn-10q_20190930.htm
0,2019-06-30,ADTN,2019-09-20,2019-09-20 17:21:45,Q2,156391000,91326000,65065000,0.41604056499414926,31417000,32916000,0.0,-205000.0,64503000.00000001,155829000,127000.0,4417000.0,7951000.0,0.050841,562000.0,0.003594,-205000.0,3407000.0,0.021785,-588000.0,3995000.0,0.025545,0.08317,0.08317,48036000,48036000,https://www.sec.gov/Archives/edgar/data/926282/000156459019035143/0001564590-19-035143-index.htm,https://www.sec.gov/Archives/edgar/data/926282/000156459019035143/adtn-10q_20190630.htm
0,2019-03-31,ADTN,2019-05-07,2019-05-07 11:02:10,Q1,143791000,82544000,61247000,0.4259446001488271,31063000,34288000,0.0,855000.0,67414000,149958000,127000.0,4496000.0,5701000.0,0.039648,-6167000.0,-0.042889,855000.0,1078000.0,0.007497,308000.0,770000.0,0.005355,0.01609,0.01609,47853000,47853000,https://www.sec.gov/Archives/edgar/data/926282/000156459019016264/0001564590-19-016264-index.htm,https://www.sec.gov/Archives/edgar/data/926282/000156459019005179/adtn-10k_20181231.htm
0,2018-12-31,ADTN,2019-02-28,2019-02-28 07:37:57,Q4,140088000,84700000,55388000,0.3953800468277083,31092000,28079000,0.0,1359000.0,59171000.00000001,143871000,135000.0,3891000.0,-2561000.0,-0.018281,-3783000.0,-0.027004,1359000.0,-10587000,-0.075574,1860000.0,-8447000.0,-0.060298,-0.17694,-0.17694,47739000,47739000,https://www.sec.gov/Archives/edgar/data/926282/000156459019005179/0001564590-19-005179-index.htm,https://www.sec.gov/Archives/edgar/data/926282/000156459019005179/adtn-10k_20181231.htm
0,2018-09-30,ADTN,2018-11-06,2018-11-06 15:35:40,Q3,140300000,81900000,58400000,0.41625089094796863,29900000,30800000,0.0,201000.0,60599999.99999999,142500000,134000.0,4500000.0,7834000.0,0.055837,-2200000.0,-0.015681,200000.0,3200000.0,0.022808,-4400000.0,7600000.0,0.05417,0.159,0.159,47800000,47800000,https://www.sec.gov/Archives/edgar/data/926282/000156459018027351/0001564590-18-027351-index.htm,https://www.sec.gov/Archives/edgar/data/926282/000156459018027351/adtn-10q_20180930.htm
0,2018-06-30,ADTN,2018-08-03,2018-08-03 16:00:34,Q2,128000000,78100000,49900000,0.38984375,30700000,32100000,0.0,-217000.0,62800000.00000001,140900000,132000.0,3900000.0,-7268000.0,-0.056781,-12800000,-0.1,-200000.0,-11300000,-0.088281,-3600000.0,-7700000.0,-0.060156,-0.16075,-0.16075,47900000,47900000,https://www.sec.gov/Archives/edgar/data/926282/000156459018019154/0001564590-18-019154-index.htm,https://www.sec.gov/Archives/edgar/data/926282/000156459018019154/adtn-10q_20180630.htm
0,2018-03-31,ADTN,2018-05-09,2018-05-09 16:39:54,Q1,120800000,81100000,39700000,0.32864238410596025,32800000,33500000,0.0,-57000.0,55000000,136100000,132000.0,3600000.0,-10968000,-0.090795,-15300000,-0.126656,-100000.0,-14700000,-0.121689,-3900000.0,-10800000,-0.089404,-0.22407,-0.22407,48200000,48200000,https://www.sec.gov/Archives/edgar/data/926282/000156459018012467/0001564590-18-012467-index.htm,https://www.sec.gov/Archives/edgar/data/926282/000156459018003019/adtn-10k_20171231.htm
0,2017-12-31,ADTN,2018-02-23,2018-02-23 15:29:45,Q4,126800000,68000000,58800000,0.4637223974763407,31700000,31500000,0.0,127000.0,63199999.99999999,131199999.99999999,139000.0,3699999.999999999,-8761000.0,-0.069093,-4400000.0,-0.0347,1200000.0,-700000.0,-0.005521,-1500000.0,-11100000,-0.087539,-0.22981,-0.22981,48300000,48300000,https://www.sec.gov/Archives/edgar/data/926282/000156459018003019/0001564590-18-003019-index.htm,https://www.sec.gov/Archives/edgar/data/926282/000156459018003019/adtn-10k_20171231.htm
0,2017-09-30,ADTN,2017-11-07,2017-11-07 15:29:03,Q3,185100000,98600000,86500000,0.46731496488384655,33500000,34700000,0.0,-933000.0,68200000.00000001,166800000.00000003,139000.0,3599999.9999999995,22939000,0.123928,18300000,0.098865,-900000.0,19200000,0.103728,3300000.0,15900000,0.0859,0.32784,0.32784,48500000,48500000,https://www.sec.gov/Archives/edgar/data/926282/000156459017022183/0001564590-17-022183-index.htm,https://www.sec.gov/Archives/edgar/data/926282/000156459017022183/adtn-10q_20170930.htm
0,2017-06-30,ADTN,2017-08-04,2017-08-04 14:46:50,Q2,184700000,100000000,84700000,0.4585814834867352,33500000,34700000,0.0,-753000.0,68199999.99999999,168200000,137000.0,4100000.0000000005,22137000,0.119854,16400000,0.088793,-400000.0,17900000,0.096914,5500000.0,12400000,0.067136,0.2562,0.2562,48400000,48400000,https://www.sec.gov/Archives/edgar/data/926282/000156459017015623/0001564590-17-015623-index.htm,https://www.sec.gov/Archives/edgar/data/926282/000156459017015623/adtn-10q_20170630.htm
0,2017-03-31,ADTN,2017-05-03,2017-05-03 16:31:25,Q1,170300000,96600000,73700000,0.4327657075748679,32000000,34800000,0.0,0.0,66700000.00000002,163300000.00000003,141000.0,4300000.0,12841000,0.075402,6900000.0,0.040517,100000.0,8300000.0,0.048738,1700000.0,6700000.0,0.039342,0.13701,0.13701,48900000,48900000,https://www.sec.gov/Archives/edgar/data/926282/000156459017008397/0001564590-17-008397-index.htm,https://www.sec.gov/Archives/edgar/data/926282/000156459017002423/adtn-10k_20161231.htm
0,2016-12-31,ADTN,2017-02-24,2017-02-24 16:53:47,Q4,163000000,92200000,70800000,0.4343558282208589,32100000,34400000,0.0,-273000.0,66499999.99999999,158700000,142000.0,4100000.0,11142000,0.068356,4300000.0,0.02638,-300000.0,6800000.0,0.041718,-700000.0,7600000.0,0.046626,0.15606,0.15606,48700000,48700000,https://www.sec.gov/Archives/edgar/data/926282/000156459017002423/0001564590-17-002423-index.htm,https://www.sec.gov/Archives/edgar/data/926282/000156459017002423/adtn-10k_20161231.htm
0,2016-09-30,ADTN,2016-11-08,2016-11-08 13:38:18,Q3,168900000,93100000,75800000,0.4487862640615749,32000000,33700000,0.0,-246000.0,62099999.99999999,155200000,143000.0,3600000.0000000005,19243000,0.113931,13700000,0.081113,-200000.0,15500000,0.09177,3100000.0,12400000,0.073416,0.25462,0.25462,48700000,48700000,https://www.sec.gov/Archives/edgar/data/926282/000156459016028206/0001564590-16-028206-index.htm,https://www.sec.gov/Archives/edgar/data/926282/000156459016028206/adtn-10q_20160930.htm
0,2016-06-30,ADTN,2016-08-05,2016-08-05 12:46:15,Q2,162700000,83700000,79000000,0.4855562384757222,31300000,32900000,0.0,-251000.0,64200000,147900000,142000.0,3400000.0000000005,19942000,0.122569,14800000,0.090965,-500000.0,16500000,0.101414,6200000.0,10200000,0.062692,0.20816,0.20816,49000000,49000000,https://www.sec.gov/Archives/edgar/data/926282/000156459016022906/0001564590-16-022906-index.htm,https://www.sec.gov/Archives/edgar/data/926282/000156459016022906/adtn-10q_20160630.htm
0,2016-03-31,ADTN,2016-05-04,2016-05-04 13:05:43,Q1,142200000,76400000,65800000,0.46272855133614627,29500000,30800000,0.0,119000.0,60299999.99999998,136699999.99999997,145000.0,3300000.0,11545000,0.081188,5500000.0,0.038678,200000.0,8100000.0,0.056962,3100000.0,5000000.0,0.035162,0.10121,0.10121,49400000,49400000,https://www.sec.gov/Archives/edgar/data/926282/000119312516576994/0001193125-16-576994-index.htm,https://www.sec.gov/Archives/edgar/data/926282/000119312516475816/d55207d10k.htm
0,2015-12-31,ADTN,2016-02-24,2016-02-24 16:31:06,Q4,139000000,76600000,62400000,0.4489208633093525,29300000,30300000,0.0,-617000.0,59599999.99999999,136200000,148000.0,3399999.9999999986,8747999.999999998,0.062935,2800000.0,0.020144,100000.0,5200000.0,0.03741,-500000.0,5700000.0,0.041007,0.11469,0.11469,49700000,49700000,https://www.sec.gov/Archives/edgar/data/926282/000119312516475816/0001193125-16-475816-index.htm,https://www.sec.gov/Archives/edgar/data/926282/000119312516475816/d55207d10k.htm
0,2015-09-30,ADTN,2015-11-04,2015-11-04 16:04:16,Q3,158100000,87400000,70700000,0.4471853257432005,32600000,30000000,0.0,52000.0,62599999.99999999,150000000,151000.0,3500000.000000001,14551000.000000002,0.092037,8100000.0,0.051233,-848000.0,10900000,0.068944,3800000.0,7100000.0,0.044908,0.14228,0.14228,49900000,49900000,https://www.sec.gov/Archives/edgar/data/926282/000119312515366072/0001193125-15-366072-index.htm,https://www.sec.gov/Archives/edgar/data/926282/000119312515366072/d70485d10q.htm
0,2015-06-30,ADTN,2015-08-05,2015-08-05 14:37:33,Q2,160100000,91900000,68200000,0.4259837601499063,35500000,32100000,0.0,-547000.0,67600000,159500000,149000.0,3599999.9999999995,7849000.0,0.049026,600000.0,0.003748,800000.0,4100000.0,0.025609,1600000.0,2500000.0,0.015615,0.04817,0.04817,51900000,51900000,https://www.sec.gov/Archives/edgar/data/926282/000119312515278444/0001193125-15-278444-index.htm,https://www.sec.gov/Archives/edgar/data/926282/000119312515278444/d937115d10q.htm
0,2015-03-31,ADTN,2015-05-06,2015-05-06 13:21:27,Q1,142800000,77300000,65500000,0.4586834733893557,32500000,31100000,0.0,-353000.0,63600000.00000001,140900000,148000.0,3700000.0,9348000.0,0.065462,2000000.0,0.014006,-1800000.0,5500000.0,0.038515,2200000.0,3300000.0,0.023109,0.06157,0.06157,53600000,53600000,https://www.sec.gov/Archives/edgar/data/926282/000119312515173975/0001193125-15-173975-index.htm,https://www.sec.gov/Archives/edgar/data/926282/000119312515059743/d825467d10k.htm
0,2014-12-31,ADTN,2015-02-24,2015-02-24 14:20:43,Q4,143400000,75300000,68100000,0.47489539748953974,31200000,31500000,0.0,2790000.0,64100000.00000001,139400000,152000.0,3700000.000000001,12252000.000000002,0.085439,4000000.0,0.027894,3900000.0,8400000.0,0.058577,-900000.0,9300000.0,0.064854,0.17222,0.17222,54000000,54000000,https://www.sec.gov/Archives/edgar/data/926282/000119312515059743/0001193125-15-059743-index.htm,https://www.sec.gov/Archives/edgar/data/926282/000119312515059743/d825467d10k.htm
0,2014-09-30,ADTN,2014-11-05,2014-11-05 15:43:02,Q3,162900000,84600000,78300000,0.48066298342541436,33300000,32400000,0.0,-963000.0,65800000.00000001,150400000,150000.0,3599999.9999999995,18750000,0.115101,12500000,0.076734,-800000.0,15100000,0.092695,3700000.0,11300000,0.069368,0.2062,0.2062,54800000,54800000,https://www.sec.gov/Archives/edgar/data/926282/000119312514398391/0001193125-14-398391-index.htm,https://www.sec.gov/Archives/edgar/data/926282/000119312514398391/d789428d10q.htm
0,2014-06-30,ADTN,2014-08-06,2014-08-06 14:24:14,Q2,176100000,89300000,86800000,0.49290176036342986,33700000,33800000,0.0,-774000.0,67500000.00000001,156800000,148000.0,3900000.0,25848000,0.14678,19300000,0.109597,-300000.0,21800000,0.123793,7400000.0,14400000,0.081772,0.25853,0.25853,55700000,55700000,https://www.sec.gov/Archives/edgar/data/926282/000119312514297927/0001193125-14-297927-index.htm,https://www.sec.gov/Archives/edgar/data/926282/000119312514297927/d737572d10q.htm
0,2014-03-31,ADTN,2014-05-07,2014-05-07 14:18:32,Q1,146800000,69200000,77600000,0.5286103542234333,31900000,33900000,0.0,122000.0,66300000,135500000,227000.0,3600000.0,18527000,0.126206,11300000,0.076975,200000.0,14700000,0.100136,5100000.0,9600000.0,0.065395,0.16725,0.16725,57400000,57400000,https://www.sec.gov/Archives/edgar/data/926282/000119312514187120/0001193125-14-187120-index.htm,https://www.sec.gov/Archives/edgar/data/926282/000119312514071988/d630618d10k.htm
0,2013-12-31,ADTN,2014-02-27,2014-02-27 12:33:13,Q4,158900000,82100000,76800000,0.48332284455632474,32600000,33300000,0.0,610000.0,66200000.00000002,148300000.00000003,588000.0,3599999.9999999995,18488000,0.11635,10600000,0.066709,1400000.0,14300000,0.089994,2500000.0,11800000,0.074261,0.2038,0.2038,57900000,57900000,https://www.sec.gov/Archives/edgar/data/926282/000119312514071988/0001193125-14-071988-index.htm,https://www.sec.gov/Archives/edgar/data/926282/000119312514071988/d630618d10k.htm
0,2013-09-30,ADTN,2013-11-01,2013-11-01 11:38:01,Q3,177200000,94900000,82300000,0.46444695259593677,32200000,32700000,0.0,-1521000.0,65100000,160000000,581000.0,3599999.9999999995,24181000,0.136462,17200000,0.097065,100000.0,20000000,0.112867,3800000.0,16200000,0.091422,0.27645,0.27645,58600000,58600000,https://www.sec.gov/Archives/edgar/data/926282/000119312513422365/0001193125-13-422365-index.htm,https://www.sec.gov/Archives/edgar/data/926282/000119312513422365/d590723d10q.htm
0,2013-06-30,ADTN,2013-07-31,2013-07-31 14:24:08,Q2,162000000,82400000,79600000,0.49135802469135803,33000000,32600000,0.0,129000.0,65600000,148000000,575000.0,3700000.0,21175000,0.13071,14100000,0.087037,300000.0,16800000,0.103704,7000000.0,9900000.0,0.061111,0.16723,0.16723,59200000,59200000,https://www.sec.gov/Archives/edgar/data/926282/000119312513312256/0001193125-13-312256-index.htm,https://www.sec.gov/Archives/edgar/data/926282/000119312513312256/d545290d10q.htm
0,2013-03-31,ADTN,2013-05-08,2013-05-08 14:36:47,Q1,142800000,73200000,69600000,0.48739495798319327,31900000,30400000,0.0,-1672000.0,62999999.999999985,136200000,581000.0,3700000.0,13981000,0.097906,6600000.0,0.046218,-1900000.0,9700000.0,0.067927,1800000.0,7900000.0,0.055322,0.13167,0.13167,60000000,60000000,https://www.sec.gov/Archives/edgar/data/926282/000119312513207088/0001193125-13-207088-index.htm,https://www.sec.gov/Archives/edgar/data/926282/000119312513082523/d450599d10k.htm
0,2012-12-31,ADTN,2013-02-28,2013-02-28 10:10:30,Q4,141300000,72200000,69100000,0.48903043170559096,30100000,35200000,0.0,-82000.0,66200000,138400000,591000.0,3699999.999999999,10691000,0.075662,2900000.0,0.020524,-100000.0,6400000.0,0.045294,2400000.0,4000000.0,0.028309,0.0639,0.0639,62600000,62600000,https://www.sec.gov/Archives/edgar/data/926282/000119312513082523/0001193125-13-082523-index.htm,https://www.sec.gov/Archives/edgar/data/926282/000119312513082523/d450599d10k.htm
0,2012-09-30,ADTN,2012-11-05,2012-11-05 14:34:52,Q3,162100000,82000000,80100000,0.49413942011104256,34900000,33900000,0.0,-368000.0,69800000.00000001,151800000,1756000.0,3800000.000000001,19256000,0.118791,10300000,0.063541,-400000.0,13700000,0.084516,4400000.0,9300000.0,0.057372,0.14692,0.14692,63300000,63300000,https://www.sec.gov/Archives/edgar/data/926282/000119312512451437/0001193125-12-451437-index.htm,https://www.sec.gov/Archives/edgar/data/926282/000119312512451437/d415505d10q.htm
0,2012-06-30,ADTN,2012-08-03,2012-08-03 12:50:22,Q2,183500000,88100000,95400000,0.5198910081743869,31700000,33500000,0.0,492000.0,66800000.00000001,154900000,3700000.0,3499999.9999999995,40000000,0.217984,28600000,0.155858,500000.0,32800000,0.178747,11700000,21100000,0.114986,0.32764,0.32764,64400000,64400000,https://www.sec.gov/Archives/edgar/data/926282/000119312512334164/0001193125-12-334164-index.htm,https://www.sec.gov/Archives/edgar/data/926282/000119312512334164/d375437d10q.htm
0,2012-03-31,ADTN,2012-05-09,2012-05-09 10:33:13,Q1,134700000,60600000,74100000,0.5501113585746102,24800000,31600000,0.0,141000.0,57999999.99999999,118599999.99999999,3700000.0,3100000.0,26900000,0.199703,16200000,0.120267,100000.0,20100000,0.14922,7100000.0,13000000,0.096511,0.20062,0.20062,64800000,64800000,https://www.sec.gov/Archives/edgar/data/926282/000119312512220696/0001193125-12-220696-index.htm,https://www.sec.gov/Archives/edgar/data/926282/000119312512089158/d263683d10k.htm
0,2011-12-31,ADTN,2012-02-29,2012-02-29 16:14:14,Q4,175300000,76000000,99300000,0.5664575014261266,24900000,31800000,0.0,-297000.0,58199999.99999999,134199999.99999999,4500000.0,3099999.9999999995,53000000,0.302339,41100000,0.234455,-300000.0,45400000,0.258985,14200000,31200000,0.177981,0.48297,0.48297,64600000,64600000,https://www.sec.gov/Archives/edgar/data/926282/000119312512089158/0001193125-12-089158-index.htm,https://www.sec.gov/Archives/edgar/data/926282/000119312512089158/d263683d10k.htm
0,2011-09-30,ADTN,2011-11-03,2011-11-03 17:13:18,Q3,192200000,82700000,109500000,0.5697190426638917,26900000,31500000,0.0,-155000.0,58399999.99999999,141100000,4400000.0,2900000.0000000005,62700000,0.326223,51100000,0.265869,-200000.0,55400000,0.288241,19200000,36200000,0.188345,0.55692,0.55692,65000000,65000000,https://www.sec.gov/Archives/edgar/data/926282/000095012311094914/0000950123-11-094914-index.htm,https://www.sec.gov/Archives/edgar/data/926282/000095012311094914/c22385e10vq.htm
0,2011-06-30,ADTN,2011-08-02,2011-08-02 13:52:03,Q2,184200000,77400000,106800000,0.5798045602605864,24600000,30900000,0.0,-117000.0,55500000,132900000,4800000.0,2800000.0,63500000,0.344734,51300000,0.278502,-100000.0,56000000,0.304017,19000000,36900000,0.200326,0.55825,0.55825,66100000,66100000,https://www.sec.gov/Archives/edgar/data/926282/000095012311071519/0000950123-11-071519-index.htm,https://www.sec.gov/Archives/edgar/data/926282/000095012311071519/c17630e10vq.htm
0,2011-03-31,ADTN,2011-05-05,2011-05-05 12:56:59,Q1,165500000,66700000,98800000,0.5969788519637462,23600000,29600000,0.0,-125000.0,53200000,119900000,4000000.0,2700000.0,56200000,0.339577,45600000,0.275529,-100000.0,49400000,0.298489,15200000,34300000,0.207251,0.5197,0.5197,66000000,66000000,https://www.sec.gov/Archives/edgar/data/926282/000095012311045439/0000950123-11-045439-index.htm,https://www.sec.gov/Archives/edgar/data/926282/000095012311018429/c10625e10vk.htm
0,2010-12-31,ADTN,2011-02-25,2011-02-25 12:39:54,Q4,165300000,68400000,96900000,0.5862068965517241,22500000,29600000,0.0,-163000.0,52099999.99999999,120500000,4100000.0,2700000.0,55600000,0.336358,44900000,0.271627,-200000.0,48800000,0.295221,12800000,36000000,0.217786,0.55641,0.55641,64700000,64700000,https://www.sec.gov/Archives/edgar/data/926282/000095012311018429/0000950123-11-018429-index.htm,https://www.sec.gov/Archives/edgar/data/926282/000095012311018429/c10625e10vk.htm
0,2010-09-30,ADTN,2010-11-02,2010-11-02 15:07:42,Q3,163000000,65700000,97300000,0.5969325153374233,22800000,29500000,0.0,-266000.0,52200000,117900000,4400000.0,2599999.9999999995,56200000,0.344785,45000000,0.276074,-300000.0,49200000,0.30184,17100000,32100000,0.196933,0.49922,0.49922,64300000,64300000,https://www.sec.gov/Archives/edgar/data/926282/000095012310099391/0000950123-10-099391-index.htm,https://www.sec.gov/Archives/edgar/data/926282/000095012310099391/c05911e10vq.htm
0,2010-06-30,ADTN,2010-07-29,2010-07-29 15:38:21,Q2,150400000,61000000,89400000,0.5944148936170213,22300000,28500000,0.0,-188000.0,50700000,111700000,3500000.0,2600000.0,48100000,0.319814,38600000,0.256649,-200000.0,42000000,0.279255,14200000,27800000,0.18484,0.4378,0.4378,63500000,63500000,https://www.sec.gov/Archives/edgar/data/926282/000095012310069734/0000950123-10-069734-index.htm,https://www.sec.gov/Archives/edgar/data/926282/000095012310069734/c02951e10vq.htm
0,2010-03-31,ADTN,2010-05-03,2010-05-03 15:29:57,Q1,127000000,51700000,75300000,0.5929133858267717,22800000,27200000,0.0,-187000.0,50000000,101700000,603000.0,2600000.0,31503000,0.248055,25300000,0.199213,-200000.0,28300000,0.222835,10100000,18200000,0.143307,0.28843,0.28843,63100000,63100000,https://www.sec.gov/Archives/edgar/data/926282/000095012310042685/0000950123-10-042685-index.htm,https://www.sec.gov/Archives/edgar/data/926282/000095012310017565/c96762e10vk.htm
0,2009-12-31,ADTN,2010-02-26,2010-02-26 09:02:17,Q4,124200000,50900000,73300000,0.5901771336553945,21300000,25900000,0.0,0.0,47100000,98000000,605000.0,2599999.9999999995,30705000,0.247222,26200000,0.21095,100000.0,27500000,0.221417,8900000.0,18600000,0.149758,0.29245,0.29245,63600000,63600000,https://www.sec.gov/Archives/edgar/data/926282/000095012310017565/0000950123-10-017565-index.htm,https://www.sec.gov/Archives/edgar/data/926282/000095012310017565/c96762e10vk.htm
0,2009-09-30,ADTN,2009-11-04,2009-11-04 09:45:26,Q3,128100000,53600000,74500000,0.5815768930523029,20500000,25000000,0.0,35000.0,45499999.99999999,99099999.99999999,613000.0,2500000.0,34113000,0.2663,29000000,0.226386,100000.0,31000000,0.241998,9400000.0,21600000,0.168618,0.33803,0.33803,63900000,63900000,https://www.sec.gov/Archives/edgar/data/926282/000095012309057321/0000950123-09-057321-index.htm,https://www.sec.gov/Archives/edgar/data/926282/000095012309057321/c91782e10vq.htm
0,2009-06-30,ADTN,2009-08-03,2009-08-03 14:39:20,Q2,121500000,49800000,71700000,0.5901234567901235,20700000,24900000,0.0,100000.0,45600000.00000001,95400000.00000001,609000.0,2500000.0,31509000,0.259333,26100000,0.214815,100000.0,28500000,0.234568,9600000.0,18800000,0.154733,0.29794,0.29794,63100000,63100000,https://www.sec.gov/Archives/edgar/data/926282/000119312509162061/0001193125-09-162061-index.htm,https://www.sec.gov/Archives/edgar/data/926282/000119312509162061/d10q.htm
0,2009-03-31,ADTN,2009-05-04,2009-05-04 15:28:56,Q1,110400000,42900000,67500000,0.6114130434782609,20900000,23700000,0.0,-135000.0,44600000,87500000,603000.0,2500000.0,23703000,0.214701,22900000,0.207428,-100000.0,20600000,0.186594,5400000.0,15200000,0.137681,0.24281,0.24281,62600000,62600000,https://www.sec.gov/Archives/edgar/data/926282/000119312509097835/0001193125-09-097835-index.htm,https://www.sec.gov/Archives/edgar/data/926282/000119312509040626/d10k.htm
0,2008-12-31,ADTN,2009-02-27,2009-02-27 13:30:43,Q4,112400000,44800000,67600000,0.6014234875444839,20400000,25700000,0.0,0.0,46100000.00000001,90900000.00000001,2514000.0,2500000.0,25614000,0.227883,21500000,0.191281,688000.0,20600000,0.183274,3900000.0,16700000,0.148577,0.26635,0.26635,62700000,62700000,https://www.sec.gov/Archives/edgar/data/926282/000119312509040626/0001193125-09-040626-index.htm,https://www.sec.gov/Archives/edgar/data/926282/000119312509040626/d10k.htm
0,2008-09-30,ADTN,2008-11-03,2008-11-03 16:01:29,Q3,137200000,55500000,81700000,0.5954810495626822,21700000,26300000,0.0,0.0,48000000,103500000,626000.0,2600000.0000000005,38626000,0.281531,33700000,0.245627,200000.0,35400000,0.258017,13000000,22400000,0.163265,0.34945,0.34945,64100000,64100000,https://www.sec.gov/Archives/edgar/data/926282/000119312508222886/0001193125-08-222886-index.htm,https://www.sec.gov/Archives/edgar/data/926282/000119312508222886/d10q.htm
0,2008-06-30,ADTN,2008-08-04,2008-08-04 15:14:24,Q2,131200000,51800000,79400000,0.6051829268292683,20200000,25700000,0.0,0.0,45900000.00000001,97700000,660000.0,2400000.0,38360000,0.292378,33500000,0.255335,300000.0,35400000,0.269817,12900000,22400000,0.170732,0.34303,0.34303,65300000,65300000,https://www.sec.gov/Archives/edgar/data/926282/000119312508164849/0001193125-08-164849-index.htm,https://www.sec.gov/Archives/edgar/data/926282/000119312508164849/d10q.htm
0,2008-03-31,ADTN,2008-05-05,2008-05-05 17:02:10,Q1,119900000,49600000,70300000,0.5863219349457881,19600000,25500000,0.0,0.0,45100000,94700000,619000.0,2400000.0,29819000,0.248699,25100000,0.209341,100000.0,26800000,0.22352,9800000.0,17000000,0.141785,0.25954,0.25954,65500000,65500000,https://www.sec.gov/Archives/edgar/data/926282/000119312508102458/0001193125-08-102458-index.htm,https://www.sec.gov/Archives/edgar/data/926282/000119312508041981/d10k.htm
0,2007-12-31,ADTN,2008-02-28,2008-02-28 17:10:01,Q4,119000000,49500000,69500000,0.5840336134453782,18700000,25400000,0.0,764000.0,44000000,93500000,626000.0,2699999.999999999,30926000,0.259882,25400000,0.213445,100000.0,27600000,0.231933,9500000.0,18100000,0.152101,0.27055,0.27055,66900000,66900000,https://www.sec.gov/Archives/edgar/data/926282/000119312508041981/0001193125-08-041981-index.htm,https://www.sec.gov/Archives/edgar/data/926282/000119312508041981/d10k.htm
0,2007-09-30,ADTN,2007-11-02,2007-11-02 16:28:59,Q3,123800000,49700000,74100000,0.598546042003231,18700000,25300000,0.0,0.0,44099999.99999999,93800000,631000.0,2700000.0,36031000,0.291042,30000000,0.242326,200000.0,32700000,0.264136,11200000,21500000,0.173667,0.31205,0.31205,68900000,68900000,https://www.sec.gov/Archives/edgar/data/926282/000119312507233835/0001193125-07-233835-index.htm,https://www.sec.gov/Archives/edgar/data/926282/000119312507233835/d10q.htm
0,2007-06-30,ADTN,2007-08-01,2007-08-01 12:23:15,Q2,123700000,50100000,73600000,0.5949878738884398,19500000,26200000,0.0,-298000.0,45699999.99999999,95800000,626000.0,2699999.9999999995,33926000,0.27426,27900000,0.225546,200000.0,30600000,0.247373,10800000,19800000,0.160065,0.28165,0.28165,70300000,70300000,https://www.sec.gov/Archives/edgar/data/926282/000119312507167750/0001193125-07-167750-index.htm,https://www.sec.gov/Archives/edgar/data/926282/000119312507167750/d10q.htm
0,2007-03-31,ADTN,2007-05-01,2007-05-01 16:54:15,Q1,110300000,44500000,65800000,0.5965548504079783,18400000,26500000,0.0,298000.0,43900000.00000001,88400000,619000.0,2600000.0,27819000,0.252212,22000000,0.199456,300000.0,24600000,0.223028,7700000.0,16900000,0.153218,0.23836,0.23836,70900000,70900000,https://www.sec.gov/Archives/edgar/data/926282/000119312507097873/0001193125-07-097873-index.htm,https://www.sec.gov/Archives/edgar/data/926282/000119312507042139/d10k.htm
0,2006-12-31,ADTN,2007-02-28,2007-02-28 11:28:41,Q4,109100000,45700000,63400000,0.5811182401466545,17100000,25700000,0.0,954000.0,42899999.99999999,88599999.99999999,632000.0,2600000.0000000014,26832000,0.24594,20600000,0.188818,100000.0,23500000,0.215399,6500000.0,17100000,0.156737,0.23816,0.23816,71800000,71800000,https://www.sec.gov/Archives/edgar/data/926282/000119312507042139/0001193125-07-042139-index.htm,https://www.sec.gov/Archives/edgar/data/926282/000119312507042139/d10k.htm
0,2006-09-30,ADTN,2006-11-03,2006-11-03 14:02:31,Q3,132700000,54000000,78700000,0.5930670685757348,18300000,25900000,0.0,0.0,44300000,98300000,633000.0,2699999.999999999,40633000,0.306202,34400000,0.259231,100000.0,37300000,0.281085,13100000,24200000,0.182366,0.32925,0.32925,73500000,73500000,https://www.sec.gov/Archives/edgar/data/926282/000119312506223442/0001193125-06-223442-index.htm,https://www.sec.gov/Archives/edgar/data/926282/000119312506223442/d10q.htm
0,2006-06-30,ADTN,2006-07-31,2006-07-31 17:28:56,Q2,122300000,49900000,72400000,0.5919869174161897,17500000,26400000,0.0,0.0,43900000,93800000,633000.0,2800000.0,35733000,0.292175,28500000,0.233034,500000.0,32300000,0.264105,11500000,20800000,0.170074,0.26908,0.26908,77300000,77300000,https://www.sec.gov/Archives/edgar/data/926282/000119312506157170/0001193125-06-157170-index.htm,https://www.sec.gov/Archives/edgar/data/926282/000119312506157170/d10q.htm
0,2006-03-31,ADTN,2006-05-02,2006-05-02 16:32:51,Q1,108600000,44100000,64500000,0.5939226519337016,17800000,24700000,0.0,0.0,42499999.99999999,86599999.99999999,634000.0,2700000.0,28834000,0.265506,22100000,0.203499,-100000.0,25500000,0.234807,9200000.0,16300000,0.150092,0.20659,0.20659,78900000,78900000,https://www.sec.gov/Archives/edgar/data/926282/000119312506096800/0001193125-06-096800-index.htm,https://www.sec.gov/Archives/edgar/data/926282/000119312506046030/d10k.htm
0,2005-12-31,ADTN,2006-03-06,2006-03-06 15:10:35,Q4,140600000,56400000,84200000,0.5988620199146515,14900000,24200000,0.0,-881000.0,39000000.00000001,95400000.00000001,634000.0,3000000.0,50934000,0.362262,45200000,0.321479,-900000.0,47300000,0.336415,15100000,32200000,0.229018,0.40863,0.40863,78800000,78800000,https://www.sec.gov/Archives/edgar/data/926282/000119312506046030/0001193125-06-046030-index.htm,https://www.sec.gov/Archives/edgar/data/926282/000119312506046030/d10k.htm
0,2005-09-30,ADTN,2005-11-04,2005-11-04 14:07:57,Q3,149200000,59900000,89300000,0.5985254691689008,15100000,25000000,0.0,822000.0,40100000,100000000,693000.0,3099999.9999999995,55393000,0.371267,49200000,0.329759,100000.0,51600000,0.345845,18600000,33000000,0.22118,0.42199,0.42199,78200000,78200000,https://www.sec.gov/Archives/edgar/data/926282/000119312505216732/0001193125-05-216732-index.htm,https://www.sec.gov/Archives/edgar/data/926282/000119312505216732/d10q.htm
0,2005-06-30,ADTN,2005-08-05,2005-08-05 12:01:51,Q2,118900000,49300000,69600000,0.5853658536585366,16400000,24300000,0.0,0.0,40700000,90000000,625000.0,3499999.9999999995,35325000,0.297098,28900000,0.243061,400000.0,31300000,0.263246,10500000,20700000,0.174096,0.2671,0.2671,77500000,77500000,https://www.sec.gov/Archives/edgar/data/926282/000119312505158758/0001193125-05-158758-index.htm,https://www.sec.gov/Archives/edgar/data/926282/000119312505158758/d10q.htm
0,2005-03-31,ADTN,2005-05-09,2005-05-09 15:48:13,Q1,104600000,44300000,60300000,0.5764818355640535,16300000,22900000,0.0,0.0,39300000,83600000,583000.0,3600000.0,27383000,0.261788,20900000,0.199809,400000.0,23200000,0.221797,8000000.0,15200000,0.145315,0.19664,0.19664,77300000,77300000,https://www.sec.gov/Archives/edgar/data/926282/000119312505100785/0001193125-05-100785-index.htm,https://www.sec.gov/Archives/edgar/data/926282/000119312505047985/d10k.htm
0,2004-12-31,ADTN,2005-03-11,2005-03-11 16:49:13,Q4,104600000,46100000,58500000,0.5592734225621415,17800000,23000000,0.0,495000.0,40800000.00000001,86900000,610000.0,4300000.000000001,25810000,0.24675,17700000,0.169216,500000.0,20800000,0.198853,6300000.0,14600000,0.139579,0.18551,0.18551,78700000,78700000,https://www.sec.gov/Archives/edgar/data/926282/000119312505047985/0001193125-05-047985-index.htm,https://www.sec.gov/Archives/edgar/data/926282/000119312505047985/d10k.htm
0,2004-09-30,ADTN,2004-11-09,2004-11-09 12:09:13,Q3,115300000,48900000,66400000,0.5758889852558543,18900000,21800000,0.0,858000.0,40600000,89500000,1932000.0,3699999.999999999,32932000,0.28562,25800000,0.223764,858000.0,27300000,0.236774,8500000.0,18800000,0.163053,0.23383,0.23383,80400000,80400000,https://www.sec.gov/Archives/edgar/data/926282/000119312504190763/0001193125-04-190763-index.htm,https://www.sec.gov/Archives/edgar/data/926282/000119312504190763/d10q.htm
0,2004-06-30,ADTN,2004-08-06,2004-08-06 15:29:31,Q2,120600000,51300000,69300000,0.5746268656716418,15900000,23500000,0.0,891000.0,39400000.00000001,90700000,644000.0,3700000.0,36044000,0.298872,29900000,0.247927,500000.0,31700000,0.262852,10300000,21400000,0.177446,0.26034,0.26034,82200000,82200000,https://www.sec.gov/Archives/edgar/data/926282/000119312504134245/0001193125-04-134245-index.htm,https://www.sec.gov/Archives/edgar/data/926282/000119312504134245/d10q.htm
0,2004-03-31,ADTN,2004-05-06,2004-05-06 12:17:16,Q1,114000000,49000000,65000000,0.5701754385964912,14800000,21800000,0.0,0.0,36599999.99999999,85600000,644000.0,3700000.0,34544000,0.303018,28400000,0.249123,400000.0,30200000,0.264912,9800000.0,20400000,0.178947,0.24638,0.24638,82800000,82800000,https://www.sec.gov/Archives/edgar/data/926282/000119312504080282/0001193125-04-080282-index.htm,https://www.sec.gov/Archives/edgar/data/926282/000119312504040535/d10k.htm
0,2003-12-31,ADTN,2004-03-12,2004-03-12 16:16:31,Q4,113800000,47500000,66300000,0.5826010544815465,15200000,22100000,0.0,1609000.0,37400000.00000001,84900000,2534000.0,3699999.999999999,36534000,0.321037,28900000,0.253954,-300000.0,30300000,0.266257,8900000.0,21400000,0.188049,0.25908,0.25908,82600000,82600000,https://www.sec.gov/Archives/edgar/data/926282/000119312504040535/0001193125-04-040535-index.htm,https://www.sec.gov/Archives/edgar/data/926282/000119312504040535/d10k.htm
0,2003-09-30,ADTN,2003-11-14,2003-11-13 17:38:19,Q3,106200000,47300000,58900000,0.5546139359698682,15000000,20600000,0.0,975822000,35600000.00000001,82900000.00000001,631945000,3800000.0,661445000,6.228296,23300000,0.219397,1000000.0,25700000,0.241996,8500000.0,17200000,0.161959,0.2113,0.2113,81400000,81400000,https://www.sec.gov/Archives/edgar/data/926282/000119312503080414/0001193125-03-080414-index.htm,https://www.sec.gov/Archives/edgar/data/926282/000119312503080414/d10q.htm
0,2003-06-30,ADTN,2003-08-14,2003-08-14 15:00:21,Q2,90400000,40700000,49700000,0.5497787610619469,13600000,20300000,0.0,504301000,34000000,74700000,659722000,3800000.0000000005,681522000,7.53896,15700000,0.173673,500000.0,18000000,0.199115,5600000.0,12400000,0.137168,0.15519,0.15519,79900000,79900000,https://www.sec.gov/Archives/edgar/data/926282/000119312503037753/0001193125-03-037753-index.htm,https://www.sec.gov/Archives/edgar/data/926282/000119312503037753/d10q.htm
0,2003-03-31,ADTN,2003-05-15,2003-05-15 12:48:08,Q1,86200000,39100000,47100000,0.5464037122969838,14300000,20200000,0.0,384216000,34499999.99999999,73599999.99999999,659722000,3900000.0,678422000,7.870325,12700000,0.147332,400000.0,14800000,0.171694,4300000.0,10500000,0.12181,0.13479,0.13479,77900000,77900000,https://www.sec.gov/Archives/edgar/data/926282/000093176303001646/0000931763-03-001646-index.htm,https://www.sec.gov/Archives/edgar/data/926282/000093176303000598/d10k.htm
0,2002-12-31,ADTN,2003-03-20,2003-03-20 15:52:49,Q4,88400000,40000000,48400000,0.5475113122171946,13800000,20500000,0.0,133000.0,34300000,74300000,2572000.0,3999999.999999998,22572000,0.255339,14200000,0.160633,2500000.0,16000000,0.180995,3900000.0,12100000,0.136878,0.15921,0.15921,76000000,76000000,https://www.sec.gov/Archives/edgar/data/926282/000093176303000598/0000931763-03-000598-index.htm,https://www.sec.gov/Archives/edgar/data/926282/000093176303000598/d10k.htm
0,2002-09-30,ADTN,2002-11-14,2002-11-13 18:19:59,Q3,88200000,42700000,45500000,0.5158730158730159,14000000,19600000,0.0,0.0,33599999.99999999,76300000,645834000,4000000.0,653234000,7.406281,11900000,0.134921,2607648.0,3300000.0,0.037415,22442.0,3400000.0,0.038549,0.04515,0.04515,75300000,75300000,https://www.sec.gov/Archives/edgar/data/926282/000093176302003452/0000931763-02-003452-index.htm,https://www.sec.gov/Archives/edgar/data/926282/000093176302003452/d10q.htm
0,2002-06-30,ADTN,,Not found...,Q2,85800000,44200000,41600000,0.484848,14600000,20300000,0.0,0.0,34899999.99999999,79099999.99999999,200000.0,4200000.0,11200000,0.130536,6700000.0,0.078089,-100000.0,6800000.0,0.079254,1800000.0,5000000.0,0.058275,0.06527,0.06527,76600000,76600000,,
0,2002-03-31,ADTN,,,Q1,83300000,44000000,39400000,0.472989,13800000,20800000,0.0,0.0,34599999.99999999,78600000,1400000.0,4200000.0,11600000,0.139256,4700000.0,0.056423,-100000.0,6000000.0,0.072029,1700000.0,4300000.0,0.051621,0.05548,0.05548,77500000,77500000,,
0,2001-12-31,ADTN,,,Q4,89100000,49200000,39900000,0.447811,14000000,22900000,0.0,0.0,36899999.99999999,86099999.99999999,-600000.0,4300000.000000001,8000000.000000001,0.089787,3000000.0,0.03367,1900000.0,4300000.0,0.04826,500000.0,3800000.0,0.042649,0.04903,0.04903,77500000,77500000,,
0,2001-09-30,ADTN,2001-11-14 00:00:00,2001-11-14 00:00:00,Q3,95500000,53100000,42400000,0.443979,15200000,22100000,0.0,0.0,37300000.00000001,90400000,-500000.0,4300000.000000001,10200000.000000002,0.106806,5100000.0,0.053403,1800000.0,6400000.0,0.067016,1400000.0,5000000.0,0.052356,0.0646,0.0646,77400000,77400000,https://www.sec.gov/Archives/edgar/data/926282/000093176301502207/0000931763-01-502207-index.html,https://www.sec.gov/Archives/edgar/data/926282/000093176301502207/d10q.txt
0,2001-06-30,ADTN,2001-08-14 00:00:00,2001-08-14 00:00:00,Q2,97200000,51600000,45600000,0.469136,14900000,24800000,0.0,0.0,39800000.00000001,91400000,-600000.0,4199999.999999999,10599999.999999998,0.109053,5800000.0,0.059671,1800000.0,7000000.0,0.072016,2400000.0,4600000.0,0.047325,0.0592,0.0592,77700000,77700000,https://www.sec.gov/Archives/edgar/data/926282/000093176301501442/0000931763-01-501442-index.html,https://www.sec.gov/Archives/edgar/data/926282/000093176301501442/d10q.txt
0,2001-03-31,ADTN,,,Q1,105300000,59800000,45400000,0.431149,14800000,26100000,0.0,0.0,41000000,100800000,-500000.0,4000000.0,9500000.0,0.090218,4500000.0,0.042735,1900000.0,6000000.0,0.05698,2000000.0,4000000.0,0.037987,0.05148,0.05148,77700000,77700000,,
0,2000-12-31,ADTN,,,Q4,121800000,74300000,47500000,0.389984,13600000,24000000,0.0,0.0,37600000.00000001,111900000.00000001,-100000.0,3900000.0000000005,16700000,0.13711,9800000.0,0.08046,3100000.0,12900000,0.105911,4400000.0,8500000.0,0.069787,0.10814,0.10814,78600000,78600000,,
0,2000-09-30,ADTN,2000-11-14 00:00:00,2000-11-14 00:00:00,Q3,127300000,61300000,66000000,0.51846,12800000,23000000,0.0,0.0,35800000,97100000,83500000,3500000.0,203500000,1.598586,30200000,0.237235,2800000.0,116500000,0.915161,39600000,76900000,0.604085,0.9673,0.9673,79500000,79500000,https://www.sec.gov/Archives/edgar/data/926282/000093176300002573/0000931763-00-002573-index.html,https://www.sec.gov/Archives/edgar/data/926282/000093176300002573/0000931763-00-002573-0001.txt
0,2000-06-30,ADTN,2000-08-14 00:00:00,2000-08-14 00:00:00,Q2,114400000,52800000,61700000,0.539336,13000000,21400000,0.0,0.0,34400000.00000001,87200000,-600000.0,3000000.0,30600000,0.267483,27300000,0.238636,1600000.0,28300000,0.247378,9600000.0,18600000,0.162587,0.23338,0.23338,79700000,79700000,https://www.sec.gov/Archives/edgar/data/926282/000093176300002019/0000931763-00-002019-index.html,https://www.sec.gov/Archives/edgar/data/926282/000093176300002019/0000931763-00-002019-0001.txt
0,2000-03-31,ADTN,2000-05-15 00:00:00,2000-05-15 00:00:00,Q1,99500000,45100000,54400000,0.546734,11300000,18700000,0.0,0.0,29900000,75000000,-600000.0,3000000.0,27900000,0.280402,24500000,0.246231,1600000.0,25400000,0.255276,8700000.0,16800000,0.168844,0.21053,0.21053,79800000,79800000,https://www.sec.gov/Archives/edgar/data/926282/000093176300001315/0000931763-00-001315-index.html,https://www.sec.gov/Archives/edgar/data/926282/0000931763-00-001315.txt
0,1999-12-31,ADTN,,,Q4,104500000,49200000,55300000,0.529187,11100000,19300000,0.0,0.0,30399999.99999999,79599999.99999999,-600000.0,2599999.9999999995,27900000,0.266986,24800000,0.237321,1600000.0,25800000,0.24689,8900000.0,17000000,0.162679,0.21684,0.21684,78400000,78400000,,
0,1999-09-30,ADTN,,,Q3,97100000,46600000,50500000,0.520082,10900000,18400000,0.0,0.0,29199999.999999996,75800000,-600000.0,2700000.0,23600000,0.243048,21200000,0.218332,900000.0,21600000,0.222451,7400000.0,14100000,0.145211,0.18054,0.18054,78100000,78100000,,
0,1999-06-30,ADTN,,,Q2,88500000,45200000,43400000,0.490395,10400000,17500000,0.0,0.0,27799999.999999996,73000000,-600000.0,2600000.0,18100000,0.20452,15500000,0.175141,1200000.0,16100000,0.181921,5400000.0,10700000,0.120904,0.13878,0.13878,77100000,77100000,,
0,1999-03-31,ADTN,,,Q1,77200000,37700000,39500000,0.511658,9700000.0,16600000,0.0,0.0,26199999.999999996,63899999.99999999,-600000.0,2600000.0,15700000,0.203368,13200000,0.170984,1000000.0,13700000,0.177461,4600000.0,9100000.0,0.117876,0.11834,0.11834,76900000,76900000,,
0,1998-12-31,ADTN,,,Q4,73000000,33700000,39400000,0.539726,9500000.0,17700000,0.0,0.0,27199999.999999996,60899999.99999999,-600000.0,2500000.0,14800000,0.20274,12200000,0.167123,1300000.0,12900000,0.176712,4100000.0,8800000.0,0.120548,0.11429,0.11429,77000000,77000000,,
0,1998-09-30,ADTN,,,Q3,77000000,34700000,42300000,0.549351,9900000.0,16000000,0.0,0.0,26000000,60700000,-600000.0,2400000.0000000005,19000000,0.246753,16400000,0.212987,1400000.0,17200000,0.223377,5800000.0,11400000,0.148052,0.14559,0.14559,78300000,78300000,,
0,1998-06-30,ADTN,,,Q2,71200000,32200000,38900000,0.546348,9400000.0,15100000,0.0,0.0,24500000,56700000,-600000.0,2099999.9999999995,16800000,0.235955,14400000,0.202247,1500000.0,15400000,0.216292,5200000.0,10100000,0.141854,0.12801,0.12801,78900000,78900000,,
0,1998-03-31,ADTN,,,Q1,65300000,29400000,35900000,0.54977,8400000.0,13300000,0.0,0.0,21600000,51000000,-500000.0,2000000.0,16600000,0.254211,14300000,0.218989,1400000.0,15100000,0.23124,5200000.0,9900000.0,0.151608,0.12516,0.12516,79100000,79100000,,
0,1997-12-31,ADTN,,,Q4,74400000,35800000,38600000,0.518817,7500000.0,12300000,0.0,0.0,19900000.000000007,55700000.00000001,-600000.0,1899999.9999999995,21000000,0.282258,18700000,0.251344,1500000.0,19600000,0.263441,7100000.0,12600000,0.169355,0.16051,0.16051,78500000,78500000,,
0,1997-09-30,ADTN,,,Q3,70600000,34500000,36100000,0.511331,7800000.0,11500000,0.0,0.0,19299999.999999996,53800000,-500000.0,1800000.0000000002,18700000,0.264873,16800000,0.23796,1200000.0,17400000,0.246459,6300000.0,11100000,0.157224,0.1398,0.1398,79400000,79400000,,
0,1997-06-30,ADTN,,,Q2,59100000,30500000,28600000,0.483926,7700000.0,10600000,0.0,0.0,18299999.999999996,48800000,-500000.0,1900000.0,12300000,0.208122,10300000,0.174281,1100000.0,10900000,0.184433,3900000.0,7000000.0,0.118443,0.08861,0.08861,79000000,79000000,,
0,1997-03-31,ADTN,,,Q1,61200000,29400000,31800000,0.519608,7000000.0,10500000,0.0,0.0,17600000,47000000,-200000.0,1700000.0,16400000,0.267974,14300000,0.23366,900000.0,14900000,0.243464,5400000.0,9500000.0,0.155229,0.1201,0.1201,79100000,79100000,,
0,1996-12-31,ADTN,,,Q4,69600000,34800000,34800000,0.5,6800000.0,10600000,0.0,0.0,17400000.000000007,52200000.00000001,-200000.0,1500000.0000000005,20100000,0.288793,17500000,0.251437,1500000.0,18700000,0.268678,7300000.0,11500000,0.16523,0.14539,0.14539,79100000,79100000,,
0,1996-09-30,ADTN,,,Q3,62600000,32900000,29700000,0.474441,6300000.0,8500000.0,0.0,0.0,14800000.000000004,47700000.00000001,-200000.0,1400000.0,16600000,0.265176,15000000,0.239617,600000.0,15400000,0.246006,6000000.0,9400000.0,0.15016,0.11869,0.11869,79200000,79200000,,
0,1996-06-30,ADTN,,,Q2,63300000,33400000,29900000,0.472354,6200000.0,8000000.0,0.0,0.0,14100000.000000002,47500000,-200000.0,1000000.0,17100000,0.270142,15800000,0.249605,700000.0,16300000,0.257504,6000000.0,10300000,0.162717,0.13005,0.13005,79200000,79200000,,
