,date,symbol,fillingDate,acceptedDate,period,revenue,costOfRevenue,grossProfit,grossProfitRatio,researchAndDevelopmentExpenses,generalAndAdministrativeExpenses,sellingAndMarketingExpenses,otherExpenses,operatingExpenses,costAndExpenses,interestExpense,depreciationAndAmortization,ebitda,ebitdaratio,operatingIncome,operatingIncomeRatio,totalOtherIncomeExpensesNet,incomeBeforeTax,incomeBeforeTaxRatio,incomeTaxExpense,netIncome,netIncomeRatio,eps,epsdiluted,weightedAverageShsOut,weightedAverageShsOutDil,link,finalLink
0,2020-06-30,DSPG,2020-08-10,2020-08-10 16:56:38,Q2,28336000,14075000,14261000,0.5032820440429137,8455000.0,7062000.0,4435000.0,104000.0,15621000.000000002,29696000.000000004,289000.0,509000.0,-273000.0,-0.009634,-1360000.0,-0.047995,0.0,-1071000.0,-0.037796,6000.0,-1077000.0,-0.038008,-0.04622,-0.04622,23301000,23301000,https://www.sec.gov/Archives/edgar/data/915778/000143774920017361/0001437749-20-017361-index.htm,https://www.sec.gov/Archives/edgar/data/915778/000143774920017361/dspg20200630_10q.htm
0,2020-03-31,DSPG,2020-05-11,2020-05-11 16:10:55,Q1,28239000,13858000,14381000,0.5092602429264492,10354000,7359000.0,5011000.0,104000.0,17817000,31675000,903000.0,500000.0,-1130000.0,-0.040016,-3436000.0,-0.121676,0.0,-2533000.0,-0.089699,-68000.0,-2465000.0,-0.087291,-0.1056,-0.1056,23342000,23342000,https://www.sec.gov/Archives/edgar/data/915778/000143774920010292/0001437749-20-010292-index.htm,https://www.sec.gov/Archives/edgar/data/915778/000143774920004811/dspg20191231_10k.htm
0,2019-12-31,DSPG,2020-03-11,2020-03-11 16:26:32,Q4,29261000,14369000,14892000,0.5089368100885138,8827000.0,7185000.0,4485000.0,105000.0,16117000,30486000,15000.0,496000.0,-189000.0,-0.006459,-1225000.0,-0.041865,0.0,-700000.0,-0.023923,-613000.0,-87000.0,-0.002973,-0.00377,-0.00377,23052000,23052000,https://www.sec.gov/Archives/edgar/data/915778/000143774920004811/0001437749-20-004811-index.htm,https://www.sec.gov/Archives/edgar/data/915778/000143774920004811/dspg20191231_10k.htm
0,2019-09-30,DSPG,2019-11-12,2019-11-12 16:02:27,Q3,31042000,15262000,15780000,0.5083435345660717,9244000.0,6699000.0,4311000.0,104000.0,16047000,31309000,416000.0,507999.9999999999,1073000.0,0.034566,-267000.0,-0.008601,0.0,149000.0,0.0048,-335000.0,484000.0,0.015592,0.02022,0.02022,23940000,23940000,https://www.sec.gov/Archives/edgar/data/915778/000143774919022446/0001437749-19-022446-index.htm,https://www.sec.gov/Archives/edgar/data/915778/000143774919022446/dspg20190930_10q.htm
0,2019-06-30,DSPG,2019-08-09,2019-08-09 16:06:15,Q2,29034000,14615000,14419000,0.4966246469656265,8559000.0,7060000.0,4386000.0,104000.0,15723000,30338000,400000.0,495999.99999999994,-8000.00000000006,-0.000276,-1304000.0,-0.044913,0.0,-904000.0,-0.031136,-383000.0,-521000.0,-0.017944,-0.02289,-0.02289,22757000,22757000,https://www.sec.gov/Archives/edgar/data/915778/000143774919016234/0001437749-19-016234-index.htm,https://www.sec.gov/Archives/edgar/data/915778/000143774919016234/dspg20190630_10q.htm
0,2019-03-31,DSPG,2019-05-10,2019-05-10 16:04:07,Q1,28276000,13820000,14456000,0.51124628660348,8922000.0,7038000.0,4483000.0,104000.0,16064000,29884000,313000.0,434000.0,-548000.0,-0.01938,-1608000.0,-0.056868,0.0,-1295000.0,-0.045799,-229000.0,-1066000.0,-0.0377,-0.04729,-0.04729,22542000,22542000,https://www.sec.gov/Archives/edgar/data/915778/000143774919009479/0001437749-19-009479-index.htm,https://www.sec.gov/Archives/edgar/data/915778/000143774919004573/dspg20181231_10k.htm
0,2018-12-31,DSPG,2019-03-11,2019-03-11 17:23:19,Q4,26057000,13680000,12377000,0.4749971216947461,8606000.0,6198000.0,3855000.0,424000.0,15228000.000000002,28908000.000000004,15000.0,752999.9999999999,-1559000.0,-0.05983,-2851000.0,-0.109414,0.0,-2327000.0,-0.089304,-2007000.0,-320000.0,-0.012281,-0.01439,-0.01439,22239000,22239000,https://www.sec.gov/Archives/edgar/data/915778/000143774919004573/0001437749-19-004573-index.htm,https://www.sec.gov/Archives/edgar/data/915778/000143774919004573/dspg20181231_10k.htm
0,2018-09-30,DSPG,2018-11-09,2018-11-09 16:02:02,Q3,32620000,16320000,16300000,0.4996934396076027,9610000.0,6000000.0,3639000.0,426000.0,16040000,32360000,490000.0,820000.0000000001,2070000.0,0.063458,260000.0,0.007971,0.0,760000.0,0.023299,350000.0,410000.0,0.012569,0.01757,0.01757,23340000,23340000,https://www.sec.gov/Archives/edgar/data/915778/000143774918020296/0001437749-18-020296-index.htm,https://www.sec.gov/Archives/edgar/data/915778/000143774918020296/dspg20180930_10q.htm
0,2018-06-30,DSPG,2018-08-09,2018-08-09 16:02:17,Q2,30650000,15600000,15050000,0.4910277324632953,8890000.0,6430000.0,3761000.0,425000.0,15740000,31340000,400000.0,1720000.0,1830000.0,0.059706,-690000.0,-0.022512,0.0,-290000.0,-0.009462,0.0,-290000.0,-0.009462,-0.01279,-0.01279,22680000,22680000,https://www.sec.gov/Archives/edgar/data/915778/000143774918015097/0001437749-18-015097-index.htm,https://www.sec.gov/Archives/edgar/data/915778/000143774918015097/dspg20180630_10q.htm
0,2018-03-31,DSPG,2018-05-11,2018-05-10 17:59:51,Q1,28110000,14400000,13710000,0.48772678762006405,9000000.0,6650000.0,4068000.0,425000.0,16070000,30470000,400000.0,425000.0,-1560000.0,-0.055496,-2360000.0,-0.083956,0.0,-1960000.0,-0.069726,-210000.0,-1750000.0,-0.062255,-0.07716,-0.07716,22680000,22680000,https://www.sec.gov/Archives/edgar/data/915778/000143774918009480/0001437749-18-009480-index.htm,https://www.sec.gov/Archives/edgar/data/915778/000143774918004874/dspg20171231_10k.htm
0,2017-12-31,DSPG,2018-03-16,2018-03-16 16:03:24,Q4,31240000,16300000,14940000,0.47823303457106275,9090000.0,6120000.0,3675000.0,425000.0,15640000,31940000,14000.0,506000.0,-226000.0,-0.007234,-690000.0,-0.022087,0.0,-240000.0,-0.007682,-110000.0,-130000.0,-0.004161,-0.00581,-0.00581,22360000,22360000,https://www.sec.gov/Archives/edgar/data/915778/000143774918004874/0001437749-18-004874-index.htm,https://www.sec.gov/Archives/edgar/data/915778/000143774918004874/dspg20171231_10k.htm
0,2017-09-30,DSPG,2017-11-09,2017-11-09 16:03:48,Q3,34280000,18270000,16010000,0.4670361726954492,9210000.0,6120000.0,3635000.0,425000.0,15760000.000000002,34030000,380000.0,425000.0,1010000.0,0.029463,250000.0,0.007293,0.0,630000.0,0.018378,50000.0,580000.0,0.016919,0.02496,0.02496,23240000,23240000,https://www.sec.gov/Archives/edgar/data/915778/000143774917018885/0001437749-17-018885-index.htm,https://www.sec.gov/Archives/edgar/data/915778/000143774917018885/dspg20170930_10q.htm
0,2017-06-30,DSPG,2017-08-09,2017-08-09 16:05:20,Q2,31300000,16800000,14500000,0.46325878594249204,9160000.0,5800000.0,3430000.0,425000.0,15389999.999999996,32189999.999999996,420000.0,425000.0,-60000.0,-0.001917,-890000.0,-0.028435,0.0,-470000.0,-0.015016,110000.0,-590000.0,-0.01885,-0.0266,-0.0266,22180000,22180000,https://www.sec.gov/Archives/edgar/data/915778/000143774917014279/0001437749-17-014279-index.htm,https://www.sec.gov/Archives/edgar/data/915778/000143774917014279/dspg20170630_10q.htm
0,2017-03-31,DSPG,2017-05-10,2017-05-10 16:11:10,Q1,27930000,15690000,12240000,0.43823845327604727,9190000.0,6060000.0,3575000.0,425000.0,15670000,31360000,420000.0,425000.0,-2600000.0,-0.09309,-3430000.0,-0.122807,0.0,-3010000.0,-0.107769,-150000.0,-2870000.0,-0.102757,-0.12986,-0.12986,22100000,22100000,https://www.sec.gov/Archives/edgar/data/915778/000143774917008609/0001437749-17-008609-index.htm,https://www.sec.gov/Archives/edgar/data/915778/000143774917004713/dspg20161231_10k.htm
0,2016-12-31,DSPG,2017-03-16,2017-03-16 16:06:27,Q4,35280000,19380000,15900000,0.45068027210884354,8460000.0,5920000.0,3535000.0,0.0,14800000,34180000,16000.0,672000.0,1426000.0,0.04042,1100000.0,0.031179,0.0,1410000.0,0.039966,100000.0,1310000.0,0.037132,0.05721,0.05721,22900000,22900000,https://www.sec.gov/Archives/edgar/data/915778/000143774917004713/0001437749-17-004713-index.htm,https://www.sec.gov/Archives/edgar/data/915778/000143774917004713/dspg20161231_10k.htm
0,2016-09-30,DSPG,2016-11-09,2016-11-09 16:47:03,Q3,38770000,21420000,17350000,0.44751096208408564,8500000.0,5680000.0,3617000.0,-2550000.0,12019999.999999996,33439999.999999996,340000.0,390000.0,6000000.0,0.154759,5320000.0,0.137219,-2550000.0,5670000.0,0.146247,330000.0,5330000.0,0.137477,0.22984,0.22984,23190000,23190000,https://www.sec.gov/Archives/edgar/data/915778/000143774916041581/0001437749-16-041581-index.htm,https://www.sec.gov/Archives/edgar/data/915778/000143774916041581/dspg20160830_10q.htm
0,2016-06-30,DSPG,2016-08-09,2016-08-09 16:22:36,Q2,36160000,20280000,15880000,0.4391592920353982,9040000.0,5600000.0,3323000.0,321000.0,14949999.999999996,35229999.99999999,270000.0,321000.0,1470000.0,0.040653,930000.0,0.025719,273000.0,1200000.0,0.033186,120000.0,1080000.0,0.029867,0.04726,0.04726,22850000,22850000,https://www.sec.gov/Archives/edgar/data/915778/000143774916036895/0001437749-16-036895-index.htm,https://www.sec.gov/Archives/edgar/data/915778/000143774916036895/dspg20160630_10q.htm
0,2016-03-31,DSPG,2016-05-10,2016-05-10 16:58:47,Q1,27660000,15940000,11720000,0.4237165582067968,8890000.0,5680000.0,3392000.0,321000.0,14889999.999999998,30830000,290000.0,321000.0,-2580000.0,-0.093275,-3170000.0,-0.114606,292000.0,-2880000.0,-0.104121,40000.0,-2910000.0,-0.105206,-0.13404,-0.13404,21710000,21710000,https://www.sec.gov/Archives/edgar/data/915778/000143774916031454/0001437749-16-031454-index.htm,https://www.sec.gov/Archives/edgar/data/915778/000143774916027709/dspg20151231_10k.htm
0,2015-12-31,DSPG,2016-03-15,2016-03-15 16:13:03,Q4,33770000,19250000,14520000,0.42996742671009774,8800000.0,5480000.0,2995000.0,721000.0,15009999.999999998,34260000,12000.0,2640000.0,2462000.0,0.072905,-490000.0,-0.01451,-871000.0,-180000.0,-0.00533,-80000.0,-110000.0,-0.003257,-0.00508,-0.00508,21640000,21640000,https://www.sec.gov/Archives/edgar/data/915778/000143774916027709/0001437749-16-027709-index.htm,https://www.sec.gov/Archives/edgar/data/915778/000143774916027709/dspg20151231_10k.htm
0,2015-09-30,DSPG,2015-11-09,2015-11-09 16:03:59,Q3,35220000,20650000,14570000,0.4136854060193072,8710000.0,5480000.0,3071000.0,321000.0,14509999.999999998,35160000,250000.0,321000.0,560000.0,0.0159,60000.0,0.001704,245000.0,310000.0,0.008802,140000.0,170000.0,0.004827,0.00743,0.00743,22870000,22870000,https://www.sec.gov/Archives/edgar/data/915778/000143774915020237/0001437749-15-020237-index.htm,https://www.sec.gov/Archives/edgar/data/915778/000143774915020237/dspg20150930_10q.htm
0,2015-06-30,DSPG,2015-08-10,2015-08-10 16:17:33,Q2,37250000,22010000,15240000,0.4091275167785235,8860000.0,5430000.0,2974000.0,321000.0,14609999.999999996,36619999.99999999,290000.0,321000.0,1210000.0,0.032483,630000.0,0.016913,626000.0,920000.0,0.024698,190000.0,730000.0,0.019597,0.03078,0.03078,23720000,23720000,https://www.sec.gov/Archives/edgar/data/915778/000143774915015416/0001437749-15-015416-index.htm,https://www.sec.gov/Archives/edgar/data/915778/000143774915015416/dspg20150630_10q.htm
0,2015-03-31,DSPG,2015-05-11,2015-05-11 16:35:25,Q1,38040000,22500000,15540000,0.4085173501577287,9120000.0,5580000.0,3063000.0,321000.0,15020000.000000004,37520000,340000.0,321000.0,1190000.0,0.031283,510000.0,0.013407,0.0,850000.0,0.022345,80000.0,770000.0,0.020242,0.03223,0.03223,23890000,23890000,https://www.sec.gov/Archives/edgar/data/915778/000143774915009717/0001437749-15-009717-index.htm,https://www.sec.gov/Archives/edgar/data/915778/000143774915005165/dspg20141231_10k.htm
0,2014-12-31,DSPG,2015-03-16,2015-03-16 16:16:25,Q4,37160000,22440000,14720000,0.3961248654467169,9160000.0,5580000.0,2980000.0,382000.0,15120000.000000002,37560000,24000.0,2860000.0000000005,2794000.0000000005,0.075188,-400000.0,-0.010764,0.0,-90000.0,-0.002422,-2820000.0,2730000.0,0.073466,0.11702,0.11702,23330000,23330000,https://www.sec.gov/Archives/edgar/data/915778/000143774915005165/0001437749-15-005165-index.htm,https://www.sec.gov/Archives/edgar/data/915778/000143774915005165/dspg20141231_10k.htm
0,2014-09-30,DSPG,2014-11-10,2014-11-10 17:02:10,Q3,36720000,22190000,14530000,0.3956971677559913,8080000.0,5470000.0,2892000.0,397000.0,13950000,36140000,190000.0,397000.0,950000.0,0.025871,580000.0,0.015795,-709000.0,760000.0,0.020697,-10000.0,770000.0,0.020969,0.03338,0.03338,23070000,23070000,https://www.sec.gov/Archives/edgar/data/915778/000143774914020275/0001437749-14-020275-index.htm,https://www.sec.gov/Archives/edgar/data/915778/000143774914020275/dspg20140930_10q.htm
0,2014-06-30,DSPG,2014-08-11,2014-08-11 16:32:15,Q2,36280000,21500000,14780000,0.4073869900771775,8030000.0,5590000.0,2947000.0,397000.0,14009999.999999998,35510000,300000.0,397000.0,1370000.0,0.037762,770000.0,0.021224,709000.0,1070000.0,0.029493,-20000.0,1090000.0,0.030044,0.04731,0.04731,23040000,23040000,https://www.sec.gov/Archives/edgar/data/915778/000143774914014987/0001437749-14-014987-index.htm,https://www.sec.gov/Archives/edgar/data/915778/000143774914014987/dspg20140630_10q.htm
0,2014-03-31,DSPG,2014-05-12,2014-05-12 16:04:56,Q1,32890000,19870000,13020000,0.3958650045606567,8210000.0,5800000.0,3086000.0,397000.0,14410000,34280000,410000.0,397000.0,-570000.0,-0.01733,-1390000.0,-0.042262,0.0,-980000.0,-0.029796,10000.0,-990000.0,-0.0301,-0.04424,-0.04424,22380000,22380000,https://www.sec.gov/Archives/edgar/data/915778/000143774914008731/0001437749-14-008731-index.htm,https://www.sec.gov/Archives/edgar/data/915778/000143774914004402/dspg20131231_10k.htm
0,2013-12-31,DSPG,2014-03-18,2014-03-17 17:32:39,Q4,35340000,21190000,14150000,0.4003961516694963,8520000.0,5550000.0,2781000.0,418000.0,14480000,35670000,29000.0,3660000.0,3979000.0,0.112592,-330000.0,-0.009338,0.0,290000.0,0.008206,-70000.0,360000.0,0.010187,0.01535,0.01535,23460000,23460000,https://www.sec.gov/Archives/edgar/data/915778/000143774914004402/0001437749-14-004402-index.htm,https://www.sec.gov/Archives/edgar/data/915778/000143774914004402/dspg20131231_10k.htm
0,2013-09-30,DSPG,2013-11-12,2013-11-12 16:07:23,Q3,35380000,21580000,13800000,0.3900508762012436,8150000.0,5340000.0,2767000.0,418000.0,13899999.999999998,35480000,510000.0,418000.0,920000.0,0.026003,-100000.0,-0.002826,-1325000.0,410000.0,0.011588,10000.0,400000.0,0.011306,0.01735,0.01735,23050000,23050000,https://www.sec.gov/Archives/edgar/data/915778/000143774913014494/0001437749-13-014494-index.htm,https://www.sec.gov/Archives/edgar/data/915778/000143774913014494/dspg20130930_10q.htm
0,2013-06-30,DSPG,2013-08-09,2013-08-09 16:10:33,Q2,40690000,24530000,16160000,0.39714917670189237,9180000.0,6520000.0,2674000.0,418000.0,16119999.999999996,40650000,760000.0,418000.0,1550000.0,0.038093,40000.0,0.000983,1325000.0,790000.0,0.019415,40000.0,750000.0,0.018432,0.03278,0.03278,22880000,22880000,https://www.sec.gov/Archives/edgar/data/915778/000119312513329179/0001193125-13-329179-index.htm,https://www.sec.gov/Archives/edgar/data/915778/000119312513329179/d554092d10q.htm
0,2013-03-31,DSPG,2013-05-10,2013-05-10 16:13:25,Q1,39650000,23940000,15710000,0.39621689785624215,9150000.0,5670000.0,3051000.0,418000.0,15249999.999999996,39189999.99999999,570000.0,418000.0,1600000.0,0.040353,460000.0,0.011602,0.0,1030000.0,0.025977,-140000.0,1170000.0,0.029508,0.05258,0.05258,22250000,22250000,https://www.sec.gov/Archives/edgar/data/915778/000119312513214187/0001193125-13-214187-index.htm,https://www.sec.gov/Archives/edgar/data/915778/000119312513112579/d444990d10k.htm
0,2012-12-31,DSPG,2013-03-18,2013-03-18 16:25:41,Q4,38430000,23690000,14740000,0.3835545147020557,9510000.0,5420000.0,2940000.0,532000.0,15459999.999999996,39150000,35000.0,1390000.0,-25000.0,-0.000651,-720000.0,-0.018735,0.0,-70000.0,-0.001821,80000.0,-140000.0,-0.003643,-0.00645,-0.00645,21720000,21720000,https://www.sec.gov/Archives/edgar/data/915778/000119312513112579/0001193125-13-112579-index.htm,https://www.sec.gov/Archives/edgar/data/915778/000119312513112579/d444990d10k.htm
0,2012-09-30,DSPG,2012-11-09,2012-11-09 13:10:05,Q3,36670000,22760000,13910000,0.37932915189528227,9630000.0,5830000.0,3502000.0,1907000.0,17370000,40130000,670000.0,592000.0,-2140000.0,-0.058358,-3470000.0,-0.094628,-1067000.0,-2800000.0,-0.076357,-390000.0,-2420000.0,-0.065994,-0.11111,-0.11111,21780000,21780000,https://www.sec.gov/Archives/edgar/data/915778/000119312512462623/0001193125-12-462623-index.htm,https://www.sec.gov/Archives/edgar/data/915778/000119312512462623/d398157d10q.htm
0,2012-06-30,DSPG,2012-08-09,2012-08-09 14:31:26,Q2,44190000,27680000,16510000,0.3736139398053858,11420000,6560000.0,3761000.0,1286000.0,19270000.000000004,46950000,590000.0,593000.0,-1580000.0,-0.035755,-2760000.0,-0.062458,1067000.0,-2170000.0,-0.049106,50000.0,-2220000.0,-0.050238,-0.10207,-0.10207,21750000,21750000,https://www.sec.gov/Archives/edgar/data/915778/000119312512347060/0001193125-12-347060-index.htm,https://www.sec.gov/Archives/edgar/data/915778/000119312512347060/d331765d10q.htm
0,2012-03-31,DSPG,2012-05-10,2012-05-10 16:06:38,Q1,43500000,27530000,15970000,0.3671264367816092,11980000,7060000.0,4034000.0,593000.0,19629999.999999996,47159999.99999999,480000.0,593000.0,-2690000.0,-0.061839,-3650000.0,-0.083908,0.0,-3170000.0,-0.072874,90000.0,-3260000.0,-0.074943,-0.14457,-0.14457,22550000,22550000,https://www.sec.gov/Archives/edgar/data/915778/000119312512225494/0001193125-12-225494-index.htm,https://www.sec.gov/Archives/edgar/data/915778/000119312512117297/d280670d10k.htm
0,2011-12-31,DSPG,2012-03-15,2012-03-15 16:02:47,Q4,38200000,24570000,13630000,0.3568062827225131,12280000,7110000.0,4140000.0,1381000.0,20759999.999999996,45330000,1890000.0,-2347000.0,-3350000.0,-0.087696,-7140000.0,-0.186911,0.0,-5240000.0,-0.137173,-420000.0,-4820000.0,-0.126178,-0.2114,-0.2114,22800000,22800000,https://www.sec.gov/Archives/edgar/data/915778/000119312512117297/0001193125-12-117297-index.htm,https://www.sec.gov/Archives/edgar/data/915778/000119312512117297/d280670d10k.htm
0,2011-09-30,DSPG,2011-11-09,2011-11-09 16:54:10,Q3,48370000,30850000,17520000,0.3622079801529874,12570000,7460000.0,4179000.0,2617000.0,22650000,53500000,460000.0,2197000.0,-4210000.0,-0.087037,-5130000.0,-0.106057,-880000.0,-4670000.0,-0.096547,140000.0,-4810000.0,-0.099442,-0.20582,-0.20582,23370000,23370000,https://www.sec.gov/Archives/edgar/data/915778/000119312511304716/0001193125-11-304716-index.htm,https://www.sec.gov/Archives/edgar/data/915778/000119312511304716/d237025d10q.htm
0,2011-06-30,DSPG,2011-08-09,2011-08-09 16:03:10,Q2,58520000,36770000,21750000,0.3716678058783322,14210000,7760000.0,8178000.0,3804000.0,24159999.999999996,60930000,-1684919.0,2198000.0,-3684919.0,-0.062969,-2420000.0,-0.041353,880000.0,-2010000.0,-0.034347,40000.0,-2040000.0,-0.03486,-0.08725,-0.08725,23380000,23380000,https://www.sec.gov/Archives/edgar/data/915778/000119312511216461/0001193125-11-216461-index.htm,https://www.sec.gov/Archives/edgar/data/915778/000119312511216461/d10q.htm
0,2011-03-31,DSPG,2011-05-10,2011-05-10 17:10:28,Q1,48780000,31550000,17230000,0.35321853218532184,14190000,7090000.0,4019000.0,1606000.0,22880000,54430000,470000.0,2196000.0,-4710000.0,-0.096556,-5660000.0,-0.116031,0.0,-5190000.0,-0.106396,-620000.0,-4560000.0,-0.093481,-0.19454,-0.19454,23440000,23440000,https://www.sec.gov/Archives/edgar/data/915778/000119312511134407/0001193125-11-134407-index.htm,https://www.sec.gov/Archives/edgar/data/915778/000119312511068724/d10k.htm
0,2010-12-31,DSPG,2011-03-16,2011-03-16 16:31:18,Q4,43370000,27650000,15720000,0.3624625317039428,14490000,7700000.0,4196000.0,2565000.0,24750000,52400000,400000.0,-1747000.0,-8230000.0,-0.189763,-9030000.0,-0.208208,-1070000.0,-8630000.0,-0.198985,160000.0,-8790000.0,-0.202675,-0.37709,-0.37709,23310000,23310000,https://www.sec.gov/Archives/edgar/data/915778/000119312511068724/0001193125-11-068724-index.htm,https://www.sec.gov/Archives/edgar/data/915778/000119312511068724/d10k.htm
0,2010-09-30,DSPG,2010-11-09,2010-11-09 17:01:21,Q3,65150000,39810000,25340000,0.38894858019953954,14070000,7820000.0,4332000.0,2888000.0,24769999.999999996,64579999.99999999,380000.0,2494000.0,1340000.0,0.020568,580000.0,0.008903,382000.0,960000.0,0.014735,-960000.0,1920000.0,0.02947,0.08198,0.08198,23420000,23420000,https://www.sec.gov/Archives/edgar/data/915778/000119312510254340/0001193125-10-254340-index.htm,https://www.sec.gov/Archives/edgar/data/915778/000119312510254340/d10q.htm
0,2010-06-30,DSPG,2010-08-09,2010-08-09 16:03:55,Q2,60850000,37590000,23260000,0.3822514379622021,13540000,7840000.0,4227000.0,2487000.0,23869999.999999996,61460000,260000.0,2487000.0,-100000.0,-0.001643,-620000.0,-0.010189,263000.0,-350000.0,-0.005752,10000.0,-370000.0,-0.006081,-0.01598,-0.01598,23150000,23150000,https://www.sec.gov/Archives/edgar/data/915778/000119312510183313/0001193125-10-183313-index.htm,https://www.sec.gov/Archives/edgar/data/915778/000119312510183313/d10q.htm
0,2010-03-31,DSPG,2010-05-10,2010-05-10 16:04:05,Q1,56110000,32520000,23590000,0.42042416681518446,13490000,8210000.0,4444000.0,2498000.0,24199999.999999996,56719999.99999999,430000.0,2498000.0,250000.0,0.004456,-610000.0,-0.010872,425000.0,-180000.0,-0.003208,0.0,-180000.0,-0.003208,-0.00779,-0.00779,23110000,23110000,https://www.sec.gov/Archives/edgar/data/915778/000119312510114562/0001193125-10-114562-index.htm,https://www.sec.gov/Archives/edgar/data/915778/000119312510058252/d10k.htm
0,2009-12-31,DSPG,2010-03-16,2010-03-16 15:18:27,Q4,54720000,33340000,21380000,0.39071637426900585,13560000,8260000.0,4423000.0,3081000.0,24889999.999999993,58229999.99999999,560000.0,-1961000.0,-2390000.0,-0.043677,-3510000.0,-0.064145,-2297000.0,-2950000.0,-0.053911,-80000.0,-2870000.0,-0.052449,-0.12533,-0.12533,22900000,22900000,https://www.sec.gov/Archives/edgar/data/915778/000119312510058252/0001193125-10-058252-index.htm,https://www.sec.gov/Archives/edgar/data/915778/000119312510058252/d10k.htm
0,2009-09-30,DSPG,2009-11-09,2009-11-09 13:57:36,Q3,65530000,40810000,24720000,0.3772318022279872,15220000,8320000.0,4665000.0,3072000.0,26610000,67420000,1110000.0,3072000.0,330000.0,0.005036,-1890000.0,-0.028842,1113000.0,-780000.0,-0.011903,-7580000.0,6800000.0,0.103769,0.2874,0.2874,23660000,23660000,https://www.sec.gov/Archives/edgar/data/915778/000119312509229060/0001193125-09-229060-index.htm,https://www.sec.gov/Archives/edgar/data/915778/000119312509229060/d10q.htm
0,2009-06-30,DSPG,2009-08-10,2009-08-10 15:20:22,Q2,52020000,32940000,19080000,0.36678200692041524,13630000,8210000.0,4285000.0,3058000.0,24900000.000000007,57840000.00000001,580000.0,3058000.0,-4660000.0,-0.089581,-5820000.0,-0.11188,581000.0,-5240000.0,-0.10073,-3560000.0,-1680000.0,-0.032295,-0.07391,-0.07391,22730000,22730000,https://www.sec.gov/Archives/edgar/data/915778/000119312509170495/0001193125-09-170495-index.htm,https://www.sec.gov/Archives/edgar/data/915778/000119312509170495/d10q.htm
0,2009-03-31,DSPG,2009-05-11,2009-05-11 13:16:40,Q1,39910000,26500000,13410000,0.3360060135304435,13740000,8330000.0,4516000.0,3047000.0,25119999.999999996,51620000,600000.0,3047000.0,-10500000,-0.263092,-11710000,-0.29341,603000.0,-11100000,-0.278126,-410000.0,-10690000,-0.267853,-0.40989,-0.40989,26080000,26080000,https://www.sec.gov/Archives/edgar/data/915778/000119312509106763/0001193125-09-106763-index.htm,https://www.sec.gov/Archives/edgar/data/915778/000119312509053867/d10k.htm
0,2008-12-31,DSPG,2009-03-13,2009-03-13 16:18:38,Q4,71550000,43350000,28200000,0.3941299790356394,17030000,10120000,5588000.0,187187000,214340000,257690000,-1790000.0,-9865000.0,-189720000,-2.651572,-186140000,-2.601537,-1948000.0,-187930000,-2.626555,6480000.0,-194410000,-2.717121,-7.22983,-7.22983,26890000,26890000,https://www.sec.gov/Archives/edgar/data/915778/000119312509053867/0001193125-09-053867-index.htm,https://www.sec.gov/Archives/edgar/data/915778/000119312509053867/d10k.htm
0,2008-09-30,DSPG,2008-11-10,2008-11-10 17:00:52,Q3,87370000,54500000,32870000,0.3762160924802564,17910000,10020000,5482000.0,7572000.0,35510000.00000001,90010000,-190000.0,5702.0,-3010000.0,-0.034451,-2640000.0,-0.030216,-184.0,-2820000.0,-0.032277,210000.0,-3030000.0,-0.03468,-0.10927,-0.10927,27730000,27730000,https://www.sec.gov/Archives/edgar/data/915778/000119312508231930/0001193125-08-231930-index.htm,https://www.sec.gov/Archives/edgar/data/915778/000119312508231930/d10q.htm
0,2008-06-30,DSPG,2008-08-11,2008-08-11 10:00:06,Q2,74150000,48180000,25970000,0.350236008091706,18890000,10170000,5621000.0,-14312000,34779999.99999999,82960000,900000.0,5716.0,-7010000.0,-0.094538,-8810000.0,-0.118813,898.0,-7910000.0,-0.106676,-550000.0,-7360000.0,-0.099258,-0.25961,-0.25961,28350000,28350000,https://www.sec.gov/Archives/edgar/data/915778/000119312508172830/0001193125-08-172830-index.htm,https://www.sec.gov/Archives/edgar/data/915778/000119312508172830/d10q.htm
0,2008-03-31,DSPG,2008-05-09,2008-05-09 13:41:05,Q1,72730000,45780000,26950000,0.37054860442733395,20030000,10270000,6021000.0,25810000,36080000,81860000,1230000.0,5782000.0,-6670000.0,-0.091709,-9130000.0,-0.125533,1234000.0,-7890000.0,-0.108483,-290000.0,-7610000.0,-0.104634,-0.24894,-0.24894,30570000,30570000,https://www.sec.gov/Archives/edgar/data/915778/000119312508109412/0001193125-08-109412-index.htm,https://www.sec.gov/Archives/edgar/data/915778/000119312508058624/d10k.htm
0,2007-12-31,DSPG,2008-03-17,2008-03-17 14:32:10,Q4,85200000,49640000,35560000,0.41737089201877936,19390000,10490000,6073000.0,8275000.0,38160000,87800000,1390000.0,3024000.0,180000.0,0.002113,-2600000.0,-0.030516,-9148000.0,-1210000.0,-0.014202,380000.0,-1590000.0,-0.018662,-0.04995,-0.04995,31830000,31830000,https://www.sec.gov/Archives/edgar/data/915778/000119312508058624/0001193125-08-058624-index.htm,https://www.sec.gov/Archives/edgar/data/915778/000119312508058624/d10k.htm
0,2007-09-30,DSPG,2007-11-09,2007-11-09 15:23:20,Q3,61870000,37200000,24670000,0.39873929206400516,13870000,7950000.0,12979000,4878000.0,35000000,72200000,2570000.0,3057.0,-5200000.0,-0.084047,-10340000,-0.167125,2569.0,-7770000.0,-0.125586,-270000.0,-7500000.0,-0.121222,-0.25476,-0.25476,29440000,29440000,https://www.sec.gov/Archives/edgar/data/915778/000119312507242280/0001193125-07-242280-index.htm,https://www.sec.gov/Archives/edgar/data/915778/000119312507242280/d10q.htm
0,2007-06-30,DSPG,2007-08-09,2007-08-09 15:18:35,Q2,52440000,31230000,21210000,0.40446224256292906,12470000,7440000.0,-4189000.0,8299000.0,19910000,51140000,2930000.0,0.0,7150000.0,0.136346,1300000.0,0.02479,2927.0,4230000.0,0.080664,1260000.0,2960000.0,0.056445,0.10397,0.10397,28470000,28470000,https://www.sec.gov/Archives/edgar/data/915778/000119312507177333/0001193125-07-177333-index.htm,https://www.sec.gov/Archives/edgar/data/915778/000119312507177333/d10q.htm
0,2007-03-31,DSPG,2007-05-08,2007-05-08 14:37:05,Q1,49290000,30000000,19290000,0.3913572732805843,12760000,7790000.0,4197000.0,0.0,20549999.999999996,50550000,3650000.0,0.0,6040000.0,0.12254,-1260000.0,-0.025563,3652000.0,2390000.0,0.048489,1030000.0,1360000.0,0.027592,0.0474,0.0474,28690000,28690000,https://www.sec.gov/Archives/edgar/data/915778/000119312507105826/0001193125-07-105826-index.htm,https://www.sec.gov/Archives/edgar/data/915778/000119312507056530/d10k.htm
0,2006-12-31,DSPG,2007-03-16,2007-03-16 10:16:56,Q4,40380000,24880000,15500000,0.3838533927686974,11970000,6750000.0,4073000.0,-335000.0,18720000.000000004,43600000,0.0,6001000.0,150000.0,0.003715,-3220000.0,-0.079742,3370000.0,150000.0,0.003715,-1450000.0,1600000.0,0.039624,0.05512,0.05512,29030000,29030000,https://www.sec.gov/Archives/edgar/data/915778/000119312507056530/0001193125-07-056530-index.htm,https://www.sec.gov/Archives/edgar/data/915778/000119312507056530/d10k.htm
0,2006-09-30,DSPG,2006-11-08,2006-11-08 16:37:28,Q3,63880000,37690000,26190000,0.4099874765184721,12240000,7130000.0,4357000.0,127000.0,19370000.000000004,57060000.00000001,0.0,0.0,10190000,0.159518,6820000.0,0.106763,3370000.0,10190000,0.159518,2140000.0,8050000.0,0.126018,0.27059,0.27059,29750000,29750000,https://www.sec.gov/Archives/edgar/data/915778/000119312506228427/0001193125-06-228427-index.htm,https://www.sec.gov/Archives/edgar/data/915778/000119312506228427/d10q.htm
0,2006-06-30,DSPG,2006-08-09,2006-08-09 14:37:36,Q2,60740000,35630000,25110000,0.41340138294369444,12410000,6970000.0,4070000.0,208000.0,19379999.999999996,55009999.99999999,0.0,0.0,9080000.0,0.14949,5730000.0,0.094337,3350000.0,9080000.0,0.14949,1990000.0,7090000.0,0.116727,0.23147,0.23147,30630000,30630000,https://www.sec.gov/Archives/edgar/data/915778/000119312506167474/0001193125-06-167474-index.htm,https://www.sec.gov/Archives/edgar/data/915778/000119312506167474/d10q.htm
0,2006-03-31,DSPG,2006-05-10,2006-05-10 15:01:28,Q1,51950000,30360000,21590000,0.41559191530317613,10900000,6610000.0,3806000.0,0.0,17500000,47860000,0.0,0.0,7200000.0,0.138595,4090000.0,0.07873,3110000.0,7200000.0,0.138595,1560000.0,5640000.0,0.108566,0.18324,0.18324,30780000,30780000,https://www.sec.gov/Archives/edgar/data/915778/000119312506107414/0001193125-06-107414-index.htm,https://www.sec.gov/Archives/edgar/data/915778/000119312506055016/d10k.htm
0,2005-12-31,DSPG,2006-03-15,2006-03-15 16:10:39,Q4,42400000,23420000,18980000,0.44764150943396225,9860000.0,5080000.0,3237000.0,0.0,14949999.999999996,38369999.99999999,0.0,4599000.0,6870000.0,0.162028,4040000.0,0.095283,2830000.0,6870000.0,0.162028,1160000.0,5710000.0,0.13467,0.19052,0.19052,29970000,29970000,https://www.sec.gov/Archives/edgar/data/915778/000119312506055016/0001193125-06-055016-index.htm,https://www.sec.gov/Archives/edgar/data/915778/000119312506055016/d10k.htm
0,2005-09-30,DSPG,2005-11-09,2005-11-09 11:59:00,Q3,55610000,29420000,26190000,0.47095846070850567,10490000,5610000.0,3706000.0,0.0,16100000,45520000,0.0,0.0,12660000,0.227657,10100000,0.181622,2570000.0,12660000,0.227657,2150000.0,10510000,0.188995,0.3494,0.3494,30080000,30080000,https://www.sec.gov/Archives/edgar/data/915778/000119312505221063/0001193125-05-221063-index.htm,https://www.sec.gov/Archives/edgar/data/915778/000119312505221063/d10q.htm
0,2005-06-30,DSPG,2005-08-09,2005-08-09 14:35:40,Q2,49050000,25990000,23060000,0.47013251783893983,10540000,5070000.0,3290000.0,0.0,15620000.000000002,41610000,0.0,0.0,9940000.0,0.20265,7440000.0,0.151682,2500000.0,9940000.0,0.20265,1690000.0,8250000.0,0.168196,0.27759,0.27759,29720000,29720000,https://www.sec.gov/Archives/edgar/data/915778/000119312505162374/0001193125-05-162374-index.htm,https://www.sec.gov/Archives/edgar/data/915778/000119312505162374/d10q.htm
0,2005-03-31,DSPG,2005-05-10,2005-05-10 14:30:42,Q1,40160000,22240000,17920000,0.44621513944223107,9400000.0,4750000.0,2886000.0,0.0,14150000.000000002,36390000,0.0,0.0,6040000.0,0.150398,3770000.0,0.093875,2270000.0,6040000.0,0.150398,1030000.0,5010000.0,0.124751,0.1692,0.1692,29610000,29610000,https://www.sec.gov/Archives/edgar/data/915778/000119312505102511/0001193125-05-102511-index.htm,https://www.sec.gov/Archives/edgar/data/915778/000119312505050891/d10k.htm
0,2004-12-31,DSPG,2005-03-15,2005-03-15 15:06:39,Q4,28560000,14190000,14370000,0.5031512605042017,8820000.0,4130000.0,2278000.0,2682000.0,15639999.999999998,29830000,0.0,2506000.0,900000.0,0.031513,-1270000.0,-0.044468,2170000.0,900000.0,0.031513,-330000.0,1230000.0,0.043067,0.04824,0.04824,25500000,25500000,https://www.sec.gov/Archives/edgar/data/915778/000119312505050891/0001193125-05-050891-index.htm,https://www.sec.gov/Archives/edgar/data/915778/000119312505050891/d10k.htm
0,2004-09-30,DSPG,2004-11-09,2004-11-09 14:58:58,Q3,46230000,23400000,22830000,0.4938351719662557,8460000.0,4650000.0,2929000.0,0.0,13110000,36510000,0.0,0.0,27250000,0.589444,9720000.0,0.210253,2070000.0,27250000,0.589444,6870000.0,20380000,0.440839,0.69414,0.69414,29360000,29360000,https://www.sec.gov/Archives/edgar/data/915778/000119312504191093/0001193125-04-191093-index.htm,https://www.sec.gov/Archives/edgar/data/915778/000119312504191093/d10q.htm
0,2004-06-30,DSPG,2004-08-09,2004-08-09 14:33:59,Q2,44020000,22920000,21100000,0.4793275783734666,7310000.0,5020000.0,3282000.0,4304000.0,16629999.999999994,39549999.99999999,0.0,0.0,14300000,0.324852,4470000.0,0.101545,2160000.0,14300000,0.324852,4930000.0,9370000.0,0.212858,0.30265,0.30265,30960000,30960000,https://www.sec.gov/Archives/edgar/data/915778/000119312504135696/0001193125-04-135696-index.htm,https://www.sec.gov/Archives/edgar/data/915778/000119312504135696/d10q.htm
0,2004-03-31,DSPG,2004-05-10,2004-05-10 11:24:17,Q1,38710000,19860000,18850000,0.48695427538103847,7550000.0,4610000.0,2803000.0,0.0,12160000.000000004,32020000.000000004,0.0,0.0,30130000,0.778352,6690000.0,0.172824,2130000.0,30130000,0.778352,10020000,20110000,0.519504,0.65505,0.65505,30700000,30700000,https://www.sec.gov/Archives/edgar/data/915778/000119312504083225/0001193125-04-083225-index.htm,https://www.sec.gov/Archives/edgar/data/915778/000119312504042186/d10k.htm
0,2003-12-31,DSPG,2004-03-15,2004-03-15 15:51:30,Q4,38140000,19450000,18690000,0.4900367068694284,8200000.0,5310000.0,3361000.0,0.0,13510000.000000002,32960000.000000004,0.0,3224000.0,7180000.0,0.188254,5180000.0,0.135815,2000000.0,7180000.0,0.188254,1220000.0,5960000.0,0.156266,0.19644,0.19644,30340000,30340000,https://www.sec.gov/Archives/edgar/data/915778/000119312504042186/0001193125-04-042186-index.htm,https://www.sec.gov/Archives/edgar/data/915778/000119312504042186/d10k.htm
0,2003-09-30,DSPG,2003-11-14,2003-11-14 13:55:48,Q3,47180000,25640000,21540000,0.4565493853327681,6700000.0,5330000.0,3429000.0,0.0,12040000,37680000,0.0,0.0,11620000,0.246291,9500000.0,0.201357,2110000.0,11620000,0.246291,1980000.0,9640000.0,0.204324,0.31984,0.31984,30140000,30140000,https://www.sec.gov/Archives/edgar/data/915778/000119312503081666/0001193125-03-081666-index.htm,https://www.sec.gov/Archives/edgar/data/915778/000119312503081666/d10q.htm
0,2003-06-30,DSPG,2003-08-14,2003-08-14 13:49:54,Q2,38550000,21210000,17340000,0.44980544747081713,5580000.0,4400000.0,2871000.0,2727000.0,12699999.999999996,33909999.99999999,0.0,0.0,6800000.0,0.176394,4640000.0,0.120363,1910000.0,6790000.0,0.176135,1310000.0,5490000.0,0.142412,0.18635,0.18635,29460000,29460000,https://www.sec.gov/Archives/edgar/data/915778/000119312503037594/0001193125-03-037594-index.htm,https://www.sec.gov/Archives/edgar/data/915778/000119312503037594/d10q.htm
0,2003-03-31,DSPG,2003-05-09,2003-05-09 14:34:03,Q1,29010000,16780000,12230000,0.4215787659427784,5120000.0,3900000.0,2316000.0,0.0,9009999.999999998,25789999.999999996,0.0,0.0,5140000.0,0.17718,3220000.0,0.110996,1920000.0,5140000.0,0.17718,870000.0,4270000.0,0.147191,0.15019,0.15019,28430000,28430000,https://www.sec.gov/Archives/edgar/data/915778/000119312503004116/0001193125-03-004116-index.htm,https://www.sec.gov/Archives/edgar/data/915778/000102140803005418/d10k.htm
0,2002-12-31,DSPG,2003-03-31,2003-03-31 14:53:38,Q4,28130000,16210000,11920000,0.423746889441877,4620000.0,4290000.0,2767000.0,0.0,9329999.999999998,25539999.999999996,0.0,0.0,4450000.0,0.158194,2590000.0,0.092073,1890000.0,4480000.0,0.159261,850000.0,3600000.0,0.127977,0.12843,0.12843,28030000,28030000,https://www.sec.gov/Archives/edgar/data/915778/000102140803005418/0001021408-03-005418-index.htm,https://www.sec.gov/Archives/edgar/data/915778/000102140803005418/d10k.htm
0,2002-09-30,DSPG,2002-11-14,2002-11-14 14:55:56,Q3,44010000,26430000,17580000,0.3994546693933197,5250000.0,5110000.0,3501000.0,0.0,10360000,36790000,0.0,0.0,10610000,0.241082,7220000.0,0.164054,2420000.0,9630000.0,0.218814,1840000.0,8770000.0,0.199273,0.31649,0.31649,27710000,27710000,https://www.sec.gov/Archives/edgar/data/915778/000089843002004204/0000898430-02-004204-index.htm,https://www.sec.gov/Archives/edgar/data/915778/000089843002004204/d10q.htm
0,2002-06-30,DSPG,2002-08-14,2002-08-14 18:19:59,Q2,31900000,19150000,12750000,0.3996865203761755,4980000.0,3530000.0,1838000.0,0.0,18320000,37470000,-55000.0,16801.0,-2085000.0,-0.065361,-5570000.0,-0.174608,2540000.0,-3030000.0,-0.094984,-2110000.0,80000.0,0.002508,0.00287,0.00287,27900000,27900000,https://www.sec.gov/Archives/edgar/data/915778/000095013102003264/0000950131-02-003264-index.htm,https://www.sec.gov/Archives/edgar/data/915778/000095013102003264/d10q.htm
0,2002-03-31,DSPG,2002-05-15,2002-05-15 14:30:09,Q1,21130000,12610000,8520000.0,0.4032181732134406,4900000.0,2870000.0,2639000.0,865000.0,8640000.0,21250000,55000.0,-16801000,3055000.0,0.144581,-120000.0,-0.005679,2610000.0,2490000.0,0.117842,310000.0,2690000.0,0.127307,0.09587,0.09587,28060000,28060000,https://www.sec.gov/Archives/edgar/data/915778/000091205702020685/0000912057-02-020685-index.htm,https://www.sec.gov/Archives/edgar/data/915778/000091205702011199/a2074012z10-k.htm
0,2001-12-31,DSPG,2002-03-22,2002-03-22 00:00:00,Q4,24740000,14660000,10080000,0.4074373484236055,5810000.0,3600000.0,9014000.0,-218000.0,9419999.999999998,24079999.999999996,218000.0,0.0,4838000.0,0.195554,670000.0,0.027082,2890000.0,3550000.0,0.143492,580000.0,4040000.0,0.163298,0.14522,0.14522,27820000,27820000,https://www.sec.gov/Archives/edgar/data/915778/000091205702011199/0000912057-02-011199-index.htm,https://www.sec.gov/Archives/edgar/data/915778/000091205702011199/a2074012z10-k.htm
0,2001-09-30,DSPG,2001-11-13,2001-11-13 00:00:00,Q3,27140000,17300000,9840000.0,0.3625644804716286,5270000.0,3800000.0,38000.0,-4000.0,9079999.999999998,26379999.999999996,4000.0,14325000,6954000.0,0.256227,770000.0,0.028371,3020000.0,3790000.0,0.139646,100000.0,6850000.0,0.252395,0.24649,0.24649,27790000,27790000,https://www.sec.gov/Archives/edgar/data/915778/000091205701539195/0000912057-01-539195-index.htm,https://www.sec.gov/Archives/edgar/data/915778/000091205701539195/a2063507z10-q.htm
0,2001-06-30,DSPG,2001-08-14,2001-08-14 00:00:00,Q2,19340000,11420000,7920000.0,0.4095139607032058,4920000.0,3550000.0,292000.0,35000.0,8459999.999999998,19880000,-35000.0,-705.0,6445000.0,0.333247,-550000.0,-0.028438,3340000.0,2790000.0,0.144261,1120000.0,5360000.0,0.277146,0.19526,0.19526,27450000,27450000,https://www.sec.gov/Archives/edgar/data/915778/000091205701528636/0000912057-01-528636-index.htm,https://www.sec.gov/Archives/edgar/data/915778/000091205701528636/a2057069z10-q.htm
0,2001-03-31,DSPG,,Not found...,Q1,18210000,9740000.0,8470000.0,0.465129,5070000.0,3120000.0,0.0,0.0,8190000.0,17930000,280000.0,0.0,6550000.0,0.359692,280000.0,0.015376,3280000.0,3830000.0,0.210324,610000.0,5660000.0,0.310818,0.20649,0.20649,27410000,27410000,,
0,2000-12-31,DSPG,,,Q4,31430000,13260000,18170000,0.57811,5880000.0,5680000.0,0.0,0.0,11549999.999999998,24810000,1050000.0,0.0,12340000,0.392619,6610000.0,0.210309,3630000.0,11290000,0.359211,2550000.0,8740000.0,0.278078,0.31248,0.31248,27970000,27970000,,
0,2000-09-30,DSPG,2000-11-14 00:00:00,2000-11-14 00:00:00,Q3,28990000,12920000,16070000,0.554329,5550000.0,4950000.0,0.0,0.0,10500000.000000002,23420000.000000004,930000.0,0.0,11200000,0.38634,5570000.0,0.192135,3770000.0,10270000,0.35426,1840000.0,8430000.0,0.29079,0.29139,0.29139,28930000,28930000,https://www.sec.gov/Archives/edgar/data/915778/000091205700050130/0000912057-00-050130-index.html,https://www.sec.gov/Archives/edgar/data/915778/000091205700050130/a2030354z10-q.txt
0,2000-06-30,DSPG,2000-08-14 00:00:00,2000-08-14 00:00:00,Q2,25710000,11940000,13780000,0.535978,4810000.0,4650000.0,0.0,0.0,9450000.000000002,21390000,750000.0,0.0,26580000,1.033839,4320000.0,0.168028,3170000.0,25820000,1.004278,8570000.0,17260000,0.671334,0.59354,0.59354,29080000,29080000,https://www.sec.gov/Archives/edgar/data/915778/000091205700037198/0000912057-00-037198-index.html,https://www.sec.gov/Archives/edgar/data/915778/000091205700037198/a10-q.txt
0,2000-03-31,DSPG,2000-05-15 00:00:00,2000-05-15 00:00:00,Q1,23390000,10800000,12590000,0.538264,4680000.0,4150000.0,0.0,0.0,22970000.000000004,33770000,440000.0,0.0,33250000,1.421548,-10390000,-0.444207,2750000.0,32810000,1.402736,17400000,15410000,0.658829,0.54241,0.54241,28410000,28410000,https://www.sec.gov/Archives/edgar/data/915778/000091205700024481/0000912057-00-024481-index.html,https://www.sec.gov/Archives/edgar/data/915778/0000912057-00-024481.txt
0,1999-12-31,DSPG,,,Q4,25970000,11560000,14420000,0.555256,4400000.0,4500000.0,0.0,0.0,8900000.0,20460000,790000.0,0.0,56430000,2.172892,5520000.0,0.212553,2180000.0,55640000,2.142472,21720000,33920000,1.306122,1.22988,1.22988,27580000,27580000,,
0,1999-09-30,DSPG,,,Q3,23300000,10670000,12630000,0.54206,3900000.0,3650000.0,0.0,0.0,7540000.000000001,18210000,670000.0,0.0,7880000.0,0.338197,5080000.0,0.218026,1460000.0,7210000.0,0.309442,1440000.0,5770000.0,0.247639,0.21881,0.21881,26370000,26370000,,
0,1999-06-30,DSPG,,,Q2,16700000,7160000.0,9540000.0,0.571257,3740000.0,3510000.0,0.0,0.0,7250000.0,14410000,580000.0,0.0,16380000,0.980838,2300000.0,0.137725,1140000.0,15800000,0.946108,2090000.0,13710000,0.820958,0.5635,0.5635,24330000,24330000,,
0,1999-03-31,DSPG,,,Q1,10460000,3830000.0,6640000.0,0.634799,3360000.0,3170000.0,0.0,0.0,6529999.999999999,10359999.999999998,440000.0,0.0,2010000.0,0.192161,110000.0,0.010516,1030000.0,1580000.0,0.151052,390000.0,1180000.0,0.112811,0.05386,0.05386,21910000,21910000,,
0,1998-12-31,DSPG,,,Q4,14120000,5380000.0,8740000.0,0.61898,2850000.0,2490000.0,0.0,0.0,5330000.000000001,10710000.000000002,0.0,0.0,4620000.0,0.327195,3400000.0,0.240793,1220000.0,4620000.0,0.327195,1150000.0,3470000.0,0.245751,0.18073,0.18073,19200000,19200000,,
0,1998-09-30,DSPG,,,Q3,17310000,8270000.0,9040000.0,0.522241,2810000.0,2490000.0,0.0,0.0,5290000.000000001,13560000.000000002,-10000.0,0.0,4630000.0,0.267475,3740000.0,0.21606,900000.0,4640000.0,0.268053,1160000.0,3480000.0,0.20104,0.17514,0.17514,19870000,19870000,,
0,1998-06-30,DSPG,,,Q2,16750000,7990000.0,8760000.0,0.522985,2500000.0,2470000.0,0.0,0.0,4970000.000000001,12960000.000000002,1040000.0,0.0,6720000.0,0.401194,3790000.0,0.226269,850000.0,5680000.0,0.339104,1420000.0,4260000.0,0.254328,0.21006,0.21006,20280000,20280000,,
0,1998-03-31,DSPG,,,Q1,15680000,7790000.0,7880000.0,0.502551,2030000.0,2410000.0,0.0,0.0,4440000.0,12230000,-70000.0,0.0,4210000.0,0.268495,3450000.0,0.220026,900000.0,4280000.0,0.272959,1070000.0,3210000.0,0.204719,0.15455,0.15455,20770000,20770000,,
0,1997-12-31,DSPG,,,Q4,16580000,7880000.0,8700000.0,0.524729,2380000.0,2520000.0,0.0,0.0,4899999.999999999,12780000,0.0,0.0,4540000.0,0.273824,3800000.0,0.229192,730000.0,4540000.0,0.273824,1090000.0,3450000.0,0.208082,0.16523,0.16523,20880000,20880000,,
0,1997-09-30,DSPG,,,Q3,16560000,8510000.0,8050000.0,0.486111,2080000.0,2390000.0,0.0,0.0,4470000.000000001,12980000.000000002,0.0,0.0,4240000.0,0.256039,3580000.0,0.216184,660000.0,4230000.0,0.255435,890000.0,3350000.0,0.202295,0.15907,0.15907,21060000,21060000,,
0,1997-06-30,DSPG,,,Q2,14640000,8050000.0,6600000.0,0.45082,2020000.0,2200000.0,0.0,0.0,4219999.999999999,12269999.999999998,0.0,0.0,2650000.0,0.181011,2380000.0,0.162568,270000.0,2650000.0,0.181011,420000.0,2230000.0,0.152322,0.11442,0.11442,19490000,19490000,,
0,1997-03-31,DSPG,,,Q1,14180000,7870000.0,6310000.0,0.444993,1940000.0,2340000.0,0.0,0.0,4280000.0,12150000,0.0,0.0,2380000.0,0.167842,2030000.0,0.143159,340000.0,2370000.0,0.167137,360000.0,2020000.0,0.142454,0.10428,0.10428,19370000,19370000,,
0,1996-12-31,DSPG,,,Q4,15080000,8420000.0,6660000.0,0.441645,1900000.0,2410000.0,0.0,0.0,4310000.000000001,12730000,0.0,0.0,6390000.0,0.42374,2350000.0,0.155836,4040000.0,6390000.0,0.42374,990000.0,5400000.0,0.35809,0.27878,0.27878,19370000,19370000,,
0,1996-09-30,DSPG,,,Q3,13610000,8600000.0,5020000.0,0.368846,1800000.0,2070000.0,0.0,0.0,5390000.000000001,13990000.000000002,0.0,0.0,-290000.0,-0.021308,-380000.0,-0.027921,90000.0,-290000.0,-0.021308,-30000.0,-260000.0,-0.019104,-0.01363,-0.01363,19070000,19070000,,
0,1996-06-30,DSPG,,,Q2,13020000,8080000.0,4940000.0,0.379416,2240000.0,2690000.0,0.0,0.0,4930000.0,13010000,0.0,0.0,300000.0,0.023041,10000.0,0.000768,290000.0,300000.0,0.023041,30000.0,270000.0,0.020737,0.01411,0.01411,19140000,19140000,,
