,date,symbol,fillingDate,acceptedDate,period,revenue,costOfRevenue,grossProfit,grossProfitRatio,researchAndDevelopmentExpenses,generalAndAdministrativeExpenses,sellingAndMarketingExpenses,otherExpenses,operatingExpenses,costAndExpenses,interestExpense,depreciationAndAmortization,ebitda,ebitdaratio,operatingIncome,operatingIncomeRatio,totalOtherIncomeExpensesNet,incomeBeforeTax,incomeBeforeTaxRatio,incomeTaxExpense,netIncome,netIncomeRatio,eps,epsdiluted,weightedAverageShsOut,weightedAverageShsOutDil,link,finalLink
0,2019-09-31,KEY.PA,,2019-09-31,Q3,71675750,67651500,4024250.0,17.810958563707523,0.0,0.0,0.0,0.0,683000.0,70353000,571750.0,2407750.0,3564750.0,20.106809734202958,1322750.0,54.18692118692119,0.0,-177000.0,-404.9477401129943,1200500.0,-1501750.0,-47.72815049109372,-0.095,-0.095,15840370,15840370,https://www.infogreffe.com/recherche-entreprise-dirigeants/resultats-entreprise-dirigeants.html?ga_cat=globale&ga_q=K.E.Y#phrase=K.E.Y,https://www.infogreffe.com/recherche-entreprise-dirigeants/resultats-entreprise-dirigeants.html?ga_cat=globale&ga_q=K.E.Y#phrase=K.E.Y
0,2019-06-31,KEY.PA,,2019-06-31,Q2,71675750,67651500,4024250.0,17.810958563707523,0.0,0.0,0.0,0.0,683000.0,70353000,571750.0,2407750.0,3564750.0,20.106809734202958,1322750.0,54.18692118692119,0.0,-177000.0,-404.9477401129943,1200500.0,-1501750.0,-47.72815049109372,-0.095,-0.095,15840370,15840370,https://www.infogreffe.com/recherche-entreprise-dirigeants/resultats-entreprise-dirigeants.html?ga_cat=globale&ga_q=K.E.Y#phrase=K.E.Y,https://www.infogreffe.com/recherche-entreprise-dirigeants/resultats-entreprise-dirigeants.html?ga_cat=globale&ga_q=K.E.Y#phrase=K.E.Y
0,2019-03-31,KEY.PA,,2019-03-31,Q1,71675750,67651500,4024250.0,17.810958563707523,0.0,0.0,0.0,0.0,683000.0,70353000,571750.0,2407750.0,3564750.0,20.106809734202958,1322750.0,54.18692118692119,0.0,-177000.0,-404.9477401129943,1200500.0,-1501750.0,-47.72815049109372,-0.095,-0.095,15840370,15840370,https://www.infogreffe.com/recherche-entreprise-dirigeants/resultats-entreprise-dirigeants.html?ga_cat=globale&ga_q=K.E.Y#phrase=K.E.Y,https://www.infogreffe.com/recherche-entreprise-dirigeants/resultats-entreprise-dirigeants.html?ga_cat=globale&ga_q=K.E.Y#phrase=K.E.Y
0,2019-01-31,KEY.PA,,2019-01-31,Q1,71675750,67651500,4024250.0,17.810958563707523,0.0,0.0,0.0,0.0,683000.0,70353000,571750.0,2407750.0,3564750.0,20.106809734202958,1322750.0,54.18692118692119,0.0,-177000.0,-404.9477401129943,1200500.0,-1501750.0,-47.72815049109372,-0.095,-0.095,15840370,15840370,https://www.infogreffe.com/recherche-entreprise-dirigeants/resultats-entreprise-dirigeants.html?ga_cat=globale&ga_q=K.E.Y#phrase=K.E.Y,https://www.infogreffe.com/recherche-entreprise-dirigeants/resultats-entreprise-dirigeants.html?ga_cat=globale&ga_q=K.E.Y#phrase=K.E.Y
0,2018-09-31,KEY.PA,,2018-09-31,Q3,68298250,63933500,4364750.0,15.647688871069363,0.0,0.0,0.0,0.0,743000.0,64909250,347000.0,525000.0,4080250.0,16.73874149868268,3389000.0,20.152921215697845,0.0,2969500.0,22.99991581074255,581500.0,2196250.0,31.097666476949346,0.14,0.14,15808019,15808019,https://www.infogreffe.com/recherche-entreprise-dirigeants/resultats-entreprise-dirigeants.html?ga_cat=globale&ga_q=K.E.Y#phrase=K.E.Y,https://www.infogreffe.com/recherche-entreprise-dirigeants/resultats-entreprise-dirigeants.html?ga_cat=globale&ga_q=K.E.Y#phrase=K.E.Y
0,2018-06-31,KEY.PA,,2018-06-31,Q2,68298250,63933500,4364750.0,15.647688871069363,0.0,0.0,0.0,0.0,743000.0,64909250,347000.0,525000.0,4080250.0,16.73874149868268,3389000.0,20.152921215697845,0.0,2969500.0,22.99991581074255,581500.0,2196250.0,31.097666476949346,0.14,0.14,15808019,15808019,https://www.infogreffe.com/recherche-entreprise-dirigeants/resultats-entreprise-dirigeants.html?ga_cat=globale&ga_q=K.E.Y#phrase=K.E.Y,https://www.infogreffe.com/recherche-entreprise-dirigeants/resultats-entreprise-dirigeants.html?ga_cat=globale&ga_q=K.E.Y#phrase=K.E.Y
0,2018-03-31,KEY.PA,,2018-03-31,Q1,68298250,63933500,4364750.0,15.647688871069363,0.0,0.0,0.0,0.0,743000.0,64909250,347000.0,525000.0,4080250.0,16.73874149868268,3389000.0,20.152921215697845,0.0,2969500.0,22.99991581074255,581500.0,2196250.0,31.097666476949346,0.14,0.14,15808019,15808019,https://www.infogreffe.com/recherche-entreprise-dirigeants/resultats-entreprise-dirigeants.html?ga_cat=globale&ga_q=K.E.Y#phrase=K.E.Y,https://www.infogreffe.com/recherche-entreprise-dirigeants/resultats-entreprise-dirigeants.html?ga_cat=globale&ga_q=K.E.Y#phrase=K.E.Y
0,2018-01-31,KEY.PA,,2018-01-31,Q1,68298250,63933500,4364750.0,15.647688871069363,0.0,0.0,0.0,0.0,743000.0,64909250,347000.0,525000.0,4080250.0,16.73874149868268,3389000.0,20.152921215697845,0.0,2969500.0,22.99991581074255,581500.0,2196250.0,31.097666476949346,0.14,0.14,15808019,15808019,https://www.infogreffe.com/recherche-entreprise-dirigeants/resultats-entreprise-dirigeants.html?ga_cat=globale&ga_q=K.E.Y#phrase=K.E.Y,https://www.infogreffe.com/recherche-entreprise-dirigeants/resultats-entreprise-dirigeants.html?ga_cat=globale&ga_q=K.E.Y#phrase=K.E.Y
0,2017-09-31,KEY.PA,,2017-09-31,Q3,64343250,59837250,4506000.0,14.279460719041278,0.0,0.0,0.0,0.0,660500.0,60529750,397250.0,366000.0,4679750.0,13.749292163042897,3813500.0,16.872492460993836,0.0,2772750.0,23.20557208547471,829750.0,1763750.0,36.48093550673281,0.1125,0.1125,15801236,15801236,https://www.infogreffe.com/recherche-entreprise-dirigeants/resultats-entreprise-dirigeants.html?ga_cat=globale&ga_q=K.E.Y#phrase=K.E.Y,https://www.infogreffe.com/recherche-entreprise-dirigeants/resultats-entreprise-dirigeants.html?ga_cat=globale&ga_q=K.E.Y#phrase=K.E.Y
0,2017-06-31,KEY.PA,,2017-06-31,Q2,64343250,59837250,4506000.0,14.279460719041278,0.0,0.0,0.0,0.0,660500.0,60529750,397250.0,366000.0,4679750.0,13.749292163042897,3813500.0,16.872492460993836,0.0,2772750.0,23.20557208547471,829750.0,1763750.0,36.48093550673281,0.1125,0.1125,15801236,15801236,https://www.infogreffe.com/recherche-entreprise-dirigeants/resultats-entreprise-dirigeants.html?ga_cat=globale&ga_q=K.E.Y#phrase=K.E.Y,https://www.infogreffe.com/recherche-entreprise-dirigeants/resultats-entreprise-dirigeants.html?ga_cat=globale&ga_q=K.E.Y#phrase=K.E.Y
0,2017-03-31,KEY.PA,,2017-03-31,Q1,64343250,59837250,4506000.0,14.279460719041278,0.0,0.0,0.0,0.0,660500.0,60529750,397250.0,366000.0,4679750.0,13.749292163042897,3813500.0,16.872492460993836,0.0,2772750.0,23.20557208547471,829750.0,1763750.0,36.48093550673281,0.1125,0.1125,15801236,15801236,https://www.infogreffe.com/recherche-entreprise-dirigeants/resultats-entreprise-dirigeants.html?ga_cat=globale&ga_q=K.E.Y#phrase=K.E.Y,https://www.infogreffe.com/recherche-entreprise-dirigeants/resultats-entreprise-dirigeants.html?ga_cat=globale&ga_q=K.E.Y#phrase=K.E.Y
0,2017-01-31,KEY.PA,,2017-01-31,Q1,64343250,59837250,4506000.0,14.279460719041278,0.0,0.0,0.0,0.0,660500.0,60529750,397250.0,366000.0,4679750.0,13.749292163042897,3813500.0,16.872492460993836,0.0,2772750.0,23.20557208547471,829750.0,1763750.0,36.48093550673281,0.1125,0.1125,15801236,15801236,https://www.infogreffe.com/recherche-entreprise-dirigeants/resultats-entreprise-dirigeants.html?ga_cat=globale&ga_q=K.E.Y#phrase=K.E.Y,https://www.infogreffe.com/recherche-entreprise-dirigeants/resultats-entreprise-dirigeants.html?ga_cat=globale&ga_q=K.E.Y#phrase=K.E.Y
0,2016-09-31,KEY.PA,,2016-09-31,Q3,56981500,53904500,3077000.0,18.518524536886577,0.0,0.0,0.0,0.0,732000.0,54897500,351000.0,310750.0,2365250.0,24.09111087622873,2084000.0,27.342370441458733,0.0,1676000.0,33.99850835322196,522750.0,1088250.0,52.360670801745925,0.07,0.07,15786641,15786641,https://www.infogreffe.com/recherche-entreprise-dirigeants/resultats-entreprise-dirigeants.html?ga_cat=globale&ga_q=K.E.Y#phrase=K.E.Y,https://www.infogreffe.com/recherche-entreprise-dirigeants/resultats-entreprise-dirigeants.html?ga_cat=globale&ga_q=K.E.Y#phrase=K.E.Y
0,2016-06-31,KEY.PA,,2016-06-31,Q2,56981500,53904500,3077000.0,18.518524536886577,0.0,0.0,0.0,0.0,732000.0,54897500,351000.0,310750.0,2365250.0,24.09111087622873,2084000.0,27.342370441458733,0.0,1676000.0,33.99850835322196,522750.0,1088250.0,52.360670801745925,0.07,0.07,15786641,15786641,https://www.infogreffe.com/recherche-entreprise-dirigeants/resultats-entreprise-dirigeants.html?ga_cat=globale&ga_q=K.E.Y#phrase=K.E.Y,https://www.infogreffe.com/recherche-entreprise-dirigeants/resultats-entreprise-dirigeants.html?ga_cat=globale&ga_q=K.E.Y#phrase=K.E.Y
0,2016-03-31,KEY.PA,,2016-03-31,Q1,56981500,53904500,3077000.0,18.518524536886577,0.0,0.0,0.0,0.0,732000.0,54897500,351000.0,310750.0,2365250.0,24.09111087622873,2084000.0,27.342370441458733,0.0,1676000.0,33.99850835322196,522750.0,1088250.0,52.360670801745925,0.07,0.07,15786641,15786641,https://www.infogreffe.com/recherche-entreprise-dirigeants/resultats-entreprise-dirigeants.html?ga_cat=globale&ga_q=K.E.Y#phrase=K.E.Y,https://www.infogreffe.com/recherche-entreprise-dirigeants/resultats-entreprise-dirigeants.html?ga_cat=globale&ga_q=K.E.Y#phrase=K.E.Y
0,2016-01-31,KEY.PA,,2016-01-31,Q1,56981500,53904500,3077000.0,18.518524536886577,0.0,0.0,0.0,0.0,732000.0,54897500,351000.0,310750.0,2365250.0,24.09111087622873,2084000.0,27.342370441458733,0.0,1676000.0,33.99850835322196,522750.0,1088250.0,52.360670801745925,0.07,0.07,15786641,15786641,https://www.infogreffe.com/recherche-entreprise-dirigeants/resultats-entreprise-dirigeants.html?ga_cat=globale&ga_q=K.E.Y#phrase=K.E.Y,https://www.infogreffe.com/recherche-entreprise-dirigeants/resultats-entreprise-dirigeants.html?ga_cat=globale&ga_q=K.E.Y#phrase=K.E.Y
0,2015-09-31,KEY.PA,,2015-09-31,Q3,50488250,47408750,3079500.0,16.39495047897386,0.0,0.0,0.0,0.0,1299500.0,48921750,365250.0,292250.0,2137750.0,23.617471640743773,1566500.0,32.22997127353974,0.0,1277500.0,39.521135029354205,452500.0,929250.0,54.332257196663974,0.06,0.06,15707230,15707230,https://www.infogreffe.com/recherche-entreprise-dirigeants/resultats-entreprise-dirigeants.html?ga_cat=globale&ga_q=K.E.Y#phrase=K.E.Y,https://www.infogreffe.com/recherche-entreprise-dirigeants/resultats-entreprise-dirigeants.html?ga_cat=globale&ga_q=K.E.Y#phrase=K.E.Y
0,2015-06-31,KEY.PA,,2015-06-31,Q2,50488250,47408750,3079500.0,16.39495047897386,0.0,0.0,0.0,0.0,1299500.0,48921750,365250.0,292250.0,2137750.0,23.617471640743773,1566500.0,32.22997127353974,0.0,1277500.0,39.521135029354205,452500.0,929250.0,54.332257196663974,0.06,0.06,15707230,15707230,https://www.infogreffe.com/recherche-entreprise-dirigeants/resultats-entreprise-dirigeants.html?ga_cat=globale&ga_q=K.E.Y#phrase=K.E.Y,https://www.infogreffe.com/recherche-entreprise-dirigeants/resultats-entreprise-dirigeants.html?ga_cat=globale&ga_q=K.E.Y#phrase=K.E.Y
0,2015-03-31,KEY.PA,,2015-03-31,Q1,50488250,47408750,3079500.0,16.39495047897386,0.0,0.0,0.0,0.0,1299500.0,48921750,365250.0,292250.0,2137750.0,23.617471640743773,1566500.0,32.22997127353974,0.0,1277500.0,39.521135029354205,452500.0,929250.0,54.332257196663974,0.06,0.06,15707230,15707230,https://www.infogreffe.com/recherche-entreprise-dirigeants/resultats-entreprise-dirigeants.html?ga_cat=globale&ga_q=K.E.Y#phrase=K.E.Y,https://www.infogreffe.com/recherche-entreprise-dirigeants/resultats-entreprise-dirigeants.html?ga_cat=globale&ga_q=K.E.Y#phrase=K.E.Y
0,2015-01-31,KEY.PA,,2015-01-31,Q1,50488250,47408750,3079500.0,16.39495047897386,0.0,0.0,0.0,0.0,1299500.0,48921750,365250.0,292250.0,2137750.0,23.617471640743773,1566500.0,32.22997127353974,0.0,1277500.0,39.521135029354205,452500.0,929250.0,54.332257196663974,0.06,0.06,15707230,15707230,https://www.infogreffe.com/recherche-entreprise-dirigeants/resultats-entreprise-dirigeants.html?ga_cat=globale&ga_q=K.E.Y#phrase=K.E.Y,https://www.infogreffe.com/recherche-entreprise-dirigeants/resultats-entreprise-dirigeants.html?ga_cat=globale&ga_q=K.E.Y#phrase=K.E.Y
0,2014-09-31,KEY.PA,,2014-09-31,Q3,43264750,40873500,2391250.0,18.092943021432305,0.0,0.0,0.0,0.0,436500.0,41488500,340500.0,291500.0,2308000.0,18.745558925476605,1776250.0,24.35735397607319,0.0,1039500.0,41.62073112073112,390750.0,706500.0,61.2381457891012,0.045,0.045,15566939,15566939,https://www.infogreffe.com/recherche-entreprise-dirigeants/resultats-entreprise-dirigeants.html?ga_cat=globale&ga_q=K.E.Y#phrase=K.E.Y,https://www.infogreffe.com/recherche-entreprise-dirigeants/resultats-entreprise-dirigeants.html?ga_cat=globale&ga_q=K.E.Y#phrase=K.E.Y
0,2014-06-31,KEY.PA,,2014-06-31,Q2,43264750,40873500,2391250.0,18.092943021432305,0.0,0.0,0.0,0.0,436500.0,41488500,340500.0,291500.0,2308000.0,18.745558925476605,1776250.0,24.35735397607319,0.0,1039500.0,41.62073112073112,390750.0,706500.0,61.2381457891012,0.045,0.045,15566939,15566939,https://www.infogreffe.com/recherche-entreprise-dirigeants/resultats-entreprise-dirigeants.html?ga_cat=globale&ga_q=K.E.Y#phrase=K.E.Y,https://www.infogreffe.com/recherche-entreprise-dirigeants/resultats-entreprise-dirigeants.html?ga_cat=globale&ga_q=K.E.Y#phrase=K.E.Y
0,2014-03-31,KEY.PA,,2014-03-31,Q1,43264750,40873500,2391250.0,18.092943021432305,0.0,0.0,0.0,0.0,436500.0,41488500,340500.0,291500.0,2308000.0,18.745558925476605,1776250.0,24.35735397607319,0.0,1039500.0,41.62073112073112,390750.0,706500.0,61.2381457891012,0.045,0.045,15566939,15566939,https://www.infogreffe.com/recherche-entreprise-dirigeants/resultats-entreprise-dirigeants.html?ga_cat=globale&ga_q=K.E.Y#phrase=K.E.Y,https://www.infogreffe.com/recherche-entreprise-dirigeants/resultats-entreprise-dirigeants.html?ga_cat=globale&ga_q=K.E.Y#phrase=K.E.Y
0,2014-01-31,KEY.PA,,2014-01-31,Q1,43264750,40873500,2391250.0,18.092943021432305,0.0,0.0,0.0,0.0,436500.0,41488500,340500.0,291500.0,2308000.0,18.745558925476605,1776250.0,24.35735397607319,0.0,1039500.0,41.62073112073112,390750.0,706500.0,61.2381457891012,0.045,0.045,15566939,15566939,https://www.infogreffe.com/recherche-entreprise-dirigeants/resultats-entreprise-dirigeants.html?ga_cat=globale&ga_q=K.E.Y#phrase=K.E.Y,https://www.infogreffe.com/recherche-entreprise-dirigeants/resultats-entreprise-dirigeants.html?ga_cat=globale&ga_q=K.E.Y#phrase=K.E.Y
0,2013-09-31,KEY.PA,,2013-09-31,Q3,39726000,37295000,2431000.0,16.341423282599752,0.0,0.0,0.0,0.0,514500.0,37993500,270500.0,329750.0,2276000.0,17.454305799648505,1732500.0,22.929870129870128,0.0,834000.0,47.63309352517986,420500.0,376500.0,105.51394422310757,0.0225,0.0225,16425615,19010238,https://www.infogreffe.com/recherche-entreprise-dirigeants/resultats-entreprise-dirigeants.html?ga_cat=globale&ga_q=K.E.Y#phrase=K.E.Y,https://www.infogreffe.com/recherche-entreprise-dirigeants/resultats-entreprise-dirigeants.html?ga_cat=globale&ga_q=K.E.Y#phrase=K.E.Y
0,2013-06-31,KEY.PA,,2013-06-31,Q2,39726000,37295000,2431000.0,16.341423282599752,0.0,0.0,0.0,0.0,514500.0,37993500,270500.0,329750.0,2276000.0,17.454305799648505,1732500.0,22.929870129870128,0.0,834000.0,47.63309352517986,420500.0,376500.0,105.51394422310757,0.0225,0.0225,16425615,19010238,https://www.infogreffe.com/recherche-entreprise-dirigeants/resultats-entreprise-dirigeants.html?ga_cat=globale&ga_q=K.E.Y#phrase=K.E.Y,https://www.infogreffe.com/recherche-entreprise-dirigeants/resultats-entreprise-dirigeants.html?ga_cat=globale&ga_q=K.E.Y#phrase=K.E.Y
0,2013-03-31,KEY.PA,,2013-03-31,Q1,39726000,37295000,2431000.0,16.341423282599752,0.0,0.0,0.0,0.0,514500.0,37993500,270500.0,329750.0,2276000.0,17.454305799648505,1732500.0,22.929870129870128,0.0,834000.0,47.63309352517986,420500.0,376500.0,105.51394422310757,0.0225,0.0225,16425615,19010238,https://www.infogreffe.com/recherche-entreprise-dirigeants/resultats-entreprise-dirigeants.html?ga_cat=globale&ga_q=K.E.Y#phrase=K.E.Y,https://www.infogreffe.com/recherche-entreprise-dirigeants/resultats-entreprise-dirigeants.html?ga_cat=globale&ga_q=K.E.Y#phrase=K.E.Y
0,2013-01-31,KEY.PA,,2013-01-31,Q1,39726000,37295000,2431000.0,16.341423282599752,0.0,0.0,0.0,0.0,514500.0,37993500,270500.0,329750.0,2276000.0,17.454305799648505,1732500.0,22.929870129870128,0.0,834000.0,47.63309352517986,420500.0,376500.0,105.51394422310757,0.0225,0.0225,16425615,19010238,https://www.infogreffe.com/recherche-entreprise-dirigeants/resultats-entreprise-dirigeants.html?ga_cat=globale&ga_q=K.E.Y#phrase=K.E.Y,https://www.infogreffe.com/recherche-entreprise-dirigeants/resultats-entreprise-dirigeants.html?ga_cat=globale&ga_q=K.E.Y#phrase=K.E.Y
0,2012-09-31,KEY.PA,,2012-09-31,Q3,38337250,36250000,2087250.0,18.36734938315966,0.0,0.0,0.0,0.0,769000.0,37339500,162750.0,355250.0,1238750.0,30.948335015136227,997750.0,38.42370333249812,0.0,737250.0,52.00033909799932,299500.0,453000.0,84.62969094922737,0.0275,0.0275,16608430,19193053,https://www.infogreffe.com/recherche-entreprise-dirigeants/resultats-entreprise-dirigeants.html?ga_cat=globale&ga_q=K.E.Y#phrase=K.E.Y,https://www.infogreffe.com/recherche-entreprise-dirigeants/resultats-entreprise-dirigeants.html?ga_cat=globale&ga_q=K.E.Y#phrase=K.E.Y
0,2012-06-31,KEY.PA,,2012-06-31,Q2,38337250,36250000,2087250.0,18.36734938315966,0.0,0.0,0.0,0.0,769000.0,37339500,162750.0,355250.0,1238750.0,30.948335015136227,997750.0,38.42370333249812,0.0,737250.0,52.00033909799932,299500.0,453000.0,84.62969094922737,0.0275,0.0275,16608430,19193053,https://www.infogreffe.com/recherche-entreprise-dirigeants/resultats-entreprise-dirigeants.html?ga_cat=globale&ga_q=K.E.Y#phrase=K.E.Y,https://www.infogreffe.com/recherche-entreprise-dirigeants/resultats-entreprise-dirigeants.html?ga_cat=globale&ga_q=K.E.Y#phrase=K.E.Y
0,2012-03-31,KEY.PA,,2012-03-31,Q1,38337250,36250000,2087250.0,18.36734938315966,0.0,0.0,0.0,0.0,769000.0,37339500,162750.0,355250.0,1238750.0,30.948335015136227,997750.0,38.42370333249812,0.0,737250.0,52.00033909799932,299500.0,453000.0,84.62969094922737,0.0275,0.0275,16608430,19193053,https://www.infogreffe.com/recherche-entreprise-dirigeants/resultats-entreprise-dirigeants.html?ga_cat=globale&ga_q=K.E.Y#phrase=K.E.Y,https://www.infogreffe.com/recherche-entreprise-dirigeants/resultats-entreprise-dirigeants.html?ga_cat=globale&ga_q=K.E.Y#phrase=K.E.Y
0,2012-01-31,KEY.PA,,2012-01-31,Q1,38337250,36250000,2087250.0,18.36734938315966,0.0,0.0,0.0,0.0,769000.0,37339500,162750.0,355250.0,1238750.0,30.948335015136227,997750.0,38.42370333249812,0.0,737250.0,52.00033909799932,299500.0,453000.0,84.62969094922737,0.0275,0.0275,16608430,19193053,https://www.infogreffe.com/recherche-entreprise-dirigeants/resultats-entreprise-dirigeants.html?ga_cat=globale&ga_q=K.E.Y#phrase=K.E.Y,https://www.infogreffe.com/recherche-entreprise-dirigeants/resultats-entreprise-dirigeants.html?ga_cat=globale&ga_q=K.E.Y#phrase=K.E.Y
0,2011-09-31,KEY.PA,,2011-09-31,Q3,34503250,13377500,21125750,1.6332319562619078,0.0,0.0,0.0,0.0,771500.0,33370500,138250.0,372250.0,1518000.0,22.72941370223979,1132750.0,30.4597219156919,0.0,889000.0,38.81130483689539,146500.0,742500.0,46.46902356902357,0.045,0.045,16711111,16711111,https://www.infogreffe.com/recherche-entreprise-dirigeants/resultats-entreprise-dirigeants.html?ga_cat=globale&ga_q=K.E.Y#phrase=K.E.Y,https://www.infogreffe.com/recherche-entreprise-dirigeants/resultats-entreprise-dirigeants.html?ga_cat=globale&ga_q=K.E.Y#phrase=K.E.Y
0,2011-06-31,KEY.PA,,2011-06-31,Q2,34503250,13377500,21125750,1.6332319562619078,0.0,0.0,0.0,0.0,771500.0,33370500,138250.0,372250.0,1518000.0,22.72941370223979,1132750.0,30.4597219156919,0.0,889000.0,38.81130483689539,146500.0,742500.0,46.46902356902357,0.045,0.045,16711111,16711111,https://www.infogreffe.com/recherche-entreprise-dirigeants/resultats-entreprise-dirigeants.html?ga_cat=globale&ga_q=K.E.Y#phrase=K.E.Y,https://www.infogreffe.com/recherche-entreprise-dirigeants/resultats-entreprise-dirigeants.html?ga_cat=globale&ga_q=K.E.Y#phrase=K.E.Y
0,2011-03-31,KEY.PA,,2011-03-31,Q1,34503250,13377500,21125750,1.6332319562619078,0.0,0.0,0.0,0.0,771500.0,33370500,138250.0,372250.0,1518000.0,22.72941370223979,1132750.0,30.4597219156919,0.0,889000.0,38.81130483689539,146500.0,742500.0,46.46902356902357,0.045,0.045,16711111,16711111,https://www.infogreffe.com/recherche-entreprise-dirigeants/resultats-entreprise-dirigeants.html?ga_cat=globale&ga_q=K.E.Y#phrase=K.E.Y,https://www.infogreffe.com/recherche-entreprise-dirigeants/resultats-entreprise-dirigeants.html?ga_cat=globale&ga_q=K.E.Y#phrase=K.E.Y
0,2011-01-31,KEY.PA,,2011-01-31,Q1,34503250,13377500,21125750,1.6332319562619078,0.0,0.0,0.0,0.0,771500.0,33370500,138250.0,372250.0,1518000.0,22.72941370223979,1132750.0,30.4597219156919,0.0,889000.0,38.81130483689539,146500.0,742500.0,46.46902356902357,0.045,0.045,16711111,16711111,https://www.infogreffe.com/recherche-entreprise-dirigeants/resultats-entreprise-dirigeants.html?ga_cat=globale&ga_q=K.E.Y#phrase=K.E.Y,https://www.infogreffe.com/recherche-entreprise-dirigeants/resultats-entreprise-dirigeants.html?ga_cat=globale&ga_q=K.E.Y#phrase=K.E.Y
0,2010-09-31,KEY.PA,,2010-09-31,Q3,29934750,11540500,18394250,1.6273971485654484,0.0,0.0,0.0,-110750.0,688500.0,28890500,0.0,325000.0,1549000.0,19.32520981278244,1044250.0,28.666267656212593,0.0,811250.0,36.89953775038521,130750.0,680500.0,43.98934606906686,0.04,0.0375,16612664,19566895,https://www.infogreffe.com/recherche-entreprise-dirigeants/resultats-entreprise-dirigeants.html?ga_cat=globale&ga_q=K.E.Y#phrase=K.E.Y,https://www.infogreffe.com/recherche-entreprise-dirigeants/resultats-entreprise-dirigeants.html?ga_cat=globale&ga_q=K.E.Y#phrase=K.E.Y
0,2010-06-31,KEY.PA,,2010-06-31,Q2,29934750,11540500,18394250,1.6273971485654484,0.0,0.0,0.0,-110750.0,688500.0,28890500,0.0,325000.0,1549000.0,19.32520981278244,1044250.0,28.666267656212593,0.0,811250.0,36.89953775038521,130750.0,680500.0,43.98934606906686,0.04,0.0375,16612664,19566895,https://www.infogreffe.com/recherche-entreprise-dirigeants/resultats-entreprise-dirigeants.html?ga_cat=globale&ga_q=K.E.Y#phrase=K.E.Y,https://www.infogreffe.com/recherche-entreprise-dirigeants/resultats-entreprise-dirigeants.html?ga_cat=globale&ga_q=K.E.Y#phrase=K.E.Y
0,2010-03-31,KEY.PA,,2010-03-31,Q1,29934750,11540500,18394250,1.6273971485654484,0.0,0.0,0.0,-110750.0,688500.0,28890500,0.0,325000.0,1549000.0,19.32520981278244,1044250.0,28.666267656212593,0.0,811250.0,36.89953775038521,130750.0,680500.0,43.98934606906686,0.04,0.0375,16612664,19566895,https://www.infogreffe.com/recherche-entreprise-dirigeants/resultats-entreprise-dirigeants.html?ga_cat=globale&ga_q=K.E.Y#phrase=K.E.Y,https://www.infogreffe.com/recherche-entreprise-dirigeants/resultats-entreprise-dirigeants.html?ga_cat=globale&ga_q=K.E.Y#phrase=K.E.Y
0,2010-01-31,KEY.PA,,2010-01-31,Q1,29934750,11540500,18394250,1.6273971485654484,0.0,0.0,0.0,-110750.0,688500.0,28890500,0.0,325000.0,1549000.0,19.32520981278244,1044250.0,28.666267656212593,0.0,811250.0,36.89953775038521,130750.0,680500.0,43.98934606906686,0.04,0.0375,16612664,19566895,https://www.infogreffe.com/recherche-entreprise-dirigeants/resultats-entreprise-dirigeants.html?ga_cat=globale&ga_q=K.E.Y#phrase=K.E.Y,https://www.infogreffe.com/recherche-entreprise-dirigeants/resultats-entreprise-dirigeants.html?ga_cat=globale&ga_q=K.E.Y#phrase=K.E.Y
0,2009-09-31,KEY.PA,,2009-09-31,Q3,26891750,9734000.0,17157750,1.5673238041118445,0.0,0.0,0.0,0.0,734500.0,25393500,0.0,331750.0,3429500.0,7.841303396996647,1498250.0,17.948773569164025,0.0,363500.0,73.98005502063273,-14500.0,375250.0,71.66355762824783,0.0225,0.02,16841215,22529216,https://www.infogreffe.com/recherche-entreprise-dirigeants/resultats-entreprise-dirigeants.html?ga_cat=globale&ga_q=K.E.Y#phrase=K.E.Y,https://www.infogreffe.com/recherche-entreprise-dirigeants/resultats-entreprise-dirigeants.html?ga_cat=globale&ga_q=K.E.Y#phrase=K.E.Y
0,2009-06-31,KEY.PA,,2009-06-31,Q2,26891750,9734000.0,17157750,1.5673238041118445,0.0,0.0,0.0,0.0,734500.0,25393500,0.0,331750.0,3429500.0,7.841303396996647,1498250.0,17.948773569164025,0.0,363500.0,73.98005502063273,-14500.0,375250.0,71.66355762824783,0.0225,0.02,16841215,22529216,https://www.infogreffe.com/recherche-entreprise-dirigeants/resultats-entreprise-dirigeants.html?ga_cat=globale&ga_q=K.E.Y#phrase=K.E.Y,https://www.infogreffe.com/recherche-entreprise-dirigeants/resultats-entreprise-dirigeants.html?ga_cat=globale&ga_q=K.E.Y#phrase=K.E.Y
0,2009-03-31,KEY.PA,,2009-03-31,Q1,26891750,9734000.0,17157750,1.5673238041118445,0.0,0.0,0.0,0.0,734500.0,25393500,0.0,331750.0,3429500.0,7.841303396996647,1498250.0,17.948773569164025,0.0,363500.0,73.98005502063273,-14500.0,375250.0,71.66355762824783,0.0225,0.02,16841215,22529216,https://www.infogreffe.com/recherche-entreprise-dirigeants/resultats-entreprise-dirigeants.html?ga_cat=globale&ga_q=K.E.Y#phrase=K.E.Y,https://www.infogreffe.com/recherche-entreprise-dirigeants/resultats-entreprise-dirigeants.html?ga_cat=globale&ga_q=K.E.Y#phrase=K.E.Y
0,2009-01-31,KEY.PA,,2009-01-31,Q1,26891750,9734000.0,17157750,1.5673238041118445,0.0,0.0,0.0,0.0,734500.0,25393500,0.0,331750.0,3429500.0,7.841303396996647,1498250.0,17.948773569164025,0.0,363500.0,73.98005502063273,-14500.0,375250.0,71.66355762824783,0.0225,0.02,16841215,22529216,https://www.infogreffe.com/recherche-entreprise-dirigeants/resultats-entreprise-dirigeants.html?ga_cat=globale&ga_q=K.E.Y#phrase=K.E.Y,https://www.infogreffe.com/recherche-entreprise-dirigeants/resultats-entreprise-dirigeants.html?ga_cat=globale&ga_q=K.E.Y#phrase=K.E.Y
0,2008-09-31,KEY.PA,,2008-09-31,Q3,27854750,10459750,17395000,1.601307847082495,0.0,0.0,0.0,0.0,1268000.0,26973750,0.0,340250.0,3418500.0,8.148237531080884,881000.0,31.617196367763906,0.0,-760250.0,-36.63893456099967,129250.0,-893000.0,-31.19232922732363,-0.0525,-0.0525,17073620,19460088,https://www.infogreffe.com/recherche-entreprise-dirigeants/resultats-entreprise-dirigeants.html?ga_cat=globale&ga_q=K.E.Y#phrase=K.E.Y,https://www.infogreffe.com/recherche-entreprise-dirigeants/resultats-entreprise-dirigeants.html?ga_cat=globale&ga_q=K.E.Y#phrase=K.E.Y
0,2008-06-31,KEY.PA,,2008-06-31,Q2,27854750,10459750,17395000,1.601307847082495,0.0,0.0,0.0,0.0,1268000.0,26973750,0.0,340250.0,3418500.0,8.148237531080884,881000.0,31.617196367763906,0.0,-760250.0,-36.63893456099967,129250.0,-893000.0,-31.19232922732363,-0.0525,-0.0525,17073620,19460088,https://www.infogreffe.com/recherche-entreprise-dirigeants/resultats-entreprise-dirigeants.html?ga_cat=globale&ga_q=K.E.Y#phrase=K.E.Y,https://www.infogreffe.com/recherche-entreprise-dirigeants/resultats-entreprise-dirigeants.html?ga_cat=globale&ga_q=K.E.Y#phrase=K.E.Y
0,2008-03-31,KEY.PA,,2008-03-31,Q1,27854750,10459750,17395000,1.601307847082495,0.0,0.0,0.0,0.0,1268000.0,26973750,0.0,340250.0,3418500.0,8.148237531080884,881000.0,31.617196367763906,0.0,-760250.0,-36.63893456099967,129250.0,-893000.0,-31.19232922732363,-0.0525,-0.0525,17073620,19460088,https://www.infogreffe.com/recherche-entreprise-dirigeants/resultats-entreprise-dirigeants.html?ga_cat=globale&ga_q=K.E.Y#phrase=K.E.Y,https://www.infogreffe.com/recherche-entreprise-dirigeants/resultats-entreprise-dirigeants.html?ga_cat=globale&ga_q=K.E.Y#phrase=K.E.Y
0,2008-01-31,KEY.PA,,2008-01-31,Q1,27854750,10459750,17395000,1.601307847082495,0.0,0.0,0.0,0.0,1268000.0,26973750,0.0,340250.0,3418500.0,8.148237531080884,881000.0,31.617196367763906,0.0,-760250.0,-36.63893456099967,129250.0,-893000.0,-31.19232922732363,-0.0525,-0.0525,17073620,19460088,https://www.infogreffe.com/recherche-entreprise-dirigeants/resultats-entreprise-dirigeants.html?ga_cat=globale&ga_q=K.E.Y#phrase=K.E.Y,https://www.infogreffe.com/recherche-entreprise-dirigeants/resultats-entreprise-dirigeants.html?ga_cat=globale&ga_q=K.E.Y#phrase=K.E.Y
0,2007-09-31,KEY.PA,,2007-09-31,Q3,28341000,11673750,16667250,1.7004004859829907,0.0,0.0,0.0,0.0,998750.0,27894750,0.0,265250.0,744750.0,38.05438066465257,446250.0,63.50924369747899,0.0,181000.0,156.58011049723757,48000.0,162750.0,174.13824884792626,0.01,0.0075,16939976,21700000,https://www.infogreffe.com/recherche-entreprise-dirigeants/resultats-entreprise-dirigeants.html?ga_cat=globale&ga_q=K.E.Y#phrase=K.E.Y,https://www.infogreffe.com/recherche-entreprise-dirigeants/resultats-entreprise-dirigeants.html?ga_cat=globale&ga_q=K.E.Y#phrase=K.E.Y
0,2007-06-31,KEY.PA,,2007-06-31,Q2,28341000,11673750,16667250,1.7004004859829907,0.0,0.0,0.0,0.0,998750.0,27894750,0.0,265250.0,744750.0,38.05438066465257,446250.0,63.50924369747899,0.0,181000.0,156.58011049723757,48000.0,162750.0,174.13824884792626,0.01,0.0075,16939976,21700000,https://www.infogreffe.com/recherche-entreprise-dirigeants/resultats-entreprise-dirigeants.html?ga_cat=globale&ga_q=K.E.Y#phrase=K.E.Y,https://www.infogreffe.com/recherche-entreprise-dirigeants/resultats-entreprise-dirigeants.html?ga_cat=globale&ga_q=K.E.Y#phrase=K.E.Y
0,2007-03-31,KEY.PA,,2007-03-31,Q1,28341000,11673750,16667250,1.7004004859829907,0.0,0.0,0.0,0.0,998750.0,27894750,0.0,265250.0,744750.0,38.05438066465257,446250.0,63.50924369747899,0.0,181000.0,156.58011049723757,48000.0,162750.0,174.13824884792626,0.01,0.0075,16939976,21700000,https://www.infogreffe.com/recherche-entreprise-dirigeants/resultats-entreprise-dirigeants.html?ga_cat=globale&ga_q=K.E.Y#phrase=K.E.Y,https://www.infogreffe.com/recherche-entreprise-dirigeants/resultats-entreprise-dirigeants.html?ga_cat=globale&ga_q=K.E.Y#phrase=K.E.Y
0,2007-01-31,KEY.PA,,2007-01-31,Q1,28341000,11673750,16667250,1.7004004859829907,0.0,0.0,0.0,0.0,998750.0,27894750,0.0,265250.0,744750.0,38.05438066465257,446250.0,63.50924369747899,0.0,181000.0,156.58011049723757,48000.0,162750.0,174.13824884792626,0.01,0.0075,16939976,21700000,https://www.infogreffe.com/recherche-entreprise-dirigeants/resultats-entreprise-dirigeants.html?ga_cat=globale&ga_q=K.E.Y#phrase=K.E.Y,https://www.infogreffe.com/recherche-entreprise-dirigeants/resultats-entreprise-dirigeants.html?ga_cat=globale&ga_q=K.E.Y#phrase=K.E.Y
