,date,symbol,fillingDate,acceptedDate,period,revenue,costOfRevenue,grossProfit,grossProfitRatio,researchAndDevelopmentExpenses,generalAndAdministrativeExpenses,sellingAndMarketingExpenses,otherExpenses,operatingExpenses,costAndExpenses,interestExpense,depreciationAndAmortization,ebitda,ebitdaratio,operatingIncome,operatingIncomeRatio,totalOtherIncomeExpensesNet,incomeBeforeTax,incomeBeforeTaxRatio,incomeTaxExpense,netIncome,netIncomeRatio,eps,epsdiluted,weightedAverageShsOut,weightedAverageShsOutDil,link,finalLink
0,2020-09-26,SYNA,2020-11-05,2020-11-05 17:00:55,Q1,328000000,193000000,134000000,0.40853658536585363,80000000,35000000,0.0,13000000,128000000,321000000,4000000.0,5000000.0,11000000,0.03353658536585366,6000000.0,0.018292682926829267,0.0,1000000.0,0.003048780487804878,3000000.0,-2000000.0,-0.006097560975609756,-0.08,-0.08,34000000,34000000,https://www.sec.gov/Archives/edgar/data/817720/000156459020051445/0001564590-20-051445-index.htm,https://www.sec.gov/Archives/edgar/data/817720/000156459020051445/syna-10q_20200926.htm
0,2020-06-30,SYNA,2020-08-21 00:00:00,2020-08-21 16:07:57,Q4,277600000,155600000,122000000,0.439481,65000000,36400000,0.0,0.0,109799999.99999999,265399999.99999997,-5500000.0,0.0,105800000,0.381124,12200000,0.043948,0.0,111800000,0.402738,21300000,90000000,0.324207,2.54958,2.54958,35300000,35300000,https://www.sec.gov/Archives/edgar/data/817720/000156459020040946/0001564590-20-040946-index.htm,https://www.sec.gov/Archives/edgar/data/817720/000156459020040946/syna-10k_20200627.htm
0,2020-06-27,SYNA,2020-08-21,2020-08-21 16:07:57,Q4,1333900000,790800000,543100000,0.40715196041682283,302500000,127000000,0.0,44700000,474200000,1265000000,22500000,97000000,165900000,0.12437214184,68900000,0.0516530474548,7000000.0,159400000,0.119499212835,38600000,118800000,0.0890621485869,3.41379,3.41379,33600000,34800000,https://www.sec.gov/Archives/edgar/data/817720/000156459020040946/0001564590-20-040946-index.htm,https://www.sec.gov/Archives/edgar/data/817720/000156459020040946/syna-10k_20200627.htm
0,2020-03-31,SYNA,2020-05-07 00:00:00,2020-05-07 17:02:10,Q3,328100000,192500000,135600000,0.413289,75800000,31600000,0.0,0.0,116600000.00000001,309100000,-3200000.0,17699999.999999996,29699999.999999996,0.090521,19000000,0.057909,0.0,15800000,0.048156,10200000,5000000.0,0.015239,0.14286,0.14286,35000000,35000000,https://www.sec.gov/Archives/edgar/data/817720/000156459020022985/0001564590-20-022985-index.html,https://www.sec.gov/Archives/edgar/data/817720/000156459020022985/syna-10q_20200328.htm
0,2020-03-28,SYNA,2020-05-07 00:00:00,2020-05-07 17:02:10,Q3,328000000,193000000,136000000,0.4146341463414634,75000000,31000000,0.0,11000000,117000000,310000000,4000000.0,6000000.0,25000000,0.07621951219512195,19000000,0.057926829268292686,0.0,16000000,0.04878048780487805,10000000,5000000.0,0.01524390243902439,0.14706,0.14706,33000000,34000000,https://www.sec.gov/Archives/edgar/data/817720/000156459020022985/0001564590-20-022985-index.html,https://www.sec.gov/Archives/edgar/data/817720/000156459020022985/syna-10q_20200328.htm
0,2019-12-31,SYNA,2020-02-06 00:00:00,2020-02-06 17:01:50,Q2,388300000,229000000,159300000,0.41025,77000000,31500000,0.0,0.0,124800000.00000001,353800000,-2300000.0,19200000.000000004,48700000,0.125418,34500000,0.088849,0.0,32200000,0.082926,12000000,19800000,0.050992,0.57558,0.57558,34400000,34400000,https://www.sec.gov/Archives/edgar/data/817720/000156459020003726/0001564590-20-003726-index.html,https://www.sec.gov/Archives/edgar/data/817720/000156459020003726/syna-10q_20191228.htm
0,2019-12-28,SYNA,2020-02-06 00:00:00,2020-02-06 17:01:50,Q2,389000000,229000000,160000000,0.41131105398457585,77000000,32000000,0.0,15000000,124000000,353000000,0.0,8000000.0,42000000,0.10796915167095116,34000000,0.08740359897172237,0.0,31000000,0.07969151670951156,11000000,19000000,0.04884318766066838,0.57576,0.57576,33000000,33000000,https://www.sec.gov/Archives/edgar/data/817720/000156459020003726/0001564590-20-003726-index.html,https://www.sec.gov/Archives/edgar/data/817720/000156459020003726/syna-10q_20191228.htm
0,2019-09-30,SYNA,2019-11-07 00:00:00,2019-11-07 17:02:00,Q1,339900000,213700000,126200000,0.371286,86000000,27500000,0.0,0.0,123000000,336700000,-3600000.0,25400000,20900000,0.061489,3200000.0,0.009415,0.0,-400000.0,-0.001177,-4900000.0,4000000.0,0.011768,0.11905,0.11905,33600000,33600000,https://www.sec.gov/Archives/edgar/data/817720/000156459019041858/0001564590-19-041858-index.html,https://www.sec.gov/Archives/edgar/data/817720/000156459019041858/syna-10q_20190928.htm
0,2019-09-28,SYNA,2019-11-07 00:00:00,2019-11-07 17:02:00,Q1,339000000,213000000,126000000,0.37168141592920356,86000000,27000000,0.0,10000000,123000000,336000000,0.0,7000000.0,10000000,0.029498525073746312,3000000.0,0.008849557522123894,0.0,0.0,0.0,-4000000.0,4000000.0,0.011799410029498525,0.11765,0.11765,34000000,34000000,https://www.sec.gov/Archives/edgar/data/817720/000156459019041858/0001564590-19-041858-index.html,https://www.sec.gov/Archives/edgar/data/817720/000156459019041858/syna-10q_20190928.htm
0,2019-06-30,SYNA,,,Q4,295100000,204700000,90400000,0.306337,84200000,26800000,0.0,0.0,123699999.99999999,328400000,-6800000.0,26400000.000000007,-18199999.999999993,-0.061674,-33300000,-0.112843,2800000.0,-37300000,-0.126398,8400000.0,-46200000,-0.156557,-1.34694,-1.34694,34300000,34300000,,
0,2019-06-29,SYNA,2019-08-23,2019-08-23 16:47:21,Q4,1472200000,975100000,497100000,0.33765792691210433,341100000,130400000,0.0,31900000,503400000,1478500000,21200000,128100000,121800000,0.0827333242766,-33000000,-0.11186440677966102,3900000.0,-36000000,-0.12203389830508475,300000.0,-44000000,-0.14915254237288136,-1.27168,-1.27168,34600000,34600000,https://www.sec.gov/Archives/edgar/data/817720/000156459019032908/0001564590-19-032908-index.htm,https://www.sec.gov/Archives/edgar/data/817720/000156459019032908/syna-10k_20190629.htm
0,2019-03-31,SYNA,2019-05-09 00:00:00,2019-05-09 17:02:01,Q3,334000000,218000000,116000000,0.347305,82600000,34200000,0.0,0.0,119800000.00000001,337800000,-4300000.0,26400000.000000004,13500000.000000002,0.040419,-3800000.0,-0.011377,0.0,-8100000.0,-0.024251,-15300000,6700000.0,0.02006,0.19143,0.19143,35000000,35000000,https://www.sec.gov/Archives/edgar/data/817720/000156459019018089/0001564590-19-018089-index.html,https://www.sec.gov/Archives/edgar/data/817720/000156459019018089/syna-10q_20190330.htm
0,2019-03-30,SYNA,2019-05-09 00:00:00,2019-05-09 17:02:01,Q3,334000000,218000000,116000000,0.3473053892215569,82000000,34000000,0.0,4000000.0,120000000,338000000,0.0,8000000.0,5000000.0,0.014970059880239521,-3000000.0,-0.008982035928143712,0.0,-8000000.0,-0.023952095808383235,-15000000,7000000.0,0.020958083832335328,0.20231,0.20231,34600000,34600000,https://www.sec.gov/Archives/edgar/data/817720/000156459019018089/0001564590-19-018089-index.html,https://www.sec.gov/Archives/edgar/data/817720/000156459019018089/syna-10q_20190330.htm
0,2018-12-31,SYNA,2019-02-07 00:00:00,2019-02-07 17:01:34,Q2,425500000,275700000,149800000,0.352056,84200000,35600000,0.0,0.0,124800000.00000001,400500000,-4300000.0,27200000,43200000,0.101528,25000000,0.058754,0.0,20700000,0.048649,7500000.0,12800000,0.030082,0.36467,0.36467,35100000,35100000,https://www.sec.gov/Archives/edgar/data/817720/000156459019002311/0001564590-19-002311-index.html,https://www.sec.gov/Archives/edgar/data/817720/000156459019002311/syna-10q_20181229.htm
0,2018-12-29,SYNA,2019-02-07 00:00:00,2019-02-07 17:01:34,Q2,426000000,276000000,150000000,0.352112676056338,84000000,36000000,0.0,4000000.0,124000000,400000000,0.0,9000000.0,34000000,0.07981220657276995,25000000,0.05868544600938967,0.0,21000000,0.04929577464788732,7000000.0,14000000,0.03286384976525822,0.40462,0.40462,34600000,34600000,https://www.sec.gov/Archives/edgar/data/817720/000156459019002311/0001564590-19-002311-index.html,https://www.sec.gov/Archives/edgar/data/817720/000156459019002311/syna-10q_20181229.htm
0,2018-09-30,SYNA,2018-11-08 00:00:00,2018-11-08 17:01:29,Q1,417600000,276700000,140900000,0.337404,90000000,33900000,0.0,0.0,135100000.00000003,411800000,-1900000.0,30000000,31600000,0.07567,5800000.0,0.013889,0.0,3900000.0,0.009339,-300000.0,3800000.0,0.0091,0.10526,0.10526,36100000,36100000,https://www.sec.gov/Archives/edgar/data/817720/000156459018028626/0001564590-18-028626-index.html,https://www.sec.gov/Archives/edgar/data/817720/000156459018028626/syna-10q_20180929.htm
0,2018-09-29,SYNA,2018-11-08 00:00:00,2018-11-08 17:01:29,Q1,417000000,276000000,141000000,0.3381294964028777,90000000,33000000,0.0,12000000,135000000,411000000,0.0,10000000,13000000,0.031175,5000000.0,0.011990407673860911,0.0,3000000.0,0.007194244604316547,0.0,3000000.0,0.007194244604316547,0.08671,0.08671,34600000,34600000,https://www.sec.gov/Archives/edgar/data/817720/000156459018028626/0001564590-18-028626-index.html,https://www.sec.gov/Archives/edgar/data/817720/000156459018028626/syna-10q_20180929.htm
0,2018-06-30,SYNA,2018-08-24 00:00:00,2018-08-24 16:44:31,Q4,388500000,260900000,127600000,0.328443,90200000,38400000,0.0,0.0,136300000,397200000,22200000,32200000,45600000,0.117375,-8700000.0,-0.022394,0.0,-13200000,-0.033977,-7300000.0,-1500000.0,-0.003861,-0.0431,-0.0431,34800000,34800000,https://www.sec.gov/Archives/edgar/data/817720/000156459018022311/0001564590-18-022311-index.html,https://www.sec.gov/Archives/edgar/data/817720/000156459018022311/syna-10k_20180630.htm
0,2018-03-31,SYNA,2018-05-09 00:00:00,2018-05-09 16:06:52,Q3,394000000,271100000,122900000,0.311929,93700000,37900000,0.0,17100000,135200000,406300000,-4700000.0,27200000.000000004,5200000.000000003,0.013198,-12300000,-0.031218,0.0,-17000000,-0.043147,-3600000.0,-13700000,-0.034772,-0.3971,-0.3971,34500000,34500000,https://www.sec.gov/Archives/edgar/data/817720/000156459018012394/0001564590-18-012394-index.html,https://www.sec.gov/Archives/edgar/data/817720/000156459018012394/syna-10q_20180331.htm
0,2017-12-31,SYNA,2018-02-08 00:00:00,2018-02-08 16:16:28,Q2,430400000,315200000,115200000,0.267658,92200000,37400000,0.0,0.0,139200000,454400000,-4700000.0,31999999.999999996,-48300000.00000001,-0.112221,-24000000,-0.055762,0.0,-28700000,-0.066682,6800000.0,-82400000,-0.19145,-2.41642,-2.41642,34100000,34100000,https://www.sec.gov/Archives/edgar/data/817720/000156459018001689/0001564590-18-001689-index.html,https://www.sec.gov/Archives/edgar/data/817720/000156459018001689/syna-10q_20171230.htm
0,2017-12-30,SYNA,2018-02-08 00:00:00,2018-02-08 16:16:28,Q2,430000000,315000000,115000000,0.26744186046511625,92000000,37000000,0.0,10000000,139000000,454000000,0.0,-37000000,-61000000,0.0481552467657,16900000,-0.05581395348837209,6000000.0,22900000,-0.06744186046511629,53000000,26500000,-0.19069767441860466,0.77941,0.77941,34000000,34000000,https://www.sec.gov/Archives/edgar/data/817720/000156459018001689/0001564590-18-001689-index.html,https://www.sec.gov/Archives/edgar/data/817720/000156459018001689/syna-10q_20171230.htm
0,2017-09-30,SYNA,2017-11-09 00:00:00,2017-11-09 16:17:11,Q1,417400000,303000000,114400000,0.274078,87100000,40300000,0.0,3900000.0,131300000,434300000,-6000000.0,31400000.000000004,2100000.000000002,0.005031,-16900000,-0.040489,0.0,-22900000,-0.054863,3200000.0,-26500000,-0.063488,-0.79104,-0.79104,33500000,33500000,https://www.sec.gov/Archives/edgar/data/817720/000156459017023249/0001564590-17-023249-index.html,https://www.sec.gov/Archives/edgar/data/817720/000156459017023249/syna-10q_20170930.htm
0,2017-06-24,SYNA,2017-08-18 00:00:00,2017-08-18 16:16:40,Q4,426500000,299700000,126800000,0.297304,73800000,32600000,0.0,0.0,106900000.00000003,406600000.00000006,6000000.0,22299999.999999996,44400000,0.104103,19900000,0.046659,0.0,16400000,0.038453,-1700000.0,17800000,0.041735,0.50425,0.50425,35300000,35300000,https://www.sec.gov/Archives/edgar/data/817720/000156459017017839/0001564590-17-017839-index.html,https://www.sec.gov/Archives/edgar/data/817720/000156459017017839/syna-10k_20170624.htm
0,2017-03-31,SYNA,2017-05-03 00:00:00,2017-05-03 16:17:41,Q3,444200000,309500000,134700000,0.303242,71600000,38100000,0.0,0.0,122399999.99999999,431900000,-1500000.0,22400000.000000004,31700000.000000004,0.071364,12300000,0.02769,0.0,10800000,0.024313,6300000.0,4500000.0,0.010131,0.12712,0.12712,35400000,35400000,https://www.sec.gov/Archives/edgar/data/817720/000156459017008380/0001564590-17-008380-index.html,https://www.sec.gov/Archives/edgar/data/817720/000156459017008380/syna-10q_20170325.htm
0,2017-03-25,SYNA,2017-05-03 00:00:00,2017-05-03 16:17:41,Q3,444000000,309000000,135000000,0.30405405405405406,72000000,39000000,0.0,12000000,123000000,432000000,0.0,9000000.0,21000000,0.0472972972972973,12000000,0.02702702702702703,-1000000.0,10000000,0.02252252252252252,6000000.0,5000000.0,0.01126126126126126,0.14045,0.14045,34800000,35600000,https://www.sec.gov/Archives/edgar/data/817720/000156459017008380/0001564590-17-008380-index.html,https://www.sec.gov/Archives/edgar/data/817720/000156459017008380/syna-10q_20170325.htm
0,2016-12-31,SYNA,2017-01-31 00:00:00,2017-01-31 16:16:50,Q2,461300000,322600000,138700000,0.300672,73500000,32300000,0.0,0.0,109899999.99999999,432500000,600000.0,22500000,52500000,0.113809,28800000,0.062432,0.0,29400000,0.063733,6600000.0,22800000,0.049426,0.6351,0.6351,35900000,35900000,https://www.sec.gov/Archives/edgar/data/817720/000156459017000778/0001564590-17-000778-index.html,https://www.sec.gov/Archives/edgar/data/817720/000156459017000778/syna-10q_20161224.htm
0,2016-12-24,SYNA,2017-01-31 00:00:00,2017-01-31 16:16:50,Q2,461000000,323000000,138000000,0.2993492407809111,73000000,32000000,0.0,5000000.0,110000000,433000000,0.0,8000000.0,37000000,0.08026030368763558,29000000,0.06290672451193059,0.0,30000000,0.0650759219088937,6000000.0,23000000,0.049891540130151846,0.64607,0.64607,34800000,35600000,https://www.sec.gov/Archives/edgar/data/817720/000156459017000778/0001564590-17-000778-index.html,https://www.sec.gov/Archives/edgar/data/817720/000156459017000778/syna-10q_20161224.htm
0,2016-09-30,SYNA,2016-11-03 00:00:00,2016-11-02 18:29:14,Q1,386200000,262800000,123400000,0.319524,73400000,34600000,0.0,0.0,117800000.00000001,380600000,-900000.0,25299999.999999996,29099999.999999996,0.07535,5600000.0,0.0145,0.0,4700000.0,0.01217,1000000.0,3700000.0,0.009581,0.10393,0.10393,35600000,35600000,https://www.sec.gov/Archives/edgar/data/817720/000156459016027076/0001564590-16-027076-index.html,https://www.sec.gov/Archives/edgar/data/817720/000156459016027076/syna-10q_20160924.htm
0,2016-09-24,SYNA,2016-11-03 00:00:00,2016-11-02 18:29:14,Q1,386000000,262000000,124000000,0.32124352331606215,73000000,34000000,0.0,10000000,117000000,379000000,0.0,8000000.0,13000000,0.03367875647668394,5000000.0,0.012953367875647668,0.0,4000000.0,0.010362694300518135,1000000.0,3000000.0,0.007772020725388601,0.08427,0.08427,34800000,35600000,https://www.sec.gov/Archives/edgar/data/817720/000156459016027076/0001564590-16-027076-index.html,https://www.sec.gov/Archives/edgar/data/817720/000156459016027076/syna-10q_20160924.htm
0,2016-06-25,SYNA,2016-08-26 00:00:00,2016-08-26 08:01:44,Q4,323900000,215800000,108100000,0.333745,78200000,36900000,0.0,0.0,131000000,346800000,4800000.0,25200000,6200000.0,0.019142,-22900000,-0.070701,0.0,-23800000,-0.073479,-16700000,-7100000.0,-0.02192,-0.19505,-0.19505,36400000,36400000,https://www.sec.gov/Archives/edgar/data/817720/000156459016024739/0001564590-16-024739-index.html,https://www.sec.gov/Archives/edgar/data/817720/000156459016024739/syna-10k_20160625.htm
0,2016-03-31,SYNA,2016-05-04 00:00:00,2016-05-04 16:27:14,Q3,402500000,258100000,144400000,0.358758,73900000,43600000,0.0,1100000.0,123299999.99999996,381399999.99999994,800000.0,25600000,48300000,0.12,21100000,0.052422,1100000.0,21900000,0.05441,1400000.0,20500000,0.050932,0.5409,0.5409,37900000,37900000,https://www.sec.gov/Archives/edgar/data/817720/000156459016017666/0001564590-16-017666-index.html,https://www.sec.gov/Archives/edgar/data/817720/000156459016017666/syna-10q_20160326.htm
0,2016-03-26,SYNA,2016-05-04 00:00:00,2016-05-04 16:27:14,Q3,403000000,258000000,145000000,0.3598014888337469,74000000,43000000,0.0,7000000.0,124000000,382000000,0.0,8000000.0,29000000,0.07196029776674938,21000000,0.052109181141439205,0.0,22000000,0.05459057071960298,2000000.0,21000000,0.052109181141439205,0.55409,0.55409,36600000,37900000,https://www.sec.gov/Archives/edgar/data/817720/000156459016017666/0001564590-16-017666-index.html,https://www.sec.gov/Archives/edgar/data/817720/000156459016017666/syna-10q_20160326.htm
0,2015-12-31,SYNA,2016-02-03 00:00:00,2016-02-03 16:16:33,Q2,470500000,305300000,165200000,0.351116,78600000,41000000,0.0,-4300000.0,119899999.99999999,425200000,-800000.0,26400000,70100000,0.14899,45300000,0.096281,-4300000.0,44500000,0.09458,9500000.0,35000000,0.074389,0.92838,0.92838,37700000,37700000,https://www.sec.gov/Archives/edgar/data/817720/000156459016012254/0001564590-16-012254-index.html,https://www.sec.gov/Archives/edgar/data/817720/000156459016012254/syna-10q_20151226.htm
0,2015-12-26,SYNA,2016-02-03 00:00:00,2016-02-03 16:16:33,Q2,470000000,305000000,165000000,0.35106382978723405,79000000,41000000,0.0,-1000000.0,119000000,424000000,0.0,8000000.0,54000000,0.1148936170212766,46000000,0.09787234042553192,0.0,44000000,0.09361702127659574,9000000.0,35000000,0.07446808510638298,0.92348,0.92348,36600000,37900000,https://www.sec.gov/Archives/edgar/data/817720/000156459016012254/0001564590-16-012254-index.html,https://www.sec.gov/Archives/edgar/data/817720/000156459016012254/syna-10q_20151226.htm
0,2015-09-30,SYNA,2015-10-30 00:00:00,2015-10-30 16:16:55,Q1,470000000,306200000,163800000,0.348511,80500000,40200000,0.0,2700000.0,130000000,436200000,-800000.0,27000000,59200000,0.125957,33800000,0.071915,2700000.0,33000000,0.070213,9200000.0,23800000,0.050638,0.62304,0.62304,38200000,38200000,https://www.sec.gov/Archives/edgar/data/817720/000156459015008994/0001564590-15-008994-index.html,https://www.sec.gov/Archives/edgar/data/817720/000156459015008994/syna-10q_20150926.htm
0,2015-09-26,SYNA,2015-10-30 00:00:00,2015-10-30 16:16:55,Q1,470000000,306000000,164000000,0.34893617021276596,80000000,40000000,0.0,10000000,130000000,436000000,0.0,7000000.0,40000000,0.0851063829787234,33000000,0.07021276595744681,0.0,33000000,0.07021276595744681,9000000.0,23000000,0.04893617021276596,0.60686,0.60686,36600000,37900000,https://www.sec.gov/Archives/edgar/data/817720/000156459015008994/0001564590-15-008994-index.html,https://www.sec.gov/Archives/edgar/data/817720/000156459015008994/syna-10q_20150926.htm
0,2015-06-27,SYNA,2015-08-25 00:00:00,2015-08-25 16:20:50,Q4,479000000,311600000,167300000,0.349269,79700000,127900000,0.0,-500000.0,211600000.00000003,523200000,3800000.0,26399999.99999999,73399999.99999999,0.153236,-44200000,-0.092276,88500000,43200000,0.090188,11800000,31400000,0.065553,0.80102,0.80102,39200000,39200000,https://www.sec.gov/Archives/edgar/data/817720/000156459015007555/0001564590-15-007555-index.html,https://www.sec.gov/Archives/edgar/data/817720/000156459015007555/syna-10k_20150627.htm
0,2015-03-31,SYNA,2015-05-01 00:00:00,2015-05-01 16:16:13,Q3,477600000,313300000,164300000,0.344012,78700000,35800000,0.0,-6700000.0,112399999.99999999,425700000,-1000000.0,26100000.000000004,76000000,0.159129,51900000,0.108668,-6700000.0,50900000,0.106575,19400000,31500000,0.065955,0.81818,0.81818,38500000,38500000,https://www.sec.gov/Archives/edgar/data/817720/000156459015003185/0001564590-15-003185-index.html,https://www.sec.gov/Archives/edgar/data/817720/000156459015003185/syna-10q_20150328.htm
0,2015-03-28,SYNA,2015-05-01 00:00:00,2015-05-01 16:16:13,Q3,477598000,313253000,164345000,0.3441073873843693,78719000,35803000,0.0,0.0,110946000,424199000,0.0,6732000.0,60131000,0.1259029560425295,53399000,0.11180741962906042,349000.0,52431000,0.10978061047156813,19948000,32483000,0.06801326638721268,0.83504,0.83504,36900000,38900000,https://www.sec.gov/Archives/edgar/data/817720/000156459015003185/0001564590-15-003185-index.html,https://www.sec.gov/Archives/edgar/data/817720/000156459015003185/syna-10q_20150328.htm
0,2014-12-31,SYNA,,,Q2,463700000,336900000,126800000,0.273453,77300000,22000000,0.0,-7100000.0,96800000.00000001,433700000,-700000.0,51400000,80000000,0.172525,30000000,0.064697,-7100000.0,29300000,0.063187,8300000.0,21000000,0.045288,0.54974,0.54974,38200000,38200000,,
0,2014-12-27,SYNA,2015-02-05,2015-02-05 16:06:04,Q2,463705000,336874000,126831000,0.27351656764537796,77223000,22056000,0.0,0.0,98361000,435235000,0.0,6271000.0,34741000,0.07492047745872915,28470000,0.06139679321982726,1121000.0,27755000,0.059854864622982284,7783000.0,19972000,0.04307048662403899,0.51342,0.51342,36900000,38900000,https://www.sec.gov/Archives/edgar/data/817720/000119312515035400/0001193125-15-035400-index.htm,https://www.sec.gov/Archives/edgar/data/817720/000119312515035400/d834174d10q.htm
0,2014-09-30,SYNA,2014-11-06 00:00:00,2014-11-06 16:17:22,Q1,282700000,162600000,120200000,0.425186,57500000,30700000,0.0,-4500000.0,83900000,246500000,600000.0,8500000.0,46000000,0.162717,36200000,0.128051,-4500000.0,36900000,0.130527,10300000,26600000,0.094093,0.67857,0.67857,39200000,39200000,https://www.sec.gov/Archives/edgar/data/817720/000119312514401053/0001193125-14-401053-index.html,https://www.sec.gov/Archives/edgar/data/817720/000119312514401053/d796160d10q.htm
0,2014-09-27,SYNA,2014-11-06 00:00:00,2014-11-06 16:17:22,Q1,282741000,162552000,120189000,0.4250851485988944,57525000,30673000,0.0,0.0,83958000,246510000,0.0,4248000.0,40479000,0.14316636073296762,36231000,0.12814200982524643,0.0,36855000,0.13034897662525066,10269000,26586000,0.09402951818095005,0.68344,0.68344,36900000,38900000,https://www.sec.gov/Archives/edgar/data/817720/000119312514401053/0001193125-14-401053-index.html,https://www.sec.gov/Archives/edgar/data/817720/000119312514401053/d796160d10q.htm
0,2014-06-28,SYNA,2014-08-22 00:00:00,2014-08-22 16:17:30,Q4,314900000,175100000,139800000,0.44395,56900000,30200000,0.0,13100000,100400000,275500000,600000.0,6399999.999999999,46900000,0.148936,39400000,0.125119,13100000,39900000,0.126707,5400000.0,34500000,0.109559,0.88918,0.88918,38800000,38800000,https://www.sec.gov/Archives/edgar/data/817720/000119312514318722/0001193125-14-318722-index.html,https://www.sec.gov/Archives/edgar/data/817720/000119312514318722/d736661d10k.htm
0,2014-03-31,SYNA,2014-05-02 00:00:00,2014-05-02 16:16:13,Q3,204300000,111800000,92400000,0.452276,49400000,25900000,0.0,53000000,128600000.00000001,240400000.00000003,500000.0,6400000.0,-28800000,-0.140969,-36100000,-0.176701,53000000,-35600000,-0.174254,4400000.0,-40100000,-0.19628,-1.12325,-1.12325,35700000,35700000,https://www.sec.gov/Archives/edgar/data/817720/000119312514180188/0001193125-14-180188-index.html,https://www.sec.gov/Archives/edgar/data/817720/000119312514180188/d691677d10q.htm
0,2014-03-29,SYNA,2014-05-02 00:00:00,2014-05-02 16:16:13,Q3,204271000,111841000,92430000,0.4524871371854057,49412000,25856000,0.0,53305000,128573000,240414000,0.0,3626000.0,-32517000,-0.15918559168947133,-36143000,-0.1769365206025329,0.0,-35627000,-0.17441046452996264,4429000.0,-40056000,-0.19609244581952406,-1.07953,-1.07953,34761000,37105000,https://www.sec.gov/Archives/edgar/data/817720/000119312514180188/0001193125-14-180188-index.html,https://www.sec.gov/Archives/edgar/data/817720/000119312514180188/d691677d10q.htm
0,2013-12-31,SYNA,,,Q2,205800000,111200000,94500000,0.459184,45900000,22800000,0.0,3400000.0,72499999.99999999,183700000,500000.0,5300000.0,28300000,0.137512,22100000,0.107386,3400000.0,22500000,0.109329,5200000.0,17300000,0.084062,0.47922,0.47922,36100000,36100000,,
0,2013-12-28,SYNA,2014-02-05,2014-02-05 16:15:52,Q2,205763000,111218000,94545000,0.45948494141317925,45931000,22845000,0.0,3691000.0,72467000,183685000,0.0,3483000.0,25561000,0.12422544383586942,22078000,0.10729820230070518,0.0,22549000,0.10958724357634754,5215000.0,17334000,0.08424255089593367,0.49497,0.49497,32958000,35020000,https://www.sec.gov/Archives/edgar/data/817720/000119312514036871/0001193125-14-036871-index.htm,https://www.sec.gov/Archives/edgar/data/817720/000119312514036871/d642442d10q.htm
0,2013-09-30,SYNA,2013-11-01 00:00:00,2013-11-01 15:13:51,Q1,222600000,113300000,109300000,0.491015,40400000,21100000,0.0,300000.0,62100000.00000001,175400000,400000.0,3500000.0,51500000,0.231357,47200000,0.21204,300000.0,47600000,0.213836,12700000,34900000,0.156783,0.99714,0.99714,35000000,35000000,https://www.sec.gov/Archives/edgar/data/817720/000119312513422819/0001193125-13-422819-index.html,https://www.sec.gov/Archives/edgar/data/817720/000119312513422819/d615137d10q.htm
0,2013-09-28,SYNA,2013-11-01 00:00:00,2013-11-01 15:13:51,Q1,222607000,113328000,109279000,0.49090549713171644,40442000,21124000,0.0,520000.0,62086000,175414000,0.0,3244000.0,50437000,0.2265741867955635,47193000,0.21200141954206292,0.0,47619000,0.21391510599397143,12680000,34939000,0.15695373460852532,0.994,0.994,32979000,35150000,https://www.sec.gov/Archives/edgar/data/817720/000119312513422819/0001193125-13-422819-index.html,https://www.sec.gov/Archives/edgar/data/817720/000119312513422819/d615137d10q.htm
0,2013-06-29,SYNA,2013-08-19 00:00:00,2013-08-19 13:49:28,Q4,230200000,115100000,115100000,0.5,40900000,21500000,0.0,200000.0,61300000.00000001,176400000,17000.0,2800000.000000001,57017000,0.247685,53800000,0.23371,200000.0,54200000,0.235447,8900000.0,45300000,0.196785,1.27966,1.27966,35400000,35400000,https://www.sec.gov/Archives/edgar/data/817720/000119312513339377/0001193125-13-339377-index.html,https://www.sec.gov/Archives/edgar/data/817720/000119312513339377/d547927d10k.htm
0,2013-03-31,SYNA,2013-05-03 00:00:00,2013-05-03 16:16:11,Q3,163300000,82200000,81100000,0.496632,36700000,20200000,0.0,200000.0,57499999.999999985,139700000,200000.0,3099999.9999999995,27100000,0.165952,23700000,0.145132,200000.0,23900000,0.146356,-12600000,36400000,0.222903,1.06745,1.06745,34100000,34100000,https://www.sec.gov/Archives/edgar/data/817720/000119312513199152/0001193125-13-199152-index.html,https://www.sec.gov/Archives/edgar/data/817720/000119312513199152/d484660d10q.htm
0,2013-03-30,SYNA,2013-05-03 00:00:00,2013-05-03 16:16:11,Q3,163324000,82241000,81083000,0.4964548994636428,36740000,20183000,0.0,499000.0,57422000,139663000,0.0,3093000.0,26754000,0.1638093605348877,23661000,0.144871543680047,0.0,23854000,0.14605324385883275,-12592000,36446000,0.22315152702603414,1.08023,1.08023,32710000,33739000,https://www.sec.gov/Archives/edgar/data/817720/000119312513199152/0001193125-13-199152-index.html,https://www.sec.gov/Archives/edgar/data/817720/000119312513199152/d484660d10q.htm
0,2012-12-31,SYNA,2013-02-01 00:00:00,2013-02-01 16:01:14,Q2,143000000,74000000,69000000,0.482517,34300000,19000000,0.0,600000.0,54099999.99999999,128100000,200000.0,2700000.0,18000000,0.125874,14900000,0.104196,600000.0,15100000,0.105594,4000000.0,11100000,0.077622,0.33333,0.33333,33300000,33300000,https://www.sec.gov/Archives/edgar/data/817720/000119312513034570/0001193125-13-034570-index.html,https://www.sec.gov/Archives/edgar/data/817720/000119312513034570/d447537d10q.htm
0,2012-12-29,SYNA,2013-02-01 00:00:00,2013-02-01 16:01:14,Q2,143040000,74010000,69030000,0.4825922818791946,34257000,19008000,0.0,837000.0,54102000,128112000,0.0,2413000.0,17341000,0.12123182326621924,14928000,0.10436241610738255,0.0,15148000,0.10590044742729307,4034000.0,11114000,0.07769854586129754,0.32675,0.32675,32941000,34014000,https://www.sec.gov/Archives/edgar/data/817720/000119312513034570/0001193125-13-034570-index.html,https://www.sec.gov/Archives/edgar/data/817720/000119312513034570/d447537d10q.htm
0,2012-09-30,SYNA,2012-11-02 00:00:00,2012-11-02 16:16:44,Q1,127000000,66500000,60600000,0.477165,32800000,18900000,0.0,300000.0,52200000,118700000,200000.0,2700000.0,11500000,0.090551,8300000.0,0.065354,300000.0,8500000.0,0.066929,2500000.0,6100000.0,0.048031,0.17941,0.17941,34000000,34000000,https://www.sec.gov/Archives/edgar/data/817720/000119312512449129/0001193125-12-449129-index.html,https://www.sec.gov/Archives/edgar/data/817720/000119312512449129/d415185d10q.htm
0,2012-09-29,SYNA,2012-11-02 00:00:00,2012-11-02 16:16:44,Q1,127041000,66471000,60570000,0.476775214300895,32802000,18908000,0.0,527000.0,52237000,118708000,0.0,2462000.0,10795000,0.0849725679111468,8333000.0,0.06559299753622846,0.0,8547000.0,0.06727749309278107,2494000.0,6053000.0,0.047646035531836176,0.17542,0.17542,33321000,34505000,https://www.sec.gov/Archives/edgar/data/817720/000119312512449129/0001193125-12-449129-index.html,https://www.sec.gov/Archives/edgar/data/817720/000119312512449129/d415185d10q.htm
0,2012-06-30,SYNA,2012-08-27 00:00:00,2012-08-24 19:51:45,Q4,137600000,74200000,63400000,0.460756,30500000,17600000,0.0,0.0,48000000,122200000,200000.0,2400000.0000000005,18200000,0.132267,15400000,0.111919,0.0,15600000,0.113372,3300000.0,12300000,0.08939,0.35652,0.35652,34500000,34500000,https://www.sec.gov/Archives/edgar/data/817720/000119312512368607/0001193125-12-368607-index.html,https://www.sec.gov/Archives/edgar/data/817720/000119312512368607/d357965d10k.htm
0,2012-03-31,SYNA,2012-05-04,2012-05-04 16:16:05,Q3,131700000,69500000,62200000,0.472285,29400000,18000000,0.0,0.0,47400000.00000001,116900000,200000.0,2500000.0,17700000,0.134396,14800000,0.112377,0.0,15000000,0.113895,3600000.0,11400000,0.08656,0.32386,0.32386,35200000,35200000,https://www.sec.gov/Archives/edgar/data/817720/000119312512211971/d311702d10q.htm,https://www.sec.gov/Archives/edgar/data/817720/000119312512211971/d311702d10q.htm
0,2011-12-31,SYNA,2012-02-03 00:00:00,2012-02-03 16:15:27,Q2,145500000,76700000,68700000,0.472165,29800000,17700000,0.0,0.0,47599999.99999999,124300000,200000.0,2600000.0,24200000,0.166323,21200000,0.145704,0.0,21400000,0.147079,4000000.0,17400000,0.119588,0.51176,0.51176,34000000,34000000,https://www.sec.gov/Archives/edgar/data/817720/000095012312002062/0000950123-12-002062-index.html,https://www.sec.gov/Archives/edgar/data/817720/000095012312002062/c25152e10vq.htm
0,2011-09-30,SYNA,2011-11-01 00:00:00,2011-11-01 16:15:40,Q1,133400000,72200000,61300000,0.45952,28200000,16700000,0.0,0.0,44899999.99999999,117099999.99999999,200000.0,2900000.0,19600000,0.146927,16300000,0.122189,0.0,16500000,0.123688,3500000.0,13000000,0.097451,0.38462,0.38462,33800000,33800000,https://www.sec.gov/Archives/edgar/data/817720/000095012311093957/0000950123-11-093957-index.html,https://www.sec.gov/Archives/edgar/data/817720/000095012311093957/c22061e10vq.htm
0,2011-09-24,SYNA,2011-11-01 00:00:00,2011-11-01 16:15:40,Q1,133446000,72186000,61260000,0.45906209253181063,28226000,16709000,0.0,0.0,44935000,117121000,0.0,2868000.0,19193000,0.14382596705783612,16325000,0.12233412766212551,0.0,16541000,0.1239527599178694,3526000.0,13015000,0.09753008707642043,0.3671,0.3671,34042000,35454000,https://www.sec.gov/Archives/edgar/data/817720/000095012311093957/0000950123-11-093957-index.html,https://www.sec.gov/Archives/edgar/data/817720/000095012311093957/c22061e10vq.htm
0,2011-06-30,SYNA,2011-08-22 00:00:00,2011-08-22 17:03:03,Q4,143400000,82800000,60600000,0.422594,27500000,16800000,0.0,0.0,44200000,127000000,200000.0,3000000.0,19700000,0.137378,16300000,0.113668,0.0,16600000,0.11576,2600000.0,13900000,0.096932,0.39714,0.39714,35000000,35000000,https://www.sec.gov/Archives/edgar/data/817720/000095012311079162/0000950123-11-079162-index.html,https://www.sec.gov/Archives/edgar/data/817720/000095012311079162/c21467e10vk.htm
0,2011-06-25,SYNA,2011-08-22 00:00:00,2011-08-22 17:03:03,Q4,143366000,82778000,60588000,0.4226106608261373,27487000,16799000,0.0,0.0,44286000,127064000,0.0,2985000.0,19287000,0.1345298048351771,16302000,0.11370896865365568,0.0,9675000.0,0.11557133490506814,9675000.0,13923000,0.09711507609893559,0.40664,0.40664,32658000,34239000,https://www.sec.gov/Archives/edgar/data/817720/000095012311079162/0000950123-11-079162-index.html,https://www.sec.gov/Archives/edgar/data/817720/000095012311079162/c21467e10vk.htm
0,2011-03-31,SYNA,2011-04-29 00:00:00,2011-04-29 12:11:21,Q3,142400000,84800000,57600000,0.404494,26000000,17200000,0.0,0.0,43200000,128000000,200000.0,2899999.9999999995,17800000,0.125,14400000,0.101124,0.0,14700000,0.10323,1200000.0,13500000,0.094803,0.38244,0.38244,35300000,35300000,https://www.sec.gov/Archives/edgar/data/817720/000095012311041628/0000950123-11-041628-index.html,https://www.sec.gov/Archives/edgar/data/817720/000095012311041628/c14501e10vq.htm
0,2011-03-26,SYNA,2011-04-29 00:00:00,2011-04-29 12:11:21,Q3,142406000,84790000,57616000,0.40458969425445557,25956000,17244000,0.0,0.0,43200000,127990000,0.0,2889000.0,17305000,0.12151875623218122,14416000,0.1012316896759968,0.0,14664000,0.10297318933191017,1168000.0,13496000,0.09477128772664073,0.37863,0.37863,34181000,35644000,https://www.sec.gov/Archives/edgar/data/817720/000095012311041628/0000950123-11-041628-index.html,https://www.sec.gov/Archives/edgar/data/817720/000095012311041628/c14501e10vq.htm
0,2010-12-31,SYNA,,,Q2,159600000,94500000,65000000,0.407268,26600000,19000000,0.0,0.0,45599999.99999999,140100000,200000.0,2800000.0,22700000,0.142231,19400000,0.121554,0.0,19700000,0.123434,2000000.0,17700000,0.110902,0.5,0.5,35400000,35400000,,
0,2010-12-25,SYNA,2011-01-28,2011-01-28 06:09:16,Q2,159581000,94543000,65038000,0.4075547840908379,26640000,18958000,0.0,0.0,45598000,140141000,0.0,2758000.0,22198000,0.1391017727674347,19440000,0.12181901354171236,0.0,19661000,0.12320389018742833,1983000.0,17678000,0.11077759883695427,0.49242,0.49242,34402000,35900000,https://www.sec.gov/Archives/edgar/data/817720/000095012311006351/0000950123-11-006351-index.htm,https://www.sec.gov/Archives/edgar/data/817720/000095012311006351/c09424e10vq.htm
0,2010-09-30,SYNA,2010-11-02 00:00:00,2010-11-02 14:50:51,Q1,153200000,90400000,62800000,0.409922,24900000,15500000,0.0,0.0,40400000.00000001,130800000,200000.0,2500000.0,25300000,0.165144,22400000,0.146214,0.0,22600000,0.14752,3900000.0,18700000,0.122063,0.52089,0.52089,35900000,35900000,https://www.sec.gov/Archives/edgar/data/817720/000095012310099376/0000950123-10-099376-index.html,https://www.sec.gov/Archives/edgar/data/817720/000095012310099376/c05866e10vq.htm
0,2010-09-25,SYNA,2010-11-02 00:00:00,2010-11-02 14:50:51,Q1,153185000,90357000,62828000,0.41014459640304207,24920000,15548000,0.0,0.0,40468000,130825000,0.0,2537000.0,24897000,0.16252896824101576,22360000,0.1459672944478898,0.0,22577000,0.1473838822339002,3878000.0,18699000,0.12206808760648889,0.53281,0.53281,33526000,35095000,https://www.sec.gov/Archives/edgar/data/817720/000095012310099376/0000950123-10-099376-index.html,https://www.sec.gov/Archives/edgar/data/817720/000095012310099376/c05866e10vq.htm
0,2010-06-30,SYNA,2010-08-23 00:00:00,2010-08-23 16:38:00,Q4,145800000,86500000,59200000,0.406036,22900000,15100000,0.0,0.0,38000000,124500000,200000.0,2399999.9999999995,24000000,0.164609,21300000,0.146091,0.0,21500000,0.147462,2100000.0,19300000,0.132373,0.54062,0.54062,35700000,35700000,https://www.sec.gov/Archives/edgar/data/817720/000095012310079962/0000950123-10-079962-index.html,https://www.sec.gov/Archives/edgar/data/817720/000095012310079962/c05286e10vk.htm
0,2010-06-26,SYNA,2010-08-23 00:00:00,2010-08-23 16:38:00,Q4,116212000,68910000,47302000,0.40703197604378205,21212000,14635000,0.0,0.0,35847000,104757000,4000.0,2357000.0,13812000,0.11885175369152927,11455000,0.09856985509241731,0.0,11651000,0.10025642790761712,45000.0,11606000,0.09986920455718859,0.3307,0.3307,33526000,35095000,https://www.sec.gov/Archives/edgar/data/817720/000095012310079962/0000950123-10-079962-index.html,https://www.sec.gov/Archives/edgar/data/817720/000095012310079962/c05286e10vk.htm
0,2010-03-31,SYNA,2010-05-04 00:00:00,2010-05-04 17:00:35,Q3,116200000,68900000,47300000,0.407057,21200000,14600000,0.0,0.0,35899999.99999999,104799999.99999999,200000.0,2099999.9999999995,13900000,0.119621,11500000,0.098967,0.0,11700000,0.100688,0.0,11600000,0.099828,0.33048,0.33048,35100000,35100000,https://www.sec.gov/Archives/edgar/data/817720/000095012310043641/0000950123-10-043641-index.html,https://www.sec.gov/Archives/edgar/data/817720/000095012310043641/c00154e10vq.htm
0,2010-03-27,SYNA,2010-05-04 00:00:00,2010-05-04 17:00:35,Q3,116212000,68910000,47302000,0.40703197604378205,21212000,14635000,0.0,0.0,35847000,104757000,4000.0,2149000.0,13604000,0.11706192131621519,11455000,0.09856985509241731,0.0,11651000,0.10025642790761712,45000.0,11606000,0.09986920455718859,0.32812,0.32812,33826000,35371000,https://www.sec.gov/Archives/edgar/data/817720/000095012310043641/0000950123-10-043641-index.html,https://www.sec.gov/Archives/edgar/data/817720/000095012310043641/c00154e10vq.htm
0,2009-12-31,SYNA,2010-02-02 00:00:00,2010-02-02 16:15:24,Q2,133300000,79500000,53800000,0.403601,22400000,16600000,0.0,0.0,39000000,118500000,-700000.0,2100000.0,15500000,0.116279,14800000,0.111028,0.0,14100000,0.105776,1900000.0,12200000,0.091523,0.34957,0.34957,34900000,34900000,https://www.sec.gov/Archives/edgar/data/817720/000095012310007734/0000950123-10-007734-index.html,https://www.sec.gov/Archives/edgar/data/817720/000095012310007734/p16790e10vq.htm
0,2009-12-26,SYNA,2010-02-02 00:00:00,2010-02-02 16:15:24,Q2,133323000,79492000,53831000,0.4037637916938563,22442000,16575000,0.0,0.0,39017000,118509000,968000.0,2083000.0,16897000,0.12673732214246605,14814000,0.11111361130487613,0.0,14087000,0.10566068870337451,1860000.0,12227000,0.09170960749458083,0.34465,0.34465,33976000,35477000,https://www.sec.gov/Archives/edgar/data/817720/000095012310007734/0000950123-10-007734-index.html,https://www.sec.gov/Archives/edgar/data/817720/000095012310007734/p16790e10vq.htm
0,2009-09-30,SYNA,2009-11-03 00:00:00,2009-11-03 16:15:18,Q1,119600000,71300000,48300000,0.403846,20000000,13800000,0.0,0.0,34200000,105500000,-1100000.0,2100000.0,14000000,0.117057,14100000,0.117893,0.0,13000000,0.108696,3200000.0,9800000.0,0.08194,0.27222,0.27222,36000000,36000000,https://www.sec.gov/Archives/edgar/data/817720/000095012309056889/0000950123-09-056889-index.html,https://www.sec.gov/Archives/edgar/data/817720/000095012309056889/p16215e10vq.htm
0,2009-09-26,SYNA,2009-11-03 00:00:00,2009-11-03 16:15:18,Q1,119592000,71270000,48322000,0.40405712756706136,19975000,13764000,0.0,0.0,33739000,105009000,1423000.0,2088000.0,16671000,0.1393989564519366,14583000,0.12193959462171383,0.0,13048000,0.10910428791223493,3244000.0,9804000.0,0.08197872767409191,0.27258,0.27258,34341000,35968000,https://www.sec.gov/Archives/edgar/data/817720/000095012309056889/0000950123-09-056889-index.html,https://www.sec.gov/Archives/edgar/data/817720/000095012309056889/p16215e10vq.htm
0,2009-06-30,SYNA,2009-08-24 00:00:00,2009-08-24 16:51:59,Q4,115300000,68900000,46400000,0.402428,19000000,12900000,0.0,0.0,31799999.999999996,100700000,-1004000.0,1799999.9999999998,14496000,0.125724,14600000,0.126626,0.0,13700000,0.11882,1300000.0,12400000,0.107546,0.3416,0.3416,36300000,36300000,https://www.sec.gov/Archives/edgar/data/817720/000095012309037550/0000950123-09-037550-index.html,https://www.sec.gov/Archives/edgar/data/817720/000095012309037550/p15704e10vk.htm
0,2009-03-31,SYNA,2009-05-07 00:00:00,2009-05-07 16:11:36,Q3,100600000,59900000,40700000,0.404573,17300000,12800000,0.0,0.0,33000000.00000001,92900000.00000001,-800000.0,1799999.9999999998,7900000.0,0.078529,7700000.0,0.076541,0.0,6900000.0,0.068588,1500000.0,5400000.0,0.053678,0.15341,0.15341,35200000,35200000,https://www.sec.gov/Archives/edgar/data/817720/000095015309000346/0000950153-09-000346-index.html,https://www.sec.gov/Archives/edgar/data/817720/000095015309000346/p14868e10vq.htm
0,2009-03-28,SYNA,2009-05-07 00:00:00,2009-05-07 16:11:36,Q3,100595000,59888000,40707000,0.40466225955564394,17286000,12786000,0.0,0.0,30072000,89960000,234000.0,1731000.0,12366000,0.12292857497887569,10635000,0.10572096028629653,0.0,8045000.0,0.07997415378497938,1959000.0,6086000.0,0.060500024852129825,0.17245,0.17245,33845000,35291000,https://www.sec.gov/Archives/edgar/data/817720/000095015309000346/0000950153-09-000346-index.html,https://www.sec.gov/Archives/edgar/data/817720/000095015309000346/p14868e10vq.htm
0,2008-12-31,SYNA,2009-02-05 00:00:00,2009-02-05 16:19:04,Q2,141500000,83700000,57800000,0.408481,15900000,13700000,0.0,0.0,37200000,120900000,-800000.0,1500000.0000000002,20600000,0.145583,20600000,0.145583,0.0,19800000,0.139929,2300000.0,17600000,0.124382,0.50142,0.50142,35100000,35100000,https://www.sec.gov/Archives/edgar/data/817720/000095015309000080/0000950153-09-000080-index.html,https://www.sec.gov/Archives/edgar/data/817720/000095015309000080/p14072e10vq.htm
0,2008-12-27,SYNA,2009-02-05 00:00:00,2009-02-05 16:19:04,Q2,141523000,83717000,57806000,0.4084565759629177,15940000,13714000,0.0,0.0,29654000,113371000,321000.0,1530000.0,29682000,0.20973269362577107,28152000,0.1989217300368138,0.0,25896000,0.1829808582350572,4699000.0,21197000,0.1497777746373381,0.60029,0.60029,33736000,35311000,https://www.sec.gov/Archives/edgar/data/817720/000095015309000080/0000950153-09-000080-index.html,https://www.sec.gov/Archives/edgar/data/817720/000095015309000080/p14072e10vq.htm
0,2008-09-30,SYNA,2008-11-04 00:00:00,2008-11-04 16:11:38,Q1,115900000,69300000,46600000,0.402071,15800000,14600000,0.0,0.0,30299999.999999996,99600000,-1300000.0,1200000.0,14800000,0.127696,16200000,0.139776,0.0,14900000,0.128559,2200000.0,12700000,0.109577,0.35775,0.35775,35500000,35500000,https://www.sec.gov/Archives/edgar/data/817720/000095015308001840/0000950153-08-001840-index.html,https://www.sec.gov/Archives/edgar/data/817720/000095015308001840/p13474e10vq.htm
0,2008-09-27,SYNA,2008-11-04 00:00:00,2008-11-04 16:11:38,Q1,115857000,69264000,46593000,0.4021595587664103,15805000,14570000,0.0,0.0,30375000,99639000,449000.0,1197000.0,17415000,0.15031461197855978,16218000,0.13998290996659676,0.0,17027000,0.14696565593792346,3068000.0,13959000,0.1204847354928921,0.39367,0.39367,33640000,35459000,https://www.sec.gov/Archives/edgar/data/817720/000095015308001840/0000950153-08-001840-index.html,https://www.sec.gov/Archives/edgar/data/817720/000095015308001840/p13474e10vq.htm
0,2008-06-30,SYNA,2008-08-27 00:00:00,2008-08-27 17:16:04,Q4,96900000,58100000,38800000,0.400413,14400000,13800000,0.0,0.0,32900000,91000000,-1373000.0,1000000.0,6327000.0,0.065294,5800000.0,0.059856,0.0,6700000.0,0.069143,4100000.0,2600000.0,0.026832,0.07386,0.07386,35200000,35200000,https://www.sec.gov/Archives/edgar/data/817720/000095015308001549/0000950153-08-001549-index.html,https://www.sec.gov/Archives/edgar/data/817720/000095015308001549/p76282e10vk.htm
0,2008-03-31,SYNA,2008-05-07 00:00:00,2008-05-07 17:21:40,Q3,78900000,46700000,32200000,0.408112,13600000,12200000,0.0,0.0,28000000,74700000,1800000.0,999999.9999999998,8800000.0,0.111534,4200000.0,0.053232,0.0,6000000.0,0.076046,3000000.0,3000000.0,0.038023,0.07895,0.07895,38000000,38000000,https://www.sec.gov/Archives/edgar/data/817720/000095015308000877/0000950153-08-000877-index.html,https://www.sec.gov/Archives/edgar/data/817720/000095015308000877/p75494e10vq.htm
0,2008-03-29,SYNA,2008-05-07 00:00:00,2008-05-07 17:21:40,Q3,78861000,46688000,32173000,0.40797098692636413,13560000,12181000,0.0,0.0,25741000,72429000,449000.0,987000.0,7419000.0,0.09407692015064481,6432000.0,0.08156122798341385,0.0,6039000.0,0.07657777608703922,3031000.0,3008000.0,0.038143061842989566,0.11086,0.11086,25932000,27134000,https://www.sec.gov/Archives/edgar/data/817720/000095015308000877/0000950153-08-000877-index.html,https://www.sec.gov/Archives/edgar/data/817720/000095015308000877/p75494e10vq.htm
0,2007-12-31,SYNA,,,Q2,98700000,57600000,41000000,0.4154,11700000,11400000,0.0,0.0,23100000,80700000,2600000.0,900000.0,24000000,0.243161,17900000,0.181358,0.0,20500000,0.2077,6300000.0,14200000,0.14387,0.33412,0.33412,42500000,42500000,,
0,2007-12-29,SYNA,2008-02-07,2008-02-07 17:05:40,Q2,98650000,57366000,41284000,0.41848960973137356,11693000,11415000,0.0,0.0,23108000,80474000,449000.0,908000.0,18845000,0.19102889001520526,17937000,0.18182463253928027,0.0,20501000,0.20781550937658388,6305000.0,14196000,0.14390268626457173,0.50664,0.50664,26519000,28020000,https://www.sec.gov/Archives/edgar/data/817720/000095015308000202/0000950153-08-000202-index.htm,https://www.sec.gov/Archives/edgar/data/817720/000095015308000202/p74953e10vq.htm
0,2007-09-30,SYNA,2007-11-08 00:00:00,2007-11-08 16:46:17,Q1,86700000,51200000,35500000,0.409458,10400000,10800000,0.0,0.0,22500000,73700000,2500000.0,900000.0,19000000,0.219146,13000000,0.149942,0.0,15500000,0.178777,4300000.0,11300000,0.130334,0.27229,0.27229,41500000,41500000,https://www.sec.gov/Archives/edgar/data/817720/000095015307002350/0000950153-07-002350-index.html,https://www.sec.gov/Archives/edgar/data/817720/000095015307002350/p74608e10vq.htm
0,2007-09-29,SYNA,2007-11-08 00:00:00,2007-11-08 16:46:17,Q1,86692000,51467000,35225000,0.4063235361971116,10402000,10750000,0.0,0.0,21152000,72619000,475000.0,855000.0,15167000,0.17495270613205371,14312000,0.16509020440179026,0.0,15521000,0.17903612790107507,4259000.0,11262000,0.12990818068564575,0.4067,0.4067,26210000,27691000,https://www.sec.gov/Archives/edgar/data/817720/000095015307002350/0000950153-07-002350-index.html,https://www.sec.gov/Archives/edgar/data/817720/000095015307002350/p74608e10vq.htm
0,2007-06-30,SYNA,2007-09-06 00:00:00,2007-09-06 16:09:01,Q4,71600000,43600000,27900000,0.389665,10800000,10200000,0.0,556000.0,20999999.999999993,64599999.99999999,2300000.0,699999.9999999997,12300000,0.171788,7000000.0,0.097765,0.0,9300000.0,0.129888,1900000.0,7400000.0,0.103352,0.17831,0.17831,41500000,41500000,https://www.sec.gov/Archives/edgar/data/817720/000095015307001934/0000950153-07-001934-index.html,https://www.sec.gov/Archives/edgar/data/817720/000095015307001934/p74301e10vk.htm
0,2007-03-31,SYNA,2007-05-08 00:00:00,2007-05-08 14:07:30,Q3,64300000,39200000,25100000,0.390358,9500000.0,9300000.0,0.0,0.0,18799999.999999996,58000000,488000.0,600000.0000000001,9588000.0,0.149114,6300000.0,0.097978,0.0,8500000.0,0.132193,2900000.0,5600000.0,0.087092,0.12613,0.12613,44400000,44400000,https://www.sec.gov/Archives/edgar/data/817720/000095015307001014/0000950153-07-001014-index.html,https://www.sec.gov/Archives/edgar/data/817720/000095015307001014/p73831e10vq.htm
0,2006-12-31,SYNA,,,Q2,76100000,45700000,30400000,0.399474,10000000,8900000.0,0.0,0.0,19799999.999999996,65500000,2500000.0,500000.0,16000000,0.21025,10600000,0.13929,0.0,13100000,0.172142,3700000.0,9300000.0,0.122208,0.20899,0.20899,44500000,44500000,,
0,2006-12-30,SYNA,2007-02-07,2007-02-07 16:30:41,Q2,76087000,45696000,30391000,0.3994243431860896,9958000.0,8927000.0,0.0,915000.0,19800000,65496000,488000.0,517000.0,11108000,0.14599077371955788,10591000,0.13919592045947402,0.0,13081000,0.17192161604479084,3740000.0,9341000.0,0.12276735841865233,0.31699,0.31699,25359000,29468000,https://www.sec.gov/Archives/edgar/data/817720/000095015307000237/0000950153-07-000237-index.htm,https://www.sec.gov/Archives/edgar/data/817720/000095015307000237/p73432e10vq.htm
0,2006-09-30,SYNA,,,Q1,54800000,32400000,22400000,0.408759,9200000.0,7800000.0,0.0,0.0,17000000,49400000,2100000.0,500000.0,10000000,0.182482,5400000.0,0.09854,0.0,7500000.0,0.136861,3300000.0,4100000.0,0.074818,0.09339,0.09339,43900000,43900000,,
0,2006-09-23,SYNA,2006-10-27,2006-10-27 06:03:32,Q1,54815000,32420000,22395000,0.4085560521754994,9188000.0,7801000.0,0.0,0.0,16989000,49409000,487000.0,454000.0,5860000.0,0.1069050442397154,5406000.0,0.0986226397883791,0.0,7458000.0,0.13605764845389035,3331000.0,4127000.0,0.0752896105080726,0.14108,0.14108,25134000,29253000,https://www.sec.gov/Archives/edgar/data/817720/000095012406006178/0000950124-06-006178-index.htm,https://www.sec.gov/Archives/edgar/data/817720/000095012406006178/p73062e10vq.htm
0,2006-06-30,SYNA,,,Q4,43900000,25000000,18900000,0.430524,9600000.0,7400000.0,0.0,0.0,17100000,42100000,1900000.0,400000.0000000001,6100000.0,0.138952,1900000.0,0.04328,0.0,3700000.0,0.084282,2000000.0,1800000.0,0.041002,0.041,0.041,43900000,43900000,,
0,2006-06-24,SYNA,2006-09-07,2006-09-07 17:20:39,Q4,43912000,25010000,18902000,0.43045181271634175,9616000.0,7426000.0,0.0,0.0,17042000,42052000,-1454000.0,441000.0,2301000.0,0.05240025505556568,1860000.0,0.042357442157041354,0.0,3728000.0,0.08489706686099471,1965000.0,1763000.0,0.040148478775733284,0.06064,0.06064,24708000,29075000,https://www.sec.gov/Archives/edgar/data/817720/000095015306002319/0000950153-06-002319-index.htm,https://www.sec.gov/Archives/edgar/data/817720/000095015306002319/p72832e10vk.htm
0,2006-03-31,SYNA,,,Q3,40400000,22300000,18100000,0.44802,9100000.0,7000000.0,0.0,0.0,15999999.999999996,38299999.99999999,1700000.0,399999.9999999999,5800000.0,0.143564,2100000.0,0.05198,0.0,3700000.0,0.091584,2100000.0,1600000.0,0.039604,0.03653,0.03653,43800000,43800000,,
0,2006-03-25,SYNA,2006-05-03,2006-05-03 16:30:33,Q3,40365000,22257000,18108000,0.4486064659977703,9106000.0,6952000.0,0.0,0.0,16058000,38315000,485000.0,427000.0,2477000.0,0.061365043973739625,2050000.0,0.05078657252570296,0.0,3744000.0,0.0927536231884058,2121000.0,1623000.0,0.04020810107766629,0.05596,0.05596,24602000,29002000,https://www.sec.gov/Archives/edgar/data/817720/000095015306001175/0000950153-06-001175-index.htm,https://www.sec.gov/Archives/edgar/data/817720/000095015306001175/p72250e10vq.htm
0,2005-12-31,SYNA,,,Q2,48600000,26400000,22200000,0.45679,8300000.0,6900000.0,0.0,0.0,15200000.000000004,41600000,1400000.0,400000.0,10100000,0.207819,6900000.0,0.141975,0.0,8300000.0,0.170782,3500000.0,4800000.0,0.098765,0.11111,0.11111,43200000,43200000,,
0,2005-12-24,SYNA,2006-02-01,2006-02-01 16:27:36,Q2,48555000,26384000,22171000,0.45661620842343736,8345000.0,6913000.0,0.0,0.0,15258000,41642000,485000.0,404000.0,7317000.0,0.15069508804448564,6913000.0,0.14237462671197612,0.0,8329000.0,0.17153743177839564,3526000.0,4803000.0,0.09891875193080012,0.16613,0.16613,24534000,28911000,https://www.sec.gov/Archives/edgar/data/817720/000095015306000218/0000950153-06-000218-index.htm,https://www.sec.gov/Archives/edgar/data/817720/000095015306000218/p71812e10vq.htm
0,2005-09-30,SYNA,,,Q1,51700000,28100000,23700000,0.458414,8300000.0,6700000.0,0.0,0.0,15000000,43100000,1100000.0,400000.0,11200000,0.216634,8700000.0,0.168279,0.0,9700000.0,0.187621,4200000.0,5500000.0,0.106383,0.12615,0.12615,43600000,43600000,,
0,2005-09-24,SYNA,2005-11-02,2005-11-02 16:30:26,Q1,51725000,28053000,23672000,0.4576510391493475,8289000.0,6728000.0,0.0,0.0,15017000,43070000,484000.0,377000.0,9032000.0,0.17461575640405994,8655000.0,0.16732721121314645,0.0,9722000.0,0.18795553407443208,4210000.0,5512000.0,0.10656355727404543,0.18983,0.18983,24769000,29036000,https://www.sec.gov/Archives/edgar/data/817720/000095015305002743/0000950153-05-002743-index.htm,https://www.sec.gov/Archives/edgar/data/817720/000095015305002743/p71399e10vq.htm
0,2005-06-30,SYNA,,,Q4,56800000,30600000,26300000,0.463028,6500000.0,5400000.0,0.0,-3800000.0,8100000.000000001,38700000,1100000.0,400000.0000000001,20800000,0.366197,18100000,0.318662,0.0,19200000,0.338028,7100000.0,12200000,0.214789,0.26813,0.26813,45500000,45500000,,
0,2005-06-25,SYNA,2005-09-08,2005-09-08 17:19:57,Q4,56837000,30555000,26282000,0.46241004979150907,6543000.0,5332000.0,0.0,-4058000.0,8145000.0,38700000,-660000.0,316000.0,-41454000,-0.7293488396643032,-41770000,-0.7349085982722522,-3800000.0,19239000,0.3384942906909232,7083000.0,12156000,0.21387476467793867,0.40845,0.40845,25736000,29761000,https://www.sec.gov/Archives/edgar/data/817720/000095015305002301/0000950153-05-002301-index.htm,https://www.sec.gov/Archives/edgar/data/817720/000095015305002301/p71163e10vk.htm
0,2005-03-31,SYNA,,,Q3,56700000,30500000,26200000,0.462081,6200000.0,5000000.0,0.0,0.0,11100000.000000002,41600000,600000.0,199999.99999999997,16500000,0.291005,15000000,0.26455,0.0,15700000,0.276896,4000000.0,11700000,0.206349,0.24788,0.24788,47200000,47200000,,
0,2005-03-26,SYNA,2005-05-03,2005-05-03 14:23:41,Q3,56668000,30474000,26194000,0.4622361826780546,6157000.0,4937000.0,0.0,71000.0,11165000,41639000,483000.0,277000.0,15299000,0.2699760005646926,15022000,0.2650878802851698,0.0,15657000,0.2762934989764947,3983000.0,11674000,0.20600691748429448,0.39455,0.39455,25743000,29588000,https://www.sec.gov/Archives/edgar/data/817720/000095015305000982/0000950153-05-000982-index.htm,https://www.sec.gov/Archives/edgar/data/817720/000095015305000982/p70562e10vq.htm
0,2004-12-31,SYNA,,,Q2,56500000,30200000,26400000,0.467257,6200000.0,4500000.0,0.0,0.0,10700000,40900000,200000.0,300000.0,16400000,0.290265,15700000,0.277876,0.0,15900000,0.281416,6200000.0,9700000.0,0.171681,0.21995,0.21995,44100000,44100000,,
0,2004-12-25,SYNA,2005-01-28,2005-01-28 13:03:04,Q2,56543000,30162000,26381000,0.4665652689103868,6248000.0,4388000.0,0.0,85000.0,10721000,40883000,151000.0,246000.0,15913000,0.28143183064216615,15667000,0.2770811594715526,0.0,15913000,0.28143183064216615,6189000.0,9724000.0,0.17197531082538953,0.33951,0.33951,25457000,28641000,https://www.sec.gov/Archives/edgar/data/817720/000095015305000113/0000950153-05-000113-index.htm,https://www.sec.gov/Archives/edgar/data/817720/000095015305000113/p70136e10vq.htm
0,2004-09-30,SYNA,,,Q1,38100000,20900000,17200000,0.451444,6000000.0,3900000.0,0.0,0.0,9900000.000000002,30800000.000000004,200000.0,200000.0,7900000.0,0.207349,7300000.0,0.191601,0.0,7500000.0,0.19685,3100000.0,4400000.0,0.115486,0.10602,0.10602,41500000,41500000,,
0,2004-09-25,SYNA,2004-11-02,2004-11-02 13:21:01,Q1,38091000,20899000,17192000,0.4513402115985403,6043000.0,3766000.0,0.0,102000.0,9911000.0,30810000,26000.0,222000.0,7503000.0,0.19697566354256912,7281000.0,0.19114751516106168,0.0,7523000.0,0.19750072195531754,3092000.0,4431000.0,0.11632669134441206,0.16,0.16,25098648,27693808,https://www.sec.gov/Archives/edgar/data/817720/000095012404005229/0000950124-04-005229-index.htm,https://www.sec.gov/Archives/edgar/data/817720/000095012404005229/p69803e10vq.htm
0,2004-06-30,SYNA,2004-09-08,2004-09-08 16:40:06,Q4,35100000,20000000,15200000,0.433048,5600000.0,3900000.0,0.0,248000.0,9399999.999999998,29400000,66000.0,199999.99999999997,6266000.0,0.178519,5700000.0,0.162393,0.0,6000000.0,0.17094,2300000.0,3700000.0,0.105413,0.08937,0.08937,41400000,41400000,https://www.sec.gov/Archives/edgar/data/817720/000095012404004221/p69597e10vk.htm,https://www.sec.gov/Archives/edgar/data/817720/000095012404004221/p69597e10vk.htm
0,2004-03-31,SYNA,,,Q3,34300000,19700000,14600000,0.425656,5600000.0,3600000.0,0.0,0.0,9200000.0,28900000,200000.0,200000.00000000006,6000000.0,0.174927,5400000.0,0.157434,0.0,5600000.0,0.163265,2100000.0,3500000.0,0.102041,0.08495,0.08495,41200000,41200000,,
0,2003-12-31,SYNA,,,Q2,34300000,20100000,14100000,0.411079,5100000.0,3400000.0,0.0,0.0,8599999.999999998,28699999.999999996,200000.0,300000.0,6300000.0,0.183673,5600000.0,0.163265,0.0,5800000.0,0.169096,2300000.0,3500000.0,0.102041,0.08728,0.08728,40100000,40100000,,
0,2003-12-27,SYNA,2004-02-05,2004-02-05 17:24:39,Q2,34274000,20134000,14140000,0.41255762385481703,5130000.0,3293000.0,0.0,132000.0,8555000.0,28689000,34000.0,266000.0,5851000.0,0.17071249343525705,5585000.0,0.16295150843204761,455000.0,5780000.0,0.16864095232537785,2279000.0,3501000.0,0.10214740036179028,0.1316,0.1316,24063583,26602849,https://www.sec.gov/Archives/edgar/data/817720/000095015304000269/0000950153-04-000269-index.htm,https://www.sec.gov/Archives/edgar/data/817720/000095015304000269/p68765e10vq.htm
0,2003-09-30,SYNA,,,Q1,29600000,17400000,12100000,0.408784,5100000.0,3200000.0,0.0,0.0,8800000.0,26200000,200000.0,300000.0,4100000.0,0.138514,3400000.0,0.114865,0.0,3600000.0,0.121622,1300000.0,2300000.0,0.077703,0.05779,0.05779,39800000,39800000,,
0,2003-09-27,SYNA,2003-11-07,2003-11-07 13:35:33,Q1,29571000,17426000,12145000,0.41070643535896656,5096000.0,3074000.0,0.0,569000.0,8739000.0,26165000,34000.0,299000.0,3705000.0,0.12529167089378107,3406000.0,0.115180413242704,0.0,3598000.0,0.12167326096513476,1331000.0,2267000.0,0.07666294680599235,0.08546,0.08546,24013482,26526878,https://www.sec.gov/Archives/edgar/data/817720/000095015303002233/0000950153-03-002233-index.htm,https://www.sec.gov/Archives/edgar/data/817720/000095015303002233/p68448e10vq.htm
0,2003-06-30,SYNA,2003-09-12,2003-09-12 17:17:26,Q4,28200000,16700000,11600000,0.411348,4800000.0,2900000.0,0.0,153000.0,7699999.999999999,24400000,34000.0,399999.9999999999,4534000.0,0.16078,3900000.0,0.138298,0.0,4100000.0,0.14539,1500000.0,2600000.0,0.092199,0.06684,0.06684,38900000,38900000,https://www.sec.gov/Archives/edgar/data/817720/000095015303001830/p68236e10vk.htm,https://www.sec.gov/Archives/edgar/data/817720/000095015303001830/p68236e10vk.htm
0,2003-03-31,SYNA,,,Q3,26100000,15400000,10700000,0.409962,4900000.0,2900000.0,0.0,0.0,7799999.999999999,23200000,200000.0,400000.0000000001,3800000.0,0.145594,2900000.0,0.111111,0.0,3100000.0,0.118774,1100000.0,2100000.0,0.08046,0.0557,0.0557,37700000,37700000,,
0,2003-03-29,SYNA,2003-05-08,2003-05-08 12:38:41,Q3,72479000,41745000,30734000,0.4240400667779633,15077000,7957000.0,0.0,403000.0,23437000,65182000,121000.0,0.0,7297000.0,0.10067743760261592,7297000.0,0.10067743760261592,0.0,7991000.0,0.11025262489824639,2877000.0,5114000.0,0.07055836863091378,0.20564,0.20564,23407000,24869000,https://www.sec.gov/Archives/edgar/data/817720/000095015303000997/0000950153-03-000997-index.htm,https://www.sec.gov/Archives/edgar/data/817720/000095015303000997/p67829e10vq.htm
0,2003-03-27,SYNA,2004-05-06,2004-05-06 14:45:30,Q3,26103000,15385000,10718000,0.41060414511741944,4942000.0,2715000.0,0.0,137000.0,7794000.0,23179000,35000.0,375000.0,3299000.0,0.12638394054323257,2924000.0,0.11201777573458989,815000.0,3148000.0,0.12059916484695246,1079000.0,2069000.0,0.07926291997088457,0.0832,0.0832,23407637,24869050,https://www.sec.gov/Archives/edgar/data/817720/000095015304001119/0000950153-04-001119-index.htm,https://www.sec.gov/Archives/edgar/data/817720/000095015304001119/p69139e10vq.htm
0,2002-12-31,SYNA,,,Q2,24200000,13900000,10300000,0.42562,4800000.0,2800000.0,0.0,0.0,7600000.0,21500000,200000.0,399999.99999999994,3500000.0,0.144628,2700000.0,0.11157,0.0,2900000.0,0.119835,1100000.0,1800000.0,0.07438,0.04787,0.04787,37600000,37600000,,
0,2002-09-30,SYNA,,,Q1,22200000,12400000,9700000.0,0.436937,5300000.0,2700000.0,0.0,0.0,8100000.0,20500000,200000.0,300000.0,2400000.0,0.108108,1700000.0,0.076577,0.0,1900000.0,0.085586,700000.0,1200000.0,0.054054,0.03217,0.03217,37300000,37300000,,
0,2002-06-30,SYNA,2002-09-12 00:00:00,2002-09-12 17:28:43,Q4,25800000,14800000,11000000,0.426357,4700000.0,2500000.0,0.0,0.0,7300000.000000001,22100000,200000.0,299999.99999999994,4500000.0,0.174419,3700000.0,0.143411,0.0,4000000.0,0.155039,1400000.0,2600000.0,0.100775,0.06684,0.06684,38900000,38900000,https://www.sec.gov/Archives/edgar/data/817720/000095015302001553/0000950153-02-001553-index.html,https://www.sec.gov/Archives/edgar/data/817720/000095015302001553/p66995e10vk.htm
0,2002-03-31,SYNA,,,Q3,24400000,14200000,10200000,0.418033,4100000.0,2500000.0,0.0,0.0,6600000.000000001,20800000,100000.0,300000.00000000006,4100000.0,0.168033,3700000.0,0.151639,0.0,3800000.0,0.155738,1300000.0,2400000.0,0.098361,0.06557,0.06557,36600000,36600000,,
