,date,symbol,fillingDate,acceptedDate,period,revenue,costOfRevenue,grossProfit,grossProfitRatio,researchAndDevelopmentExpenses,generalAndAdministrativeExpenses,sellingAndMarketingExpenses,otherExpenses,operatingExpenses,costAndExpenses,interestExpense,depreciationAndAmortization,ebitda,ebitdaratio,operatingIncome,operatingIncomeRatio,totalOtherIncomeExpensesNet,incomeBeforeTax,incomeBeforeTaxRatio,incomeTaxExpense,netIncome,netIncomeRatio,eps,epsdiluted,weightedAverageShsOut,weightedAverageShsOutDil,link,finalLink
0,2020-09-30,SYNC,2020-11-12,2020-11-12 14:40:23,Q3,18529000,10403000,8126000.0,0.43855577742997465,0.0,3238000.0,3410000.0,15479000,22127000,22127000,37000.0,2569000.0,-1029000.0,-0.055534567434831886,-3598000.0,-0.19418209293539856,-124000.0,-3759000.0,-0.20287117491499812,203000.0,-3962000.0,-0.21382697393275407,-0.09910237560550751,-0.09910237560550751,39978860,39978860,https://www.sec.gov/Archives/edgar/data/1408278/000140827820000245/0001408278-20-000245-index.htm,https://www.sec.gov/Archives/edgar/data/1408278/000140827820000245/sync-20200930.htm
0,2020-06-30,SYNC,2020-08-13,2020-08-13 10:21:40,Q2,18176000,9036000.0,9140000.0,0.5028609154929577,2943000.0,7077000.0,3803000.0,14204000,12245000,21281000,50000.0,2771999.9999999995,-158000.0000000006,-0.008693,-3105000.0,-0.17083,175000.0,-2980000.0,-0.163952,202000.0,-3182000.0,-0.175066,-0.07959,-0.07959,39978860,39978860,https://www.sec.gov/Archives/edgar/data/1408278/000140827820000197/0001408278-20-000197-index.htm,https://www.sec.gov/Archives/edgar/data/1408278/000140827820000197/sync-20200630.htm
0,2020-03-31,SYNC,2020-05-15,2020-05-15 13:37:20,Q1,20583000,10729000,9854000.0,0.47874459505417094,3108000.0,8834000.0,4368000.0,16051000,14156000.000000002,24885000.000000004,59000.0,2740000.0,-1395000.0,-0.067774,-4302000.0,-0.209007,167000.0,-4194000.0,-0.20376,331000.0,-4525000.0,-0.219842,-0.11404,-0.11404,39677740,39677740,https://www.sec.gov/Archives/edgar/data/1408278/000140827820000138/0001408278-20-000138-index.htm,https://www.sec.gov/Archives/edgar/data/1408278/000140827820000055/sync-20191231.htm
0,2019-12-31,SYNC,2020-03-06,2020-03-06 15:59:38,Q4,26806000,12698000,14108000,0.5263000820711781,3605000.0,8442000.0,4776000.0,18561000,14305000,27003000,69000.0,2737999.9999999995,2413999.9999999995,0.090054,-197000.0,-0.007349,-127000.0,-393000.0,-0.014661,172000.0,-565000.0,-0.021077,-0.01442,-0.01442,39191550,39191550,https://www.sec.gov/Archives/edgar/data/1408278/000140827820000055/0001408278-20-000055-index.htm,https://www.sec.gov/Archives/edgar/data/1408278/000140827820000055/sync-20191231.htm
0,2019-09-30,SYNC,2019-11-07,2019-11-06 19:30:57,Q3,31366000,15634000,15732000,0.5015622011094816,5545000.0,9596000.0,5473000.0,23784000,19271000,34905000,80000.0,3040000.0,-398000.0,-0.012689,-3539000.0,-0.112829,101000.0,-3518000.0,-0.11216,207000.0,-3725000.0,-0.118759,-0.09533,-0.09533,39074000,39074000,https://www.sec.gov/Archives/edgar/data/1408278/000140827819000050/0001408278-19-000050-index.htm,https://www.sec.gov/Archives/edgar/data/1408278/000140827819000050/sync-20190930.htm
0,2019-06-30,SYNC,2019-08-09,2019-08-09 11:35:17,Q2,31849000,17152000,14697000,0.46145875851675094,4577000.0,9505000.0,5550000.0,24296000,16649000,33801000,55000.0,2986000.0,826999.9999999998,0.025966,-1952000.0,-0.061289,-207000.0,-2214000.0,-0.069516,273000.0,-2487000.0,-0.078087,-0.06368,-0.06368,39056380,39056380,https://www.sec.gov/Archives/edgar/data/1408278/000140827819000015/0001408278-19-000015-index.htm,https://www.sec.gov/Archives/edgar/data/1408278/000140827819000015/sync-20190630x10q.htm
0,2019-03-31,SYNC,2019-05-10,2019-05-10 10:12:45,Q1,31824000,16506000,15318000,0.4813348416289593,4546000.0,10256000,5991000.0,23487000,17436999.999999996,33943000,64000.0,2487000.0,584000.0,0.018351,-2119000.0,-0.066585,216000.0,-1967000.0,-0.061809,277000.0,-2244000.0,-0.070513,-0.05748,-0.05748,39038640,39038640,https://www.sec.gov/Archives/edgar/data/1408278/000156459019018321/0001564590-19-018321-index.htm,https://www.sec.gov/Archives/edgar/data/1408278/000156459019007648/sync-10k_20181231.htm
0,2018-12-31,SYNC,2019-03-14,2019-03-13 22:00:45,Q4,39398000,20888000,18510000,0.4698208030864511,5737000.0,10447000,5609000.0,80058000,18508999.999999996,39397000,73000.0,2516000.000000001,2351000.000000001,0.059673,1000.0,2.5e-05,-166000.0,-238000.0,-0.006041,138000.0,-376000.0,-0.009544,-0.00964,-0.00964,39010700,39010700,https://www.sec.gov/Archives/edgar/data/1408278/000156459019007648/0001564590-19-007648-index.htm,https://www.sec.gov/Archives/edgar/data/1408278/000156459019007648/sync-10k_20181231.htm
0,2018-09-30,SYNC,2018-11-09,2018-11-08 19:38:27,Q3,35643000,18186000,17457000,0.4897735880818113,6017000.0,10946000,5667000.0,26640000,19400000,37586000,80000.0,2436000.0,461000.0,0.012934,-1943000.0,-0.054513,-32000.0,-2055000.0,-0.057655,165000.0,-2220000.0,-0.062284,-0.05699,-0.05699,38951560,38951560,https://www.sec.gov/Archives/edgar/data/1408278/000156459018028701/0001564590-18-028701-index.htm,https://www.sec.gov/Archives/edgar/data/1408278/000156459018028701/sync-10q_20180930.htm
0,2018-06-30,SYNC,2018-08-09,2018-08-09 16:21:41,Q2,35923000,18256000,17667000,0.4918019096400635,6069000.0,4320000.0,6904000.0,26695000,17293000,37993000,88000.0,2444000.0,374000.0,0.0104111571973,-2070000.0,-0.0576232497286,-133000.0,-2291000.0,-0.0637752971634,293000.0,-2584000.0,-0.0719316315452,-0.06658,-0.06658,38808690,38808690,https://www.sec.gov/Archives/edgar/data/1408278/000156459018021072/0001564590-18-021072-index.htm,https://www.sec.gov/Archives/edgar/data/1408278/000156459018021072/sync-10q_20180630.htm
0,2018-03-31,SYNC,2018-05-10,2018-05-10 17:07:03,Q1,32915000,15217000,17698000,0.5376879842017317,6687000.0,5017000.0,5936000.0,74000.0,17640000,35292000,97000.0,2435000.0,58000.0,0.00176211453744,-2377000.0,-0.0722163147501,0.0,-2355000.0,-0.07,20000.0,-2375000.0,-0.0721555521799,-0.06122,-0.06122,38794165,38794165,https://www.sec.gov/Archives/edgar/data/1408278/000156459018013041/0001564590-18-013041-index.htm,https://www.sec.gov/Archives/edgar/data/1408278/000156459018006086/sync-10k_20171231.htm
0,2017-12-31,SYNC,2018-03-16,2018-03-16 17:00:02,Q4,46002000,25409000,20593000,0.44765444980653013,6692000.0,4980000.0,5916000.0,80551000,17588000,45813000,105000.0,2816000.0,3005000.0,0.0653232468154,189000.0,0.004108517021,-99000.0,-5000.0,-0.000108690926481,101000.0,-106000.0,-0.00230424764141,-0.00291,-0.00291,36381299,36381299,https://www.sec.gov/Archives/edgar/data/1408278/000156459018006086/0001564590-18-006086-index.htm,https://www.sec.gov/Archives/edgar/data/1408278/000156459018006086/sync-10k_20171231.htm
0,2017-09-30,SYNC,2017-11-14,2017-11-14 16:57:20,Q3,36269000,17620000,18649000,0.5141856682014944,6748000.0,4495000.0,6179000.0,26884000,17422000,37638000,127000.0,2596000.0,1227000.0,0.0338305439907,-1369000.0,-0.0377457332708,99000.0,505000.0,0.0139237365243,244000.0,261000.0,0.00719622818385,0.00733,0.00733,35590563,35590563,https://www.sec.gov/Archives/edgar/data/1408278/000156459017023809/0001564590-17-023809-index.htm,https://www.sec.gov/Archives/edgar/data/1408278/000156459017023809/sync-10q_20170930.htm
0,2017-06-30,SYNC,2017-08-14,2017-08-14 16:45:27,Q2,31216000,14462000,16754000,0.5367119425935418,6904000.0,4361000.0,6185000.0,80000.0,17450000,34136000,114000.0,2224000.0,-696000.0,-0.0222962583291,-2920000.0,-0.0935417734495,0.0,-2967000.0,-0.0950474115838,309000.0,-3276000.0,-0.104946181445,-0.09571,-0.09571,34228367,34228367,https://www.sec.gov/Archives/edgar/data/1408278/000156459017017673/0001564590-17-017673-index.htm,https://www.sec.gov/Archives/edgar/data/1408278/000156459017017673/sync-10q_20170630.htm
0,2017-03-31,SYNC,2017-05-15,2017-05-15 17:02:38,Q1,26540000,12562000,13978000,0.5266767143933685,7298000.0,3964000.0,6661000.0,83000.0,17923000,32669000,87000.0,2184000.0,-3945000.0,-0.148643556895,-6129000.0,-0.230934438583,0.0,-6210000.0,-0.23,446000.0,-6656000.0,-0.250791258478,-0.2144,-0.2144,31045488,31045488,https://www.sec.gov/Archives/edgar/data/1408278/000156459017011078/0001564590-17-011078-index.htm,https://www.sec.gov/Archives/edgar/data/1408278/000156459017005022/sync-10k_20161231.htm
0,2016-12-31,SYNC,2017-03-22,2017-03-22 16:31:57,Q4,34916000,18047000,16869000,0.48313094283423075,6357000.0,4668000.0,5669000.0,26857000,16694000,37194000,91000.0,2453000.0,175000.0,0.00501202886929,-2278000.0,-0.0652422957956,-248000.0,-2617000.0,-0.0749513117196,436000.0,-3053000.0,-0.0874384236453,-0.10092,-0.10092,30251685,30251685,https://www.sec.gov/Archives/edgar/data/1408278/000156459017005022/0001564590-17-005022-index.htm,https://www.sec.gov/Archives/edgar/data/1408278/000156459017005022/sync-10k_20161231.htm
0,2016-09-30,SYNC,2016-11-14,2016-11-14 16:46:41,Q3,31721000,14611000,17110000,0.5393903092588506,6791000.0,4871000.0,5907000.0,67136000,17569000,34594000,75000.0,2414000.0,-459000.0,-0.0144699095237,-2873000.0,-0.0905709151666,206000.0,-2986000.0,-0.0941332240472,379000.0,-3365000.0,-0.106081144983,-0.11176,-0.11176,30108725,30108725,https://www.sec.gov/Archives/edgar/data/1408278/000119312516767845/0001193125-16-767845-index.htm,https://www.sec.gov/Archives/edgar/data/1408278/000119312516767845/d272558d10q.htm
0,2016-06-30,SYNC,2016-08-15,2016-08-15 16:29:58,Q2,30476000,13516000,16960000,0.5565034781467384,6591000.0,5134000.0,5620000.0,0.0,17345000,33131000,84000.0,2270000.0,-385000.0,-0.0126328914556,-2655000.0,-0.0871177319858,0.0,-2497000.0,-0.0819333245833,260000.0,-2757000.0,-0.0904646279039,-0.0918,-0.0918,30031286,30031286,https://www.sec.gov/Archives/edgar/data/1408278/000119312516681946/0001193125-16-681946-index.htm,https://www.sec.gov/Archives/edgar/data/1408278/000119312516681946/d214859d10q.htm
0,2016-03-31,SYNC,2016-05-16,2016-05-16 16:39:00,Q1,30260000,12972000,17288000,0.5713152676801058,5873000.0,5022000.0,5650000.0,20943000,16545000,31615000,68000.0,2098000.0,743000.0,0.0245538664904,-1355000.0,-0.0447785855915,2000.0,-1421000.0,-0.0469596827495,144000.0,-1565000.0,-0.0517184401851,-0.05218,-0.05218,29992248,29992248,https://www.sec.gov/Archives/edgar/data/1408278/000119312516591951/0001193125-16-591951-index.htm,https://www.sec.gov/Archives/edgar/data/1408278/000119312516513635/d127163d10k.htm
0,2015-12-31,SYNC,2016-03-22,2016-03-22 17:24:50,Q4,32448000,14218000,18230000,0.5618219921104537,6219000.0,5106000.0,4797000.0,22622000,16122000,32525000,101000.0,2185000.0,2108000.0,0.0649654832347,-77000.0,-0.00237302761341,15000.0,-163000.0,-0.00502342209073,209000.0,-388000.0,-0.0119575936884,-0.01375,-0.01375,28213838,28213838,https://www.sec.gov/Archives/edgar/data/1408278/000119312516513635/0001193125-16-513635-index.htm,https://www.sec.gov/Archives/edgar/data/1408278/000119312516513635/d127163d10k.htm
0,2015-09-30,SYNC,2015-11-17,2015-11-16 17:32:08,Q3,26351000,13297000,13054000,0.49538916929148796,4361000.0,3713000.0,4274000.0,19218000,12348000,27205000,35000.0,1560000.0,706000.0,0.0267921521005,-854000.0,-0.0324086372434,-32000.0,-921000.0,-0.0349512352472,9000.0,-930000.0,-0.0352927782627,-0.03367,-0.03367,27617125,27617125,https://www.sec.gov/Archives/edgar/data/1408278/000119312515378583/0001193125-15-378583-index.htm,https://www.sec.gov/Archives/edgar/data/1408278/000119312515378583/d33668d10q.htm
0,2015-06-30,SYNC,2015-08-14,2015-08-14 06:02:08,Q2,24716000,12505000,12211000,0.49405243566920215,4561000.0,3350000.0,3639000.0,18726000,11550000,25715000,59000.0,1660000.0,661000.0,0.0267438096779,-999000.0,-0.0404191616766,17000.0,-1041000.0,-0.0421184657712,17000.0,-1083000.0,-0.0438177698657,-0.03942,-0.03942,27475481,27475481,https://www.sec.gov/Archives/edgar/data/1408278/000119312515290413/0001193125-15-290413-index.htm,https://www.sec.gov/Archives/edgar/data/1408278/000119312515290413/d85436d10q.htm
0,2015-03-31,SYNC,2015-05-14,2015-05-14 17:24:55,Q1,26730000,14403000,12327000,0.4611672278338945,4866000.0,3374000.0,3562000.0,20765000,11802000,27701000,50000.0,1496000.0,525000.0,0.0196408529742,-971000.0,-0.0363262252151,-16000.0,-1037000.0,-0.0387953610176,4000.0,-1073000.0,-0.0401421623644,-0.03915,-0.03915,27407147,27407147,https://www.sec.gov/Archives/edgar/data/1408278/000119312515188316/0001193125-15-188316-index.htm,https://www.sec.gov/Archives/edgar/data/1408278/000140827815000007/sync-20141231x10k.htm
0,2014-12-31,SYNC,2015-03-12,2015-03-12 07:24:54,Q4,30909000,16535000,14374000,0.4650425442427772,4071000.0,3560000.0,3613000.0,44612000,11244000,29597000,32000.0,1818000.0,3130000.0,0.101265003721,1312000.0,0.0424471836682,-28000.0,1252000.0,0.0405060014882,7434000.0,-6416000.0,-0.207577081109,-0.23425,-0.23425,27389793,27389793,https://www.sec.gov/Archives/edgar/data/1408278/000140827815000007/0001408278-15-000007-index.htm,https://www.sec.gov/Archives/edgar/data/1408278/000140827815000007/sync-20141231x10k.htm
0,2014-09-30,SYNC,2014-11-14,2014-11-14 16:14:02,Q3,26231000,14382000,11849000,0.45171743357096567,7576000.0,4091000.0,2600000.0,15515000,14267000,29782000,75000.0,1133000.0,-2418000.0,-0.0921810072052,-3551000.0,-0.135374175594,-14000.0,-3640000.0,-0.138767107621,-1288000.0,-2591000.0,-0.0987762571004,-0.09459,-0.09459,27391159,27391159,https://www.sec.gov/Archives/edgar/data/1408278/000140827814000044/0001408278-14-000044-index.htm,https://www.sec.gov/Archives/edgar/data/1408278/000140827814000044/sync-9302014x10q.htm
0,2014-06-30,SYNC,2014-08-14,2014-08-14 16:14:35,Q2,24191000,13146000,11045000,0.4565747592079699,7120000.0,3499000.0,2457000.0,13263000,13076000,26339000,23000.0,1117000.0,-1031000.0,-0.0426191558844,-2148000.0,-0.0887933528998,6000.0,-2165000.0,-0.0894960935885,-641000.0,-1868000.0,-0.0772188003803,-0.06818,-0.06818,27397695,27397695,https://www.sec.gov/Archives/edgar/data/1408278/000140827814000018/0001408278-14-000018-index.htm,https://www.sec.gov/Archives/edgar/data/1408278/000140827814000018/sync-6302014x10q.htm
0,2014-03-31,SYNC,2014-05-15,2014-05-15 17:08:59,Q1,25248000,13876000,11372000,0.45041191381495566,7492000.0,3099000.0,2137000.0,14934000,12728000,27662000,88000.0,1058000.0,-1356000.0,-0.0537072243346,-2414000.0,-0.0956115335868,8000.0,-2494000.0,-0.0987801013942,-684000.0,-2056000.0,-0.0814321926489,-0.07494,-0.07494,27434374,27434374,https://www.sec.gov/Archives/edgar/data/1408278/000140827814000011/0001408278-14-000011-index.htm,https://www.sec.gov/Archives/edgar/data/1408278/000140827814000003/sync12311310k.htm
0,2013-12-31,SYNC,2014-03-26,2014-03-26 17:25:40,Q4,29405000,15758000,13647000,0.46410474409114094,6910000.0,2891000.0,1792000.0,59000.0,11593000,28614000,53000.0,1263000.0,2054000.0,0.0698520659752,791000.0,0.026900187043,0.0,731000.0,0.0248597177351,312000.0,172000.0,0.00584934534943,0.0063,0.0063,27306882,27306882,https://www.sec.gov/Archives/edgar/data/1408278/000140827814000003/0001408278-14-000003-index.htm,https://www.sec.gov/Archives/edgar/data/1408278/000140827814000003/sync12311310k.htm
0,2013-09-30,SYNC,2013-11-14,2013-11-14 16:29:43,Q3,26551000,14083000,12468000,0.4695868328876502,7347000.0,2671000.0,2055000.0,15202000,12073000,27275000,39000.0,1119000.0,395000.0,0.0148770291138,-724000.0,-0.0272682761478,-30000.0,-778000.0,-0.0293020978494,-260000.0,-929000.0,-0.034989265941,-0.03404,-0.03404,27293898,27293898,https://www.sec.gov/Archives/edgar/data/1408278/000140827813000035/0001408278-13-000035-index.htm,https://www.sec.gov/Archives/edgar/data/1408278/000140827813000035/sync-9302013x10q.htm
0,2013-06-30,SYNC,2013-08-13,2013-08-13 16:08:59,Q2,26708000,14017000,12691000,0.4751759772352853,7336000.0,2957000.0,2147000.0,15155000,12440000,27595000,43000.0,1138000.0,251000.0,0.00939793320353,-887000.0,-0.0332110229145,0.0,-938000.0,-0.0351205631272,-204000.0,-637000.0,-0.0238505316759,-0.02336,-0.02336,27273671,27273671,https://www.sec.gov/Archives/edgar/data/1408278/000140827813000028/0001408278-13-000028-index.htm,https://www.sec.gov/Archives/edgar/data/1408278/000140827813000028/sync-6302013x10q.htm
0,2013-03-31,SYNC,2013-05-14,2013-05-14 16:01:47,Q1,29143000,15764000,13379000,0.45908108293586797,6865000.0,3144000.0,2130000.0,16894000,12139000,29033000,58000.0,1130000.0,1240000.0,0.0425488110352,110000.0,0.00377449130151,0.0,45000.0,0.00154411007789,18000.0,27000.0,0.000926466046735,0.00096,0.00096,27236186,28233297,https://www.sec.gov/Archives/edgar/data/1408278/000140827813000022/0001408278-13-000022-index.htm,https://www.sec.gov/Archives/edgar/data/1408278/000140827813000014/sync12311210k.htm
0,2012-12-31,SYNC,2013-03-26,2013-03-26 17:26:45,Q4,121981000,66620000,55361000,0.45384936998384995,25603000,11011000,9120000.0,18271000,45734000,116133000,270000.0,3779000.0,6602000.0,0.0541231831187,2823000.0,0.023142948492,-6000.0,2554000.0,0.0209376870168,1764000.0,790000.0,0.00647641845861,0.02812,0.02812,24411194,28097313,https://www.sec.gov/Archives/edgar/data/1408278/000140827813000014/0001408278-13-000014-index.htm,https://www.sec.gov/Archives/edgar/data/1408278/000140827813000014/sync12311210k.htm
0,2012-09-30,SYNC,2012-11-14,2012-11-14 20:23:36,Q3,28326000,15792000,12534000,0.4424909976699852,6218000.0,2676000.0,2000000.0,16773000,27667000,27667000,0.0,981000.0,652000.0,0.05789733813457601,652000.0,0.023264845018710727,25000.0,652000.0,0.02160559203558568,-40000.0,652000.0,0.023017722233989974,0.02321,0.02321,24411194,28097313,https://www.sec.gov/Archives/edgar/data/1408278/000119312512471230/0001193125-12-471230-index.htm,https://www.sec.gov/Archives/edgar/data/1408278/000119312512471230/d398962d10q.htm
0,2012-06-30,SYNC,2012-08-14,2012-08-14 16:15:05,Q2,30807000,16876000,13931000,0.4522024215275749,6123000.0,2868000.0,2399000.0,17810000,29200000,29200000,0.0,934000.0,2373000.0,0.08248125426039536,2373000.0,0.05216346934138345,-18000.0,2373000.0,0.04869023273931249,301000.0,2373000.0,0.03891972603629045,0.08446,0.08446,24411194,28097313,https://www.sec.gov/Archives/edgar/data/1408278/000119312512355606/0001193125-12-355606-index.htm,https://www.sec.gov/Archives/edgar/data/1408278/000119312512355606/d364222d10q.htm
0,2012-03-31,SYNC,2012-05-15,2012-05-15 16:11:56,Q1,30670000,16764000,13906000,0.4534072383436583,6288000.0,2840000.0,2377000.0,17545000,29050000,29050000,0.0,781000.0,2401000.0,0.07828496902510597,1620000.0,0.052820345614607106,0.0,1573000.0,0.05128790348875122,399000.0,1174000.0,0.03827844799478317,0.04178,0.04178,24411194,28097313,https://www.sec.gov/Archives/edgar/data/1408278/000119312512234568/0001193125-12-234568-index.htm,https://www.sec.gov/Archives/edgar/data/1408278/000119312512234568/d344456d10q.htm
