,date,symbol,fillingDate,acceptedDate,period,revenue,costOfRevenue,grossProfit,grossProfitRatio,researchAndDevelopmentExpenses,generalAndAdministrativeExpenses,sellingAndMarketingExpenses,otherExpenses,operatingExpenses,costAndExpenses,interestExpense,depreciationAndAmortization,ebitda,ebitdaratio,operatingIncome,operatingIncomeRatio,totalOtherIncomeExpensesNet,incomeBeforeTax,incomeBeforeTaxRatio,incomeTaxExpense,netIncome,netIncomeRatio,eps,epsdiluted,weightedAverageShsOut,weightedAverageShsOutDil,link,finalLink
0,2020-09-30,CLGX,2020-11-04,2020-11-03 20:54:57,Q3,436727000,154192000,282535000,0.6469373315595326,0.0,165742000,0.0,197802000,363544000,517736000,-17021000,37095000,110278000,0.2525101493610425,73183000,0.16757150347929026,0.0,91936000,0.2105113720928635,-9560000.0,113146000,0.25907718093912213,1.29,1.29,79467000,80646000,https://www.sec.gov/Archives/edgar/data/36047/000003604720000059/0000036047-20-000059-index.htm,https://www.sec.gov/Archives/edgar/data/36047/000003604720000059/clgx-20200930.htm
0,2020-06-30,CLGX,2020-07-27,2020-07-24 17:44:37,Q2,477464000,214491000,262973000,0.5507703198565755,0.0,124061000,0.0,262420000,171989999.99999997,386481000,-10509000,46700999.99999999,117041999.99999999,0.245133,90983000,0.190555,0.0,80474000,0.168545,21845000,59005000,0.12358,0.73165,0.73165,80646000,80646000,https://www.sec.gov/Archives/edgar/data/36047/000003604720000047/0000036047-20-000047-index.htm,https://www.sec.gov/Archives/edgar/data/36047/000003604720000047/clgx-20200630.htm
0,2020-03-31,CLGX,2020-05-01 00:00:00,2020-04-30 20:00:09,Q1,443885000,215565000,228320000,0.514367,0.0,114406000,0.0,262408000,161249000.00000003,376814000,-20826000,46843000,72787000,0.163977,67071000,0.1511,0.0,46245000,0.104182,12951000,33819000,0.076189,0.41998,0.41998,80525000,80525000,https://www.sec.gov/Archives/edgar/data/36047/000003604720000027/0000036047-20-000027-index.html,https://www.sec.gov/Archives/edgar/data/36047/000003604720000027/clgx-33120x10q.htm
0,2019-12-31,CLGX,2020-02-27 00:00:00,2020-02-27 14:02:08,Q4,426032000,205636000,220396000,0.517323,0.0,118680000,0.0,251350000,164354000,369990000,-17322000,45674000.00000001,67116000.00000001,0.157537,56042000,0.131544,0.0,38720000,0.090885,8682000.0,30082000,0.07061,0.37383,0.37383,80469000,80469000,https://www.sec.gov/Archives/edgar/data/36047/000003604720000015/0000036047-20-000015-index.html,https://www.sec.gov/Archives/edgar/data/36047/000003604720000015/clgx-12312019x10k.htm
0,2019-09-30,CLGX,2019-10-24 00:00:00,2019-10-24 15:10:13,Q3,458957000,228050000,230907000,0.503112,0.0,111412000,0.0,273981000,157207000,385257000,-19279000,45717000,64102000,0.139669,73700000,0.160581,0.0,54421000,0.118575,14481000,23183000,0.050512,0.28651,0.28651,80914000,80914000,https://www.sec.gov/Archives/edgar/data/36047/000003604719000098/0000036047-19-000098-index.html,https://www.sec.gov/Archives/edgar/data/36047/000003604719000098/clgx-93019x10q.htm
0,2019-06-30,CLGX,2019-07-25,2019-07-25 14:18:05,Q2,459538000,227210000,232328000,0.505569,0.0,122798000,0.0,322150000,217737999.99999997,444947999.99999994,-22065000,47106000,4438000.0,0.009658,14590000,0.031749,-13394000,-20869000,-0.045413,-15031000,-5572000.0,-0.012125,-0.06924,-0.06924,80473000,80473000,https://www.sec.gov/Archives/edgar/data/36047/000003604719000086/clgx-63019x10q.htm,https://www.sec.gov/Archives/edgar/data/36047/000003604719000086/clgx-63019x10q.htm
0,2019-03-31,CLGX,2019-04-25 00:00:00,2019-04-25 14:33:25,Q1,417708000,218660000,199048000,0.476524,0.0,128625000,0.0,268280000,177844000.00000003,396504000,-17991000,49219000,33973000,0.081332,21204000,0.050763,0.0,3213000.0,0.007692,1058000.0,1687000.0,0.004039,0.02076,0.02076,81277000,81277000,https://www.sec.gov/Archives/edgar/data/36047/000003604719000062/0000036047-19-000062-index.html,https://www.sec.gov/Archives/edgar/data/36047/000003604719000062/clgx-33119x10q.htm
0,2018-12-31,CLGX,2019-02-27 00:00:00,2019-02-27 16:19:43,Q4,403309000,212275000,191034000,0.473667,0.0,102265000,0.0,269962000,162251999.99999997,374527000,-6085000.0,57769000.00000001,72553000,0.179894,28782000,0.071365,0.0,22697000,0.056277,8259000.0,12610000,0.031266,0.15469,0.15469,81516000,81516000,https://www.sec.gov/Archives/edgar/data/36047/000003604719000014/0000036047-19-000014-index.html,https://www.sec.gov/Archives/edgar/data/36047/000003604719000014/clgx-12312018x10k.htm
0,2018-09-30,CLGX,2018-10-25 00:00:00,2018-10-25 14:07:42,Q3,451768000,230419000,221349000,0.489962,0.0,112875000,0.0,278913000,161569000,391988000,-16248000,48448000.00000001,75487000.00000001,0.167092,59780000,0.132325,0.0,43532000,0.096359,20836000,22451000,0.049696,0.27374,0.27374,82017000,82017000,https://www.sec.gov/Archives/edgar/data/36047/000003604718000115/0000036047-18-000115-index.html,https://www.sec.gov/Archives/edgar/data/36047/000003604718000115/clgx-93018x10q.htm
0,2018-06-30,CLGX,2018-07-26 00:00:00,2018-07-26 15:46:37,Q2,488400000,239300000,249100000,0.510033,0.0,111100000,0.0,286742000,159500000,398800000,-16600000,47400000,106600000,0.218264,89600000,0.183456,0.0,73000000,0.149468,17300000,58500000,0.119779,0.70995,0.70995,82400000,82400000,https://www.sec.gov/Archives/edgar/data/36047/000003604718000094/0000036047-18-000094-index.html,https://www.sec.gov/Archives/edgar/data/36047/000003604718000094/clgx-63018x10q.htm
0,2018-03-31,CLGX,2018-04-26 00:00:00,2018-04-26 13:29:52,Q1,444900000,239400000,205500000,0.461902,0.0,114200000,0.0,285529000,161100000,400500000,-17000000,46100000,56700000,0.127444,44400000,0.099798,0.0,27400000,0.061587,-700000.0,28300000,0.06361,0.34179,0.34179,82800000,82800000,https://www.sec.gov/Archives/edgar/data/36047/000003604718000051/0000036047-18-000051-index.html,https://www.sec.gov/Archives/edgar/data/36047/000003604718000051/clgx-33118x10q.htm
0,2017-12-31,CLGX,2018-02-27 00:00:00,2018-02-27 15:55:05,Q4,454200000,229500000,224600000,0.494496,0.0,110400000,0.0,275675000,162700000,392200000,-15800000,46100000.00000002,114400000.00000001,0.251871,62000000,0.136504,0.0,46200000,0.101717,19400000,64700000,0.142448,0.77578,0.77578,83400000,83400000,https://www.sec.gov/Archives/edgar/data/36047/000003604718000015/0000036047-18-000015-index.html,https://www.sec.gov/Archives/edgar/data/36047/000003604718000015/clgx-12312017x10k.htm
0,2017-09-30,CLGX,2017-10-26 00:00:00,2017-10-26 15:37:51,Q3,483100000,244200000,238900000,0.494515,0.0,130400000,0.0,289511000,179700000,423900000,-16300000,45399999.99999999,71799999.99999999,0.148623,59200000,0.122542,0.0,42900000,0.088801,11900000,30800000,0.063755,0.36193,0.36193,85100000,85100000,https://www.sec.gov/Archives/edgar/data/36047/000003604717000055/0000036047-17-000055-index.html,https://www.sec.gov/Archives/edgar/data/36047/000003604717000055/clgx-93017x10q.htm
0,2017-06-30,CLGX,2017-07-26 00:00:00,2017-07-26 13:39:33,Q2,474000000,249200000,224800000,0.474262,0.0,96300000,0.0,292033000,146400000.00000003,395600000.00000006,-18300000,42800000,84400000,0.178059,78400000,0.165401,0.0,60100000,0.126793,18600000,41300000,0.087131,0.47967,0.47967,86100000,86100000,https://www.sec.gov/Archives/edgar/data/36047/000003604717000043/0000036047-17-000043-index.html,https://www.sec.gov/Archives/edgar/data/36047/000003604717000043/clgx-63017x10q.htm
0,2017-03-31,CLGX,2017-04-26 00:00:00,2017-04-26 17:24:22,Q1,439900000,252000000,187900000,0.427143,0.0,111600000,0.0,295438000,155300000,407300000,-12900000,43500000,52300000,0.118891,32600000,0.074108,0.0,19700000,0.044783,6300000.0,15400000,0.035008,0.17845,0.17845,86300000,86300000,https://www.sec.gov/Archives/edgar/data/36047/000003604717000030/0000036047-17-000030-index.html,https://www.sec.gov/Archives/edgar/data/36047/000003604717000030/clgx-33117x10q.htm
0,2016-12-31,CLGX,2017-02-24 00:00:00,2017-02-24 16:30:02,Q4,474900000,258400000,216600000,0.456096,0.0,114400000,0.0,303504000,191100000.00000003,449500000,6600000.0,45199999.99999999,57899999.99999999,0.12192,25400000,0.053485,-23400000,8600000.0,0.018109,2500000.0,3600000.0,0.007581,0.04119,0.04119,87400000,87400000,https://www.sec.gov/Archives/edgar/data/36047/000003604717000011/0000036047-17-000011-index.html,https://www.sec.gov/Archives/edgar/data/36047/000003604717000011/clgx-12312016x10k.htm
0,2016-09-30,CLGX,2016-10-26 00:00:00,2016-10-26 17:27:17,Q3,523900000,275500000,248400000,0.474136,0.0,116800000,0.0,319966000,182700000,458200000,-14300000,44500000,81200000,0.154991,65700000,0.125406,0.0,51300000,0.097919,15900000,35100000,0.066998,0.3935,0.3935,89200000,89200000,https://www.sec.gov/Archives/edgar/data/36047/000003604716000100/0000036047-16-000100-index.html,https://www.sec.gov/Archives/edgar/data/36047/000003604716000100/clgx-93016x10q.htm
0,2016-06-30,CLGX,2016-07-27,2016-07-26 20:31:53,Q2,500200000,264700000,235500000,0.470812,0.0,110700000,0.0,308024000,159100000.00000003,423800000,-15800000,43300000.00000001,88200000,0.176329,76400000,0.152739,0.0,60600000,0.121152,20300000,40400000,0.080768,0.44889,0.44889,90000000,90000000,https://www.sec.gov/Archives/edgar/data/36047/000003604716000094/clgx-63016x10q.htm,https://www.sec.gov/Archives/edgar/data/36047/000003604716000094/clgx-63016x10q.htm
0,2016-03-31,CLGX,2016-04-22 00:00:00,2016-04-22 14:52:10,Q1,453500000,245400000,208200000,0.459096,0.0,109300000,0.0,285021000,149900000,395300000,-14800000,39600000,68100000,0.150165,58200000,0.128335,0.0,43400000,0.0957,15800000,27500000,0.060639,0.3059,0.3059,89900000,89900000,https://www.sec.gov/Archives/edgar/data/36047/000003604716000080/0000036047-16-000080-index.html,https://www.sec.gov/Archives/edgar/data/36047/000003604716000080/clgx-33116x10q.htm
0,2015-12-31,CLGX,2016-02-26 00:00:00,2016-02-26 15:21:01,Q4,390900000,208400000,182500000,0.466871,0.0,114300000,0.0,-100000.0,156499999.99999997,364899999.99999994,20400000,40700000,108800000,0.278332,26000000,0.066513,-100000.0,46400000,0.1187,10000000,37700000,0.096444,0.41889,0.41889,90000000,90000000,https://www.sec.gov/Archives/edgar/data/36047/000003604716000065/0000036047-16-000065-index.html,https://www.sec.gov/Archives/edgar/data/36047/000003604716000065/clgx-12312015x10k.htm
0,2015-09-30,CLGX,2015-10-23 00:00:00,2015-10-23 14:58:46,Q3,386400000,192800000,193600000,0.501035,0.0,91200000,0.0,229278000,127699999.99999999,320500000,-19000000,36500000,67500000,0.174689,65900000,0.170549,0.0,46900000,0.121377,21800000,28200000,0.072981,0.31264,0.31264,90200000,90200000,https://www.sec.gov/Archives/edgar/data/36047/000003604715000049/0000036047-15-000049-index.html,https://www.sec.gov/Archives/edgar/data/36047/000003604715000049/clgx-93015x10q.htm
0,2015-06-30,CLGX,2015-07-27 00:00:00,2015-07-24 18:40:15,Q2,386000000,189700000,196300000,0.508549,0.0,98300000,0.0,227015000,135600000.00000003,325300000,-18000000,37200000,66200000,0.171503,60700000,0.157254,0.0,42800000,0.110881,14200000,32800000,0.084974,0.36044,0.36044,91000000,91000000,https://www.sec.gov/Archives/edgar/data/36047/000003604715000040/0000036047-15-000040-index.html,https://www.sec.gov/Archives/edgar/data/36047/000003604715000040/clgx-63015x10q.htm
0,2015-03-31,CLGX,2015-04-24 00:00:00,2015-04-24 14:29:23,Q1,364800000,185500000,179200000,0.491228,0.0,94000000,0.0,221521000,130000000,315500000,-12100000,36000000,64600000,0.177083,49300000,0.135143,0.0,37200000,0.101974,11500000,29200000,0.080044,0.32053,0.32053,91100000,91100000,https://www.sec.gov/Archives/edgar/data/36047/000003604715000023/0000036047-15-000023-index.html,https://www.sec.gov/Archives/edgar/data/36047/000003604715000023/clgx-33115x10q.htm
0,2014-12-31,CLGX,2015-02-26,2015-02-26 16:54:25,Q4,345500000,175400000,170100000,0.49233,0.0,96100000,0.0,213225000,133999999.99999997,309399999.99999994,-16500000,42800000.00000001,47700000.00000001,0.138061,36200000,0.104776,0.0,19700000,0.057019,6700000.0,14700000,0.042547,0.16118,0.16118,91200000,91200000,https://www.sec.gov/Archives/edgar/data/36047/000003604715000005/clgx-12312014x10k.htm,https://www.sec.gov/Archives/edgar/data/36047/000003604715000005/clgx-12312014x10k.htm
0,2014-09-30,CLGX,2014-10-24 00:00:00,2014-10-23 19:57:10,Q3,367500000,185200000,182300000,0.496054,0.0,68100000,0.0,246065000,104500000,289700000,-17300000,35699999.99999999,77999999.99999999,0.212245,77800000,0.211701,0.0,60400000,0.164354,14300000,45300000,0.123265,0.49239,0.49239,92000000,92000000,https://www.sec.gov/Archives/edgar/data/36047/000003604714000052/0000036047-14-000052-index.html,https://www.sec.gov/Archives/edgar/data/36047/000003604714000052/clgx-093014x10q.htm
0,2014-06-30,CLGX,2014-07-25 00:00:00,2014-07-25 14:53:21,Q2,366000000,192100000,173900000,0.475137,0.0,93400000,0.0,217555000,132900000,325000000,-9300000.0,35400000.00000001,50700000.00000001,0.138525,41000000,0.112022,0.0,31700000,0.086612,8600000.0,16000000,0.043716,0.17186,0.17186,93100000,93100000,https://www.sec.gov/Archives/edgar/data/36047/000003604714000038/0000036047-14-000038-index.html,https://www.sec.gov/Archives/edgar/data/36047/000003604714000038/clgx-063014x10q.htm
0,2014-03-31,CLGX,2014-04-30 00:00:00,2014-04-29 21:17:00,Q1,326100000,187700000,138400000,0.42441,0.0,94000000,0.0,206820000,123600000.00000001,311300000,-20000000,29500000,6800000.0,0.020852,14800000,0.045385,0.0,-5200000.0,-0.015946,100000.0,-2800000.0,-0.008586,-0.03063,-0.03063,91400000,91400000,https://www.sec.gov/Archives/edgar/data/36047/000003604714000018/0000036047-14-000018-index.html,https://www.sec.gov/Archives/edgar/data/36047/000003604714000018/clgx-033114x10q.htm
0,2013-12-31,CLGX,2014-02-27,2014-02-27 14:44:48,Q4,328500000,177400000,151100000,0.45997,0.0,98000000,0.0,46765000,170400000,347800000,-10100000,29599999.999999993,-10000000.000000006,-0.030441,-19300000,-0.058752,0.0,-29300000,-0.089193,-16400000,-13100000,-0.039878,-0.14101,-0.14101,92900000,92900000,https://www.sec.gov/Archives/edgar/data/36047/000003604714000006/clgx-12312013x10k.htm,https://www.sec.gov/Archives/edgar/data/36047/000003604714000006/clgx-12312013x10k.htm
0,2013-09-30,CLGX,2013-10-25 00:00:00,2013-10-24 21:44:38,Q3,356600000,177900000,178700000,0.501122,0.0,87900000,0.0,243485000,117299999.99999999,295200000,-3900000.0,28400000.000000007,88000000,0.246775,61400000,0.172182,0.0,57500000,0.161245,19800000,43700000,0.122546,0.45145,0.45145,96800000,96800000,https://www.sec.gov/Archives/edgar/data/36047/000003604713000052/0000036047-13-000052-index.html,https://www.sec.gov/Archives/edgar/data/36047/000003604713000052/clgx-093013x10q.htm
0,2013-06-30,CLGX,2013-07-26 00:00:00,2013-07-25 20:00:35,Q2,388000000,194300000,193700000,0.499227,0.0,106200000,0.0,256157000,141000000,335300000,-11300000,34199999.99999999,82600000,0.212887,52700000,0.135825,0.0,41400000,0.106701,16100000,43600000,0.112371,0.45181,0.45181,96500000,96500000,https://www.sec.gov/Archives/edgar/data/36047/000003604713000037/0000036047-13-000037-index.html,https://www.sec.gov/Archives/edgar/data/36047/000003604713000037/clgx-063013x10q.htm
0,2013-03-31,CLGX,2013-04-26 00:00:00,2013-04-25 18:43:58,Q1,331300000,167600000,163700000,0.494114,0.0,82200000,0.0,250841000,116400000,284000000,-10300000,34100000,71600000,0.216118,47300000,0.142771,0.0,37000000,0.111681,14200000,33600000,0.101419,0.33905,0.33905,99100000,99100000,https://www.sec.gov/Archives/edgar/data/36047/000003604713000021/0000036047-13-000021-index.html,https://www.sec.gov/Archives/edgar/data/36047/000003604713000021/clgx-033113x10q.htm
0,2012-12-31,CLGX,2013-02-25 00:00:00,2013-02-25 13:45:12,Q4,176300000,74100000,102100000,0.579126,0.0,82200000,0.0,396301000,105900000,180000000,-3400000.0,28399999.99999999,49999999.99999999,0.283607,-3800000.0,-0.021554,0.0,-7200000.0,-0.040839,10300000,14700000,0.083381,0.15077,0.15077,97500000,97500000,https://www.sec.gov/Archives/edgar/data/36047/000003604713000012/0000036047-13-000012-index.html,https://www.sec.gov/Archives/edgar/data/36047/000003604713000012/clgx-12312012x10k.htm
0,2012-09-30,CLGX,2012-10-26 00:00:00,2012-10-26 15:25:54,Q3,409800000,100800000,309000000,0.754026,0.0,133800000,0.0,80800000,247599999.99999997,348399999.99999994,-17000000,33000000.00000001,70700000.00000001,0.172523,61400000,0.149829,0.0,44400000,0.108346,16400000,38300000,0.09346,0.37148,0.37148,103100000,103100000,https://www.sec.gov/Archives/edgar/data/36047/000003604712000067/0000036047-12-000067-index.html,https://www.sec.gov/Archives/edgar/data/36047/000003604712000067/clgx-93012x10q.htm
0,2012-06-30,CLGX,2012-07-24 00:00:00,2012-07-24 17:14:42,Q2,389400000,205700000,183600000,0.471495,0.0,85200000,0.0,187289000,116100000.00000001,321800000,-14600000,30900000,82600000,0.212121,67600000,0.1736,0.0,53000000,0.136107,23600000,42700000,0.109656,0.40094,0.40094,106500000,106500000,https://www.sec.gov/Archives/edgar/data/36047/000003604712000056/0000036047-12-000056-index.html,https://www.sec.gov/Archives/edgar/data/36047/000003604712000056/clgx-63012x10q.htm
0,2012-03-31,CLGX,2012-04-30,2012-04-27 20:41:17,Q1,358100000,197700000,160400000,0.44792,0.0,85700000,0.0,175132000,115199999.99999999,312900000,-12500000,29500000,46800000,0.13069,45200000,0.126222,0.0,32700000,0.091315,13200000,16600000,0.046356,0.15558,0.15558,106700000,106700000,https://www.sec.gov/Archives/edgar/data/36047/000003604712000016/clgx-12312011x10k.htm,https://www.sec.gov/Archives/edgar/data/36047/000003604712000016/clgx-12312011x10k.htm
0,2011-12-31,CLGX,2012-02-29 00:00:00,2012-02-29 16:56:40,Q4,345400000,194900000,150500000,0.435727,0.0,103700000,0.0,190608000,135100000,330000000,-41300000,31299999.999999996,-41900000,-0.121309,15400000,0.044586,0.0,-25900000,-0.074986,-9700000.0,-22200000,-0.064273,-0.21574,-0.21574,102900000,102900000,https://www.sec.gov/Archives/edgar/data/36047/000003604712000016/0000036047-12-000016-index.html,https://www.sec.gov/Archives/edgar/data/36047/000003604712000016/clgx-12312011x10k.htm
0,2011-09-30,CLGX,2011-11-04 00:00:00,2011-11-03 21:08:37,Q3,348400000,78200000,270300000,0.775832,0.0,131500000,0.0,76100000,242400000.00000003,320600000.00000006,-18500000,34900000.00000001,-70300000,-0.20178,27800000,0.079793,0.0,9300000.0,0.026693,20500000,-107200000,-0.307692,-1.00752,-1.00752,106400000,106400000,https://www.sec.gov/Archives/edgar/data/36047/000003604711000013/0000036047-11-000013-index.html,https://www.sec.gov/Archives/edgar/data/36047/000003604711000013/clgx-93011x10q.htm
0,2011-06-30,CLGX,2011-08-08 00:00:00,2011-08-05 21:01:34,Q2,328400000,69300000,259100000,0.788977,0.0,142000000,0.0,71900000,240300000,309600000,-9556000.0,26299999.999999996,70744000,0.21542,18800000,0.057247,0.0,57100000,0.173873,22500000,31500000,0.09592,0.29006,0.29006,108600000,108600000,https://www.sec.gov/Archives/edgar/data/36047/000003604711000006/0000036047-11-000006-index.html,https://www.sec.gov/Archives/edgar/data/36047/000003604711000006/clgx-63011x10q.htm
0,2011-03-31,CLGX,2011-05-06 00:00:00,2011-05-05 20:44:02,Q1,316300000,63900000,252300000,0.79766,0.0,141000000,0.0,61700000,225799999.99999997,289700000,9556000.0,23000000,89656000,0.283452,26600000,0.084097,0.0,49900000,0.157762,33800000,23300000,0.073664,0.20034,0.20034,116300000,116300000,https://www.sec.gov/Archives/edgar/data/36047/000114036111025459/0001140361-11-025459-index.html,https://www.sec.gov/Archives/edgar/data/36047/000114036111025459/form10-q.htm
0,2010-12-31,CLGX,2011-03-14,2011-03-14 17:11:58,Q4,315400000,898600000,-583200000,-1.849081,0.0,-18300000,0.0,-620800000,-616400000.0000001,282199999.9999999,9128000.0,22700000.000000004,41228000,0.130717,33200000,0.105263,0.0,15200000,0.048193,26100000,-16700000,-0.052949,-0.13479,-0.13479,123900000,123900000,https://www.sec.gov/Archives/edgar/data/36047/000114036111016415/form10k.htm,https://www.sec.gov/Archives/edgar/data/36047/000114036111016415/form10k.htm
0,2010-09-30,CLGX,2010-11-05 00:00:00,2010-11-05 14:48:35,Q3,330100000,76500000,253600000,0.768252,0.0,133800000,0.0,50600000,208000000,284500000,9049000.0,18600000,-71351000,-0.21615,45700000,0.138443,0.0,40300000,0.122084,-5600000.0,-93400000,-0.282945,-0.79287,-0.79287,117800000,117800000,https://www.sec.gov/Archives/edgar/data/36047/000114036110043888/0001140361-10-043888-index.html,https://www.sec.gov/Archives/edgar/data/36047/000114036110043888/form10qsept10.htm
0,2010-06-30,CLGX,2010-08-09 00:00:00,2010-08-09 17:24:03,Q2,236900000,12400000,224500000,0.947657,0.0,118800000,0.0,66800000,208299999.99999997,220699999.99999997,16520000,27600000,117920000,0.497763,16200000,0.068383,0.0,1500000.0,0.006332,6900000.0,66900000,0.282398,0.64451,0.64451,103800000,103800000,https://www.sec.gov/Archives/edgar/data/36047/000114036110032351/0001140361-10-032351-index.html,https://www.sec.gov/Archives/edgar/data/36047/000114036110032351/form10q.htm
0,2010-03-31,CLGX,2010-05-03 00:00:00,2010-04-30 19:42:12,Q1,397900000,125800000,272100000,0.68384,0.0,153500000,0.0,74000000,253500000,379300000,-3100000.0,26000000,12700000,0.031918,18600000,0.046745,0.0,15400000,0.038703,2900000.0,-13100000,-0.032923,-0.12548,-0.12548,104400000,104400000,https://www.sec.gov/Archives/edgar/data/36047/000119312510102497/0001193125-10-102497-index.html,https://www.sec.gov/Archives/edgar/data/36047/000119312510102497/d10q.htm
0,2009-12-31,CLGX,2010-03-01 00:00:00,2010-03-01 16:52:04,Q4,245800000,85900000,159900000,0.650529,0.0,89600000,0.0,61300000,165500000,251400000,-13900000,5100000.000000008,19500000.000000007,0.079333,-5600000.0,-0.022783,0.0,-19500000,-0.079333,-9700000.0,38000000,0.154597,0.38579,0.38579,98500000,98500000,https://www.sec.gov/Archives/edgar/data/36047/000119312510044803/0001193125-10-044803-index.html,https://www.sec.gov/Archives/edgar/data/36047/000119312510044803/d10k.htm
0,2009-09-30,CLGX,2009-11-02 00:00:00,2009-11-02 17:29:06,Q3,469800000,139900000,329900000,0.702214,0.0,166600000,0.0,87900000,299500000,439400000,-7000000.0,45000000,97200000,0.206897,30400000,0.064708,0.0,23400000,0.049808,3800000.0,55400000,0.117923,0.58624,0.58624,94500000,94500000,https://www.sec.gov/Archives/edgar/data/36047/000119312509220629/0001193125-09-220629-index.html,https://www.sec.gov/Archives/edgar/data/36047/000119312509220629/d10q.htm
0,2009-06-30,CLGX,2009-07-30 00:00:00,2009-07-30 09:01:31,Q2,499900000,157000000,342900000,0.685937,0.0,173000000,0.0,77000000,282300000,439300000,-7200000.0,12299999.999999996,94800000,0.189638,60600000,0.121224,0.0,53400000,0.106821,19400000,70300000,0.140628,0.74156,0.74156,94800000,94800000,https://www.sec.gov/Archives/edgar/data/36047/000119312509158970/0001193125-09-158970-index.html,https://www.sec.gov/Archives/edgar/data/36047/000119312509158970/d10q.htm
0,2009-03-31,CLGX,2009-05-04 00:00:00,2009-05-01 20:24:23,Q1,485200000,149800000,335400000,0.691261,0.0,179500000,0.0,72600000,284200000,434000000,-7700000.0,52000000,95300000,0.196414,51200000,0.105523,0.0,43500000,0.089654,15000000,36000000,0.074196,0.38503,0.38503,93500000,93500000,https://www.sec.gov/Archives/edgar/data/36047/000119312509096599/0001193125-09-096599-index.html,https://www.sec.gov/Archives/edgar/data/36047/000119312509096599/d10q.htm
0,2008-12-31,CLGX,2009-03-02 00:00:00,2009-03-02 16:42:54,Q4,1350700000,0.0,0.0,1.0,0.0,921900000,0.0,416500000,1440400000,1440400000,-6087000.0,-40599999.99999999,-145687000,-0.10786,-89800000,-0.066484,0.0,-89800000,-0.066484,-32100000,-66900000,-0.04953,-0.72013,-0.72013,92900000,92900000,https://www.sec.gov/Archives/edgar/data/36047/000119312509042644/0001193125-09-042644-index.html,https://www.sec.gov/Archives/edgar/data/36047/000119312509042644/d10k.htm
0,2008-09-30,CLGX,2008-10-30 00:00:00,2008-10-30 09:02:53,Q3,1519000000,0.0,0.0,-1.0,0.0,983000000,0.0,457600000,1518100000,1518100000,6087000.0,59999999.999999985,56786999.999999985,0.037384,800000.0,0.000527,0.0,800000.0,0.000527,-1000000.0,-8300000.0,-0.005464,-0.08954,-0.08954,92700000,92700000,https://www.sec.gov/Archives/edgar/data/36047/000119312508219783/0001193125-08-219783-index.html,https://www.sec.gov/Archives/edgar/data/36047/000119312508219783/d10q.htm
0,2008-06-30,CLGX,2008-08-08 00:00:00,2008-08-08 17:18:10,Q2,1685000000,0.0,0.0,1.0,0.0,1054800000,0.0,491300000,1621400000,1621400000,0.0,59700000,106200000,0.063027,63600000,0.037745,0.0,63600000,0.037745,26900000,19600000,0.011632,0.2103,0.2103,93200000,93200000,https://www.sec.gov/Archives/edgar/data/36047/000119312508172121/0001193125-08-172121-index.html,https://www.sec.gov/Archives/edgar/data/36047/000119312508172121/d10q.htm
0,2008-03-31,CLGX,2008-05-01 00:00:00,2008-05-01 09:03:39,Q1,1659200000,0.0,0.0,1.0,0.0,1048800000,0.0,461700000,1589600000,1589600000,0.0,57500000,108900000,0.065634,69600000,0.041948,0.0,69600000,0.041948,22100000,29300000,0.017659,0.31607,0.31607,92700000,92700000,https://www.sec.gov/Archives/edgar/data/36047/000119312508098333/0001193125-08-098333-index.html,https://www.sec.gov/Archives/edgar/data/36047/000119312508098333/d10q.htm
0,2007-12-31,CLGX,2008-02-29,2008-02-29 16:52:15,Q4,1876600000,0.0,0.0,1.0,0.0,1331800000,0.0,521500000,1933000000,1933000000,0.0,52700000.00000002,-32199999.99999998,-0.017159,-56400000,-0.030054,0.0,-56400000,-0.030054,-17400000,-67500000,-0.035969,-0.7361,-0.7361,91700000,91700000,https://www.sec.gov/Archives/edgar/data/36047/000119312508043818/d10k.htm,https://www.sec.gov/Archives/edgar/data/36047/000119312508043818/d10k.htm
0,2007-09-30,CLGX,2007-11-01 00:00:00,2007-11-01 09:03:17,Q3,2071800000,0.0,0.0,1.0,0.0,1346600000,0.0,530800000,1963700000,1963700000,0.0,61899999.99999999,149900000,0.072353,108000000,0.052129,0.0,108000000,0.052129,41400000,46600000,0.022493,0.50433,0.50433,92400000,92400000,https://www.sec.gov/Archives/edgar/data/36047/000119312507231941/0001193125-07-231941-index.html,https://www.sec.gov/Archives/edgar/data/36047/000119312507231941/d10q.htm
0,2007-06-30,CLGX,2007-08-02 00:00:00,2007-08-02 09:08:11,Q2,2155300000,0.0,0.0,1.0,0.0,1591300000,0.0,563400000,2235300000,2235300000,0.0,63600000,-42200000,-0.01958,-80000000,-0.037118,0.0,-80000000,-0.037118,-39800000,-66000000,-0.030622,-0.68465,-0.68465,96400000,96400000,https://www.sec.gov/Archives/edgar/data/36047/000119312507168939/0001193125-07-168939-index.html,https://www.sec.gov/Archives/edgar/data/36047/000119312507168939/d10q.htm
0,2007-03-31,CLGX,2007-05-03 00:00:00,2007-05-03 09:08:08,Q1,2118700000,0.0,0.0,1.0,0.0,1339600000,0.0,522900000,1938300000,1938300000,0.0,54100000,197300000,0.093123,180400000,0.085147,0.0,180400000,0.085147,59400000,83800000,0.039553,0.84561,0.84561,99100000,99100000,https://www.sec.gov/Archives/edgar/data/36047/000119312507100459/0001193125-07-100459-index.html,https://www.sec.gov/Archives/edgar/data/36047/000119312507100459/d10q.htm
0,2006-12-31,CLGX,2007-03-01,2007-03-01 08:01:32,Q4,2175500000,0.0,0.0,1.0,0.0,1367300000,0.0,528400000,1974500000,1974500000,0.0,56400000.00000001,233700000,0.107424,201000000,0.092393,0.0,201000000,0.092393,73300000,104000000,0.047805,1.06014,1.06014,98100000,98100000,https://www.sec.gov/Archives/edgar/data/36047/000119312507043486/d10k.htm,https://www.sec.gov/Archives/edgar/data/36047/000119312507043486/d10k.htm
0,2006-09-30,CLGX,2007-01-08,2007-01-08 17:26:19,Q3,2175600000,0.0,0.0,1.0,0.0,1394700000,0.0,524300000,1988700000,1988700000,0.0,51800000,215100000,0.098869,186900000,0.085907,0.0,186900000,0.085907,72900000,90400000,0.041552,0.91777,0.91777,98500000,98500000,https://www.sec.gov/Archives/edgar/data/36047/000119312507003097/d10q.htm,https://www.sec.gov/Archives/edgar/data/36047/000119312507003097/d10q.htm
0,2006-06-30,CLGX,2007-01-08,2007-01-08 17:25:17,Q2,2167800000,0.0,0.0,1.0,0.0,1510100000,0.0,516700000,2093800000,2093800000,0.0,50600000,101400000,0.046776,74000000,0.034136,0.0,74000000,0.034136,25300000,25500000,0.011763,0.25706,0.25706,99200000,99200000,https://www.sec.gov/Archives/edgar/data/36047/000119312507003095/d10q.htm,https://www.sec.gov/Archives/edgar/data/36047/000119312507003095/d10q.htm
0,2006-03-31,CLGX,2006-05-10,2006-05-10 14:01:03,Q1,2003200000,0.0,0.0,1.0,0.0,1349600000,0.0,454200000,1868200000,1868200000,0.0,48100000,164500000,0.082119,135000000,0.067392,0.0,135000000,0.067392,48600000,67800000,0.033846,0.68554,0.68554,98900000,98900000,https://www.sec.gov/Archives/edgar/data/36047/000119312506056887/d10k.htm,https://www.sec.gov/Archives/edgar/data/36047/000119312506056887/d10k.htm
0,2005-12-31,CLGX,2006-03-16,2006-03-16 17:23:48,Q4,2248100000,0.0,0.0,1.0,0.0,1454800000,0.0,524700000,2040300000,2040300000,0.0,46400000.00000001,231600000,0.10302,207800000,0.092434,0.0,207800000,0.092434,68600000,116600000,0.051866,1.17897,1.17897,98900000,98900000,https://www.sec.gov/Archives/edgar/data/36047/000119312506056887/d10k.htm,https://www.sec.gov/Archives/edgar/data/36047/000119312506056887/d10k.htm
0,2005-09-30,CLGX,2005-11-09,2005-11-09 15:22:15,Q3,2168200000,0.0,0.0,1.0,0.0,1362400000,0.0,478000000,1894200000,1894200000,0.0,38099999.99999999,287000000,0.132368,274000000,0.126372,0.0,274000000,0.126372,100900000,148000000,0.068259,1.49798,1.49798,98800000,98800000,https://www.sec.gov/Archives/edgar/data/36047/000119312505221424/d10q.htm,https://www.sec.gov/Archives/edgar/data/36047/000119312505221424/d10q.htm
0,2005-06-30,CLGX,2005-08-09,2005-08-09 14:11:13,Q2,1984000000,0.0,0.0,1.0,0.0,1241500000,0.0,430000000,1719800000,1719800000,0.0,37200000,276000000,0.139113,264100000,0.133115,0.0,264100000,0.133115,100500000,138300000,0.069708,1.41122,1.41122,98000000,98000000,https://www.sec.gov/Archives/edgar/data/36047/000119312505162324/d10q.htm,https://www.sec.gov/Archives/edgar/data/36047/000119312505162324/d10q.htm
0,2005-03-31,CLGX,2005-05-10,2005-05-10 11:58:35,Q1,1704500000,0.0,0.0,1.0,0.0,1125900000,0.0,378300000,1552700000,1552700000,0.0,35700000,166800000,0.097859,151800000,0.089058,0.0,151800000,0.089058,53500000,77600000,0.045527,0.81598,0.81598,95100000,95100000,https://www.sec.gov/Archives/edgar/data/36047/000119312505052776/d10k.htm,https://www.sec.gov/Archives/edgar/data/36047/000119312505052776/d10k.htm
0,2004-12-31,CLGX,2005-03-16,2005-03-16 16:26:51,Q4,1803000000,0.0,0.0,1.0,0.0,1180100000,0.0,430900000,1658100000,1658100000,0.0,35300000,161400000,0.089517,145000000,0.080422,0.0,145000000,0.080422,55700000,70400000,0.039046,0.75456,0.75456,93300000,93300000,https://www.sec.gov/Archives/edgar/data/36047/000119312505052776/d10k.htm,https://www.sec.gov/Archives/edgar/data/36047/000119312505052776/d10k.htm
0,2004-09-30,CLGX,2004-11-09,2004-11-09 16:53:15,Q3,1721500000,0.0,0.0,1.0,0.0,1102000000,0.0,372000000,1519500000,1519500000,0.0,33000000,211000000,0.122568,202000000,0.11734,0.0,202000000,0.11734,70800000,107200000,0.062271,1.17031,1.17031,91600000,91600000,https://www.sec.gov/Archives/edgar/data/36047/000119312504191412/d10q.htm,https://www.sec.gov/Archives/edgar/data/36047/000119312504191412/d10q.htm
0,2004-06-30,CLGX,2004-08-09,2004-08-09 13:45:58,Q2,1724100000,0.0,0.0,1.0,0.0,1078800000,0.0,385500000,1504900000,1504900000,0.0,31300000.000000004,227100000,0.131721,219200000,0.127139,0.0,219200000,0.127139,79300000,116500000,0.067571,1.26493,1.26493,92100000,92100000,https://www.sec.gov/Archives/edgar/data/36047/000119312504135626/d10q.htm,https://www.sec.gov/Archives/edgar/data/36047/000119312504135626/d10q.htm
0,2004-03-31,CLGX,2004-05-10,2004-05-10 13:07:14,Q1,1473700000,0.0,0.0,1.0,0.0,969400000,0.0,353400000,1362600000,1362600000,0.0,29400000,121800000,0.082649,111100000,0.075388,0.0,111100000,0.075388,37400000,55000000,0.037321,0.60639,0.60639,90700000,90700000,https://www.sec.gov/Archives/edgar/data/36047/000119312504041977/d10k.htm,https://www.sec.gov/Archives/edgar/data/36047/000119312504041977/d10k.htm
0,2003-12-31,CLGX,2004-03-15,2004-03-15 14:01:18,Q4,1612100000,0.0,0.0,1.0,0.0,1027800000,0.0,364900000,1437300000,1437300000,0.0,34700000,189600000,0.117611,174700000,0.108368,0.0,174700000,0.108368,60800000,94100000,0.058371,1.04905,1.04905,89700000,89700000,https://www.sec.gov/Archives/edgar/data/36047/000119312504041977/d10k.htm,https://www.sec.gov/Archives/edgar/data/36047/000119312504041977/d10k.htm
0,2003-09-30,CLGX,2003-11-14,2003-11-14 16:05:42,Q3,1716700000,0.0,0.0,1.0,0.0,1057100000,0.0,362900000,1456000000,1456000000,0.0,27100000,261000000,0.152036,260800000,0.151919,0.0,260800000,0.151919,92100000,141800000,0.0826,1.60407,1.60407,88400000,88400000,https://www.sec.gov/Archives/edgar/data/36047/000119312503081990/d10q.htm,https://www.sec.gov/Archives/edgar/data/36047/000119312503081990/d10q.htm
0,2003-06-30,CLGX,2003-08-14,2003-08-14 11:47:35,Q2,1543000000,0.0,0.0,1.0,0.0,928000000,0.0,339800000,1303200000,1303200000,0.0,26600000,237200000,0.153727,239800000,0.155412,0.0,239800000,0.155412,83100000,127500000,0.082631,1.45051,1.45051,87900000,87900000,https://www.sec.gov/Archives/edgar/data/36047/000119312503037349/d10q.htm,https://www.sec.gov/Archives/edgar/data/36047/000119312503037349/d10q.htm
0,2003-03-31,CLGX,2003-05-15,2003-05-15 14:39:56,Q1,1342000000,0.0,0.0,1.0,0.0,840200000,0.0,303800000,1178500000,1178500000,0.0,26000000,169600000,0.126379,163500000,0.121833,0.0,163500000,0.121833,56000000,87600000,0.065276,1.02938,1.02938,85100000,85100000,https://www.sec.gov/Archives/edgar/data/36047/000101706203000697/d10k.htm,https://www.sec.gov/Archives/edgar/data/36047/000101706203000697/d10k.htm
0,2002-12-31,CLGX,2003-03-31,2003-03-31 15:01:27,Q4,1374400000,0.0,0.0,1.0,0.0,876500000,0.0,313700000,1222100000,1222100000,0.0,23899999.99999999,156500000,0.113868,152300000,0.110812,0.0,152300000,0.110812,49800000,82800000,0.060244,0.98689,0.98689,83900000,83900000,https://www.sec.gov/Archives/edgar/data/36047/000101706203000697/d10k.htm,https://www.sec.gov/Archives/edgar/data/36047/000101706203000697/d10k.htm
0,2002-09-30,CLGX,2002-11-14 00:00:00,2002-11-14 12:19:30,Q3,1196100000,0.0,0.0,1.0,0.0,761400000,0.0,273300000,1067100000,1067100000,0.0,23700000.000000004,133900000,0.111947,129000000,0.107851,0.0,129000000,0.107851,42800000,67400000,0.05635,0.81499,0.81499,82700000,82700000,https://www.sec.gov/Archives/edgar/data/36047/000101706202001976/0001017062-02-001976-index.html,https://www.sec.gov/Archives/edgar/data/36047/000101706202001976/d10q.htm
0,2002-06-30,CLGX,2002-08-14 00:00:00,2002-08-14 12:36:01,Q2,1091500000,0.0,0.0,1.0,0.0,725500000,0.0,252200000,1011500000,1011500000,0.0,25100000,91500000,0.08383,80100000,0.073385,0.0,80100000,0.073385,26300000,40100000,0.036738,0.48489,0.48489,82700000,82700000,https://www.sec.gov/Archives/edgar/data/36047/000101706202001526/0001017062-02-001526-index.html,https://www.sec.gov/Archives/edgar/data/36047/000101706202001526/d10q.htm
0,2002-03-31,CLGX,2002-05-15 00:00:00,2002-05-15 13:24:00,Q1,1042200000,0.0,0.0,1.0,0.0,676700000,0.0,244600000,953600000,953600000,0.0,24100000,99200000,0.095183,88600000,0.085012,0.0,88600000,0.085012,31000000,44100000,0.042314,0.54444,0.54444,81000000,81000000,https://www.sec.gov/Archives/edgar/data/36047/000101706202000989/0001017062-02-000989-index.html,https://www.sec.gov/Archives/edgar/data/36047/000101706202000989/d10q.htm
0,2001-12-31,CLGX,,,Q4,1072900000,0.0,0.0,0.0,0.0,695500000,0.0,238600000,972300000,972300000,0.0,30399999.99999999,116999999.99999999,0.10905,100700000,0.093858,0.0,100700000,0.093858,34300000,52300000,0.048746,0.65457,0.65457,79900000,79900000,,
0,2001-09-30,CLGX,2001-11-14 00:00:00,2001-11-14 00:00:00,Q3,983000000,0.0,0.0,0.0,0.0,639800000,0.0,223600000,899700000,899700000,0.0,27800000.000000004,100000000,0.101729,83400000,0.084842,0.0,83400000,0.084842,30500000,41700000,0.042421,0.52852,0.52852,78900000,78900000,https://www.sec.gov/Archives/edgar/data/36047/000089843001503519/0000898430-01-503519-index.html,https://www.sec.gov/Archives/edgar/data/36047/000089843001503519/d10q.txt
0,2001-06-30,CLGX,2001-08-14 00:00:00,2001-08-14 00:00:00,Q2,928000000,0.0,0.0,0.0,0.0,568300000,0.0,220100000,821700000,821700000,0.0,25700000.000000004,119400000,0.128664,106300000,0.114547,0.0,106300000,0.114547,39200000,54500000,0.058728,0.72667,0.72667,75000000,75000000,https://www.sec.gov/Archives/edgar/data/36047/000101706201500841/0001017062-01-500841-index.html,https://www.sec.gov/Archives/edgar/data/36047/000101706201500841/d10q.txt
0,2001-03-31,CLGX,2001-05-17 00:00:00,2001-05-17 00:00:00,Q1,766800000,0.0,0.0,0.0,0.0,500700000,0.0,196100000,727500000,727500000,0.0,24400000,56700000,0.073944,39200000,0.051122,0.0,39200000,0.051122,13500000,18800000,0.024517,0.27326,0.27326,68800000,68800000,https://www.sec.gov/Archives/edgar/data/36047/000101706201500352/0001017062-01-500352-index.html,https://www.sec.gov/Archives/edgar/data/36047/000101706201500352/d10q.txt
0,2000-12-31,CLGX,,,Q4,761900000,0.0,0.0,0.0,0.0,485100000,0.0,191900000,709000000,709000000,0.0,25199999.999999996,72500000,0.095157,52900000,0.069432,0.0,52900000,0.069432,15500000,31800000,0.041738,0.47392,0.47392,67100000,67100000,,
0,2000-09-30,CLGX,2000-11-14 00:00:00,2000-11-14 00:00:00,Q3,750300000,0.0,0.0,0.0,0.0,489800000,0.0,182200000,701500000,701500000,0.0,22800000.000000004,66200000.00000001,0.088231,48800000,0.065041,0.0,48800000,0.065041,19000000,24400000,0.03252,0.36914,0.36914,66100000,66100000,https://www.sec.gov/Archives/edgar/data/36047/000101706200002316/0001017062-00-002316-index.html,https://www.sec.gov/Archives/edgar/data/36047/000101706200002316/0001017062-00-002316-0001.txt
0,2000-06-30,CLGX,2000-08-11 00:00:00,2000-08-11 00:00:00,Q2,775900000,0.0,0.0,0.0,0.0,526000000,0.0,174400000,727600000,727600000,0.0,20900000,65300000,0.08416,48300000,0.06225,0.0,48300000,0.06225,19400000,25000000,0.032221,0.38052,0.38052,65700000,65700000,https://www.sec.gov/Archives/edgar/data/36047/000101706200001684/0001017062-00-001684-index.html,https://www.sec.gov/Archives/edgar/data/36047/000101706200001684/0001017062-00-001684-0001.txt
0,2000-03-31,CLGX,2000-05-10 00:00:00,2000-05-10 00:00:00,Q1,646200000,0.0,0.0,0.0,0.0,447400000,0.0,171600000,642300000,642300000,0.0,17400000,19200000,0.029712,3900000.0,0.006035,0.0,3900000.0,0.006035,800000.0,1000000.0,0.001548,0.01531,0.01531,65300000,65300000,https://www.sec.gov/Archives/edgar/data/36047/000101706200001138/0001017062-00-001138-index.html,https://www.sec.gov/Archives/edgar/data/36047/0001017062-00-001138.txt
0,1999-12-31,CLGX,,,Q4,700400000,0.0,0.0,0.0,0.0,487900000,0.0,182000000,697000000,697000000,0.0,21400000,24000000,0.034266,3400000.0,0.004854,0.0,3400000.0,0.004854,4800000.0,-2200000.0,-0.003141,-0.03379,-0.03379,65100000,65100000,,
0,1999-09-30,CLGX,1999-11-15 00:00:00,1999-11-15 00:00:00,Q3,775000000,0.0,0.0,0.0,0.0,524900000,0.0,175800000,724200000,724200000,0.0,19500000,65300000,0.084258,50800000,0.065548,0.0,50800000,0.065548,17800000,28000000,0.036129,0.42296,0.42296,66200000,66200000,https://www.sec.gov/Archives/edgar/data/36047/000101706299001940/0001017062-99-001940-index.html,https://www.sec.gov/Archives/edgar/data/36047/0001017062-99-001940.txt
0,1999-06-30,CLGX,1999-08-16 00:00:00,1999-08-16 00:00:00,Q2,781800000,0.0,0.0,0.0,0.0,516200000,0.0,180400000,718800000,718800000,0.0,19200000.000000004,76000000,0.097212,63000000,0.080583,0.0,63000000,0.080583,22000000,34800000,0.044513,0.52489,0.52489,66300000,66300000,https://www.sec.gov/Archives/edgar/data/36047/000101706299001484/0001017062-99-001484-index.html,https://www.sec.gov/Archives/edgar/data/36047/0001017062-99-001484.txt
0,1999-03-31,CLGX,1999-05-13 00:00:00,1999-05-13 00:00:00,Q1,730900000,0.0,0.0,0.0,0.0,493000000,0.0,163500000,678200000,678200000,0.0,16900000,7000000.0,0.009577,52700000,0.072103,0.0,52700000,0.072103,17700000,-27600000,-0.037762,-0.42009,-0.42009,65700000,65700000,https://www.sec.gov/Archives/edgar/data/36047/000101706299000865/0001017062-99-000865-index.html,https://www.sec.gov/Archives/edgar/data/36047/0001017062-99-000865.txt
0,1998-12-31,CLGX,,,Q4,814300000,0.0,0.0,0.0,0.0,514100000,0.0,181400000,718300000,718300000,0.0,18000000,105000000,0.128945,95900000,0.11777,0.0,95900000,0.11777,33100000,53900000,0.066192,0.81915,0.81915,65800000,65800000,,
0,1998-09-30,CLGX,1998-11-16 00:00:00,1998-11-16 00:00:00,Q3,775100000,0.0,0.0,0.0,0.0,491400000,0.0,161900000,673300000,673300000,0.0,15299999.999999996,107100000,0.138176,101800000,0.131338,0.0,101800000,0.131338,35600000,56200000,0.072507,0.87403,0.87403,64300000,64300000,https://www.sec.gov/Archives/edgar/data/36047/000101706298002287/0001017062-98-002287-index.html,https://www.sec.gov/Archives/edgar/data/36047/0001017062-98-002287.txt
0,1998-06-30,CLGX,1998-08-14 00:00:00,1998-08-14 00:00:00,Q2,742400000,0.0,0.0,0.0,0.0,467000000,0.0,168800000,656900000,656900000,0.0,15200000,92300000,0.124327,85500000,0.115167,0.0,85500000,0.115167,30400000,46700000,0.062904,0.72741,0.72741,64200000,64200000,https://www.sec.gov/Archives/edgar/data/36047/000101706298001815/0001017062-98-001815-index.html,https://www.sec.gov/Archives/edgar/data/36047/0001017062-98-001815.txt
0,1998-03-31,CLGX,1998-05-15 00:00:00,1998-05-15 00:00:00,Q1,612200000,0.0,0.0,0.0,0.0,370200000,0.0,142700000,530400000,530400000,0.0,13800000,87900000,0.143581,81900000,0.13378,0.0,81900000,0.13378,29400000,44700000,0.073015,0.78975,0.78975,56600000,56600000,https://www.sec.gov/Archives/edgar/data/36047/000101706298001140/0001017062-98-001140-index.html,https://www.sec.gov/Archives/edgar/data/36047/0001017062-98-001140.txt
0,1997-12-31,CLGX,,,Q4,552400000,0.0,0.0,0.0,0.0,372500000,0.0,108300000,496400000,496400000,0.0,19900000,74500000,0.134866,55900000,0.101195,0.0,55900000,0.101195,31800000,22800000,0.041274,0.42379,0.42379,53800000,53800000,,
0,1997-09-30,CLGX,1997-11-14 00:00:00,1997-11-14 00:00:00,Q3,501900000,0.0,0.0,0.0,0.0,337900000,0.0,118600000,467300000,467300000,0.0,2000000.0,35600000,0.07093,34600000,0.068938,0.0,34600000,0.068938,13000000,20600000,0.041044,0.38722,0.38722,53200000,53200000,https://www.sec.gov/Archives/edgar/data/36047/000101706297002061/0001017062-97-002061-index.html,https://www.sec.gov/Archives/edgar/data/36047/0001017062-97-002061.txt
0,1997-06-30,CLGX,1997-08-14 00:00:00,1997-08-14 00:00:00,Q2,450300000,0.0,0.0,0.0,0.0,309200000,0.0,100800000,419200000,419200000,0.0,11600000.000000002,41800000,0.092827,31200000,0.069287,0.0,31200000,0.069287,11700000,18500000,0.041084,0.34906,0.34906,53000000,53000000,https://www.sec.gov/Archives/edgar/data/36047/000101706297001552/0001017062-97-001552-index.html,https://www.sec.gov/Archives/edgar/data/36047/0001017062-97-001552.txt
0,1997-03-31,CLGX,1997-05-15 00:00:00,1997-05-15 00:00:00,Q1,382900000,0.0,0.0,0.0,0.0,281600000,0.0,84500000,373600000,373600000,0.0,6500000.0,15500000,0.040481,9200000.0,0.024027,0.0,9200000.0,0.024027,6100000.0,2900000.0,0.007574,0.05451,0.05451,53200000,53200000,https://www.sec.gov/Archives/edgar/data/36047/000101706297000987/0001017062-97-000987-index.html,https://www.sec.gov/Archives/edgar/data/36047/0001017062-97-000987.txt
0,1996-12-31,CLGX,,,Q4,425500000,0.0,0.0,0.0,0.0,308100000,0.0,87500000,402900000,402900000,0.0,11600000,33700000,0.079201,22600000,0.053114,0.0,22600000,0.053114,10300000,11800000,0.027732,0.22824,0.22824,51700000,51700000,,
0,1996-09-30,CLGX,1996-11-14 00:00:00,1996-11-14 00:00:00,Q3,411300000,0.0,0.0,0.0,0.0,292700000,0.0,82800000,382600000,382600000,0.0,5900000.0,34000000,0.082665,28700000,0.069779,0.0,28700000,0.069779,14300000,13800000,0.033552,0.26796,0.26796,51500000,51500000,https://www.sec.gov/Archives/edgar/data/36047/000101706296000534/0001017062-96-000534-index.html,https://www.sec.gov/Archives/edgar/data/36047/0001017062-96-000534.txt
0,1996-06-30,CLGX,1996-08-13 00:00:00,1996-08-13 00:00:00,Q2,413400000,0.0,0.0,0.0,0.0,284400000,0.0,84000000,375300000,375300000,0.0,5600000.0,42800000,0.103532,38100000,0.092163,0.0,38100000,0.092163,17800000,19400000,0.046928,0.3767,0.3767,51500000,51500000,https://www.sec.gov/Archives/edgar/data/36047/000089843096003716/0000898430-96-003716-index.html,https://www.sec.gov/Archives/edgar/data/36047/0000898430-96-003716.txt
0,1996-03-31,CLGX,1996-05-13 00:00:00,1996-05-13 00:00:00,Q1,347400000,0.0,0.0,0.0,0.0,249100000,0.0,73500000,328200000,328200000,0.0,4400000.0,22900000,0.065918,19100000,0.05498,0.0,19100000,0.05498,9900000.0,8600000.0,0.024755,0.16732,0.16732,51400000,51400000,https://www.sec.gov/Archives/edgar/data/36047/000089843096001786/0000898430-96-001786-index.html,https://www.sec.gov/Archives/edgar/data/36047/0000898430-96-001786.txt
0,1995-12-31,CLGX,,,Q4,364500000,0.0,0.0,0.0,0.0,264900000,0.0,71300000,342100000,342100000,0.0,7300000.000000001,28900000,0.079287,22400000,0.061454,0.0,22400000,0.061454,11800000,9800000.0,0.026886,0.19141,0.19141,51200000,51200000,,
0,1995-09-30,CLGX,1995-11-13 00:00:00,1995-11-13 00:00:00,Q3,331400000,0.0,0.0,0.0,0.0,238800000,0.0,66000000,311100000,311100000,0.0,4699999.999999999,24000000,0.07242,20200000,0.060954,0.0,20200000,0.060954,10000000,9300000.0,0.028063,0.18129,0.18129,51300000,51300000,https://www.sec.gov/Archives/edgar/data/36047/000089843095002280/0000898430-95-002280-index.html,https://www.sec.gov/Archives/edgar/data/36047/0000898430-95-002280.txt
0,1995-06-30,CLGX,1995-08-11 00:00:00,1995-08-11 00:00:00,Q2,293200000,0.0,0.0,0.0,0.0,217400000,0.0,64000000,287600000,287600000,0.0,4600000.000000001,9700000.0,0.033083,5700000.0,0.019441,0.0,5700000.0,0.019441,4000000.0,1100000.0,0.003752,0.0214,0.0214,51400000,51400000,https://www.sec.gov/Archives/edgar/data/36047/000089843095001492/0000898430-95-001492-index.html,https://www.sec.gov/Archives/edgar/data/36047/0000898430-95-001492.txt
