,date,symbol,fillingDate,acceptedDate,period,revenue,costOfRevenue,grossProfit,grossProfitRatio,researchAndDevelopmentExpenses,generalAndAdministrativeExpenses,sellingAndMarketingExpenses,otherExpenses,operatingExpenses,costAndExpenses,interestExpense,depreciationAndAmortization,ebitda,ebitdaratio,operatingIncome,operatingIncomeRatio,totalOtherIncomeExpensesNet,incomeBeforeTax,incomeBeforeTaxRatio,incomeTaxExpense,netIncome,netIncomeRatio,eps,epsdiluted,weightedAverageShsOut,weightedAverageShsOutDil,link,finalLink
0,2020-09-30,TACT,2020-11-09,2020-11-09 15:57:36,Q3,7300000.0,3951000.0,3349000.0,0.4587671232876712,0.0,2125000.0,1258000.0,0.0,3383000.0,7334000.0,0.0,263000.0,-1216000.0,-0.16657534246575342,-1479000.0,-0.2026027397260274,0.0,-1382000.0,-0.1893150684931507,0.0,-1382000.0,-0.1893150684931507,-0.18321622696539838,-0.18321622696539838,7543000.0,7543000.0,https://www.sec.gov/Archives/edgar/data/1017303/000101730320000087/0001017303-20-000087-index.htm,https://www.sec.gov/Archives/edgar/data/1017303/000101730320000087/form10q.htm
0,2020-06-30,TACT,2020-08-10,2020-08-10 15:49:44,Q2,5285000.0,2995000.0,2290000.0,0.43330179754020814,1367000.0,3661000.0,1419000.0,0.0,5028000.0,8023000.0,-25000.0,257000.0,-2542000.0,-0.480984,-2738000.0,-0.51807,-11000.0,-2774000.0,-0.524882,-921000.0,-1853000.0,-0.350615,-0.24566,-0.24566,7543000.0,7543000.0,https://www.sec.gov/Archives/edgar/data/1017303/000101730320000060/0001017303-20-000060-index.htm,https://www.sec.gov/Archives/edgar/data/1017303/000101730320000060/form10q.htm
0,2020-03-31,TACT,2020-05-22,2020-05-22 14:47:06,Q1,10247000,5329000.0,4918000.0,0.4799453498584952,1385000.0,4828000.0,2208000.0,0.0,6213000.0,11542000,3000.0,238000.0,-1216000.0,-0.118669,-1295000.0,-0.126378,-165000.0,-1457000.0,-0.142188,-465000.0,-992000.0,-0.096809,-0.13214,-0.13214,7507000.0,7507000.0,https://www.sec.gov/Archives/edgar/data/1017303/000101730320000037/0001017303-20-000037-index.htm,https://www.sec.gov/Archives/edgar/data/1017303/000101730320000012/form10k2019.htm
0,2019-12-31,TACT,2020-03-16,2020-03-16 17:16:11,Q4,11162000,6563000.0,4599000.0,0.41202293495789283,1065000.0,4589000.0,2143000.0,0.0,5654000.000000001,12217000.000000002,28000.0,624000.0,-243000.0,-0.02177,-1055000.0,-0.094517,158000.0,-895000.0,-0.080183,-95000.0,-800000.0,-0.071672,-0.10707,-0.10707,7472000.0,7472000.0,https://www.sec.gov/Archives/edgar/data/1017303/000101730320000012/0001017303-20-000012-index.htm,https://www.sec.gov/Archives/edgar/data/1017303/000101730320000012/form10k2019.htm
0,2019-09-30,TACT,2019-11-18,2019-11-18 17:00:04,Q3,11686000,6140000.0,5546000.0,0.47458497347253126,1048000.0,4186000.0,1947000.0,0.0,5234000.000000001,11374000.000000002,0.0,259000.0,500000.0,0.042786,312000.0,0.026699,-71000.0,241000.0,0.020623,-143000.0,384000.0,0.03286,0.04953,0.04953,7753000.0,7753000.0,https://www.sec.gov/Archives/edgar/data/1017303/000101730319000067/0001017303-19-000067-index.htm,https://www.sec.gov/Archives/edgar/data/1017303/000101730319000067/form10q.htm
0,2019-06-30,TACT,2019-08-09,2019-08-09 15:34:55,Q2,11350000,5646000.0,5704000.0,0.5025550660792951,1115000.0,4280000.0,2089000.0,0.0,5395000.000000001,11041000,-7000.0,236000.0,389000.0,0.034273,309000.0,0.027225,-142000.0,160000.0,0.014097,-26000.0,186000.0,0.016388,0.02448,0.02448,7597000.0,7597000.0,https://www.sec.gov/Archives/edgar/data/1017303/000101730319000054/0001017303-19-000054-index.htm,https://www.sec.gov/Archives/edgar/data/1017303/000101730319000054/form10q.htm
0,2019-03-31,TACT,2019-05-10,2019-05-10 13:43:01,Q1,11550000,5464000.0,6086000.0,0.5269264069264069,1165000.0,4144000.0,1854000.0,0.0,5308999.999999999,10772999.999999998,-6000.0,252000.0,1107000.0,0.095844,777000.0,0.067273,90000.0,861000.0,0.074545,115000.0,746000.0,0.064589,0.09791,0.09791,7619000.0,7619000.0,https://www.sec.gov/Archives/edgar/data/1017303/000101730319000031/0001017303-19-000031-index.htm,https://www.sec.gov/Archives/edgar/data/1017303/000101730319000020/form10k2018.htm
0,2018-12-31,TACT,2019-03-18,2019-03-18 15:09:24,Q4,11755000,5869000.0,5886000.0,0.5007230965546576,1066000.0,3747000.0,1753000.0,0.0,4813000.000000001,10682000.000000002,27000.0,258000.0,1223000.0,0.104041,1073000.0,0.09128,-129000.0,938000.0,0.079796,-24000.0,962000.0,0.081838,0.12471,0.12471,7714000.0,7714000.0,https://www.sec.gov/Archives/edgar/data/1017303/000101730319000020/0001017303-19-000020-index.htm,https://www.sec.gov/Archives/edgar/data/1017303/000101730319000020/form10k2018.htm
0,2018-09-30,TACT,2018-11-09,2018-11-09 16:22:59,Q3,15838000,7834000.0,8004000.0,0.5053668392473797,1106000.0,3686000.0,1798000.0,0.0,4792000.0,12626000,-7000.0,259000.0,3407000.0,0.215116,3212000.0,0.202803,-50000.0,3155000.0,0.199204,581000.0,2574000.0,0.162521,0.33179,0.33179,7758000.0,7758000.0,https://www.sec.gov/Archives/edgar/data/1017303/000101730318000066/0001017303-18-000066-index.htm,https://www.sec.gov/Archives/edgar/data/1017303/000101730318000066/form10q.htm
0,2018-06-30,TACT,2018-08-13,2018-08-13 16:26:09,Q2,14750000,7760000.0,6990000.0,0.4738983050847458,1180000.0,4190000.0,2079000.0,0.0,5370000.000000001,13130000.000000002,-10000.0,260000.0,1770000.0,0.12,1620000.0,0.109831,-100000.0,1520000.0,0.103051,310000.0,1210000.0,0.082034,0.15796,0.15796,7660000.0,7660000.0,https://www.sec.gov/Archives/edgar/data/1017303/000101730318000057/0001017303-18-000057-index.htm,https://www.sec.gov/Archives/edgar/data/1017303/000101730318000057/form10q.htm
0,2018-03-31,TACT,2018-05-10,2018-05-10 17:01:59,Q1,12240000,6380000.0,5860000.0,0.47875816993464054,1220000.0,3790000.0,1573000.0,0.0,5010000.000000001,11390000.000000002,-10000.0,220000.0,1070000.0,0.087418,860000.0,0.070261,10000.0,860000.0,0.070261,180000.0,680000.0,0.055556,0.08608,0.08608,7900000.0,7900000.0,https://www.sec.gov/Archives/edgar/data/1017303/000101730318000037/0001017303-18-000037-index.htm,https://www.sec.gov/Archives/edgar/data/1017303/000101730318000022/form10k2017.htm
0,2017-12-31,TACT,2018-03-21,2018-03-21 17:03:50,Q4,13190000,6570000.0,6620000.0,0.5018953752843063,1140000.0,3980000.0,1960000.0,0.0,5119999.999999999,11689999.999999998,33000.0,210000.0000000001,423000.00000000006,0.03207,1500000.0,0.113723,0.0,1490000.0,0.112964,590000.0,-410000.0,-0.031084,-0.05481,-0.05481,7480000.0,7480000.0,https://www.sec.gov/Archives/edgar/data/1017303/000101730318000022/0001017303-18-000022-index.htm,https://www.sec.gov/Archives/edgar/data/1017303/000101730318000022/form10k2017.htm
0,2017-09-30,TACT,2017-11-09,2017-11-09 16:12:42,Q3,15520000,8010000.0,7510000.0,0.4838917525773196,1150000.0,3780000.0,1895000.0,0.0,4920000.0,12930000,-10000.0,270000.0,2840000.0,0.18299,2590000.0,0.166881,0.0,2580000.0,0.166237,770000.0,1810000.0,0.116624,0.23847,0.23847,7590000.0,7590000.0,https://www.sec.gov/Archives/edgar/data/1017303/000101730317000069/0001017303-17-000069-index.htm,https://www.sec.gov/Archives/edgar/data/1017303/000101730317000069/form10q.htm
0,2017-06-30,TACT,2017-08-09,2017-08-09 12:46:19,Q2,13600000,7170000.0,6430000.0,0.4727941176470588,1020000.0,4100000.0,2034000.0,0.0,5119999.999999999,12289999.999999998,-10000.0,290000.0,1580000.0,0.116176,1310000.0,0.096324,0.0,1300000.0,0.095588,430000.0,870000.0,0.063971,0.11585,0.11585,7510000.0,7510000.0,https://www.sec.gov/Archives/edgar/data/1017303/000101730317000052/0001017303-17-000052-index.htm,https://www.sec.gov/Archives/edgar/data/1017303/000101730317000052/form10q.htm
0,2017-03-31,TACT,2017-05-10,2017-05-10 15:51:37,Q1,14000000,7900000.0,6100000.0,0.4357142857142857,990000.0,3680000.0,1672000.0,0.0,4680000.0,12580000,-10000.0,310000.0,1700000.0,0.121429,1420000.0,0.101429,-10000.0,1400000.0,0.1,460000.0,940000.0,0.067143,0.12617,0.12617,7450000.0,7450000.0,https://www.sec.gov/Archives/edgar/data/1017303/000101730317000029/0001017303-17-000029-index.htm,https://www.sec.gov/Archives/edgar/data/1017303/000101730317000014/form10k2016.htm
0,2016-12-31,TACT,2017-03-16,2017-03-16 13:55:19,Q4,13600000,7590000.0,6010000.0,0.44191176470588234,970000.0,3130000.0,6907000.0,0.0,4090000.0,11680000,33000.0,370000.0000000001,2303000.0,0.169338,1920000.0,0.141176,-20000.0,1900000.0,0.139706,540000.0,1360000.0,0.1,0.18255,0.18255,7450000.0,7450000.0,https://www.sec.gov/Archives/edgar/data/1017303/000101730317000014/0001017303-17-000014-index.htm,https://www.sec.gov/Archives/edgar/data/1017303/000101730317000014/form10k2016.htm
0,2016-11-08,TACT,2016-11-08,2016-11-08 13:44:29,Q3,14474000,8559000.0,5915000.0,0.408663810971397,0.0,1737000.0,1808000.0,0.0,3545000.0,12104000,0.0,319000.0,1556000.0,0.10750310902307586,1237000.0,0.0854635898853116,0.0,1227000.0,0.08477269586845378,344000.0,883000.0,0.06100594168854498,0.11302,0.11302,7761000.0,7813000.0,https://www.sec.gov/Archives/edgar/data/1017303/000101730316000119/0001017303-16-000119-index.htm,https://www.sec.gov/Archives/edgar/data/1017303/000101730316000119/form10q09302016.htm
0,2016-09-30,TACT,2016-11-08 00:00:00,2016-11-08 13:44:29,Q3,14470000,8560000.0,5920000.0,0.409122,1130000.0,3550000.0,0.0,0.0,4680000.0,13240000,-10000.0,319999.99999999994,1530000.0,0.105736,1240000.0,0.085695,0.0,1230000.0,0.085003,340000.0,880000.0,0.060815,0.11656,0.11656,7550000.0,7550000.0,https://www.sec.gov/Archives/edgar/data/1017303/000101730316000119/0001017303-16-000119-index.html,https://www.sec.gov/Archives/edgar/data/1017303/000101730316000119/form10q09302016.htm
0,2016-08-08,TACT,2016-08-08,2016-11-08 13:44:29,Q2,14801000,8818000.0,5983000.0,0.4042294439564894,0.0,1935000.0,1859000.0,0.0,3794000.0,12612000,0.0,319000.0,1419000.0,0.09587190054726032,1100000.0,0.0743193027498142,0.0,1108000.0,0.07485980676981285,355000.0,753000.0,0.050874940882372814,0.09552,0.09552,7834000.0,7883000.0,https://www.sec.gov/Archives/edgar/data/1017303/000101730316000112/0001017303-16-000112-index.htm,https://www.sec.gov/Archives/edgar/data/1017303/000101730316000112/form10q03312016.htm
0,2016-06-30,TACT,2016-08-08 00:00:00,2016-08-08 16:08:08,Q2,14800000,8820000.0,5980000.0,0.404054,1090000.0,3790000.0,0.0,0.0,4879999.999999999,13699999.999999998,-10000.0,320000.0,1420000.0,0.095946,1100000.0,0.074324,20000.0,1110000.0,0.075,360000.0,750000.0,0.050676,0.0969,0.0969,7740000.0,7740000.0,https://www.sec.gov/Archives/edgar/data/1017303/000101730316000112/0001017303-16-000112-index.html,https://www.sec.gov/Archives/edgar/data/1017303/000101730316000112/form10q03312016.htm
0,2016-05-06,TACT,2016-05-06,2016-05-06 13:33:54,Q1,14357000,8472000.0,5885000.0,0.409904576164937,0.0,1917000.0,1793000.0,0.0,3710000.0,12182000,0.0,324000.0,1263000.0,0.08797102458730932,939000.0,0.0654036358570732,0.0,936000.0,0.06519467855401546,311000.0,625000.0,0.04353277147036289,0.08,0.08,7834000.0,7883000.0,https://www.sec.gov/Archives/edgar/data/1017303/000101730316000100/0001017303-16-000100-index.htm,https://www.sec.gov/Archives/edgar/data/1017303/000101730316000085/form10k2015.htm
0,2016-03-31,TACT,2016-05-06 00:00:00,2016-05-06 13:33:54,Q1,14360000,8470000.0,5890000.0,0.410167,1240000.0,3710000.0,0.0,0.0,4949999.999999999,13419999.999999998,0.0,320000.0,1260000.0,0.087744,940000.0,0.06546,0.0,940000.0,0.06546,310000.0,630000.0,0.043872,0.07995,0.07995,7880000.0,7880000.0,https://www.sec.gov/Archives/edgar/data/1017303/000101730316000100/0001017303-16-000100-index.html,https://www.sec.gov/Archives/edgar/data/1017303/000101730316000100/form10q03312016.htm
0,2016-03-11,TACT,2016-03-11,2016-05-06 13:33:54,Q4,12116000,7082000.0,5034000.0,0.41548365797292836,0.0,1702000.0,1746000.0,0.0,3448000.0,10530000,0.0,349000.0,830000.0,0.06850445691647408,481000.0,0.03969957081545064,0.0,479000.0,0.03953449983492902,-53000.0,532000.0,0.043908880818752064,0.06782,0.06782,7818000.0,7844000.0,https://www.sec.gov/Archives/edgar/data/1017303/000101730316000085/0001017303-16-000085-index.htm,https://www.sec.gov/Archives/edgar/data/1017303/000101730316000085/form10k2015.htm
0,2015-12-31,TACT,2016-03-11 00:00:00,2016-03-11 17:01:03,Q4,12120000,7080000.0,5030000.0,0.415017,1110000.0,3450000.0,0.0,0.0,4560000.000000001,11640000,-10000.0,349999.9999999999,819999.9999999999,0.067657,480000.0,0.039604,0.0,480000.0,0.039604,-50000.0,530000.0,0.043729,0.06726,0.06726,7880000.0,7880000.0,https://www.sec.gov/Archives/edgar/data/1017303/000101730316000085/0001017303-16-000085-index.html,https://www.sec.gov/Archives/edgar/data/1017303/000101730316000085/form10k2015.htm
0,2015-11-09,TACT,2015-11-09,2015-11-09 15:15:20,Q3,14172000,7881000.0,6291000.0,0.4439034716342083,0.0,1823000.0,2137000.0,0.0,3960000.0,11841000,0.0,343000.0,1908000.0,0.13463166807790009,1565000.0,0.11042901495907423,0.0,1569000.0,0.1107112616426757,541000.0,1028000.0,0.0725373976855772,0.13101,0.13101,7827000.0,7847000.0,https://www.sec.gov/Archives/edgar/data/1017303/000101730315000056/0001017303-15-000056-index.htm,https://www.sec.gov/Archives/edgar/data/1017303/000101730315000056/form10q09302015.htm
0,2015-09-30,TACT,2015-11-09 00:00:00,2015-11-09 15:15:20,Q3,14170000,7880000.0,6290000.0,0.443896,770000.0,3960000.0,0.0,0.0,4729999.999999999,12610000,-10000.0,350000.0000000001,1910000.0,0.134792,1570000.0,0.110797,10000.0,1570000.0,0.110797,540000.0,1030000.0,0.072689,0.13121,0.13121,7850000.0,7850000.0,https://www.sec.gov/Archives/edgar/data/1017303/000101730315000056/0001017303-15-000056-index.html,https://www.sec.gov/Archives/edgar/data/1017303/000101730315000056/form10q09302015.htm
0,2015-08-07,TACT,2015-08-07,2015-08-07 14:21:16,Q1,17224000,10063000,7161000.0,0.4157570831398049,0.0,2002000.0,2100000.0,0.0,4102000.0,14165000,0.0,373000.0,2578000.0,0.14967487227124943,2205000.0,0.1280190431955411,0.0,2169000.0,0.1259289363678588,781000.0,1388000.0,0.08058522991175104,0.2,0.2,7827000.0,7847000.0,https://www.sec.gov/Archives/edgar/data/1017303/000101730315000047/0001017303-15-000047-index.htm,https://www.sec.gov/Archives/edgar/data/1017303/000101730315000047/form10q06302015.htm
0,2015-06-30,TACT,2015-08-07 00:00:00,2015-08-07 14:21:16,Q2,17220000,10060000,7160000.0,0.415796,860000.0,4100000.0,0.0,0.0,4959999.999999999,15019999.999999998,-10000.0,370000.0,2530000.0,0.146922,2210000.0,0.128339,-30000.0,2170000.0,0.126016,780000.0,1390000.0,0.08072,0.17775,0.17775,7820000.0,7820000.0,https://www.sec.gov/Archives/edgar/data/1017303/000101730315000047/0001017303-15-000047-index.html,https://www.sec.gov/Archives/edgar/data/1017303/000101730315000047/form10q06302015.htm
0,2015-05-08,TACT,2015-05-08,2015-08-07 14:21:16,Q1,16164000,9672000.0,6492000.0,0.4016332590942836,0.0,1840000.0,1823000.0,0.0,3663000.0,13335000,0.0,361000.0,578000.0,0.03575847562484533,217000.0,0.013424894828012868,0.0,225000.0,0.013919821826280624,81000.0,144000.0,0.008908685968819599,0.02,0.02,7856000.0,7876000.0,https://www.sec.gov/Archives/edgar/data/1017303/000101730315000032/0001017303-15-000032-index.htm,https://www.sec.gov/Archives/edgar/data/1017303/000101730315000021/form10k2014.htm
0,2015-03-31,TACT,2015-05-08 00:00:00,2015-05-08 15:56:33,Q1,16160000,9670000.0,6490000.0,0.401609,870000.0,3660000.0,0.0,0.0,6279999.999999999,15949999.999999998,-10000.0,360000.0,570000.0,0.035272,220000.0,0.013614,10000.0,230000.0,0.014233,80000.0,140000.0,0.008663,0.01777,0.01777,7880000.0,7880000.0,https://www.sec.gov/Archives/edgar/data/1017303/000101730315000032/0001017303-15-000032-index.html,https://www.sec.gov/Archives/edgar/data/1017303/000101730315000032/form10q03312015.htm
0,2014-12-31,TACT,2015-03-30,2015-03-30 16:31:52,Q4,12300000,7390000.0,4910000.0,0.3991869918699187,870000.0,3820000.0,6073000.0,5077000.0,9710000.0,17100000,61000.0,369999.9999999999,-4409000.0,-0.358455,-4810000.0,-0.391057,-20000.0,-4840000.0,-0.393496,-1800000.0,-3040000.0,-0.247154,-0.37346,-0.37346,8140000.0,8140000.0,https://www.sec.gov/Archives/edgar/data/1017303/000101730315000021/0001017303-15-000021-index.htm,https://www.sec.gov/Archives/edgar/data/1017303/000101730315000021/form10k2014.htm
0,2014-09-30,TACT,2014-11-07,2014-11-07 17:08:58,Q3,13390000,8100000.0,5290000.0,0.3950709484690067,1050000.0,3750000.0,1847000.0,428000.0,5230000.0,13330000,-10000.0,350000.0000000001,390000.0000000001,0.029126,60000.0,0.004481,10000.0,50000.0,0.003734,4000.0,50000.0,0.003734,0.00595,0.00595,8400000.0,8400000.0,https://www.sec.gov/Archives/edgar/data/1017303/000101730314000056/0001017303-14-000056-index.htm,https://www.sec.gov/Archives/edgar/data/1017303/000101730314000056/form10q09302014.htm
0,2014-08-07,TACT,2014-08-07,2014-11-07 17:08:58,Q1,13804000,8016000.0,5788000.0,0.41929875398435235,0.0,2000000.0,2257000.0,0.0,4257000.0,12273000,0.0,367000.0,712000.0,0.05157925239061142,345000.0,0.024992755722978845,0.0,321000.0,0.023254129237902058,146000.0,175000.0,0.012677484787018255,0.07,0.07,8374000.0,8538000.0,https://www.sec.gov/Archives/edgar/data/1017303/000101730314000033/0001017303-14-000033-index.htm,https://www.sec.gov/Archives/edgar/data/1017303/000101730314000033/form10q06302014.htm
0,2014-06-30,TACT,2014-08-07 00:00:00,2014-08-07 11:20:13,Q2,13800000,8020000.0,5790000.0,0.419565,1150000.0,4260000.0,0.0,0.0,5440000.000000001,13460000.000000002,-10000.0,370000.0,690000.0,0.05,350000.0,0.025362,-10000.0,320000.0,0.023188,150000.0,180000.0,0.013043,0.02113,0.02113,8520000.0,8520000.0,https://www.sec.gov/Archives/edgar/data/1017303/000101730314000033/0001017303-14-000033-index.html,https://www.sec.gov/Archives/edgar/data/1017303/000101730314000033/form10q06302014.htm
0,2014-05-09,TACT,2014-05-09,2014-08-07 11:20:13,Q1,13619000,7893000.0,5726000.0,0.42044202951758575,0.0,1888000.0,1965000.0,0.0,3853000.0,11746000,0.0,360000.0,991000.0,0.07276598869226815,631000.0,0.0463323298333211,0.0,609000.0,0.044716939569718776,215000.0,394000.0,0.028930171084514282,0.05,0.05,8373000.0,8553000.0,https://www.sec.gov/Archives/edgar/data/1017303/000101730314000025/0001017303-14-000025-index.htm,https://www.sec.gov/Archives/edgar/data/1017303/000101730314000015/form10k2013.htm
0,2014-03-31,TACT,2014-05-09 00:00:00,2014-05-09 13:31:00,Q1,13620000,7890000.0,5730000.0,0.420705,1230000.0,3850000.0,0.0,0.0,5100000.000000001,12990000,-10000.0,360000.0,960000.0,0.070485,630000.0,0.046256,-10000.0,610000.0,0.044787,220000.0,390000.0,0.028634,0.04561,0.04561,8550000.0,8550000.0,https://www.sec.gov/Archives/edgar/data/1017303/000101730314000025/0001017303-14-000025-index.html,https://www.sec.gov/Archives/edgar/data/1017303/000101730314000025/form10q03312014.htm
0,2013-12-31,TACT,2014-03-14,2014-03-14 13:58:18,Q4,12530000,7530000.0,5000000.0,0.39904229848363926,1020000.0,2410000.0,1644000.0,78000.0,3509999.999999999,11039999.999999998,64000.0,429999.99999999994,1904000.0,0.151955,1490000.0,0.118915,-70000.0,1410000.0,0.11253,300000.0,1110000.0,0.088587,0.12998,0.12998,8540000.0,8540000.0,https://www.sec.gov/Archives/edgar/data/1017303/000101730314000015/0001017303-14-000015-index.htm,https://www.sec.gov/Archives/edgar/data/1017303/000101730314000015/form10k2013.htm
0,2013-09-30,TACT,2013-11-08,2013-11-08 14:24:49,Q3,16770000,9560000.0,7210000.0,0.42993440667859273,1040000.0,4110000.0,2059000.0,142000.0,5289999.999999999,14849999.999999998,-10000.0,420000.00000000006,2290000.0,0.136553,1920000.0,0.11449,-20000.0,1890000.0,0.112701,430000.0,1450000.0,0.086464,0.16667,0.16667,8700000.0,8700000.0,https://www.sec.gov/Archives/edgar/data/1017303/000101730313000040/0001017303-13-000040-index.htm,https://www.sec.gov/Archives/edgar/data/1017303/000101730313000040/form10q9302013.htm
0,2013-06-30,TACT,2013-08-07,2013-08-07 14:56:55,Q2,15790000,9340000.0,6450000.0,0.4084863837872071,1000000.0,3590000.0,1857000.0,57000.0,4640000.000000001,13980000.000000002,0.0,440000.0,2250000.0,0.142495,1810000.0,0.11463,0.0,1800000.0,0.113996,590000.0,1220000.0,0.077264,0.13864,0.13864,8800000.0,8800000.0,https://www.sec.gov/Archives/edgar/data/1017303/000101730313000035/0001017303-13-000035-index.htm,https://www.sec.gov/Archives/edgar/data/1017303/000101730313000035/form10qq22013.htm
0,2013-03-31,TACT,2013-05-10,2013-05-10 16:03:37,Q1,15060000,8620000.0,6440000.0,0.42762284196547146,1010000.0,3820000.0,1786000.0,199000.0,5040000.000000001,13660000.000000002,0.0,450000.0,1890000.0,0.125498,1400000.0,0.092961,40000.0,1440000.0,0.095618,280000.0,1160000.0,0.077025,0.13167,0.13167,8810000.0,8810000.0,https://www.sec.gov/Archives/edgar/data/1017303/000101730313000025/0001017303-13-000025-index.htm,https://www.sec.gov/Archives/edgar/data/1017303/000101730313000017/form10k2012.htm
0,2012-12-31,TACT,2013-03-15,2013-03-15 15:40:23,Q4,19620000,11930000,7690000.0,0.3919469928644241,990000.0,3800000.0,6637000.0,1671000.0,4820000.0,16750000,61000.0,449999.99999999994,3381000.0,0.172324,2870000.0,0.146279,0.0,2870000.0,0.146279,990000.0,1880000.0,0.095821,0.21243,0.21243,8850000.0,8850000.0,https://www.sec.gov/Archives/edgar/data/1017303/000101730313000017/0001017303-13-000017-index.htm,https://www.sec.gov/Archives/edgar/data/1017303/000101730313000017/form10k2012.htm
0,2012-11-08,TACT,2012-11-08,2012-11-08 17:24:51,Q3,15358000,9679000.0,5679000.0,0.3697747102487303,0.0,1919000.0,1571000.0,0.0,3490000.0,13169000,0.0,429000.0,472000.0,0.03073316838129965,43000.0,0.0027998437296522984,0.0,36000.0,0.0023440552155228546,13000.0,23000.0,0.0014975908321396016,0.00246,0.00246,9256000.0,9357000.0,https://www.sec.gov/Archives/edgar/data/1017303/000101730312000048/0001017303-12-000048-index.htm,https://www.sec.gov/Archives/edgar/data/1017303/000101730312000048/form10q.htm
0,2012-09-30,TACT,2012-11-08 00:00:00,2012-11-08 17:24:51,Q3,15360000,9680000.0,5680000.0,0.369792,1090000.0,3490000.0,0.0,0.0,5640000.000000001,15320000.000000002,0.0,420000.00000000006,450000.00000000006,0.029297,40000.0,0.002604,-10000.0,40000.0,0.002604,10000.0,20000.0,0.001302,0.00224,0.00224,8910000.0,8910000.0,https://www.sec.gov/Archives/edgar/data/1017303/000101730312000048/0001017303-12-000048-index.html,https://www.sec.gov/Archives/edgar/data/1017303/000101730312000048/form10q.htm
0,2012-08-09,TACT,2012-08-09,2012-11-08 17:24:51,Q2,15853000,10011000,5842000.0,0.36851069198259007,0.0,3903000.0,1674000.0,0.0,5577000.0,15588000,0.0,438000.0,1217000.0,0.07676780420109758,779000.0,0.04913896423389895,0.0,794000.0,0.050085157383460546,286000.0,508000.0,0.03204440799848609,0.05329,0.05329,9427000.0,9532000.0,https://www.sec.gov/Archives/edgar/data/1017303/000101730312000041/0001017303-12-000041-index.htm,https://www.sec.gov/Archives/edgar/data/1017303/000101730312000041/form10q.htm
0,2012-06-30,TACT,2012-08-09 00:00:00,2012-08-09 16:41:13,Q2,15850000,10010000,5840000.0,0.368454,950000.0,3580000.0,0.0,0.0,5060000.000000001,15070000,0.0,440000.0,1240000.0,0.078233,780000.0,0.049211,10000.0,790000.0,0.049842,290000.0,510000.0,0.032177,0.0555,0.0555,9190000.0,9190000.0,https://www.sec.gov/Archives/edgar/data/1017303/000101730312000041/0001017303-12-000041-index.html,https://www.sec.gov/Archives/edgar/data/1017303/000101730312000041/form10q.htm
0,2012-05-10,TACT,2012-05-10,2012-08-09 16:41:13,Q1,17559000,10781000,6778000.0,0.38601287089241987,0.0,0.0,1601000.0,0.0,1601000.0,12382000,0.0,447000.0,2357000.0,0.13423315678569395,1910000.0,0.10877612620308674,0.0,1888000.0,0.10752320747195171,680000.0,1208000.0,0.06879662850959622,0.13,0.13,9427000.0,9532000.0,https://www.sec.gov/Archives/edgar/data/1017303/000101730312000026/0001017303-12-000026-index.htm,https://www.sec.gov/Archives/edgar/data/1017303/000101730312000013/form10k.htm
0,2012-03-31,TACT,,Not found...,Q1,17560000,10780000,6780000.0,0.386105,1210000.0,3600000.0,0.0,0.0,4870000.000000001,15650000.000000002,0.0,450000.0,2340000.0,0.133257,1910000.0,0.10877,-20000.0,1890000.0,0.107631,680000.0,1210000.0,0.068907,0.12697,0.12697,9530000.0,9530000.0,,
0,2011-12-31,TACT,2012-03-12,2012-03-12 15:52:53,Q4,13650000,7960000.0,5690000.0,0.41684981684981687,990000.0,3830000.0,6402000.0,184000.0,4819999.999999999,12779999.999999998,69000.0,430000.0000000002,1369000.0000000002,0.100293,870000.0,0.063736,0.0,870000.0,0.063736,300000.0,570000.0,0.041758,0.05956,0.05956,9570000.0,9570000.0,https://www.sec.gov/Archives/edgar/data/1017303/000101730312000013/0001017303-12-000013-index.htm,https://www.sec.gov/Archives/edgar/data/1017303/000101730312000013/form10k.htm
0,2011-11-14,TACT,2011-11-14,2011-11-14 15:22:38,Q3,14111000,8761000.0,5350000.0,0.3791368435971937,0.0,1919000.0,1458000.0,0.0,3377000.0,12138000,0.0,421000.0,1546000.0,0.1095599177946283,1125000.0,0.07972503720501736,0.0,1115000.0,0.07901637020763944,276000.0,839000.0,0.0594571610800085,0.08671,0.08671,9417000.0,9676000.0,https://www.sec.gov/Archives/edgar/data/1017303/000101730311000034/0001017303-11-000034-index.htm,https://www.sec.gov/Archives/edgar/data/1017303/000101730311000034/form10q.htm
0,2011-09-30,TACT,2011-11-14 00:00:00,2011-11-14 15:22:38,Q3,14110000,8760000.0,5350000.0,0.379164,850000.0,3380000.0,0.0,0.0,4230000.0,12990000,10000.0,419999.99999999994,1550000.0,0.109851,1130000.0,0.080085,-20000.0,1120000.0,0.079376,280000.0,840000.0,0.059532,0.08696,0.08696,9660000.0,9660000.0,https://www.sec.gov/Archives/edgar/data/1017303/000101730311000034/0001017303-11-000034-index.html,https://www.sec.gov/Archives/edgar/data/1017303/000101730311000034/form10q.htm
0,2011-08-11,TACT,2011-08-12,2011-08-12 16:16:36,Q2,17519000,10856000,6663000.0,0.3803299275072778,0.0,1801000.0,1653000.0,0.0,3454000.0,14310000,-5169000.0,-32923000,-30713000,0.105798710149,2210000.0,0.0132806901687,4968000.0,242000.0,0.12666248073520178,777000.0,4152000.0,0.08231063416861693,0.42795,0.42795,9446000.0,9702000.0,https://www.sec.gov/Archives/edgar/data/1017303/000101730311000023/0001017303-11-000023-index.htm,https://www.sec.gov/Archives/edgar/data/1017303/000101730311000023/form10q.htm
0,2011-06-30,TACT,2011-08-12 00:00:00,2011-08-12 16:16:36,Q2,17520000,10860000,6660000.0,0.380137,820000.0,3450000.0,0.0,0.0,4450000.000000001,15310000.000000002,10000.0,380000.0,2610000.0,0.148973,2210000.0,0.126142,0.0,2220000.0,0.126712,780000.0,1440000.0,0.082192,0.14891,0.14891,9670000.0,9670000.0,https://www.sec.gov/Archives/edgar/data/1017303/000101730311000023/0001017303-11-000023-index.html,https://www.sec.gov/Archives/edgar/data/1017303/000101730311000023/form10q.htm
0,2011-05-10,TACT,2011-05-10,2011-05-10 15:57:52,Q1,20694000,13762000,6932000.0,0.33497632163912244,0.0,1856000.0,1519000.0,0.0,3375000.0,17137000,0.0,384000.0,3172000.0,0.1532811442930318,2788000.0,0.13472504107470765,0.0,2807000.0,0.13564318159853098,982000.0,1825000.0,0.08818981347250411,0.18811,0.18811,9446000.0,9702000.0,https://www.sec.gov/Archives/edgar/data/1017303/000101730311000014/0001017303-11-000014-index.htm,https://www.sec.gov/Archives/edgar/data/1017303/000101730311000006/form10k.htm
0,2011-03-31,TACT,2011-05-10 00:00:00,2011-05-10 15:57:52,Q1,20690000,13760000,6930000.0,0.334944,770000.0,3380000.0,0.0,0.0,4150000.0,17910000,0.0,380000.0,3190000.0,0.154181,2790000.0,0.134848,20000.0,2810000.0,0.135814,980000.0,1830000.0,0.088449,0.18866,0.18866,9700000.0,9700000.0,https://www.sec.gov/Archives/edgar/data/1017303/000101730311000014/0001017303-11-000014-index.html,https://www.sec.gov/Archives/edgar/data/1017303/000101730311000014/form10q.htm
0,2010-12-31,TACT,2011-03-18,2011-03-18 15:42:34,Q4,16170000,10530000,5640000.0,0.34879406307977734,740000.0,3460000.0,1666000.0,0.0,4190000.000000001,14720000.000000002,96000.0,370000.0000000001,1906000.0,0.117873,1450000.0,0.089672,-20000.0,1440000.0,0.089054,360000.0,1080000.0,0.06679,0.11227,0.11227,9620000.0,9620000.0,https://www.sec.gov/Archives/edgar/data/1017303/000101730311000006/0001017303-11-000006-index.htm,https://www.sec.gov/Archives/edgar/data/1017303/000101730311000006/form10k.htm
0,2010-11-09,TACT,2010-11-09,2010-11-09 16:00:53,Q3,16369000,10812000,5557000.0,0.3394831694055837,0.0,1669000.0,1540000.0,0.0,3209000.0,14021000,0.0,385000.0,1437000.0,0.087788,1631000.0,0.09963956258781843,0.0,1596000.0,0.09750137454945323,0.0,1052000.0,0.06426782332457695,0.10986,0.10986,9382000.0,9576000.0,https://www.sec.gov/Archives/edgar/data/1017303/000101730310000031/0001017303-10-000031-index.htm,https://www.sec.gov/Archives/edgar/data/1017303/000101730310000031/form10q.htm
0,2010-09-30,TACT,2010-11-09 00:00:00,2010-11-09 16:00:53,Q3,16370000,10810000,5560000.0,0.339646,720000.0,3210000.0,0.0,0.0,3929999.9999999995,14740000,-20000.0,389999.9999999999,1960000.0,0.119731,1630000.0,0.099572,-10000.0,1600000.0,0.09774,540000.0,1050000.0,0.064142,0.10938,0.10938,9600000.0,9600000.0,https://www.sec.gov/Archives/edgar/data/1017303/000101730310000031/0001017303-10-000031-index.html,https://www.sec.gov/Archives/edgar/data/1017303/000101730310000031/form10q.htm
0,2010-08-09,TACT,2010-08-09,2010-11-09 16:00:53,Q2,16443000,10288000,6155000.0,0.3743234203004318,0.0,1940000.0,1618000.0,0.0,3558000.0,13846000,0.0,392000.0,2190000.0,0.13318737456668492,1798000.0,0.10934744268077601,0.0,1806000.0,0.10983397190293742,-361000.0,1145000.0,0.06963449492185124,0.11998,0.11998,9371000.0,9543000.0,https://www.sec.gov/Archives/edgar/data/1017303/000101730310000027/0001017303-10-000027-index.htm,https://www.sec.gov/Archives/edgar/data/1017303/000101730310000027/form10q.htm
0,2010-06-30,TACT,2010-08-09 00:00:00,2010-08-09 16:49:09,Q2,16440000,10290000,6160000.0,0.374696,800000.0,3560000.0,0.0,0.0,4360000.000000001,14650000.000000002,10000.0,390000.0,2210000.0,0.134428,1800000.0,0.109489,0.0,1810000.0,0.110097,660000.0,1150000.0,0.069951,0.12029,0.12029,9560000.0,9560000.0,https://www.sec.gov/Archives/edgar/data/1017303/000101730310000027/0001017303-10-000027-index.html,https://www.sec.gov/Archives/edgar/data/1017303/000101730310000027/form10q.htm
0,2010-05-11,TACT,2010-05-11,2010-08-09 16:49:09,Q1,14208000,9019000.0,5189000.0,0.36521677927927926,0.0,1879000.0,1583000.0,0.0,3462000.0,12481000,0.0,399000.0,1381000.0,0.09719876126126126,982000.0,0.06911599099099099,0.0,990000.0,0.06967905405405406,361000.0,629000.0,0.044270833333333336,0.06606,0.06606,9349000.0,9522000.0,https://www.sec.gov/Archives/edgar/data/1017303/000101730310000014/0001017303-10-000014-index.htm,https://www.sec.gov/Archives/edgar/data/1017303/000101730310000006/form10-k.htm
0,2010-03-31,TACT,2010-05-11 00:00:00,2010-05-11 13:32:00,Q1,14210000,9020000.0,5190000.0,0.365236,750000.0,3460000.0,0.0,0.0,4210000.000000001,13230000.000000002,0.0,400000.0,1390000.0,0.097818,980000.0,0.068966,10000.0,990000.0,0.069669,360000.0,630000.0,0.044335,0.06618,0.06618,9520000.0,9520000.0,https://www.sec.gov/Archives/edgar/data/1017303/000101730310000014/0001017303-10-000014-index.html,https://www.sec.gov/Archives/edgar/data/1017303/000101730310000014/form10q.htm
0,2009-12-31,TACT,2010-03-16,2010-03-16 16:26:24,Q4,13930000,9600000.0,4330000.0,0.3108399138549892,750000.0,3300000.0,1534000.0,0.0,4050000.000000001,13650000.000000002,70000.0,409999.9999999999,759999.9999999999,0.054559,280000.0,0.020101,-10000.0,270000.0,0.019383,90000.0,190000.0,0.01364,0.02002,0.02002,9490000.0,9490000.0,https://www.sec.gov/Archives/edgar/data/1017303/000101730310000006/0001017303-10-000006-index.htm,https://www.sec.gov/Archives/edgar/data/1017303/000101730310000006/form10-k.htm
0,2009-11-09,TACT,2009-11-09,2009-11-09 15:19:37,Q3,17982000,12457000,5525000.0,0.307251696140585,0.0,1614000.0,1434000.0,0.0,3048000.0,15505000,0.0,438000.0,2232000.0,0.12412412412412413,1794000.0,0.09976643309976643,0.0,1781000.0,0.09904348793237683,-388000.0,1184000.0,0.06584362139917696,0.12696,0.12696,9279000.0,9326000.0,https://www.sec.gov/Archives/edgar/data/1017303/000101730309000028/0001017303-09-000028-index.htm,https://www.sec.gov/Archives/edgar/data/1017303/000101730309000028/form10q.htm
0,2009-09-30,TACT,2009-11-09 00:00:00,2009-11-09 15:19:37,Q3,17980000,12460000,5530000.0,0.307564,680000.0,3050000.0,0.0,0.0,3730000.0000000005,16190000,-20000.0,440000.00000000006,2200000.0,0.122358,1790000.0,0.099555,0.0,1780000.0,0.098999,600000.0,1180000.0,0.065628,0.12527,0.12527,9420000.0,9420000.0,https://www.sec.gov/Archives/edgar/data/1017303/000101730309000028/0001017303-09-000028-index.html,https://www.sec.gov/Archives/edgar/data/1017303/000101730309000028/form10q.htm
0,2009-08-10,TACT,2009-08-10,2009-11-09 15:19:37,Q2,14236000,9380000.0,4856000.0,0.3411070525428491,0.0,1693000.0,1455000.0,0.0,3148000.0,12528000,0.0,474000.0,1516000.0,0.10649058724360776,1042000.0,0.07319471761730824,0.0,974000.0,0.06841809497049733,325000.0,649000.0,0.045588648496768754,0.06994,0.06994,9271000.0,9280000.0,https://www.sec.gov/Archives/edgar/data/1017303/000101730309000024/0001017303-09-000024-index.htm,https://www.sec.gov/Archives/edgar/data/1017303/000101730309000024/form10q.htm
0,2009-06-30,TACT,2009-08-10 00:00:00,2009-08-10 16:50:03,Q2,14240000,9380000.0,4860000.0,0.341292,670000.0,3150000.0,0.0,0.0,3809999.9999999986,13189999.999999998,-20000.0,470000.00000000006,1430000.0,0.100421,1040000.0,0.073034,-50000.0,970000.0,0.068118,330000.0,650000.0,0.045646,0.06952,0.06952,9350000.0,9350000.0,https://www.sec.gov/Archives/edgar/data/1017303/000101730309000024/0001017303-09-000024-index.html,https://www.sec.gov/Archives/edgar/data/1017303/000101730309000024/form10q.htm
0,2009-05-11,TACT,2009-05-11,2009-08-10 16:50:03,Q1,12202000,8076000.0,4126000.0,0.33814128831339124,0.0,1855000.0,1398000.0,0.0,3253000.0,11329000,0.0,435000.0,614000.0,0.05031961973446976,179000.0,0.01466972627438125,0.0,184000.0,0.015079495164727093,63000.0,121000.0,0.009916407146369448,0.01307,0.01307,9257000.0,9259000.0,https://www.sec.gov/Archives/edgar/data/1017303/000101730309000013/0001017303-09-000013-index.htm,https://www.sec.gov/Archives/edgar/data/1017303/000101730309000003/form10-k.htm
0,2009-03-31,TACT,2009-05-11 00:00:00,2009-05-11 16:57:53,Q1,12200000,8080000.0,4130000.0,0.338525,690000.0,3130000.0,0.0,0.0,3939999.9999999995,12020000,-20000.0,440000.0,600000.0,0.04918,180000.0,0.014754,20000.0,180000.0,0.014754,60000.0,120000.0,0.009836,0.01296,0.01296,9260000.0,9260000.0,https://www.sec.gov/Archives/edgar/data/1017303/000101730309000013/0001017303-09-000013-index.html,https://www.sec.gov/Archives/edgar/data/1017303/000101730309000013/form10q.htm
0,2008-12-31,TACT,2009-03-16,2009-03-16 11:49:32,Q4,14280000,9460000.0,4820000.0,0.33753501400560226,820000.0,3390000.0,1681000.0,0.0,4209999.999999999,13669999.999999998,70000.0,460000.0000000002,1410000.0000000002,0.098739,610000.0,0.042717,270000.0,880000.0,0.061625,240000.0,640000.0,0.044818,0.06794,0.06794,9420000.0,9420000.0,https://www.sec.gov/Archives/edgar/data/1017303/000101730309000003/0001017303-09-000003-index.htm,https://www.sec.gov/Archives/edgar/data/1017303/000101730309000003/form10-k.htm
0,2008-09-30,TACT,2008-11-10,2008-11-10 12:16:37,Q3,17330000,11430000,5900000.0,0.3404500865551068,710000.0,3270000.0,1430000.0,0.0,3980000.0000000005,15410000,0.0,429999.99999999994,2440000.0,0.140796,1910000.0,0.110214,100000.0,2010000.0,0.115984,800000.0,1210000.0,0.069821,0.12565,0.12565,9630000.0,9630000.0,https://www.sec.gov/Archives/edgar/data/1017303/000119312508231188/0001193125-08-231188-index.htm,https://www.sec.gov/Archives/edgar/data/1017303/000119312508231188/d10q.htm
0,2008-06-30,TACT,2008-08-11,2008-08-11 15:44:03,Q2,16320000,10860000,5460000.0,0.33455882352941174,690000.0,3240000.0,1516000.0,0.0,5060000.000000001,15920000,-10000.0,459999.99999999994,830000.0,0.050858,400000.0,0.02451,-10000.0,380000.0,0.023284,90000.0,290000.0,0.01777,0.03046,0.03046,9520000.0,9520000.0,https://www.sec.gov/Archives/edgar/data/1017303/000119312508173364/0001193125-08-173364-index.htm,https://www.sec.gov/Archives/edgar/data/1017303/000119312508173364/d10q.htm
0,2008-03-31,TACT,2008-05-12,2008-05-12 11:39:25,Q1,14290000,9510000.0,4780000.0,0.3344996501049685,720000.0,3230000.0,1451000.0,0.0,5830000.0,15340000,0.0,500000.0,-550000.0,-0.038488,-1060000.0,-0.074178,0.0,-1050000.0,-0.073478,-360000.0,-690000.0,-0.048286,-0.07435,-0.07435,9280000.0,9280000.0,https://www.sec.gov/Archives/edgar/data/1017303/000119312508111001/0001193125-08-111001-index.htm,https://www.sec.gov/Archives/edgar/data/1017303/000119312508111001/d10q.htm
0,2007-12-31,TACT,,,Q4,11610000,8200000.0,3420000.0,0.294574,850000.0,3390000.0,0.0,0.0,5420000.0,13620000,20000.0,460000.0000000002,-1489999.9999999998,-0.128338,-2010000.0,-0.173127,20000.0,-1970000.0,-0.169681,-650000.0,-1320000.0,-0.113695,-0.14178,-0.14178,9310000.0,9310000.0,,
0,2007-09-30,TACT,2007-11-09 00:00:00,2007-11-09 15:11:15,Q3,11740000,7850000.0,3890000.0,0.331346,790000.0,3280000.0,0.0,0.0,5600000.0,13450000,20000.0,479999.9999999999,-1210000.0000000002,-0.103066,-1710000.0,-0.145656,-10000.0,-1700000.0,-0.144804,-690000.0,-1020000.0,-0.086882,-0.10897,-0.10897,9360000.0,9360000.0,https://www.sec.gov/Archives/edgar/data/1017303/000095012307015233/0000950123-07-015233-index.html,https://www.sec.gov/Archives/edgar/data/1017303/000095012307015233/y42402e10vq.txt
0,2007-06-30,TACT,2007-08-08 00:00:00,2007-08-08 14:24:02,Q2,13950000,9010000.0,4940000.0,0.354122,780000.0,3540000.0,0.0,0.0,4520000.0,13530000,10000.0,470000.00000000006,920000.0,0.06595,420000.0,0.030108,10000.0,440000.0,0.031541,160000.0,280000.0,0.020072,0.02926,0.02926,9570000.0,9570000.0,https://www.sec.gov/Archives/edgar/data/1017303/000095012307011057/0000950123-07-011057-index.html,https://www.sec.gov/Archives/edgar/data/1017303/000095012307011057/y38125e10vq.txt
0,2007-03-31,TACT,2007-05-10 00:00:00,2007-05-10 16:00:28,Q1,11470000,7720000.0,3750000.0,0.32694,710000.0,3490000.0,0.0,0.0,4200000.0,11920000,30000.0,430000.0,40000.0,0.003487,-450000.0,-0.039233,0.0,-430000.0,-0.037489,-200000.0,-220000.0,-0.01918,-0.02335,-0.02335,9420000.0,9420000.0,https://www.sec.gov/Archives/edgar/data/1017303/000095012307007210/0000950123-07-007210-index.html,https://www.sec.gov/Archives/edgar/data/1017303/000095012307007210/y34852e10vq.txt
0,2006-12-31,TACT,,,Q4,15710000,10220000,5490000.0,0.349459,670000.0,3780000.0,0.0,0.0,3969999.999999999,14189999.999999998,40000.0,380000.0000000001,1960000.0,0.124761,1520000.0,0.096754,-20000.0,1540000.0,0.098027,560000.0,980000.0,0.062381,0.1002,0.1002,9780000.0,9780000.0,,
0,2006-09-30,TACT,,,Q3,15280000,9840000.0,5440000.0,0.356021,620000.0,3220000.0,0.0,0.0,3880000.000000001,13720000.000000002,30000.0,409999.9999999999,1960000.0,0.128272,1550000.0,0.10144,-60000.0,1520000.0,0.099476,500000.0,1020000.0,0.066754,0.10303,0.10303,9900000.0,9900000.0,,
0,2006-06-30,TACT,,,Q2,16910000,11160000,5750000.0,0.340035,770000.0,3570000.0,0.0,0.0,4369999.999999999,15529999.999999998,20000.0,410000.00000000006,1760000.0,0.10408,1380000.0,0.081609,-70000.0,1330000.0,0.078652,470000.0,860000.0,0.050857,0.08566,0.08566,10040000,10040000,,
0,2006-03-31,TACT,,,Q1,16430000,10750000,5690000.0,0.346318,760000.0,3290000.0,0.0,0.0,4050000.000000001,14800000.000000002,10000.0,370000.0,2020000.0,0.122946,1640000.0,0.099817,-10000.0,1640000.0,0.099817,580000.0,1060000.0,0.064516,0.1074,0.1074,9870000.0,9870000.0,,
0,2005-12-31,TACT,,,Q4,12500000,9420000.0,3080000.0,0.2464,620000.0,3540000.0,0.0,0.0,4150000.0,13570000,10000.0,320000.00000000006,-719999.9999999999,-0.0576,-1080000.0,-0.0864,10000.0,-1050000.0,-0.084,-320000.0,-730000.0,-0.0584,-0.07604,-0.07604,9600000.0,9600000.0,,
0,2005-09-30,TACT,,,Q3,14210000,9630000.0,4580000.0,0.322308,640000.0,3250000.0,0.0,0.0,3889999.999999999,13519999.999999998,20000.0,359999.9999999999,1090000.0,0.076707,690000.0,0.048557,10000.0,710000.0,0.049965,40000.0,670000.0,0.04715,0.06647,0.06647,10080000,10080000,,
0,2005-06-30,TACT,,,Q2,12350000,8090000.0,4250000.0,0.34413,740000.0,3140000.0,0.0,0.0,3880000.000000001,11970000.000000002,20000.0,400000.0000000001,840000.0000000001,0.068016,380000.0,0.030769,20000.0,410000.0,0.033198,150000.0,270000.0,0.021862,0.02634,0.02634,10250000,10250000,,
0,2005-03-31,TACT,,,Q1,12040000,8360000.0,3680000.0,0.305648,730000.0,2710000.0,0.0,0.0,3440000.0000000014,11800000.000000002,20000.0,410000.0,680000.0,0.056478,230000.0,0.019103,0.0,250000.0,0.020764,90000.0,160000.0,0.013289,0.01531,0.01531,10450000,10450000,,
0,2004-12-31,TACT,2005-03-16 00:00:00,2005-03-16 15:17:44,Q4,14600000,9490000.0,5110000.0,0.35,910000.0,2840000.0,0.0,0.0,3529999.9999999995,13020000,10000.0,389999.9999999999,1980000.0,0.135616,1580000.0,0.108219,-20000.0,1570000.0,0.107534,550000.0,1030000.0,0.070548,0.09819,0.09819,10490000,10490000,https://www.sec.gov/Archives/edgar/data/1017303/000095012305003228/0000950123-05-003228-index.html,https://www.sec.gov/Archives/edgar/data/1017303/000095012305003228/y06777e10vk.txt
0,2004-09-30,TACT,2004-11-15 00:00:00,2004-11-15 15:11:24,Q3,15480000,9590000.0,5900000.0,0.381137,640000.0,2780000.0,0.0,0.0,3420000.0,13010000,0.0,420000.00000000006,2910000.0,0.187984,2470000.0,0.159561,0.0,2480000.0,0.160207,860000.0,1630000.0,0.105297,0.15436,0.15436,10560000,10560000,https://www.sec.gov/Archives/edgar/data/1017303/000095012304013626/0000950123-04-013626-index.html,https://www.sec.gov/Archives/edgar/data/1017303/000095012304013626/y68743e10vq.txt
0,2004-06-30,TACT,2004-08-12 00:00:00,2004-08-12 16:01:38,Q2,14690000,9080000.0,5620000.0,0.382573,550000.0,2780000.0,0.0,0.0,3330000.0,12410000,0.0,389999.99999999994,2680000.0,0.182437,2290000.0,0.155888,0.0,2290000.0,0.155888,820000.0,1470000.0,0.100068,0.14067,0.14067,10450000,10450000,https://www.sec.gov/Archives/edgar/data/1017303/000095012304009653/0000950123-04-009653-index.html,https://www.sec.gov/Archives/edgar/data/1017303/000095012304009653/y00215e10vq.txt
0,2004-03-31,TACT,2004-05-12 00:00:00,2004-05-12 16:35:02,Q1,15080000,9660000.0,5420000.0,0.359416,610000.0,2690000.0,0.0,0.0,3310000.0000000005,12970000,-10000.0,430000.0,2520000.0,0.167109,2110000.0,0.13992,0.0,2100000.0,0.139257,760000.0,1340000.0,0.088859,0.13646,0.13646,9820000.0,9820000.0,https://www.sec.gov/Archives/edgar/data/1017303/000095012304006255/0000950123-04-006255-index.html,https://www.sec.gov/Archives/edgar/data/1017303/000095012304006255/y97305e10vq.txt
0,2003-12-31,TACT,2004-03-30 00:00:00,2004-03-30 13:32:41,Q4,14660000,10590000,4070000.0,0.277626,620000.0,2630000.0,0.0,0.0,4380000.000000001,14970000.000000002,-30000.0,379999.9999999999,-50000.0000000001,-0.003411,-310000.0,-0.021146,-60000.0,-400000.0,-0.027285,-200000.0,-200000.0,-0.013643,-0.02035,-0.02035,9830000.0,9830000.0,https://www.sec.gov/Archives/edgar/data/1017303/000095012304003987/0000950123-04-003987-index.html,https://www.sec.gov/Archives/edgar/data/1017303/000095012304003987/y95646e10vk.txt
0,2003-09-30,TACT,2003-11-10 00:00:00,2003-11-10 14:04:18,Q3,15050000,10230000,4820000.0,0.320266,550000.0,2290000.0,0.0,0.0,2939999.9999999995,13170000,-60000.0,410000.00000000006,2130000.0,0.141528,1870000.0,0.124252,-30000.0,1780000.0,0.118272,640000.0,1140000.0,0.075748,0.12025,0.12025,9480000.0,9480000.0,https://www.sec.gov/Archives/edgar/data/1017303/000095012303012374/0000950123-03-012374-index.html,https://www.sec.gov/Archives/edgar/data/1017303/000095012303012374/y91547e10vq.txt
0,2003-06-30,TACT,2003-08-11 00:00:00,2003-08-11 17:01:31,Q2,13380000,9170000.0,4210000.0,0.314649,550000.0,2380000.0,0.0,0.0,2920000.0,12090000,-80000.0,420000.0,1530000.0,0.11435,1280000.0,0.095665,-30000.0,1180000.0,0.088191,400000.0,790000.0,0.059043,0.08817,0.08817,8960000.0,8960000.0,https://www.sec.gov/Archives/edgar/data/1017303/000095012303009219/0000950123-03-009219-index.html,https://www.sec.gov/Archives/edgar/data/1017303/000095012303009219/y89147e10vq.txt
0,2003-03-31,TACT,2003-05-09 00:00:00,2003-05-09 16:02:33,Q1,9010000.0,6570000.0,2440000.0,0.27081,560000.0,2140000.0,0.0,0.0,2709999.999999999,9279999.999999998,-50000.0,450000.0,90000.0,0.009989,-260000.0,-0.028857,0.0,-310000.0,-0.034406,-110000.0,-200000.0,-0.022198,-0.0235,-0.0235,8510000.0,8510000.0,https://www.sec.gov/Archives/edgar/data/1017303/000095012303005634/0000950123-03-005634-index.html,https://www.sec.gov/Archives/edgar/data/1017303/000095012303005634/y86136e10vq.txt
0,2002-12-31,TACT,2003-03-31 00:00:00,2003-03-31 14:13:45,Q4,9160000.0,6990000.0,2180000.0,0.237991,520000.0,1840000.0,0.0,0.0,2349999.9999999995,9340000.0,-40000.0,419999.99999999994,159999.99999999994,0.017467,-180000.0,-0.019651,0.0,-220000.0,-0.024017,-80000.0,-140000.0,-0.015284,-0.01647,-0.01647,8500000.0,8500000.0,https://www.sec.gov/Archives/edgar/data/1017303/000095012303003629/0000950123-03-003629-index.html,https://www.sec.gov/Archives/edgar/data/1017303/000095012303003629/y84806e10vk.txt
0,2002-09-30,TACT,2002-11-13 00:00:00,2002-11-13 14:17:44,Q3,8850000.0,6550000.0,2300000.0,0.259887,460000.0,1970000.0,0.0,0.0,3340000.000000001,9890000.0,-60000.0,490000.0,-680000.0,-0.076836,-1040000.0,-0.117514,-10000.0,-1110000.0,-0.125424,-400000.0,-710000.0,-0.080226,-0.08383,-0.08383,8470000.0,8470000.0,https://www.sec.gov/Archives/edgar/data/1017303/000091403902000394/0000914039-02-000394-index.html,https://www.sec.gov/Archives/edgar/data/1017303/000091403902000394/y65547e10vq.txt
0,2002-06-30,TACT,2002-08-13 00:00:00,2002-08-13 12:27:30,Q2,10920000,7810000.0,3110000.0,0.284799,500000.0,2200000.0,0.0,0.0,2710000.0,10520000,-30000.0,420000.00000000006,840000.0,0.076923,400000.0,0.03663,80000.0,450000.0,0.041209,160000.0,290000.0,0.026557,0.03436,0.03436,8440000.0,8440000.0,https://www.sec.gov/Archives/edgar/data/1017303/000091403902000326/0000914039-02-000326-index.html,https://www.sec.gov/Archives/edgar/data/1017303/000091403902000326/y62893e10vq.txt
0,2002-03-31,TACT,2002-05-13 00:00:00,2002-05-13 11:14:30,Q1,10530000,7900000.0,2630000.0,0.249763,550000.0,2210000.0,0.0,0.0,2789999.999999999,10689999.999999998,-60000.0,610000.0,350000.0,0.033238,-170000.0,-0.016144,20000.0,-200000.0,-0.018993,-70000.0,-130000.0,-0.012346,-0.01546,-0.01546,8410000.0,8410000.0,https://www.sec.gov/Archives/edgar/data/1017303/000091403902000217/0000914039-02-000217-index.html,https://www.sec.gov/Archives/edgar/data/1017303/000091403902000217/y60442e10-q.txt
0,2001-12-31,TACT,2002-03-29 00:00:00,2002-03-29 00:00:00,Q4,10170000,8180000.0,1990000.0,0.195674,630000.0,2630000.0,0.0,0.0,4660000.0,12840000,-110000.0,750000.0,-2120000.0,-0.208456,-2670000.0,-0.262537,10000.0,-2770000.0,-0.27237,-980000.0,-1780000.0,-0.175025,-0.21446,-0.21446,8300000.0,8300000.0,https://www.sec.gov/Archives/edgar/data/1017303/000091403902000121/0000914039-02-000121-index.html,https://www.sec.gov/Archives/edgar/data/1017303/000091403902000121/y58940e10-k.txt
0,2001-09-30,TACT,2001-11-13 00:00:00,2001-11-13 00:00:00,Q3,13230000,9660000.0,3570000.0,0.269841,750000.0,2460000.0,0.0,0.0,3679999.9999999995,13340000,-110000.0,779999.9999999998,419999.9999999998,0.031746,-110000.0,-0.008314,-40000.0,-250000.0,-0.018896,-90000.0,-160000.0,-0.012094,-0.01909,-0.01909,8380000.0,8380000.0,https://www.sec.gov/Archives/edgar/data/1017303/000091403901500249/0000914039-01-500249-index.html,https://www.sec.gov/Archives/edgar/data/1017303/000091403901500249/y54936e10-q.txt
0,2001-06-30,TACT,2001-08-13 00:00:00,2001-08-13 00:00:00,Q2,10800000,8380000.0,2410000.0,0.223148,870000.0,2940000.0,0.0,0.0,4229999.999999999,12609999.999999998,-90000.0,810000.0,-1190000.0,-0.110185,-1820000.0,-0.168519,0.0,-1910000.0,-0.176852,-690000.0,-1220000.0,-0.112963,-0.14646,-0.14646,8330000.0,8330000.0,https://www.sec.gov/Archives/edgar/data/1017303/000091403901500152/0000914039-01-500152-index.html,https://www.sec.gov/Archives/edgar/data/1017303/000091403901500152/y52444e10-q.txt
0,2001-03-31,TACT,2001-05-14 00:00:00,2001-05-14 00:00:00,Q1,9770000.0,7970000.0,1800000.0,0.184237,820000.0,2650000.0,0.0,0.0,4500000.000000001,12470000.000000002,-90000.0,790000.0,-2050000.0,-0.209826,-2690000.0,-0.275333,40000.0,-2750000.0,-0.281474,-990000.0,-1760000.0,-0.180143,-0.21205,-0.21205,8300000.0,8300000.0,https://www.sec.gov/Archives/edgar/data/1017303/000091403901500063/0000914039-01-500063-index.html,https://www.sec.gov/Archives/edgar/data/1017303/000091403901500063/y48990e10-q.txt
0,2000-12-31,TACT,2001-03-28 00:00:00,2001-03-28 00:00:00,Q4,14140000,10540000,3600000.0,0.254597,830000.0,2790000.0,0.0,0.0,3810000.0000000005,14350000,-170000.0,780000.0,180000.0,0.01273,-210000.0,-0.014851,-40000.0,-430000.0,-0.03041,-280000.0,-150000.0,-0.010608,-0.01812,-0.01812,8280000.0,8280000.0,https://www.sec.gov/Archives/edgar/data/1017303/000091403901000108/0000914039-01-000108-index.html,https://www.sec.gov/Archives/edgar/data/1017303/000091403901000108/y46850e10-k.txt
0,2000-09-23,TACT,2000-11-02 00:00:00,2000-11-02 00:00:00,Q3,14600000,10740000,3870000.0,0.265068,830000.0,2450000.0,0.0,0.0,3269999.9999999995,14010000,-170000.0,700000.0,970000.0,0.066438,590000.0,0.040411,20000.0,440000.0,0.030137,150000.0,290000.0,0.019863,0.03507,0.03507,8270000.0,8270000.0,https://www.sec.gov/Archives/edgar/data/1017303/000091403900000438/0000914039-00-000438-index.html,https://www.sec.gov/Archives/edgar/data/1017303/000091403900000438/y41883e10-q.txt
0,2000-06-24,TACT,2000-08-08 00:00:00,2000-08-08 00:00:00,Q2,13740000,10080000,3670000.0,0.267103,970000.0,2910000.0,0.0,0.0,3869999.999999999,13949999.999999998,-160000.0,670000.0,160000.0,0.011645,-210000.0,-0.015284,20000.0,-350000.0,-0.025473,-160000.0,-190000.0,-0.013828,-0.02303,-0.02303,8250000.0,8250000.0,https://www.sec.gov/Archives/edgar/data/1017303/000091403900000341/0000914039-00-000341-index.html,https://www.sec.gov/Archives/edgar/data/1017303/000091403900000341/e10-q.txt
0,2000-03-25,TACT,2000-03-28 00:00:00,2000-03-28 00:00:00,Q1,11240000,8230000.0,3010000.0,0.267794,860000.0,2480000.0,0.0,0.0,3330000.0,11560000,-150000.0,600000.0,-10000.0,-0.00089,-320000.0,-0.02847,20000.0,-460000.0,-0.040925,-160000.0,-300000.0,-0.02669,-0.0365,-0.0365,8220000.0,8220000.0,https://www.sec.gov/Archives/edgar/data/1017303/000091403900000145/0000914039-00-000145-index.html,https://www.sec.gov/Archives/edgar/data/1017303/0000914039-00-000145.txt
0,1999-12-31,TACT,2000-03-28 00:00:00,2000-03-28 00:00:00,Q4,10140000,7390000.0,2750000.0,0.271203,840000.0,2290000.0,0.0,0.0,3130000.0,10520000,-130000.0,560000.0000000003,-69999.9999999997,-0.006903,-380000.0,-0.037475,10000.0,-500000.0,-0.04931,-120000.0,-380000.0,-0.037475,-0.04551,-0.04551,8350000.0,8350000.0,https://www.sec.gov/Archives/edgar/data/1017303/000091403900000145/0000914039-00-000145-index.html,https://www.sec.gov/Archives/edgar/data/1017303/0000914039-00-000145.txt
0,1999-09-25,TACT,1999-11-09 00:00:00,1999-11-09 00:00:00,Q3,13020000,9690000.0,3340000.0,0.256528,800000.0,2130000.0,0.0,0.0,2929999.9999999995,12620000,-90000.0,540000.0,1520000.0,0.116743,400000.0,0.030722,760000.0,1070000.0,0.082181,230000.0,840000.0,0.064516,0.09906,0.09906,8480000.0,8480000.0,https://www.sec.gov/Archives/edgar/data/1017303/000091403999000476/0000914039-99-000476-index.html,https://www.sec.gov/Archives/edgar/data/1017303/0000914039-99-000476.txt
0,1999-06-26,TACT,1999-08-09 00:00:00,1999-08-09 00:00:00,Q2,12520000,9290000.0,3240000.0,0.258786,790000.0,2120000.0,0.0,0.0,2900000.0000000005,12190000,-100000.0,579999.9999999998,729999.9999999998,0.058307,330000.0,0.026358,10000.0,250000.0,0.019968,100000.0,150000.0,0.011981,0.01794,0.01794,8360000.0,8360000.0,https://www.sec.gov/Archives/edgar/data/1017303/000091403999000363/0000914039-99-000363-index.html,https://www.sec.gov/Archives/edgar/data/1017303/0000914039-99-000363.txt
0,1999-03-27,TACT,1999-03-29 00:00:00,1999-03-29 00:00:00,Q1,9200000.0,6770000.0,2430000.0,0.26413,800000.0,1950000.0,0.0,0.0,2750000.0,9520000.0,-90000.0,560000.0,70000.0,0.007609,-320000.0,-0.034783,20000.0,-400000.0,-0.043478,-120000.0,-280000.0,-0.030435,-0.03345,-0.03345,8370000.0,8370000.0,https://www.sec.gov/Archives/edgar/data/1017303/000091403999000129/0000914039-99-000129-index.html,https://www.sec.gov/Archives/edgar/data/1017303/0000914039-99-000129.txt
0,1998-12-31,TACT,1999-03-29 00:00:00,1999-03-29 00:00:00,Q4,12860000,9990000.0,2870000.0,0.223173,820000.0,2040000.0,0.0,0.0,3160000.0,13150000,-120000.0,419999.9999999997,-90000.0000000003,-0.006998,-290000.0,-0.022551,20000.0,-390000.0,-0.030327,-200000.0,-190000.0,-0.014774,-0.02189,-0.02189,8680000.0,8680000.0,https://www.sec.gov/Archives/edgar/data/1017303/000091403999000129/0000914039-99-000129-index.html,https://www.sec.gov/Archives/edgar/data/1017303/0000914039-99-000129.txt
0,1998-09-26,TACT,1998-11-10 00:00:00,1998-11-10 00:00:00,Q3,13600000,9820000.0,3780000.0,0.277941,1010000.0,1820000.0,0.0,0.0,2830000.0,12650000,-110000.0,560000.0,1290000.0,0.094853,950000.0,0.069853,0.0,850000.0,0.0625,310000.0,530000.0,0.038971,0.0573,0.0573,9250000.0,9250000.0,https://www.sec.gov/Archives/edgar/data/1017303/000091403998000412/0000914039-98-000412-index.html,https://www.sec.gov/Archives/edgar/data/1017303/0000914039-98-000412.txt
0,1998-06-27,TACT,1998-08-11 00:00:00,1998-08-11 00:00:00,Q2,12500000,9070000.0,3440000.0,0.2752,980000.0,2000000.0,0.0,0.0,2980000.0000000005,12050000,-90000.0,550000.0,830000.0,0.0664,450000.0,0.036,10000.0,370000.0,0.0296,140000.0,230000.0,0.0184,0.02447,0.02447,9400000.0,9400000.0,https://www.sec.gov/Archives/edgar/data/1017303/000091403998000311/0000914039-98-000311-index.html,https://www.sec.gov/Archives/edgar/data/1017303/0000914039-98-000311.txt
0,1998-03-28,TACT,1998-03-31 00:00:00,1998-03-31 00:00:00,Q1,13280000,9530000.0,3750000.0,0.28238,830000.0,1870000.0,0.0,0.0,2710000.000000001,12240000.000000002,-40000.0,500000.0,1460000.0,0.10994,1040000.0,0.078313,10000.0,1010000.0,0.076054,370000.0,630000.0,0.04744,0.06435,0.06435,9790000.0,9790000.0,https://www.sec.gov/Archives/edgar/data/1017303/000091403998000134/0000914039-98-000134-index.html,https://www.sec.gov/Archives/edgar/data/1017303/0000914039-98-000134.txt
0,1997-12-31,TACT,1998-03-31 00:00:00,1998-03-31 00:00:00,Q4,12780000,8980000.0,3790000.0,0.296557,700000.0,1850000.0,0.0,0.0,2559999.9999999986,11539999.999999998,30000.0,340000.0000000001,1640000.0,0.128326,1240000.0,0.097027,10000.0,1270000.0,0.099374,410000.0,860000.0,0.067293,0.07963,0.07963,10800000,10800000,https://www.sec.gov/Archives/edgar/data/1017303/000091403998000134/0000914039-98-000134-index.html,https://www.sec.gov/Archives/edgar/data/1017303/0000914039-98-000134.txt
0,1997-09-27,TACT,1997-11-10 00:00:00,1997-11-10 00:00:00,Q3,16040000,10980000,5070000.0,0.316085,620000.0,1880000.0,0.0,0.0,2500000.0,13480000,10000.0,439999.99999999994,3000000.0,0.187032,2560000.0,0.159601,-20000.0,2550000.0,0.158978,970000.0,1580000.0,0.098504,0.15019,0.15019,10520000,10520000,https://www.sec.gov/Archives/edgar/data/1017303/000091403997000340/0000914039-97-000340-index.html,https://www.sec.gov/Archives/edgar/data/1017303/0000914039-97-000340.txt
0,1997-06-28,TACT,1997-08-08 00:00:00,1997-08-08 00:00:00,Q2,15570000,10610000,4960000.0,0.318561,780000.0,1990000.0,0.0,0.0,2770000.0000000014,13380000.000000002,-10000.0,420000.00000000006,2600000.0,0.166988,2190000.0,0.140655,10000.0,2190000.0,0.140655,830000.0,1360000.0,0.087347,0.13153,0.13153,10340000,10340000,https://www.sec.gov/Archives/edgar/data/1017303/000091403997000264/0000914039-97-000264-index.html,https://www.sec.gov/Archives/edgar/data/1017303/0000914039-97-000264.txt
0,1997-03-29,TACT,1997-05-09 00:00:00,1997-05-09 00:00:00,Q1,14010000,9660000.0,4350000.0,0.310493,680000.0,1840000.0,0.0,0.0,2519999.9999999995,12180000,-10000.0,390000.0,2200000.0,0.157031,1830000.0,0.130621,-10000.0,1810000.0,0.129193,730000.0,1090000.0,0.077802,0.10562,0.10562,10320000,10320000,https://www.sec.gov/Archives/edgar/data/1017303/000091403997000156/0000914039-97-000156-index.html,https://www.sec.gov/Archives/edgar/data/1017303/0000914039-97-000156.txt
0,1996-12-31,TACT,1997-03-25 00:00:00,1997-03-25 00:00:00,Q4,11120000,7640000.0,3470000.0,0.31205,590000.0,1770000.0,0.0,0.0,2360000.0000000005,10000000,-10000.0,309999.99999999994,1440000.0,0.129496,1120000.0,0.100719,30000.0,1140000.0,0.102518,460000.0,680000.0,0.061151,0.06641,0.06641,10240000,10240000,https://www.sec.gov/Archives/edgar/data/1017303/000091403997000080/0000914039-97-000080-index.html,https://www.sec.gov/Archives/edgar/data/1017303/0000914039-97-000080.txt
