,date,symbol,fillingDate,acceptedDate,period,revenue,costOfRevenue,grossProfit,grossProfitRatio,researchAndDevelopmentExpenses,generalAndAdministrativeExpenses,sellingAndMarketingExpenses,otherExpenses,operatingExpenses,costAndExpenses,interestExpense,depreciationAndAmortization,ebitda,ebitdaratio,operatingIncome,operatingIncomeRatio,totalOtherIncomeExpensesNet,incomeBeforeTax,incomeBeforeTaxRatio,incomeTaxExpense,netIncome,netIncomeRatio,eps,epsdiluted,weightedAverageShsOut,weightedAverageShsOutDil,link,finalLink
0,2020-07-31,PATH.TO,2020-07-31,2020-07-31,Q3,3429206.0,555889.0,2873317.0,0.837895711135464,1030136.0,1562894.0,852974.0,0.0,0.0,3148919.0,71205.0,0.0,301165.0,0.08782353699369475,280287.0,0.007177754850539746,-184468.0,24614.0,0.007177754850539746,0.0,24614.0,0.007177754850539746,0.003923,0.003407,6273833.0,7224184.0,https://www.sedar.com/ModifyCompanyDocumentSearchForm.do?lang=EN&company_search=CounterPath Corp&document_selection=0&industry_group=A&FromDate=13&FromMonth=05&FromYear=2000&ToDate=13&ToMonth=11&ToYear=2020&Variable=Issuer,https://www.sedar.com/ModifyCompanyDocumentSearchForm.do?lang=EN&company_search=CounterPath Corp&document_selection=0&industry_group=A&FromDate=13&FromMonth=05&FromYear=2000&ToDate=13&ToMonth=11&ToYear=2020&Variable=Issuer
0,2020-04-30,PATH.TO,2020-04-30,2020-04-30,Q2,4041868.0,586082.0,3455786.0,0.8549972438486363,1011790.0,1660727.0,1006595.0,-2799.0,0.0,3258599.0,90244.0,0.0,810599.0,0.2005505870058102,783269.0,0.22271434890995945,196267.0,900182.0,0.22271434890995945,0.0,900182.0,0.22271434890995945,0.1434819830237751,0.1434819830237751,6273833.0,6273833.0,https://www.sedar.com/ModifyCompanyDocumentSearchForm.do?lang=EN&company_search=CounterPath Corp&document_selection=0&industry_group=A&FromDate=13&FromMonth=05&FromYear=2000&ToDate=13&ToMonth=11&ToYear=2020&Variable=Issuer,https://www.sedar.com/ModifyCompanyDocumentSearchForm.do?lang=EN&company_search=CounterPath Corp&document_selection=0&industry_group=A&FromDate=13&FromMonth=05&FromYear=2000&ToDate=13&ToMonth=11&ToYear=2020&Variable=Issuer
0,2020-01-31,PATH.TO,2020-01-31,2020-01-31,Q1,2784868.0,464887.0,2319981.0,0.8330667737214116,1021182.0,1490815.0,899668.0,2099.0,0.0,2976884.0,92317.0,0.0,-173458.0,-0.06228589649491466,-192016.0,-0.09543540304244223,18558.0,-265775.0,-0.09543540304244223,0.0,-265775.0,-0.09543540304244223,-0.04,-0.04,6031084.0,6031084.0,https://www.sedar.com/ModifyCompanyDocumentSearchForm.do?lang=EN&company_search=CounterPath Corp&document_selection=0&industry_group=A&FromDate=13&FromMonth=05&FromYear=2000&ToDate=13&ToMonth=11&ToYear=2020&Variable=Issuer,https://www.sedar.com/ModifyCompanyDocumentSearchForm.do?lang=EN&company_search=CounterPath Corp&document_selection=0&industry_group=A&FromDate=13&FromMonth=05&FromYear=2000&ToDate=13&ToMonth=11&ToYear=2020&Variable=Issuer
0,2019-10-31,PATH.TO,2019-10-31,2019-10-31,Q4,2700922.0,562619.0,2138303.0,0.7916937253278695,1233994.0,1610283.0,955010.0,700.0,0.0,3406896.0,82217.0,0.0,-688007.0,-0.2547304216856318,-705974.0,-0.29665758581699136,-13058.0,-801249.0,-0.29665758581699136,0.0,-801249.0,-0.29665758581699136,-0.13,-0.13,5955954.0,5955954.0,https://www.sedar.com/ModifyCompanyDocumentSearchForm.do?lang=EN&company_search=CounterPath Corp&document_selection=0&industry_group=A&FromDate=13&FromMonth=05&FromYear=2000&ToDate=13&ToMonth=11&ToYear=2020&Variable=Issuer,https://www.sedar.com/ModifyCompanyDocumentSearchForm.do?lang=EN&company_search=CounterPath Corp&document_selection=0&industry_group=A&FromDate=13&FromMonth=05&FromYear=2000&ToDate=13&ToMonth=11&ToYear=2020&Variable=Issuer
0,2019-07-31,PATH.TO,2019-07-31,2019-07-31,Q3,2573668.0,511360.0,2062308.0,0.801310813982223,1131848.0,1615306.0,970593.0,0.0,0.0,3258514.0,70573.0,0.0,-664864.0,-0.25833324267154895,-684846.0,-0.36124434076190093,-174304.0,-929723.0,-0.36124434076190093,0.0,-929723.0,-0.36124434076190093,-0.16,-0.16,5952122.0,5952122.0,https://www.sedar.com/ModifyCompanyDocumentSearchForm.do?lang=EN&company_search=CounterPath Corp&document_selection=0&industry_group=A&FromDate=13&FromMonth=05&FromYear=2000&ToDate=13&ToMonth=11&ToYear=2020&Variable=Issuer,https://www.sedar.com/ModifyCompanyDocumentSearchForm.do?lang=EN&company_search=CounterPath Corp&document_selection=0&industry_group=A&FromDate=13&FromMonth=05&FromYear=2000&ToDate=13&ToMonth=11&ToYear=2020&Variable=Issuer
0,2019-04-30,PATH.TO,2019-04-30,2019-04-30,Q2,2848055.0,441381.0,2406674.0,0.8450237091629199,1383698.0,1972988.0,1115982.0,0.0,0.0,3798067.0,80535.0,0.0,-917871.0,-0.3222799419252788,-950012.0,-0.3087563266861068,151192.0,-879355.0,-0.3087563266861068,0.0,-879355.0,-0.3087563266861068,-0.15,-0.15,5949205.0,5949205.0,https://www.sedar.com/ModifyCompanyDocumentSearchForm.do?lang=EN&company_search=CounterPath Corp&document_selection=0&industry_group=A&FromDate=13&FromMonth=05&FromYear=2000&ToDate=13&ToMonth=11&ToYear=2020&Variable=Issuer,https://www.sedar.com/ModifyCompanyDocumentSearchForm.do?lang=EN&company_search=CounterPath Corp&document_selection=0&industry_group=A&FromDate=13&FromMonth=05&FromYear=2000&ToDate=13&ToMonth=11&ToYear=2020&Variable=Issuer
0,2019-01-31,PATH.TO,2019-01-31,2019-01-31,Q1,2587758.0,563236.0,2024522.0,0.7823459535242476,1369196.0,1682718.0,983290.0,0.0,0.0,3615150.0,22122.0,0.0,-999233.0,-0.38613850290483115,-1027392.0,-0.40938140274322404,-12011.0,-1059380.0,-0.40938140274322404,0.0,-1059380.0,-0.40938140274322404,-0.18,-0.18,5945181.0,5945181.0,https://www.sedar.com/ModifyCompanyDocumentSearchForm.do?lang=EN&company_search=CounterPath Corp&document_selection=0&industry_group=A&FromDate=13&FromMonth=05&FromYear=2000&ToDate=13&ToMonth=11&ToYear=2020&Variable=Issuer,https://www.sedar.com/ModifyCompanyDocumentSearchForm.do?lang=EN&company_search=CounterPath Corp&document_selection=0&industry_group=A&FromDate=13&FromMonth=05&FromYear=2000&ToDate=13&ToMonth=11&ToYear=2020&Variable=Issuer
0,2018-10-31,PATH.TO,2018-10-31,2018-10-31,Q4,2441261.0,623811.0,1817450.0,0.7444718119037661,1391737.0,2517790.0,967689.0,0.0,0.0,4533338.0,4661.0,0.0,-2073710.0,-0.8494421530512305,-2092077.0,-0.8453651616930759,32981.0,-2063757.0,-0.8453651616930759,0.0,-2063757.0,-0.8453651616930759,-0.35,-0.35,5941812.0,5941812.0,https://www.sedar.com/ModifyCompanyDocumentSearchForm.do?lang=EN&company_search=CounterPath Corp&document_selection=0&industry_group=A&FromDate=13&FromMonth=05&FromYear=2000&ToDate=13&ToMonth=11&ToYear=2020&Variable=Issuer,https://www.sedar.com/ModifyCompanyDocumentSearchForm.do?lang=EN&company_search=CounterPath Corp&document_selection=0&industry_group=A&FromDate=13&FromMonth=05&FromYear=2000&ToDate=13&ToMonth=11&ToYear=2020&Variable=Issuer
0,2018-07-31,PATH.TO,2018-07-31,2018-07-31,Q3,2887830.0,595556.0,2292274.0,0.7937704089229629,1402956.0,1986598.0,994960.0,0.0,0.0,3985110.0,5.0,0.0,-1068338.0,-0.3699449067292742,-1097280.0,-0.35007150697928896,86338.0,-1010947.0,-0.35007150697928896,0.0,-1010947.0,-0.35007150697928896,-0.17,-0.17,5932417.0,5932417.0,https://www.sedar.com/ModifyCompanyDocumentSearchForm.do?lang=EN&company_search=CounterPath Corp&document_selection=0&industry_group=A&FromDate=13&FromMonth=05&FromYear=2000&ToDate=13&ToMonth=11&ToYear=2020&Variable=Issuer,https://www.sedar.com/ModifyCompanyDocumentSearchForm.do?lang=EN&company_search=CounterPath Corp&document_selection=0&industry_group=A&FromDate=13&FromMonth=05&FromYear=2000&ToDate=13&ToMonth=11&ToYear=2020&Variable=Issuer
0,2018-04-30,PATH.TO,2018-04-30,2018-04-30,Q2,2774467.0,498692.0,2275775.0,0.820256647493014,1454758.0,2599595.0,1123151.0,0.0,0.0,4553045.0,26.0,0.0,-1749923.0,-0.6307240273537223,-1778578.0,-0.5221283943907064,329973.0,-1448628.0,-0.5221283943907064,0.0,-1448628.0,-0.5221283943907064,-0.24,-0.24,5935044.0,5935044.0,https://www.sedar.com/ModifyCompanyDocumentSearchForm.do?lang=EN&company_search=CounterPath Corp&document_selection=0&industry_group=A&FromDate=13&FromMonth=05&FromYear=2000&ToDate=13&ToMonth=11&ToYear=2020&Variable=Issuer,https://www.sedar.com/ModifyCompanyDocumentSearchForm.do?lang=EN&company_search=CounterPath Corp&document_selection=0&industry_group=A&FromDate=13&FromMonth=05&FromYear=2000&ToDate=13&ToMonth=11&ToYear=2020&Variable=Issuer
0,2018-01-31,PATH.TO,2018-01-31,2018-01-31,Q1,3083903.0,362057.0,2721846.0,0.8825977989580087,1361219.0,1796519.0,996470.0,0.0,0.0,3519795.0,123.0,0.0,-406608.0,-0.13184850496270473,-435892.0,-0.252388937006125,-342328.0,-778343.0,-0.252388937006125,0.0,-778343.0,-0.252388937006125,-0.14,-0.14,5539352.0,5539352.0,https://www.sedar.com/ModifyCompanyDocumentSearchForm.do?lang=EN&company_search=CounterPath Corp&document_selection=0&industry_group=A&FromDate=13&FromMonth=05&FromYear=2000&ToDate=13&ToMonth=11&ToYear=2020&Variable=Issuer,https://www.sedar.com/ModifyCompanyDocumentSearchForm.do?lang=EN&company_search=CounterPath Corp&document_selection=0&industry_group=A&FromDate=13&FromMonth=05&FromYear=2000&ToDate=13&ToMonth=11&ToYear=2020&Variable=Issuer
0,2017-10-31,PATH.TO,2017-10-31,2017-10-31,Q4,3410565.0,380822.0,3029743.0,0.8883404949033371,1329437.0,1745825.0,1031227.0,0.0,0.0,3456084.0,162.0,0.0,-19104.0,-0.005601417946879769,-45519.0,0.046571169293064346,204515.0,158834.0,0.046571169293064346,0.0,158834.0,0.046571169293064346,0.03,0.03,5487765.0,5892580.0,https://www.sedar.com/ModifyCompanyDocumentSearchForm.do?lang=EN&company_search=CounterPath Corp&document_selection=0&industry_group=A&FromDate=13&FromMonth=05&FromYear=2000&ToDate=13&ToMonth=11&ToYear=2020&Variable=Issuer,https://www.sedar.com/ModifyCompanyDocumentSearchForm.do?lang=EN&company_search=CounterPath Corp&document_selection=0&industry_group=A&FromDate=13&FromMonth=05&FromYear=2000&ToDate=13&ToMonth=11&ToYear=2020&Variable=Issuer
0,2017-07-31,PATH.TO,2017-07-31,2017-07-31,Q3,3112806.0,388243.0,2724563.0,0.8752755552385854,1361473.0,1896871.0,1004284.0,0.0,0.0,3646587.0,53.0,0.0,-504327.0,-0.16201684268149058,-533781.0,-0.37025532590209603,-618699.0,-1152533.0,-0.37025532590209603,0.0,-1152533.0,-0.37025532590209603,-0.23,-0.23,5036954.0,5036954.0,https://www.sedar.com/ModifyCompanyDocumentSearchForm.do?lang=EN&company_search=CounterPath Corp&document_selection=0&industry_group=A&FromDate=13&FromMonth=05&FromYear=2000&ToDate=13&ToMonth=11&ToYear=2020&Variable=Issuer,https://www.sedar.com/ModifyCompanyDocumentSearchForm.do?lang=EN&company_search=CounterPath Corp&document_selection=0&industry_group=A&FromDate=13&FromMonth=05&FromYear=2000&ToDate=13&ToMonth=11&ToYear=2020&Variable=Issuer
0,2017-04-30,PATH.TO,2017-04-30,2017-04-30,Q2,2353124.0,388986.0,1964138.0,0.8346937942921835,1318854.0,1763775.0,1061071.0,0.0,0.0,3478174.0,3056.0,0.0,-1097137.0,-0.46624699760828586,-1125050.0,-0.3605606844348194,279711.0,-848444.0,-0.3605606844348194,0.0,-848444.0,-0.3605606844348194,-0.17,-0.17,5005708.0,5005708.0,https://www.sedar.com/ModifyCompanyDocumentSearchForm.do?lang=EN&company_search=CounterPath Corp&document_selection=0&industry_group=A&FromDate=13&FromMonth=05&FromYear=2000&ToDate=13&ToMonth=11&ToYear=2020&Variable=Issuer,https://www.sedar.com/ModifyCompanyDocumentSearchForm.do?lang=EN&company_search=CounterPath Corp&document_selection=0&industry_group=A&FromDate=13&FromMonth=05&FromYear=2000&ToDate=13&ToMonth=11&ToYear=2020&Variable=Issuer
0,2017-01-31,PATH.TO,2017-01-31,2017-01-31,Q1,2555359.0,360722.0,2194637.0,0.8588370557718114,1215783.0,1498201.0,819958.0,0.0,0.0,3074706.0,0.0,0.0,-485880.0,-0.1901415808894171,-519347.0,-0.2669448793692002,-162829.0,-682140.0,-0.2669448793692002,0.0,-682140.0,-0.2669448793692002,-0.14,-0.14,4789675.0,4789675.0,https://www.sedar.com/ModifyCompanyDocumentSearchForm.do?lang=EN&company_search=CounterPath Corp&document_selection=0&industry_group=A&FromDate=13&FromMonth=05&FromYear=2000&ToDate=13&ToMonth=11&ToYear=2020&Variable=Issuer,https://www.sedar.com/ModifyCompanyDocumentSearchForm.do?lang=EN&company_search=CounterPath Corp&document_selection=0&industry_group=A&FromDate=13&FromMonth=05&FromYear=2000&ToDate=13&ToMonth=11&ToYear=2020&Variable=Issuer
0,2016-10-31,PATH.TO,2016-10-31,2016-10-31,Q4,2751113.0,476547.0,2274566.0,0.8267802885595757,1150515.0,1860148.0,988540.0,0.0,0.0,3487210.0,0.0,0.0,-710047.0,-0.2580944512275577,-736097.0,-0.205015206572758,171904.0,-564020.0,-0.205015206572758,0.0,-564020.0,-0.205015206572758,-0.12,-0.12,4554226.0,4554226.0,https://www.sedar.com/ModifyCompanyDocumentSearchForm.do?lang=EN&company_search=CounterPath Corp&document_selection=0&industry_group=A&FromDate=13&FromMonth=05&FromYear=2000&ToDate=13&ToMonth=11&ToYear=2020&Variable=Issuer,https://www.sedar.com/ModifyCompanyDocumentSearchForm.do?lang=EN&company_search=CounterPath Corp&document_selection=0&industry_group=A&FromDate=13&FromMonth=05&FromYear=2000&ToDate=13&ToMonth=11&ToYear=2020&Variable=Issuer
0,2016-07-31,PATH.TO,2016-07-31,2016-07-31,Q3,3025994.0,497116.0,2528878.0,0.8357181144443776,1158661.0,1943340.0,961869.0,0.0,0.0,3599117.0,0.0,0.0,-755712.0,-0.24974008540664655,-573123.0,-0.12026163964634431,209199.0,-363911.0,-0.12026163964634431,0.0,-363911.0,-0.12026163964634431,-0.08,-0.08,4550516.0,4550516.0,https://www.sedar.com/ModifyCompanyDocumentSearchForm.do?lang=EN&company_search=CounterPath Corp&document_selection=0&industry_group=A&FromDate=13&FromMonth=05&FromYear=2000&ToDate=13&ToMonth=11&ToYear=2020&Variable=Issuer,https://www.sedar.com/ModifyCompanyDocumentSearchForm.do?lang=EN&company_search=CounterPath Corp&document_selection=0&industry_group=A&FromDate=13&FromMonth=05&FromYear=2000&ToDate=13&ToMonth=11&ToYear=2020&Variable=Issuer
0,2016-04-30,PATH.TO,2016-04-30,2016-04-30,Q2,3040387.0,225420.0,2814967.0,0.925858122666621,1217363.0,1922017.0,968168.0,0.0,0.0,3364800.0,57.0,0.0,-332484.0,-0.10935581555900614,-324413.0,-0.32854797760942933,-675557.0,-998913.0,-0.32854797760942933,0.0,-998913.0,-0.32854797760942933,-0.15921893362478728,-0.15921893362478728,6273833.0,6273833.0,https://www.sedar.com/ModifyCompanyDocumentSearchForm.do?lang=EN&company_search=CounterPath Corp&document_selection=0&industry_group=A&FromDate=13&FromMonth=05&FromYear=2000&ToDate=13&ToMonth=11&ToYear=2020&Variable=Issuer,https://www.sedar.com/ModifyCompanyDocumentSearchForm.do?lang=EN&company_search=CounterPath Corp&document_selection=0&industry_group=A&FromDate=13&FromMonth=05&FromYear=2000&ToDate=13&ToMonth=11&ToYear=2020&Variable=Issuer
0,2016-01-31,PATH.TO,2016-01-31,2016-01-31,Q1,2654386.0,464102.0,2190284.0,0.8251565522120746,1119046.0,1663863.0,955801.0,0.0,0.0,3247011.0,168.0,0.0,-551189.0,-0.20765216513348098,-592625.0,-0.09347585467976398,343349.0,-248121.0,-0.09347585467976398,0.0,-248121.0,-0.09347585467976398,-0.05,-0.05,4538373.0,4538373.0,https://www.sedar.com/ModifyCompanyDocumentSearchForm.do?lang=EN&company_search=CounterPath Corp&document_selection=0&industry_group=A&FromDate=13&FromMonth=05&FromYear=2000&ToDate=13&ToMonth=11&ToYear=2020&Variable=Issuer,https://www.sedar.com/ModifyCompanyDocumentSearchForm.do?lang=EN&company_search=CounterPath Corp&document_selection=0&industry_group=A&FromDate=13&FromMonth=05&FromYear=2000&ToDate=13&ToMonth=11&ToYear=2020&Variable=Issuer
0,2015-10-31,PATH.TO,2015-10-31,2015-10-31,Q4,3029339.0,495633.0,2533706.0,0.8363890604518015,1116456.0,1805484.0,1034349.0,0.0,0.0,3417573.0,454.0,0.0,-339823.0,-0.11217727695711836,-388234.0,-0.11007549831828,53760.0,-333456.0,-0.11007549831828,0.0,-333456.0,-0.11007549831828,-0.08,-0.08,4425343.0,4425343.0,https://www.sedar.com/ModifyCompanyDocumentSearchForm.do?lang=EN&company_search=CounterPath Corp&document_selection=0&industry_group=A&FromDate=13&FromMonth=05&FromYear=2000&ToDate=13&ToMonth=11&ToYear=2020&Variable=Issuer,https://www.sedar.com/ModifyCompanyDocumentSearchForm.do?lang=EN&company_search=CounterPath Corp&document_selection=0&industry_group=A&FromDate=13&FromMonth=05&FromYear=2000&ToDate=13&ToMonth=11&ToYear=2020&Variable=Issuer
0,2015-07-31,PATH.TO,2015-07-31,2015-07-31,Q3,2357246.0,481932.0,1875314.0,0.7955529461074491,1284190.0,2127661.0,1187033.0,0.0,0.0,3893783.0,1631.0,0.0,-1461457.0,-0.6199849315684489,-1536537.0,-0.471357253337157,425761.0,-1111105.0,-0.471357253337157,0.0,-1111105.0,-0.471357253337157,-0.3,-0.3,4236691.0,4236691.0,https://www.sedar.com/ModifyCompanyDocumentSearchForm.do?lang=EN&company_search=CounterPath Corp&document_selection=0&industry_group=A&FromDate=13&FromMonth=05&FromYear=2000&ToDate=13&ToMonth=11&ToYear=2020&Variable=Issuer,https://www.sedar.com/ModifyCompanyDocumentSearchForm.do?lang=EN&company_search=CounterPath Corp&document_selection=0&industry_group=A&FromDate=13&FromMonth=05&FromYear=2000&ToDate=13&ToMonth=11&ToYear=2020&Variable=Issuer
0,2015-04-30,PATH.TO,2015-04-30,2015-04-30,Q2,3103321.0,472895.0,2630426.0,0.847616472804457,1388152.0,2269516.0,1190204.0,0.0,0.0,4130563.0,668.0,0.0,-977359.0,-0.3149397049161205,-1027242.0,-0.45584295018143467,-388177.0,-1414627.0,-0.45584295018143467,0.0,-1414627.0,-0.45584295018143467,-0.3,-0.3,4233721.0,4233721.0,https://www.sedar.com/ModifyCompanyDocumentSearchForm.do?lang=EN&company_search=CounterPath Corp&document_selection=0&industry_group=A&FromDate=13&FromMonth=05&FromYear=2000&ToDate=13&ToMonth=11&ToYear=2020&Variable=Issuer,https://www.sedar.com/ModifyCompanyDocumentSearchForm.do?lang=EN&company_search=CounterPath Corp&document_selection=0&industry_group=A&FromDate=13&FromMonth=05&FromYear=2000&ToDate=13&ToMonth=11&ToYear=2020&Variable=Issuer
0,2015-01-31,PATH.TO,2015-01-31,2015-01-31,Q1,3021483.0,544667.0,2476816.0,0.8197352094981173,1329691.0,2414261.0,1381923.0,0.0,0.0,4288619.0,211.0,0.0,-1212336.0,-0.40123872945834876,-1267136.0,-0.1737832051346971,733773.0,-525083.0,-0.1737832051346971,0.0,-525083.0,-0.1737832051346971,-0.1,-0.1,4248235.0,4248235.0,https://www.sedar.com/ModifyCompanyDocumentSearchForm.do?lang=EN&company_search=CounterPath Corp&document_selection=0&industry_group=A&FromDate=13&FromMonth=05&FromYear=2000&ToDate=13&ToMonth=11&ToYear=2020&Variable=Issuer,https://www.sedar.com/ModifyCompanyDocumentSearchForm.do?lang=EN&company_search=CounterPath Corp&document_selection=0&industry_group=A&FromDate=13&FromMonth=05&FromYear=2000&ToDate=13&ToMonth=11&ToYear=2020&Variable=Issuer
0,2014-10-31,PATH.TO,2014-10-31,2014-10-31,Q4,2851108.0,586455.0,2264653.0,0.7943062837324998,1455168.0,2432659.0,1225776.0,0.0,0.0,4474282.0,0.0,0.0,-1572360.0,-0.5514908589923637,-1623174.0,-0.5046403012442882,180716.0,-1438784.0,-0.5046403012442882,0.0,-1438784.0,-0.5046403012442882,-0.3,-0.3,4255257.0,4255257.0,https://www.sedar.com/ModifyCompanyDocumentSearchForm.do?lang=EN&company_search=CounterPath Corp&document_selection=0&industry_group=A&FromDate=13&FromMonth=05&FromYear=2000&ToDate=13&ToMonth=11&ToYear=2020&Variable=Issuer,https://www.sedar.com/ModifyCompanyDocumentSearchForm.do?lang=EN&company_search=CounterPath Corp&document_selection=0&industry_group=A&FromDate=13&FromMonth=05&FromYear=2000&ToDate=13&ToMonth=11&ToYear=2020&Variable=Issuer
0,2014-07-31,PATH.TO,2014-07-31,2014-07-31,Q3,3027171.0,618054.0,2409117.0,0.7958311572091566,1496206.0,2341279.0,1137768.0,0.0,0.0,4455539.0,355.0,0.0,-1352809.0,-0.4468888609199811,-1428368.0,-0.35127615849913996,357301.0,-1063373.0,-0.35127615849913996,0.0,-1063373.0,-0.35127615849913996,-0.2,-0.2,4259285.0,4259285.0,https://www.sedar.com/ModifyCompanyDocumentSearchForm.do?lang=EN&company_search=CounterPath Corp&document_selection=0&industry_group=A&FromDate=13&FromMonth=05&FromYear=2000&ToDate=13&ToMonth=11&ToYear=2020&Variable=Issuer,https://www.sedar.com/ModifyCompanyDocumentSearchForm.do?lang=EN&company_search=CounterPath Corp&document_selection=0&industry_group=A&FromDate=13&FromMonth=05&FromYear=2000&ToDate=13&ToMonth=11&ToYear=2020&Variable=Issuer
0,2014-04-30,PATH.TO,2014-04-30,2014-04-30,Q2,3671763.0,572265.0,3099498.0,0.8441443524541208,1430479.0,2183710.0,1272276.0,0.0,0.0,4186454.0,138.0,0.0,-492108.0,-0.13402499017501945,-514691.0,-0.09728841431214379,197437.0,-357220.0,-0.09728841431214379,0.0,-357220.0,-0.09728841431214379,-0.056938079161495056,-0.056938079161495056,6273833.0,6273833.0,https://www.sedar.com/ModifyCompanyDocumentSearchForm.do?lang=EN&company_search=CounterPath Corp&document_selection=0&industry_group=A&FromDate=13&FromMonth=05&FromYear=2000&ToDate=13&ToMonth=11&ToYear=2020&Variable=Issuer,https://www.sedar.com/ModifyCompanyDocumentSearchForm.do?lang=EN&company_search=CounterPath Corp&document_selection=0&industry_group=A&FromDate=13&FromMonth=05&FromYear=2000&ToDate=13&ToMonth=11&ToYear=2020&Variable=Issuer
0,2014-01-31,PATH.TO,2014-01-31,2014-01-31,Q1,2603888.0,529645.0,2074243.0,0.7965945539900333,1340654.0,2318409.0,1310846.0,0.0,0.0,4188708.0,662.0,0.0,-1503778.0,-0.577512550463,-1584820.0,-0.8468382664692183,-639574.0,-2205072.0,-0.8468382664692183,15736.0,-2220808.0,-0.8528815371475271,-0.5,-0.5,4217444.0,4217444.0,https://www.sedar.com/ModifyCompanyDocumentSearchForm.do?lang=EN&company_search=CounterPath Corp&document_selection=0&industry_group=A&FromDate=13&FromMonth=05&FromYear=2000&ToDate=13&ToMonth=11&ToYear=2020&Variable=Issuer,https://www.sedar.com/ModifyCompanyDocumentSearchForm.do?lang=EN&company_search=CounterPath Corp&document_selection=0&industry_group=A&FromDate=13&FromMonth=05&FromYear=2000&ToDate=13&ToMonth=11&ToYear=2020&Variable=Issuer
0,2013-10-31,PATH.TO,2013-10-31,2013-10-31,Q4,2546810.0,571857.0,1974953.0,0.77546145962989,1324308.0,2416878.0,1315421.0,0.0,0.0,4313043.0,161.0,0.0,-1651659.0,-0.6485206984423652,-1766233.0,-0.8289695737020036,-401823.0,-2111228.0,-0.8289695737020036,0.0,-2111228.0,-0.8289695737020036,-0.5,-0.5,4200743.0,4200743.0,https://www.sedar.com/ModifyCompanyDocumentSearchForm.do?lang=EN&company_search=CounterPath Corp&document_selection=0&industry_group=A&FromDate=13&FromMonth=05&FromYear=2000&ToDate=13&ToMonth=11&ToYear=2020&Variable=Issuer,https://www.sedar.com/ModifyCompanyDocumentSearchForm.do?lang=EN&company_search=CounterPath Corp&document_selection=0&industry_group=A&FromDate=13&FromMonth=05&FromYear=2000&ToDate=13&ToMonth=11&ToYear=2020&Variable=Issuer
0,2013-07-31,PATH.TO,2013-07-31,2013-07-31,Q3,2859487.0,557455.0,2302032.0,0.8050506961563385,1413075.0,2227013.0,1213483.0,0.0,0.0,4197543.0,771.0,0.0,-1255182.0,-0.43895356055124574,-1338056.0,-0.4285002869395804,86051.0,-1225291.0,-0.4285002869395804,0.0,-1225291.0,-0.4285002869395804,-0.3,-0.3,4193488.0,4193488.0,https://www.sedar.com/ModifyCompanyDocumentSearchForm.do?lang=EN&company_search=CounterPath Corp&document_selection=0&industry_group=A&FromDate=13&FromMonth=05&FromYear=2000&ToDate=13&ToMonth=11&ToYear=2020&Variable=Issuer,https://www.sedar.com/ModifyCompanyDocumentSearchForm.do?lang=EN&company_search=CounterPath Corp&document_selection=0&industry_group=A&FromDate=13&FromMonth=05&FromYear=2000&ToDate=13&ToMonth=11&ToYear=2020&Variable=Issuer
0,2013-04-30,PATH.TO,2013-04-30,2013-04-30,Q2,4023280.0,553545.0,3469735.0,0.8624144976238293,1410401.0,2225645.0,1269839.0,0.0,0.0,4189591.0,387.0,0.0,-97874.0,-0.024326917341074943,-166311.0,0.025246067884909826,262139.0,101572.0,0.025246067884909826,0.0,101572.0,0.025246067884909826,0.016189783821150484,0.016189783821150484,6273833.0,6273833.0,https://www.sedar.com/ModifyCompanyDocumentSearchForm.do?lang=EN&company_search=CounterPath Corp&document_selection=0&industry_group=A&FromDate=13&FromMonth=05&FromYear=2000&ToDate=13&ToMonth=11&ToYear=2020&Variable=Issuer,https://www.sedar.com/ModifyCompanyDocumentSearchForm.do?lang=EN&company_search=CounterPath Corp&document_selection=0&industry_group=A&FromDate=13&FromMonth=05&FromYear=2000&ToDate=13&ToMonth=11&ToYear=2020&Variable=Issuer
0,2013-01-31,PATH.TO,2013-01-31,2013-01-31,Q1,3266088.0,537433.0,2728655.0,0.8354505451169717,1447921.0,2063198.0,1110201.0,0.0,0.0,4048552.0,124.0,0.0,-646848.0,-0.19804977698090193,-782464.0,-0.05257819140206878,537546.0,-171725.0,-0.05257819140206878,0.0,-171725.0,-0.05257819140206878,0.0,0.0,4183634.0,4183634.0,https://www.sedar.com/ModifyCompanyDocumentSearchForm.do?lang=EN&company_search=CounterPath Corp&document_selection=0&industry_group=A&FromDate=13&FromMonth=05&FromYear=2000&ToDate=13&ToMonth=11&ToYear=2020&Variable=Issuer,https://www.sedar.com/ModifyCompanyDocumentSearchForm.do?lang=EN&company_search=CounterPath Corp&document_selection=0&industry_group=A&FromDate=13&FromMonth=05&FromYear=2000&ToDate=13&ToMonth=11&ToYear=2020&Variable=Issuer
0,2012-10-31,PATH.TO,2012-10-31,2012-10-31,Q4,3562787.0,626006.0,2936781.0,0.8242931727324704,1284594.0,2192309.0,1028217.0,0.0,0.0,4102909.0,154.0,0.0,-679185.0,-0.19063306338549008,-540122.0,0.0,197081.0,0.0,0.0,0.0,-325105.0,-0.09125019261606153,-0.1,-0.1,4159277.0,4159277.0,https://www.sedar.com/ModifyCompanyDocumentSearchForm.do?lang=EN&company_search=CounterPath Corp&document_selection=0&industry_group=A&FromDate=13&FromMonth=05&FromYear=2000&ToDate=13&ToMonth=11&ToYear=2020&Variable=Issuer,https://www.sedar.com/ModifyCompanyDocumentSearchForm.do?lang=EN&company_search=CounterPath Corp&document_selection=0&industry_group=A&FromDate=13&FromMonth=05&FromYear=2000&ToDate=13&ToMonth=11&ToYear=2020&Variable=Issuer
0,2012-07-31,PATH.TO,2012-07-31,2012-07-31,Q3,4387768.0,559793.0,3827975.0,0.8724196447943464,1361012.0,2434354.0,1055035.0,0.0,0.0,4355159.0,470.0,0.0,119865.0,0.027317989465258874,32609.0,0.19771738159355737,791546.0,867538.0,0.19771738159355737,0.0,867538.0,0.19771738159355737,0.2,0.2,4072712.0,4072712.0,https://www.sedar.com/ModifyCompanyDocumentSearchForm.do?lang=EN&company_search=CounterPath Corp&document_selection=0&industry_group=A&FromDate=13&FromMonth=05&FromYear=2000&ToDate=13&ToMonth=11&ToYear=2020&Variable=Issuer,https://www.sedar.com/ModifyCompanyDocumentSearchForm.do?lang=EN&company_search=CounterPath Corp&document_selection=0&industry_group=A&FromDate=13&FromMonth=05&FromYear=2000&ToDate=13&ToMonth=11&ToYear=2020&Variable=Issuer
0,2012-04-30,PATH.TO,2012-04-30,2012-04-30,Q2,4365038.0,639536.0,3725502.0,0.8534867279505929,1444591.0,2200893.0,1092611.0,0.0,0.0,4285020.0,348.0,0.0,747612.0,0.17127273576999788,80018.0,0.0,-1353658.0,0.0,0.0,0.0,-1246880.0,-0.28565157966551497,-0.19874293753117114,-0.19874293753117114,6273833.0,6273833.0,https://www.sedar.com/ModifyCompanyDocumentSearchForm.do?lang=EN&company_search=CounterPath Corp&document_selection=0&industry_group=A&FromDate=13&FromMonth=05&FromYear=2000&ToDate=13&ToMonth=11&ToYear=2020&Variable=Issuer,https://www.sedar.com/ModifyCompanyDocumentSearchForm.do?lang=EN&company_search=CounterPath Corp&document_selection=0&industry_group=A&FromDate=13&FromMonth=05&FromYear=2000&ToDate=13&ToMonth=11&ToYear=2020&Variable=Issuer
0,2012-01-31,PATH.TO,2012-01-31,2012-01-31,Q1,3485871.0,670687.0,2815184.0,0.8075984452666206,1231789.0,1903384.0,1033938.0,0.0,0.0,3805860.0,428.0,0.0,-47068.0,-0.013502507694633565,-319989.0,-0.018019025947890784,212096.0,-62812.0,-0.018019025947890784,0.0,-62812.0,-0.018019025947890784,0.0,0.0,3987637.0,3987637.0,https://www.sedar.com/ModifyCompanyDocumentSearchForm.do?lang=EN&company_search=CounterPath Corp&document_selection=0&industry_group=A&FromDate=13&FromMonth=05&FromYear=2000&ToDate=13&ToMonth=11&ToYear=2020&Variable=Issuer,https://www.sedar.com/ModifyCompanyDocumentSearchForm.do?lang=EN&company_search=CounterPath Corp&document_selection=0&industry_group=A&FromDate=13&FromMonth=05&FromYear=2000&ToDate=13&ToMonth=11&ToYear=2020&Variable=Issuer
0,2011-10-31,PATH.TO,2011-10-31,2011-10-31,Q4,3473853.0,648201.0,2825652.0,0.8134057486024884,1114017.0,1941265.0,921232.0,0.0,0.0,3703483.0,442.0,0.0,52356.0,0.015071449482750134,-229630.0,0.0322549630050552,292638.0,112049.0,0.0322549630050552,0.0,112049.0,0.0322549630050552,0.0,0.0,3955211.0,3955211.0,https://www.sedar.com/ModifyCompanyDocumentSearchForm.do?lang=EN&company_search=CounterPath Corp&document_selection=0&industry_group=A&FromDate=13&FromMonth=05&FromYear=2000&ToDate=13&ToMonth=11&ToYear=2020&Variable=Issuer,https://www.sedar.com/ModifyCompanyDocumentSearchForm.do?lang=EN&company_search=CounterPath Corp&document_selection=0&industry_group=A&FromDate=13&FromMonth=05&FromYear=2000&ToDate=13&ToMonth=11&ToYear=2020&Variable=Issuer
0,2011-07-31,PATH.TO,2011-07-31,2011-07-31,Q3,2758734.0,860145.0,1898589.0,0.6882102442642168,992511.0,1856308.0,822034.0,0.0,0.0,3708964.0,171242.0,0.0,-784910.0,-0.2845181884154108,-950230.0,0.0,146401.0,0.0,0.0,0.0,-925718.0,-0.33555899191440713,-0.3,-0.3,3583191.0,3583191.0,https://www.sedar.com/ModifyCompanyDocumentSearchForm.do?lang=EN&company_search=CounterPath Corp&document_selection=0&industry_group=A&FromDate=13&FromMonth=05&FromYear=2000&ToDate=13&ToMonth=11&ToYear=2020&Variable=Issuer,https://www.sedar.com/ModifyCompanyDocumentSearchForm.do?lang=EN&company_search=CounterPath Corp&document_selection=0&industry_group=A&FromDate=13&FromMonth=05&FromYear=2000&ToDate=13&ToMonth=11&ToYear=2020&Variable=Issuer
0,2011-04-30,PATH.TO,2011-04-30,2011-04-30,Q2,3230948.0,695845.0,2535103.0,0.7846313218287636,1152636.0,1851873.0,888097.0,0.0,0.0,3700354.0,35460.0,0.0,105523.0,0.03266007376163281,-469406.0,0.0,-324057.0,0.0,0.0,0.0,-774815.0,-0.23981042096623034,-0.12349946197165274,-0.12349946197165274,6273833.0,6273833.0,https://www.sedar.com/ModifyCompanyDocumentSearchForm.do?lang=EN&company_search=CounterPath Corp&document_selection=0&industry_group=A&FromDate=13&FromMonth=05&FromYear=2000&ToDate=13&ToMonth=11&ToYear=2020&Variable=Issuer,https://www.sedar.com/ModifyCompanyDocumentSearchForm.do?lang=EN&company_search=CounterPath Corp&document_selection=0&industry_group=A&FromDate=13&FromMonth=05&FromYear=2000&ToDate=13&ToMonth=11&ToYear=2020&Variable=Issuer
0,2011-01-31,PATH.TO,2011-01-31,2011-01-31,Q1,3022102.0,724309.0,2297793.0,0.7603293998680388,1157581.0,1827233.0,841230.0,0.0,0.0,3709123.0,42152.0,0.0,-578447.0,-0.1914055184106956,-687021.0,0.0,141408.0,0.0,0.0,0.0,-491260.0,-0.16255573107724358,-0.1,-0.1,3320690.0,3320690.0,https://www.sedar.com/ModifyCompanyDocumentSearchForm.do?lang=EN&company_search=CounterPath Corp&document_selection=0&industry_group=A&FromDate=13&FromMonth=05&FromYear=2000&ToDate=13&ToMonth=11&ToYear=2020&Variable=Issuer,https://www.sedar.com/ModifyCompanyDocumentSearchForm.do?lang=EN&company_search=CounterPath Corp&document_selection=0&industry_group=A&FromDate=13&FromMonth=05&FromYear=2000&ToDate=13&ToMonth=11&ToYear=2020&Variable=Issuer
0,2010-10-31,PATH.TO,2010-10-31,2010-10-31,Q4,2567663.0,695822.0,1871841.0,0.7290057145349682,1096115.0,1952363.0,900264.0,0.0,0.0,3744300.0,2532.0,0.0,-886374.0,-0.3452065165872624,-1176637.0,-0.3294821010389603,290461.0,-845999.0,-0.3294821010389603,0.0,-845999.0,-0.3294821010389603,-0.3,-0.3,3311347.0,3311347.0,https://www.sedar.com/ModifyCompanyDocumentSearchForm.do?lang=EN&company_search=CounterPath Corp&document_selection=0&industry_group=A&FromDate=13&FromMonth=05&FromYear=2000&ToDate=13&ToMonth=11&ToYear=2020&Variable=Issuer,https://www.sedar.com/ModifyCompanyDocumentSearchForm.do?lang=EN&company_search=CounterPath Corp&document_selection=0&industry_group=A&FromDate=13&FromMonth=05&FromYear=2000&ToDate=13&ToMonth=11&ToYear=2020&Variable=Issuer
0,2010-07-31,PATH.TO,2010-07-31,2010-07-31,Q3,2219585.0,746030.0,1473555.0,0.6638876186314109,1063647.0,1861145.0,865683.0,0.0,0.0,3670822.0,221.0,0.0,-1183042.0,-0.5330014394582772,-1451237.0,0.0,-28046.0,0.0,0.0,0.0,-1427425.0,-0.6431044542110349,-0.4,-0.4,3306620.0,3306620.0,https://www.sedar.com/ModifyCompanyDocumentSearchForm.do?lang=EN&company_search=CounterPath Corp&document_selection=0&industry_group=A&FromDate=13&FromMonth=05&FromYear=2000&ToDate=13&ToMonth=11&ToYear=2020&Variable=Issuer,https://www.sedar.com/ModifyCompanyDocumentSearchForm.do?lang=EN&company_search=CounterPath Corp&document_selection=0&industry_group=A&FromDate=13&FromMonth=05&FromYear=2000&ToDate=13&ToMonth=11&ToYear=2020&Variable=Issuer
0,2010-04-30,PATH.TO,2010-04-30,2010-04-30,Q2,2702375.0,768783.0,1933592.0,0.7155157962903002,964541.0,1849050.0,969755.0,0.0,0.0,3582374.0,243.0,0.0,-687736.0,-0.25449317729774734,-879999.0,0.0,89449.0,0.0,0.0,0.0,-684113.0,-0.2531525047411999,-0.10904227128774387,-0.10904227128774387,6273833.0,6273833.0,https://www.sedar.com/ModifyCompanyDocumentSearchForm.do?lang=EN&company_search=CounterPath Corp&document_selection=0&industry_group=A&FromDate=13&FromMonth=05&FromYear=2000&ToDate=13&ToMonth=11&ToYear=2020&Variable=Issuer,https://www.sedar.com/ModifyCompanyDocumentSearchForm.do?lang=EN&company_search=CounterPath Corp&document_selection=0&industry_group=A&FromDate=13&FromMonth=05&FromYear=2000&ToDate=13&ToMonth=11&ToYear=2020&Variable=Issuer
0,2010-01-31,PATH.TO,2010-01-31,2010-01-31,Q1,1363418.0,794364.0,569054.0,0.41737310201273564,797162.0,1559514.0,644212.0,0.0,0.0,3151040.0,685.0,0.0,-1454727.0,-1.0669706575679652,-1787622.0,0.0,-46516.0,0.0,0.0,0.0,-1781584.0,-1.3067041802293942,-0.6,-0.6,3071006.0,3071006.0,https://www.sedar.com/ModifyCompanyDocumentSearchForm.do?lang=EN&company_search=CounterPath Corp&document_selection=0&industry_group=A&FromDate=13&FromMonth=05&FromYear=2000&ToDate=13&ToMonth=11&ToYear=2020&Variable=Issuer,https://www.sedar.com/ModifyCompanyDocumentSearchForm.do?lang=EN&company_search=CounterPath Corp&document_selection=0&industry_group=A&FromDate=13&FromMonth=05&FromYear=2000&ToDate=13&ToMonth=11&ToYear=2020&Variable=Issuer
0,2009-10-31,PATH.TO,2009-10-31,2009-10-31,Q4,1900607.0,727874.0,1172733.0,0.6170307696435928,1004594.0,1963455.0,690551.0,0.0,0.0,3695923.0,5.0,0.0,-1458335.0,-0.7672996048104632,-1795316.0,-0.9226278762521658,7952.0,-1753553.0,-0.9226278762521658,0.0,-1753553.0,-0.9226278762521658,-0.6,-0.6,2952666.0,2952666.0,https://www.sedar.com/ModifyCompanyDocumentSearchForm.do?lang=EN&company_search=CounterPath Corp&document_selection=0&industry_group=A&FromDate=13&FromMonth=05&FromYear=2000&ToDate=13&ToMonth=11&ToYear=2020&Variable=Issuer,https://www.sedar.com/ModifyCompanyDocumentSearchForm.do?lang=EN&company_search=CounterPath Corp&document_selection=0&industry_group=A&FromDate=13&FromMonth=05&FromYear=2000&ToDate=13&ToMonth=11&ToYear=2020&Variable=Issuer
0,2009-07-31,PATH.TO,2009-07-31,2009-07-31,Q3,2050457.0,642728.0,1407729.0,0.6865440240882886,820128.0,1381404.0,759005.0,0.0,0.0,2844260.0,1666.0,0.0,-45578.0,-0.022228215466113165,-793803.0,0.0,-474625.0,0.0,0.0,0.0,-1242336.0,-0.6058824935124218,-0.4,-0.4,2896833.0,2896833.0,https://www.sedar.com/ModifyCompanyDocumentSearchForm.do?lang=EN&company_search=CounterPath Corp&document_selection=0&industry_group=A&FromDate=13&FromMonth=05&FromYear=2000&ToDate=13&ToMonth=11&ToYear=2020&Variable=Issuer,https://www.sedar.com/ModifyCompanyDocumentSearchForm.do?lang=EN&company_search=CounterPath Corp&document_selection=0&industry_group=A&FromDate=13&FromMonth=05&FromYear=2000&ToDate=13&ToMonth=11&ToYear=2020&Variable=Issuer
0,2009-04-30,PATH.TO,2009-04-30,2009-04-30,Q2,2173450.0,856007.0,1317443.0,0.6061528905656904,812046.0,1911538.0,716564.0,0.0,0.0,3579591.0,-37.0,0.0,2008861.0,0.9242729301341186,-1406141.0,0.0,-2839245.0,0.0,0.0,0.0,-4221311.0,-1.9422167521682119,-0.6728440173654606,-0.6728440173654606,6273833.0,6273833.0,https://www.sedar.com/ModifyCompanyDocumentSearchForm.do?lang=EN&company_search=CounterPath Corp&document_selection=0&industry_group=A&FromDate=13&FromMonth=05&FromYear=2000&ToDate=13&ToMonth=11&ToYear=2020&Variable=Issuer,https://www.sedar.com/ModifyCompanyDocumentSearchForm.do?lang=EN&company_search=CounterPath Corp&document_selection=0&industry_group=A&FromDate=13&FromMonth=05&FromYear=2000&ToDate=13&ToMonth=11&ToYear=2020&Variable=Issuer
0,2009-01-31,PATH.TO,2009-01-31,2009-01-31,Q1,2030061.0,863573.0,1166488.0,0.57460736401517,1142497.0,2286957.0,762398.0,0.0,0.0,4293027.0,1278.0,0.0,-1697553.0,-0.8362078774972772,-2262966.0,0.0,-6908.0,0.0,0.0,0.0,-2237525.0,-1.1021959438657263,-0.8,-0.8,2854285.0,2854285.0,https://www.sedar.com/ModifyCompanyDocumentSearchForm.do?lang=EN&company_search=CounterPath Corp&document_selection=0&industry_group=A&FromDate=13&FromMonth=05&FromYear=2000&ToDate=13&ToMonth=11&ToYear=2020&Variable=Issuer,https://www.sedar.com/ModifyCompanyDocumentSearchForm.do?lang=EN&company_search=CounterPath Corp&document_selection=0&industry_group=A&FromDate=13&FromMonth=05&FromYear=2000&ToDate=13&ToMonth=11&ToYear=2020&Variable=Issuer
0,2008-10-31,PATH.TO,2008-10-31,2008-10-31,Q4,3016830.0,1086203.0,1930627.0,0.6399522014830136,2103685.0,2746385.0,0.0,0.0,0.0,5936273.0,0.0,0.0,-1645315.0,-0.5453787584981586,-2919443.0,0.0,-633689.0,0.0,0.0,0.0,-3524074.0,-1.1681380787117603,-1.2,-1.2,2868268.0,2868268.0,https://www.sedar.com/ModifyCompanyDocumentSearchForm.do?lang=EN&company_search=CounterPath Corp&document_selection=0&industry_group=A&FromDate=13&FromMonth=05&FromYear=2000&ToDate=13&ToMonth=11&ToYear=2020&Variable=Issuer,https://www.sedar.com/ModifyCompanyDocumentSearchForm.do?lang=EN&company_search=CounterPath Corp&document_selection=0&industry_group=A&FromDate=13&FromMonth=05&FromYear=2000&ToDate=13&ToMonth=11&ToYear=2020&Variable=Issuer
0,2008-07-31,PATH.TO,2008-07-31,2008-07-31,Q3,2612760.0,1377843.0,1234917.0,0.47264846369356545,3017412.0,3710078.0,0.0,0.0,190961.0,8296294.0,0.0,0.0,-4483054.0,-1.7158307689952388,-5683534.0,0.0,-374002.0,0.0,0.0,0.0,-5855802.0,-2.241232260138704,-2.3,-2.3,2594824.0,2594824.0,https://www.sedar.com/ModifyCompanyDocumentSearchForm.do?lang=EN&company_search=CounterPath Corp&document_selection=0&industry_group=A&FromDate=13&FromMonth=05&FromYear=2000&ToDate=13&ToMonth=11&ToYear=2020&Variable=Issuer,https://www.sedar.com/ModifyCompanyDocumentSearchForm.do?lang=EN&company_search=CounterPath Corp&document_selection=0&industry_group=A&FromDate=13&FromMonth=05&FromYear=2000&ToDate=13&ToMonth=11&ToYear=2020&Variable=Issuer
0,2008-04-30,PATH.TO,2008-04-30,2008-04-30,Q2,2780636.0,1255366.0,1525270.0,0.5485327817089328,2917692.0,3656799.0,0.0,0.0,0.0,7647750.0,0.0,0.0,-3312564.0,-1.1912972427890598,-4867114.0,0.0,-589856.0,0.0,0.0,0.0,-5656044.0,-2.03408285011055,-0.90152925651671,-0.90152925651671,6273833.0,6273833.0,https://www.sedar.com/ModifyCompanyDocumentSearchForm.do?lang=EN&company_search=CounterPath Corp&document_selection=0&industry_group=A&FromDate=13&FromMonth=05&FromYear=2000&ToDate=13&ToMonth=11&ToYear=2020&Variable=Issuer,https://www.sedar.com/ModifyCompanyDocumentSearchForm.do?lang=EN&company_search=CounterPath Corp&document_selection=0&industry_group=A&FromDate=13&FromMonth=05&FromYear=2000&ToDate=13&ToMonth=11&ToYear=2020&Variable=Issuer
0,2008-01-31,PATH.TO,2008-01-31,2008-01-31,Q1,2634763.0,771178.0,1863585.0,0.7073065015714886,1545630.0,2605813.0,0.0,0.0,0.0,4922621.0,0.0,0.0,-1900964.0,-0.7214933563284439,-2287858.0,0.0,4709.0,0.0,0.0,0.0,-2196700.0,-0.8337372279783798,-1.0,-1.0,1898794.0,1898794.0,https://www.sedar.com/ModifyCompanyDocumentSearchForm.do?lang=EN&company_search=CounterPath Corp&document_selection=0&industry_group=A&FromDate=13&FromMonth=05&FromYear=2000&ToDate=13&ToMonth=11&ToYear=2020&Variable=Issuer,https://www.sedar.com/ModifyCompanyDocumentSearchForm.do?lang=EN&company_search=CounterPath Corp&document_selection=0&industry_group=A&FromDate=13&FromMonth=05&FromYear=2000&ToDate=13&ToMonth=11&ToYear=2020&Variable=Issuer
0,2007-10-31,PATH.TO,2007-10-31,2007-10-31,Q4,2444711.0,701371.0,1743340.0,0.713106784401101,1633445.0,2943761.0,0.0,0.0,0.0,5278577.0,0.0,0.0,-2321119.0,-0.9494451491403278,-2833866.0,0.0,-128591.0,0.0,0.0,0.0,-3476878.0,-1.4222040969259762,-2.0,-2.0,1790044.0,1790044.0,https://www.sedar.com/ModifyCompanyDocumentSearchForm.do?lang=EN&company_search=CounterPath Corp&document_selection=0&industry_group=A&FromDate=13&FromMonth=05&FromYear=2000&ToDate=13&ToMonth=11&ToYear=2020&Variable=Issuer,https://www.sedar.com/ModifyCompanyDocumentSearchForm.do?lang=EN&company_search=CounterPath Corp&document_selection=0&industry_group=A&FromDate=13&FromMonth=05&FromYear=2000&ToDate=13&ToMonth=11&ToYear=2020&Variable=Issuer
0,2007-07-31,PATH.TO,2007-07-31,2007-07-31,Q3,1226791.0,361158.0,865633.0,0.7056075566253747,766468.0,1179410.0,0.0,0.0,0.0,2307036.0,0.0,0.0,-1016021.0,-0.8281940444623411,-1080245.0,0.0,0.0,0.0,0.0,0.0,-1205297.0,-0.982479493247016,-1.5,-1.5,758819.0,758819.0,https://www.sedar.com/ModifyCompanyDocumentSearchForm.do?lang=EN&company_search=CounterPath Corp&document_selection=0&industry_group=A&FromDate=13&FromMonth=05&FromYear=2000&ToDate=13&ToMonth=11&ToYear=2020&Variable=Issuer,https://www.sedar.com/ModifyCompanyDocumentSearchForm.do?lang=EN&company_search=CounterPath Corp&document_selection=0&industry_group=A&FromDate=13&FromMonth=05&FromYear=2000&ToDate=13&ToMonth=11&ToYear=2020&Variable=Issuer
0,2007-04-30,PATH.TO,2007-04-30,2007-04-30,Q2,1283685.0,459350.0,824335.0,0.642162991699677,785406.0,1225995.0,0.0,0.0,0.0,2470751.0,0.0,0.0,-1121079.0,-0.8733287371901985,-1187066.0,0.0,28.0,0.0,0.0,0.0,-1311115.0,-1.0213681705402806,-0.20898149504457642,-0.20898149504457642,6273833.0,6273833.0,https://www.sedar.com/ModifyCompanyDocumentSearchForm.do?lang=EN&company_search=CounterPath Corp&document_selection=0&industry_group=A&FromDate=13&FromMonth=05&FromYear=2000&ToDate=13&ToMonth=11&ToYear=2020&Variable=Issuer,https://www.sedar.com/ModifyCompanyDocumentSearchForm.do?lang=EN&company_search=CounterPath Corp&document_selection=0&industry_group=A&FromDate=13&FromMonth=05&FromYear=2000&ToDate=13&ToMonth=11&ToYear=2020&Variable=Issuer
0,2007-01-31,PATH.TO,2007-01-31,2007-01-31,Q1,1007582.0,337009.0,670573.0,0.6655269744794965,647664.0,991302.0,0.0,0.0,0.0,1975975.0,0.0,0.0,-614185.0,-0.6095632911266775,-968393.0,0.0,-290421.0,0.0,0.0,0.0,-1347046.0,-1.336909551778416,-2.0,-2.0,758819.0,758819.0,https://www.sedar.com/ModifyCompanyDocumentSearchForm.do?lang=EN&company_search=CounterPath Corp&document_selection=0&industry_group=A&FromDate=13&FromMonth=05&FromYear=2000&ToDate=13&ToMonth=11&ToYear=2020&Variable=Issuer,https://www.sedar.com/ModifyCompanyDocumentSearchForm.do?lang=EN&company_search=CounterPath Corp&document_selection=0&industry_group=A&FromDate=13&FromMonth=05&FromYear=2000&ToDate=13&ToMonth=11&ToYear=2020&Variable=Issuer
0,2006-10-31,PATH.TO,2006-10-31,2006-10-31,Q4,1672793.0,353364.0,1319429.0,0.7887580830383676,539910.0,971874.0,0.0,0.0,0.0,1865148.0,0.0,0.0,-124006.0,-0.0741311088700156,-192355.0,0.0,0.0,0.0,0.0,0.0,-234649.0,-0.14027378163347168,-0.5,-0.5,758819.0,758819.0,https://www.sedar.com/ModifyCompanyDocumentSearchForm.do?lang=EN&company_search=CounterPath Corp&document_selection=0&industry_group=A&FromDate=13&FromMonth=05&FromYear=2000&ToDate=13&ToMonth=11&ToYear=2020&Variable=Issuer,https://www.sedar.com/ModifyCompanyDocumentSearchForm.do?lang=EN&company_search=CounterPath Corp&document_selection=0&industry_group=A&FromDate=13&FromMonth=05&FromYear=2000&ToDate=13&ToMonth=11&ToYear=2020&Variable=Issuer
0,2006-07-31,PATH.TO,2006-07-31,2006-07-31,Q3,1760881.0,244106.0,1516775.0,0.861372801455635,0.0,1855513.0,0.0,0.0,0.0,2174624.0,0.0,0.0,-316441.0,-0.17970606758775862,-413743.0,0.0,-22297.0,0.0,0.0,0.0,-478142.0,-0.2715356687930644,-0.5,-0.5,758528.0,758528.0,https://www.sedar.com/ModifyCompanyDocumentSearchForm.do?lang=EN&company_search=CounterPath Corp&document_selection=0&industry_group=A&FromDate=13&FromMonth=05&FromYear=2000&ToDate=13&ToMonth=11&ToYear=2020&Variable=Issuer,https://www.sedar.com/ModifyCompanyDocumentSearchForm.do?lang=EN&company_search=CounterPath Corp&document_selection=0&industry_group=A&FromDate=13&FromMonth=05&FromYear=2000&ToDate=13&ToMonth=11&ToYear=2020&Variable=Issuer
0,2006-04-30,PATH.TO,2006-04-30,2006-04-30,Q2,1467850.0,294686.0,1173164.0,0.7992397043294615,0.0,1336441.0,0.0,0.0,0.0,1674145.0,0.0,0.0,-135339.0,-0.09220220049732603,-206295.0,0.0,178.0,0.0,0.0,0.0,-318545.0,-0.21701468133664883,-0.050773586099598124,-0.050773586099598124,6273833.0,6273833.0,https://www.sedar.com/ModifyCompanyDocumentSearchForm.do?lang=EN&company_search=CounterPath Corp&document_selection=0&industry_group=A&FromDate=13&FromMonth=05&FromYear=2000&ToDate=13&ToMonth=11&ToYear=2020&Variable=Issuer,https://www.sedar.com/ModifyCompanyDocumentSearchForm.do?lang=EN&company_search=CounterPath Corp&document_selection=0&industry_group=A&FromDate=13&FromMonth=05&FromYear=2000&ToDate=13&ToMonth=11&ToYear=2020&Variable=Issuer
0,2006-01-31,PATH.TO,2006-01-31,2006-01-31,Q1,1237932.0,171781.0,1066151.0,0.8612355121282914,0.0,1415290.0,0.0,0.0,15199.0,1666872.0,0.0,0.0,-362472.0,-0.2928044512945784,-428940.0,0.0,-1866.0,0.0,0.0,0.0,-428940.0,-0.3464972227876814,-0.5,-0.5,758309.0,758309.0,https://www.sedar.com/ModifyCompanyDocumentSearchForm.do?lang=EN&company_search=CounterPath Corp&document_selection=0&industry_group=A&FromDate=13&FromMonth=05&FromYear=2000&ToDate=13&ToMonth=11&ToYear=2020&Variable=Issuer,https://www.sedar.com/ModifyCompanyDocumentSearchForm.do?lang=EN&company_search=CounterPath Corp&document_selection=0&industry_group=A&FromDate=13&FromMonth=05&FromYear=2000&ToDate=13&ToMonth=11&ToYear=2020&Variable=Issuer
0,2005-10-31,PATH.TO,2005-10-31,2005-10-31,Q4,1086101.0,0.0,0.0,0.0,0.0,1285787.0,0.0,0.0,0.0,1344826.0,0.0,0.0,-199686.0,-0.183855829246083,-258725.0,0.0,0.0,0.0,0.0,0.0,-258725.0,-0.23821449386383034,-0.5,-0.5,758309.0,758309.0,https://www.sedar.com/ModifyCompanyDocumentSearchForm.do?lang=EN&company_search=CounterPath Corp&document_selection=0&industry_group=A&FromDate=13&FromMonth=05&FromYear=2000&ToDate=13&ToMonth=11&ToYear=2020&Variable=Issuer,https://www.sedar.com/ModifyCompanyDocumentSearchForm.do?lang=EN&company_search=CounterPath Corp&document_selection=0&industry_group=A&FromDate=13&FromMonth=05&FromYear=2000&ToDate=13&ToMonth=11&ToYear=2020&Variable=Issuer
0,2005-07-31,PATH.TO,2005-07-31,2005-07-31,Q3,827296.0,0.0,0.0,0.0,0.0,1085699.0,0.0,0.0,0.0,1136506.0,0.0,0.0,-257809.0,-0.31162848605577687,-309210.0,0.0,-594.0,0.0,0.0,0.0,-311539.0,-0.3765750106370634,-0.5,-0.5,758309.0,758309.0,https://www.sedar.com/ModifyCompanyDocumentSearchForm.do?lang=EN&company_search=CounterPath Corp&document_selection=0&industry_group=A&FromDate=13&FromMonth=05&FromYear=2000&ToDate=13&ToMonth=11&ToYear=2020&Variable=Issuer,https://www.sedar.com/ModifyCompanyDocumentSearchForm.do?lang=EN&company_search=CounterPath Corp&document_selection=0&industry_group=A&FromDate=13&FromMonth=05&FromYear=2000&ToDate=13&ToMonth=11&ToYear=2020&Variable=Issuer
0,2005-04-30,PATH.TO,2005-04-30,2005-04-30,Q2,1029754.0,160154.0,869600.0,0.8444735344558021,0.0,1121811.0,0.0,0.0,0.0,1343867.0,0.0,0.0,-264151.0,-0.2565185471481538,-314113.0,0.0,3246.0,0.0,0.0,0.0,-342091.0,-0.3322065269957679,-0.05452663467452831,-0.05452663467452831,6273833.0,6273833.0,https://www.sedar.com/ModifyCompanyDocumentSearchForm.do?lang=EN&company_search=CounterPath Corp&document_selection=0&industry_group=A&FromDate=13&FromMonth=05&FromYear=2000&ToDate=13&ToMonth=11&ToYear=2020&Variable=Issuer,https://www.sedar.com/ModifyCompanyDocumentSearchForm.do?lang=EN&company_search=CounterPath Corp&document_selection=0&industry_group=A&FromDate=13&FromMonth=05&FromYear=2000&ToDate=13&ToMonth=11&ToYear=2020&Variable=Issuer
0,2005-01-31,PATH.TO,2005-01-31,2005-01-31,Q1,928608.0,129672.0,798936.0,0.8603587304869224,0.0,859982.0,0.0,0.0,-2644.0,1017435.0,0.0,0.0,-61046.0,-0.06573925703849202,-88827.0,0.0,2644.0,0.0,0.0,0.0,-88827.0,-0.09565607877597436,0.0,0.0,752769.0,752769.0,https://www.sedar.com/ModifyCompanyDocumentSearchForm.do?lang=EN&company_search=CounterPath Corp&document_selection=0&industry_group=A&FromDate=13&FromMonth=05&FromYear=2000&ToDate=13&ToMonth=11&ToYear=2020&Variable=Issuer,https://www.sedar.com/ModifyCompanyDocumentSearchForm.do?lang=EN&company_search=CounterPath Corp&document_selection=0&industry_group=A&FromDate=13&FromMonth=05&FromYear=2000&ToDate=13&ToMonth=11&ToYear=2020&Variable=Issuer
0,2004-10-31,PATH.TO,2004-10-31,2004-10-31,Q4,677364.0,0.0,0.0,0.0,0.0,877341.0,0.0,0.0,0.0,900772.0,0.0,0.0,-225110.0,-0.33233239439946616,-223408.0,0.0,25133.0,0.0,0.0,0.0,-198275.0,-0.29271558571167056,-0.5,-0.5,744290.0,744290.0,https://www.sedar.com/ModifyCompanyDocumentSearchForm.do?lang=EN&company_search=CounterPath Corp&document_selection=0&industry_group=A&FromDate=13&FromMonth=05&FromYear=2000&ToDate=13&ToMonth=11&ToYear=2020&Variable=Issuer,https://www.sedar.com/ModifyCompanyDocumentSearchForm.do?lang=EN&company_search=CounterPath Corp&document_selection=0&industry_group=A&FromDate=13&FromMonth=05&FromYear=2000&ToDate=13&ToMonth=11&ToYear=2020&Variable=Issuer
0,2004-07-31,PATH.TO,2004-07-31,2004-07-31,Q3,487151.0,117111.0,370040.0,0.7596002060962618,0.0,544500.0,0.0,0.0,0.0,679118.0,0.0,0.0,-166770.0,-0.3423373861492638,-191967.0,0.0,-7690.0,0.0,0.0,0.0,-191133.0,-0.39234857364554315,-0.5,-0.5,742769.0,742769.0,https://www.sedar.com/ModifyCompanyDocumentSearchForm.do?lang=EN&company_search=CounterPath Corp&document_selection=0&industry_group=A&FromDate=13&FromMonth=05&FromYear=2000&ToDate=13&ToMonth=11&ToYear=2020&Variable=Issuer,https://www.sedar.com/ModifyCompanyDocumentSearchForm.do?lang=EN&company_search=CounterPath Corp&document_selection=0&industry_group=A&FromDate=13&FromMonth=05&FromYear=2000&ToDate=13&ToMonth=11&ToYear=2020&Variable=Issuer
0,2004-04-30,PATH.TO,2004-04-30,2004-04-30,Q2,556712.0,0.0,0.0,0.0,0.0,-948743.0,22068.0,0.0,0.0,-414259.0,0.0,0.0,983350.0,1.7663531592636768,970971.0,0.0,0.0,0.0,0.0,0.0,995459.0,1.788104082541781,0.15866839299037766,0.15866839299037766,6273833.0,6273833.0,https://www.sedar.com/ModifyCompanyDocumentSearchForm.do?lang=EN&company_search=CounterPath Corp&document_selection=0&industry_group=A&FromDate=13&FromMonth=05&FromYear=2000&ToDate=13&ToMonth=11&ToYear=2020&Variable=Issuer,https://www.sedar.com/ModifyCompanyDocumentSearchForm.do?lang=EN&company_search=CounterPath Corp&document_selection=0&industry_group=A&FromDate=13&FromMonth=05&FromYear=2000&ToDate=13&ToMonth=11&ToYear=2020&Variable=Issuer
0,2004-01-31,PATH.TO,2004-01-31,2004-01-31,Q1,1195.0,0.0,0.0,0.0,77.0,23121.0,520.0,0.0,0.0,23698.0,0.0,0.0,-22003.0,-18.41255230125523,-22503.0,0.0,0.0,0.0,0.0,0.0,-22503.0,-18.830962343096235,0.0,0.0,858390.0,858390.0,https://www.sedar.com/ModifyCompanyDocumentSearchForm.do?lang=EN&company_search=CounterPath Corp&document_selection=0&industry_group=A&FromDate=13&FromMonth=05&FromYear=2000&ToDate=13&ToMonth=11&ToYear=2020&Variable=Issuer,https://www.sedar.com/ModifyCompanyDocumentSearchForm.do?lang=EN&company_search=CounterPath Corp&document_selection=0&industry_group=A&FromDate=13&FromMonth=05&FromYear=2000&ToDate=13&ToMonth=11&ToYear=2020&Variable=Issuer
0,2003-10-31,PATH.TO,2003-10-31,2003-10-31,Q4,3870.0,0.0,0.0,0.0,0.0,1573.0,1343.0,0.0,18863.0,20936.0,0.0,0.0,-16566.0,-4.2806201550387595,-17066.0,0.0,0.0,0.0,0.0,0.0,-17066.0,-4.409819121447028,0.0,0.0,858390.0,858390.0,https://www.sedar.com/ModifyCompanyDocumentSearchForm.do?lang=EN&company_search=CounterPath Corp&document_selection=0&industry_group=A&FromDate=13&FromMonth=05&FromYear=2000&ToDate=13&ToMonth=11&ToYear=2020&Variable=Issuer,https://www.sedar.com/ModifyCompanyDocumentSearchForm.do?lang=EN&company_search=CounterPath Corp&document_selection=0&industry_group=A&FromDate=13&FromMonth=05&FromYear=2000&ToDate=13&ToMonth=11&ToYear=2020&Variable=Issuer
0,2003-07-31,PATH.TO,2003-07-31,2003-07-31,Q3,219021.0,0.0,0.0,0.0,0.0,6682.0,6682.0,0.0,283423.0,290105.0,0.0,0.0,-71084.0,-0.3245533533314157,-71084.0,0.0,0.0,0.0,0.0,0.0,-71084.0,-0.3245533533314157,-1.0,-1.0,71720.0,71720.0,https://www.sedar.com/ModifyCompanyDocumentSearchForm.do?lang=EN&company_search=CounterPath Corp&document_selection=0&industry_group=A&FromDate=13&FromMonth=05&FromYear=2000&ToDate=13&ToMonth=11&ToYear=2020&Variable=Issuer,https://www.sedar.com/ModifyCompanyDocumentSearchForm.do?lang=EN&company_search=CounterPath Corp&document_selection=0&industry_group=A&FromDate=13&FromMonth=05&FromYear=2000&ToDate=13&ToMonth=11&ToYear=2020&Variable=Issuer
