,date,symbol,fillingDate,acceptedDate,period,revenue,costOfRevenue,grossProfit,grossProfitRatio,researchAndDevelopmentExpenses,generalAndAdministrativeExpenses,sellingAndMarketingExpenses,otherExpenses,operatingExpenses,costAndExpenses,interestExpense,depreciationAndAmortization,ebitda,ebitdaratio,operatingIncome,operatingIncomeRatio,totalOtherIncomeExpensesNet,incomeBeforeTax,incomeBeforeTaxRatio,incomeTaxExpense,netIncome,netIncomeRatio,eps,epsdiluted,weightedAverageShsOut,weightedAverageShsOutDil,link,finalLink
0,2020-09-30,GSKY,2020-11-09,2020-11-09 16:06:49,Q3,142023000,92346000,49677000,0.3497813734395133,0.0,11614000,0.0,-6208000.0,11614000,132807000,6775000.0,2973000.0,5981000.0,0.04211289720679045,3008000.0,0.021179668081930392,-6208000.0,3008000.0,0.021179668081930392,197000.0,2811000.0,0.01979256880927737,0.015864710534500778,0.015864710534500778,177185710,177185710,https://www.sec.gov/Archives/edgar/data/1712923/000171292320000125/0001712923-20-000125-index.htm,https://www.sec.gov/Archives/edgar/data/1712923/000171292320000125/gsky-20200930.htm
0,2020-06-30,GSKY,2020-08-10,2020-08-10 16:11:58,Q2,132962000,64930000,68032000,0.5116649869887637,0.0,30631000,-789000.0,14969000,48361999.99999999,113292000,5894000.0,2762000.0,14286000,0.107444,19670000,0.147937,830000.0,14852000,0.111701,1497000.0,4133000.0,0.031084,0.02333,0.02333,177185710,177185710,https://www.sec.gov/Archives/edgar/data/1712923/000171292320000106/0001712923-20-000106-index.htm,https://www.sec.gov/Archives/edgar/data/1712923/000171292320000106/gsky-20200630.htm
0,2020-03-31,GSKY,2020-05-11,2020-05-11 16:47:07,Q1,121170000,71775000,49395000,0.40765040851695966,0.0,29934000,789000.0,22907000,55286000,127061000,5620000.0,2445000.0,3836000.0,0.031658,-5891000.0,-0.048618,-1612000.0,-11814000,-0.097499,-895000.0,-3334000.0,-0.027515,-0.05238,-0.05238,63650700,63650700,https://www.sec.gov/Archives/edgar/data/1712923/000171292320000054/0001712923-20-000054-index.htm,https://www.sec.gov/Archives/edgar/data/1712923/000171292320000010/gsky-20191231.htm
0,2019-12-31,GSKY,2020-03-02,2020-03-02 16:12:07,Q4,133836000,69358000,64478000,0.4817687318808094,0.0,26258000,753000.0,25472000,53917000,123275000,5660000.0,2187000.0000000005,6289000.0,0.04699,10561000,0.07891,-5892000.0,1707000.0,0.012754,-3597000.0,2039000.0,0.015235,0.01153,0.01153,176801850,176801850,https://www.sec.gov/Archives/edgar/data/1712923/000171292320000010/0001712923-20-000010-index.htm,https://www.sec.gov/Archives/edgar/data/1712923/000171292320000010/gsky-20191231.htm
0,2019-09-30,GSKY,2019-11-14,2019-11-14 16:57:02,Q3,153415000,21341000,132074000,0.8608936544666428,0.0,29418000,946000.0,4687000.0,79675999.99999999,101016999.99999999,5634000.0,1955000.0,23848000,0.155448,52398000,0.341544,-2050000.0,45608000,0.297285,1533000.0,14726000,0.095988,0.08317,0.08317,177054110,177054110,https://www.sec.gov/Archives/edgar/data/1712923/000171292319000063/0001712923-19-000063-index.htm,https://www.sec.gov/Archives/edgar/data/1712923/000171292319000063/gsky10q2019q3.htm
0,2019-06-30,GSKY,2019-08-14,2019-08-14 17:01:49,Q2,138695000,17446000,121249000,0.8742132016294748,0.0,29165000,1187000.0,5101000.0,74743000,92189000,6323000.0,1694999.9999999998,15868000,0.114409,46506000,0.335311,-6325000.0,34727000,0.250384,-4466000.0,12316000,0.088799,0.06854,0.06854,179699920,179699920,https://www.sec.gov/Archives/edgar/data/1712923/000171292319000042/0001712923-19-000042-index.htm,https://www.sec.gov/Archives/edgar/data/1712923/000171292319000042/gsky10q2019q2.htm
0,2019-03-31,GSKY,2019-05-15,2019-05-15 06:55:24,Q1,103700000,58037000,45663000,0.44033751205400196,0.0,27758000,1203000.0,4950000.0,34175000.00000001,92212000,6243000.0,1467000.0,10014000,0.096567,11488000,0.110781,-35000.0,6806000.0,0.065632,-595000.0,2899000.0,0.027956,0.01574,0.01574,184193340,184193340,https://www.sec.gov/Archives/edgar/data/1712923/000171292319000026/0001712923-19-000026-index.htm,https://www.sec.gov/Archives/edgar/data/1712923/000171292319000008/gsky10k2018.htm
0,2018-12-31,GSKY,2019-03-15,2019-03-15 12:34:58,Q4,109731000,55170000,54561000,0.49722503212401237,0.0,21081000,940000.0,4083000.0,26412999.999999996,81583000,6193000.0,1248999.9999999998,14712000,0.134073,28148000,0.256518,61000.0,23413000,0.213367,565000.0,6705000.0,0.061104,0.03556,0.03556,188542870,188542870,https://www.sec.gov/Archives/edgar/data/1712923/000171292319000008/0001712923-19-000008-index.htm,https://www.sec.gov/Archives/edgar/data/1712923/000171292319000008/gsky10k2018.htm
0,2018-09-30,GSKY,2018-11-09,2018-11-09 14:53:25,Q3,113912000,35374000,78538000,0.6894620408736568,0.0,18433000,975000.0,4656000.0,24281000,59655000,6013000.0,1229000.0,22618000,0.198557,54257000,0.476306,-1069000.0,49087000,0.43092,3375000.0,12001000,0.105353,0.06345,0.06345,189155920,189155920,https://www.sec.gov/Archives/edgar/data/1712923/000171292318000010/0001712923-18-000010-index.htm,https://www.sec.gov/Archives/edgar/data/1712923/000171292318000010/gsky10q2018q3.htm
