,date,symbol,fillingDate,acceptedDate,period,revenue,costOfRevenue,grossProfit,grossProfitRatio,researchAndDevelopmentExpenses,generalAndAdministrativeExpenses,sellingAndMarketingExpenses,otherExpenses,operatingExpenses,costAndExpenses,interestExpense,depreciationAndAmortization,ebitda,ebitdaratio,operatingIncome,operatingIncomeRatio,totalOtherIncomeExpensesNet,incomeBeforeTax,incomeBeforeTaxRatio,incomeTaxExpense,netIncome,netIncomeRatio,eps,epsdiluted,weightedAverageShsOut,weightedAverageShsOutDil,link,finalLink
0,2019-09-31,ALS30.PA,,2019-09-31,Q3,170551250,58475250,112076000,1.521746404225704,0.0,4525000.0,0.0,0.0,93035750,159340750,468250.0,10783750,22930750,7.437665580061708,11210500,15.213527496543419,0.0,12151500,14.035407151380488,2342750.0,9805750.0,17.392983708538356,0.0915,0.0915,107127984,107127984,https://www.infogreffe.com/recherche-entreprise-dirigeants/resultats-entreprise-dirigeants.html?ga_cat=globale&ga_q=A.L.S.3.0#phrase=A.L.S.3.0,https://www.infogreffe.com/recherche-entreprise-dirigeants/resultats-entreprise-dirigeants.html?ga_cat=globale&ga_q=A.L.S.3.0#phrase=A.L.S.3.0
0,2019-06-31,ALS30.PA,,2019-06-31,Q2,170551250,58475250,112076000,1.521746404225704,0.0,4525000.0,0.0,0.0,93035750,159340750,468250.0,10783750,22930750,7.437665580061708,11210500,15.213527496543419,0.0,12151500,14.035407151380488,2342750.0,9805750.0,17.392983708538356,0.0915,0.0915,107127984,107127984,https://www.infogreffe.com/recherche-entreprise-dirigeants/resultats-entreprise-dirigeants.html?ga_cat=globale&ga_q=A.L.S.3.0#phrase=A.L.S.3.0,https://www.infogreffe.com/recherche-entreprise-dirigeants/resultats-entreprise-dirigeants.html?ga_cat=globale&ga_q=A.L.S.3.0#phrase=A.L.S.3.0
0,2019-03-31,ALS30.PA,,2019-03-31,Q1,170551250,58475250,112076000,1.521746404225704,0.0,4525000.0,0.0,0.0,93035750,159340750,468250.0,10783750,22930750,7.437665580061708,11210500,15.213527496543419,0.0,12151500,14.035407151380488,2342750.0,9805750.0,17.392983708538356,0.0915,0.0915,107127984,107127984,https://www.infogreffe.com/recherche-entreprise-dirigeants/resultats-entreprise-dirigeants.html?ga_cat=globale&ga_q=A.L.S.3.0#phrase=A.L.S.3.0,https://www.infogreffe.com/recherche-entreprise-dirigeants/resultats-entreprise-dirigeants.html?ga_cat=globale&ga_q=A.L.S.3.0#phrase=A.L.S.3.0
0,2019-01-31,ALS30.PA,,2019-01-31,Q1,170551250,58475250,112076000,1.521746404225704,0.0,4525000.0,0.0,0.0,93035750,159340750,468250.0,10783750,22930750,7.437665580061708,11210500,15.213527496543419,0.0,12151500,14.035407151380488,2342750.0,9805750.0,17.392983708538356,0.0915,0.0915,107127984,107127984,https://www.infogreffe.com/recherche-entreprise-dirigeants/resultats-entreprise-dirigeants.html?ga_cat=globale&ga_q=A.L.S.3.0#phrase=A.L.S.3.0,https://www.infogreffe.com/recherche-entreprise-dirigeants/resultats-entreprise-dirigeants.html?ga_cat=globale&ga_q=A.L.S.3.0#phrase=A.L.S.3.0
0,2018-09-31,ALS30.PA,,2018-09-31,Q3,110453750,38863000,71590750,1.542849460300388,0.0,57633500,0.0,0.0,847750.0,100636250,693750.0,0.0,14019250,7.878720330973483,9817500.0,11.250700280112046,0.0,6489000.0,17.02169055324395,1388500.0,4991500.0,22.128368225984172,0.04796875,0.04796875,104057392,104057392,https://www.infogreffe.com/recherche-entreprise-dirigeants/resultats-entreprise-dirigeants.html?ga_cat=globale&ga_q=A.L.S.3.0#phrase=A.L.S.3.0,https://www.infogreffe.com/recherche-entreprise-dirigeants/resultats-entreprise-dirigeants.html?ga_cat=globale&ga_q=A.L.S.3.0#phrase=A.L.S.3.0
0,2018-06-31,ALS30.PA,,2018-06-31,Q2,110453750,38863000,71590750,1.542849460300388,0.0,57633500,0.0,0.0,847750.0,100636250,693750.0,0.0,14019250,7.878720330973483,9817500.0,11.250700280112046,0.0,6489000.0,17.02169055324395,1388500.0,4991500.0,22.128368225984172,0.04796875,0.04796875,104057392,104057392,https://www.infogreffe.com/recherche-entreprise-dirigeants/resultats-entreprise-dirigeants.html?ga_cat=globale&ga_q=A.L.S.3.0#phrase=A.L.S.3.0,https://www.infogreffe.com/recherche-entreprise-dirigeants/resultats-entreprise-dirigeants.html?ga_cat=globale&ga_q=A.L.S.3.0#phrase=A.L.S.3.0
0,2018-03-31,ALS30.PA,,2018-03-31,Q1,110453750,38863000,71590750,1.542849460300388,0.0,57633500,0.0,0.0,847750.0,100636250,693750.0,0.0,14019250,7.878720330973483,9817500.0,11.250700280112046,0.0,6489000.0,17.02169055324395,1388500.0,4991500.0,22.128368225984172,0.04796875,0.04796875,104057392,104057392,https://www.infogreffe.com/recherche-entreprise-dirigeants/resultats-entreprise-dirigeants.html?ga_cat=globale&ga_q=A.L.S.3.0#phrase=A.L.S.3.0,https://www.infogreffe.com/recherche-entreprise-dirigeants/resultats-entreprise-dirigeants.html?ga_cat=globale&ga_q=A.L.S.3.0#phrase=A.L.S.3.0
0,2018-01-31,ALS30.PA,,2018-01-31,Q1,110453750,38863000,71590750,1.542849460300388,0.0,57633500,0.0,0.0,847750.0,100636250,693750.0,0.0,14019250,7.878720330973483,9817500.0,11.250700280112046,0.0,6489000.0,17.02169055324395,1388500.0,4991500.0,22.128368225984172,0.04796875,0.04796875,104057392,104057392,https://www.infogreffe.com/recherche-entreprise-dirigeants/resultats-entreprise-dirigeants.html?ga_cat=globale&ga_q=A.L.S.3.0#phrase=A.L.S.3.0,https://www.infogreffe.com/recherche-entreprise-dirigeants/resultats-entreprise-dirigeants.html?ga_cat=globale&ga_q=A.L.S.3.0#phrase=A.L.S.3.0
0,2017-09-31,ALS30.PA,,2017-09-31,Q3,68632750,23529250,45103500,1.5216723757579789,0.0,35982250,0.0,0.0,1430000.0,62823750,476500.0,0.0,6745000.0,10.175352112676057,5809000.0,11.814899294198657,0.0,3692750.0,18.58581003317311,481750.0,3114500.0,22.036522716326857,0.0326855,0.0326855,95335056,95335056,https://www.infogreffe.com/recherche-entreprise-dirigeants/resultats-entreprise-dirigeants.html?ga_cat=globale&ga_q=A.L.S.3.0#phrase=A.L.S.3.0,https://www.infogreffe.com/recherche-entreprise-dirigeants/resultats-entreprise-dirigeants.html?ga_cat=globale&ga_q=A.L.S.3.0#phrase=A.L.S.3.0
0,2017-06-31,ALS30.PA,,2017-06-31,Q2,68632750,23529250,45103500,1.5216723757579789,0.0,35982250,0.0,0.0,1430000.0,62823750,476500.0,0.0,6745000.0,10.175352112676057,5809000.0,11.814899294198657,0.0,3692750.0,18.58581003317311,481750.0,3114500.0,22.036522716326857,0.0326855,0.0326855,95335056,95335056,https://www.infogreffe.com/recherche-entreprise-dirigeants/resultats-entreprise-dirigeants.html?ga_cat=globale&ga_q=A.L.S.3.0#phrase=A.L.S.3.0,https://www.infogreffe.com/recherche-entreprise-dirigeants/resultats-entreprise-dirigeants.html?ga_cat=globale&ga_q=A.L.S.3.0#phrase=A.L.S.3.0
0,2017-03-31,ALS30.PA,,2017-03-31,Q1,68632750,23529250,45103500,1.5216723757579789,0.0,35982250,0.0,0.0,1430000.0,62823750,476500.0,0.0,6745000.0,10.175352112676057,5809000.0,11.814899294198657,0.0,3692750.0,18.58581003317311,481750.0,3114500.0,22.036522716326857,0.0326855,0.0326855,95335056,95335056,https://www.infogreffe.com/recherche-entreprise-dirigeants/resultats-entreprise-dirigeants.html?ga_cat=globale&ga_q=A.L.S.3.0#phrase=A.L.S.3.0,https://www.infogreffe.com/recherche-entreprise-dirigeants/resultats-entreprise-dirigeants.html?ga_cat=globale&ga_q=A.L.S.3.0#phrase=A.L.S.3.0
0,2017-01-31,ALS30.PA,,2017-01-31,Q1,68632750,23529250,45103500,1.5216723757579789,0.0,35982250,0.0,0.0,1430000.0,62823750,476500.0,0.0,6745000.0,10.175352112676057,5809000.0,11.814899294198657,0.0,3692750.0,18.58581003317311,481750.0,3114500.0,22.036522716326857,0.0326855,0.0326855,95335056,95335056,https://www.infogreffe.com/recherche-entreprise-dirigeants/resultats-entreprise-dirigeants.html?ga_cat=globale&ga_q=A.L.S.3.0#phrase=A.L.S.3.0,https://www.infogreffe.com/recherche-entreprise-dirigeants/resultats-entreprise-dirigeants.html?ga_cat=globale&ga_q=A.L.S.3.0#phrase=A.L.S.3.0
0,2016-09-31,ALS30.PA,,2016-09-31,Q3,47950500,14888750,33061750,1.4503315765196942,0.0,24525750,0.0,0.0,504000.0,43762000,197500.0,0.0,5020250.0,9.55141676211344,4188500.0,11.448131789423421,0.0,2430750.0,19.726627584078987,404250.0,2094750.0,22.89079842463301,0.02562,0.02562,81762064,81762064,https://www.infogreffe.com/recherche-entreprise-dirigeants/resultats-entreprise-dirigeants.html?ga_cat=globale&ga_q=A.L.S.3.0#phrase=A.L.S.3.0,https://www.infogreffe.com/recherche-entreprise-dirigeants/resultats-entreprise-dirigeants.html?ga_cat=globale&ga_q=A.L.S.3.0#phrase=A.L.S.3.0
0,2016-06-31,ALS30.PA,,2016-06-31,Q2,47950500,14888750,33061750,1.4503315765196942,0.0,24525750,0.0,0.0,504000.0,43762000,197500.0,0.0,5020250.0,9.55141676211344,4188500.0,11.448131789423421,0.0,2430750.0,19.726627584078987,404250.0,2094750.0,22.89079842463301,0.02562,0.02562,81762064,81762064,https://www.infogreffe.com/recherche-entreprise-dirigeants/resultats-entreprise-dirigeants.html?ga_cat=globale&ga_q=A.L.S.3.0#phrase=A.L.S.3.0,https://www.infogreffe.com/recherche-entreprise-dirigeants/resultats-entreprise-dirigeants.html?ga_cat=globale&ga_q=A.L.S.3.0#phrase=A.L.S.3.0
0,2016-03-31,ALS30.PA,,2016-03-31,Q1,47950500,14888750,33061750,1.4503315765196942,0.0,24525750,0.0,0.0,504000.0,43762000,197500.0,0.0,5020250.0,9.55141676211344,4188500.0,11.448131789423421,0.0,2430750.0,19.726627584078987,404250.0,2094750.0,22.89079842463301,0.02562,0.02562,81762064,81762064,https://www.infogreffe.com/recherche-entreprise-dirigeants/resultats-entreprise-dirigeants.html?ga_cat=globale&ga_q=A.L.S.3.0#phrase=A.L.S.3.0,https://www.infogreffe.com/recherche-entreprise-dirigeants/resultats-entreprise-dirigeants.html?ga_cat=globale&ga_q=A.L.S.3.0#phrase=A.L.S.3.0
0,2016-01-31,ALS30.PA,,2016-01-31,Q1,47950500,14888750,33061750,1.4503315765196942,0.0,24525750,0.0,0.0,504000.0,43762000,197500.0,0.0,5020250.0,9.55141676211344,4188500.0,11.448131789423421,0.0,2430750.0,19.726627584078987,404250.0,2094750.0,22.89079842463301,0.02562,0.02562,81762064,81762064,https://www.infogreffe.com/recherche-entreprise-dirigeants/resultats-entreprise-dirigeants.html?ga_cat=globale&ga_q=A.L.S.3.0#phrase=A.L.S.3.0,https://www.infogreffe.com/recherche-entreprise-dirigeants/resultats-entreprise-dirigeants.html?ga_cat=globale&ga_q=A.L.S.3.0#phrase=A.L.S.3.0
0,2015-09-31,ALS30.PA,,2015-09-31,Q3,31320750,9082000.0,22238750,1.4083862627171042,0.0,16841750,0.0,0.0,175750.0,28072750,85000.0,17750.0,3288000.0,9.525775547445255,3248000.0,9.643088054187192,0.0,1792250.0,17.475659087738876,258500.0,1529750.0,20.474423925478018,0.0189065,0.0189065,80911408,80911408,https://www.infogreffe.com/recherche-entreprise-dirigeants/resultats-entreprise-dirigeants.html?ga_cat=globale&ga_q=A.L.S.3.0#phrase=A.L.S.3.0,https://www.infogreffe.com/recherche-entreprise-dirigeants/resultats-entreprise-dirigeants.html?ga_cat=globale&ga_q=A.L.S.3.0#phrase=A.L.S.3.0
0,2015-06-31,ALS30.PA,,2015-06-31,Q2,31320750,9082000.0,22238750,1.4083862627171042,0.0,16841750,0.0,0.0,175750.0,28072750,85000.0,17750.0,3288000.0,9.525775547445255,3248000.0,9.643088054187192,0.0,1792250.0,17.475659087738876,258500.0,1529750.0,20.474423925478018,0.0189065,0.0189065,80911408,80911408,https://www.infogreffe.com/recherche-entreprise-dirigeants/resultats-entreprise-dirigeants.html?ga_cat=globale&ga_q=A.L.S.3.0#phrase=A.L.S.3.0,https://www.infogreffe.com/recherche-entreprise-dirigeants/resultats-entreprise-dirigeants.html?ga_cat=globale&ga_q=A.L.S.3.0#phrase=A.L.S.3.0
0,2015-03-31,ALS30.PA,,2015-03-31,Q1,31320750,9082000.0,22238750,1.4083862627171042,0.0,16841750,0.0,0.0,175750.0,28072750,85000.0,17750.0,3288000.0,9.525775547445255,3248000.0,9.643088054187192,0.0,1792250.0,17.475659087738876,258500.0,1529750.0,20.474423925478018,0.0189065,0.0189065,80911408,80911408,https://www.infogreffe.com/recherche-entreprise-dirigeants/resultats-entreprise-dirigeants.html?ga_cat=globale&ga_q=A.L.S.3.0#phrase=A.L.S.3.0,https://www.infogreffe.com/recherche-entreprise-dirigeants/resultats-entreprise-dirigeants.html?ga_cat=globale&ga_q=A.L.S.3.0#phrase=A.L.S.3.0
0,2015-01-31,ALS30.PA,,2015-01-31,Q1,31320750,9082000.0,22238750,1.4083862627171042,0.0,16841750,0.0,0.0,175750.0,28072750,85000.0,17750.0,3288000.0,9.525775547445255,3248000.0,9.643088054187192,0.0,1792250.0,17.475659087738876,258500.0,1529750.0,20.474423925478018,0.0189065,0.0189065,80911408,80911408,https://www.infogreffe.com/recherche-entreprise-dirigeants/resultats-entreprise-dirigeants.html?ga_cat=globale&ga_q=A.L.S.3.0#phrase=A.L.S.3.0,https://www.infogreffe.com/recherche-entreprise-dirigeants/resultats-entreprise-dirigeants.html?ga_cat=globale&ga_q=A.L.S.3.0#phrase=A.L.S.3.0
0,2014-09-31,ALS30.PA,,2014-09-31,Q3,27937250,7792000.0,20145250,1.3867909308645958,0.0,15409500,0.0,0.0,108250.0,25145000,74750.0,145750.0,2934250.0,9.521087160262418,2792250.0,10.00528247828812,0.0,1562750.0,17.87697968325068,541750.0,1005750.0,27.77752920705941,0.01264325,0.01264325,79548928,79548928,https://www.infogreffe.com/recherche-entreprise-dirigeants/resultats-entreprise-dirigeants.html?ga_cat=globale&ga_q=A.L.S.3.0#phrase=A.L.S.3.0,https://www.infogreffe.com/recherche-entreprise-dirigeants/resultats-entreprise-dirigeants.html?ga_cat=globale&ga_q=A.L.S.3.0#phrase=A.L.S.3.0
0,2014-06-31,ALS30.PA,,2014-06-31,Q2,27937250,7792000.0,20145250,1.3867909308645958,0.0,15409500,0.0,0.0,108250.0,25145000,74750.0,145750.0,2934250.0,9.521087160262418,2792250.0,10.00528247828812,0.0,1562750.0,17.87697968325068,541750.0,1005750.0,27.77752920705941,0.01264325,0.01264325,79548928,79548928,https://www.infogreffe.com/recherche-entreprise-dirigeants/resultats-entreprise-dirigeants.html?ga_cat=globale&ga_q=A.L.S.3.0#phrase=A.L.S.3.0,https://www.infogreffe.com/recherche-entreprise-dirigeants/resultats-entreprise-dirigeants.html?ga_cat=globale&ga_q=A.L.S.3.0#phrase=A.L.S.3.0
0,2014-03-31,ALS30.PA,,2014-03-31,Q1,27937250,7792000.0,20145250,1.3867909308645958,0.0,15409500,0.0,0.0,108250.0,25145000,74750.0,145750.0,2934250.0,9.521087160262418,2792250.0,10.00528247828812,0.0,1562750.0,17.87697968325068,541750.0,1005750.0,27.77752920705941,0.01264325,0.01264325,79548928,79548928,https://www.infogreffe.com/recherche-entreprise-dirigeants/resultats-entreprise-dirigeants.html?ga_cat=globale&ga_q=A.L.S.3.0#phrase=A.L.S.3.0,https://www.infogreffe.com/recherche-entreprise-dirigeants/resultats-entreprise-dirigeants.html?ga_cat=globale&ga_q=A.L.S.3.0#phrase=A.L.S.3.0
0,2014-01-31,ALS30.PA,,2014-01-31,Q1,27937250,7792000.0,20145250,1.3867909308645958,0.0,15409500,0.0,0.0,108250.0,25145000,74750.0,145750.0,2934250.0,9.521087160262418,2792250.0,10.00528247828812,0.0,1562750.0,17.87697968325068,541750.0,1005750.0,27.77752920705941,0.01264325,0.01264325,79548928,79548928,https://www.infogreffe.com/recherche-entreprise-dirigeants/resultats-entreprise-dirigeants.html?ga_cat=globale&ga_q=A.L.S.3.0#phrase=A.L.S.3.0,https://www.infogreffe.com/recherche-entreprise-dirigeants/resultats-entreprise-dirigeants.html?ga_cat=globale&ga_q=A.L.S.3.0#phrase=A.L.S.3.0
0,2013-09-31,ALS30.PA,,2013-09-31,Q3,23562750,7472500.0,16090250,1.4644116778794611,0.0,12200500,0.0,0.0,68750.0,21584000,44250.0,0.0,1991750.0,11.83017446968746,1978750.0,11.907896399241945,0.0,1165000.0,20.225536480686696,626500.0,534250.0,44.10435189518016,0.00673925,0.00673925,79275072,79275072,https://www.infogreffe.com/recherche-entreprise-dirigeants/resultats-entreprise-dirigeants.html?ga_cat=globale&ga_q=A.L.S.3.0#phrase=A.L.S.3.0,https://www.infogreffe.com/recherche-entreprise-dirigeants/resultats-entreprise-dirigeants.html?ga_cat=globale&ga_q=A.L.S.3.0#phrase=A.L.S.3.0
0,2013-06-31,ALS30.PA,,2013-06-31,Q2,23562750,7472500.0,16090250,1.4644116778794611,0.0,12200500,0.0,0.0,68750.0,21584000,44250.0,0.0,1991750.0,11.83017446968746,1978750.0,11.907896399241945,0.0,1165000.0,20.225536480686696,626500.0,534250.0,44.10435189518016,0.00673925,0.00673925,79275072,79275072,https://www.infogreffe.com/recherche-entreprise-dirigeants/resultats-entreprise-dirigeants.html?ga_cat=globale&ga_q=A.L.S.3.0#phrase=A.L.S.3.0,https://www.infogreffe.com/recherche-entreprise-dirigeants/resultats-entreprise-dirigeants.html?ga_cat=globale&ga_q=A.L.S.3.0#phrase=A.L.S.3.0
0,2013-03-31,ALS30.PA,,2013-03-31,Q1,23562750,7472500.0,16090250,1.4644116778794611,0.0,12200500,0.0,0.0,68750.0,21584000,44250.0,0.0,1991750.0,11.83017446968746,1978750.0,11.907896399241945,0.0,1165000.0,20.225536480686696,626500.0,534250.0,44.10435189518016,0.00673925,0.00673925,79275072,79275072,https://www.infogreffe.com/recherche-entreprise-dirigeants/resultats-entreprise-dirigeants.html?ga_cat=globale&ga_q=A.L.S.3.0#phrase=A.L.S.3.0,https://www.infogreffe.com/recherche-entreprise-dirigeants/resultats-entreprise-dirigeants.html?ga_cat=globale&ga_q=A.L.S.3.0#phrase=A.L.S.3.0
0,2013-01-31,ALS30.PA,,2013-01-31,Q1,23562750,7472500.0,16090250,1.4644116778794611,0.0,12200500,0.0,0.0,68750.0,21584000,44250.0,0.0,1991750.0,11.83017446968746,1978750.0,11.907896399241945,0.0,1165000.0,20.225536480686696,626500.0,534250.0,44.10435189518016,0.00673925,0.00673925,79275072,79275072,https://www.infogreffe.com/recherche-entreprise-dirigeants/resultats-entreprise-dirigeants.html?ga_cat=globale&ga_q=A.L.S.3.0#phrase=A.L.S.3.0,https://www.infogreffe.com/recherche-entreprise-dirigeants/resultats-entreprise-dirigeants.html?ga_cat=globale&ga_q=A.L.S.3.0#phrase=A.L.S.3.0
0,2012-09-31,ALS30.PA,,2012-09-31,Q3,19282250,17771250,1511000.0,12.76125082726671,0.0,0.0,0.0,0.0,370500.0,18257250,26750.0,462500.0,1524500.0,12.648245326336504,1025000.0,18.811951219512196,0.0,1035250.0,18.62569427674475,309500.0,323000.0,59.69736842105263,0.0041015,0.0037515,78750476,86097459,https://www.infogreffe.com/recherche-entreprise-dirigeants/resultats-entreprise-dirigeants.html?ga_cat=globale&ga_q=A.L.S.3.0#phrase=A.L.S.3.0,https://www.infogreffe.com/recherche-entreprise-dirigeants/resultats-entreprise-dirigeants.html?ga_cat=globale&ga_q=A.L.S.3.0#phrase=A.L.S.3.0
0,2012-06-31,ALS30.PA,,2012-06-31,Q2,19282250,17771250,1511000.0,12.76125082726671,0.0,0.0,0.0,0.0,370500.0,18257250,26750.0,462500.0,1524500.0,12.648245326336504,1025000.0,18.811951219512196,0.0,1035250.0,18.62569427674475,309500.0,323000.0,59.69736842105263,0.0041015,0.0037515,78750476,86097459,https://www.infogreffe.com/recherche-entreprise-dirigeants/resultats-entreprise-dirigeants.html?ga_cat=globale&ga_q=A.L.S.3.0#phrase=A.L.S.3.0,https://www.infogreffe.com/recherche-entreprise-dirigeants/resultats-entreprise-dirigeants.html?ga_cat=globale&ga_q=A.L.S.3.0#phrase=A.L.S.3.0
0,2012-03-31,ALS30.PA,,2012-03-31,Q1,19282250,17771250,1511000.0,12.76125082726671,0.0,0.0,0.0,0.0,370500.0,18257250,26750.0,462500.0,1524500.0,12.648245326336504,1025000.0,18.811951219512196,0.0,1035250.0,18.62569427674475,309500.0,323000.0,59.69736842105263,0.0041015,0.0037515,78750476,86097459,https://www.infogreffe.com/recherche-entreprise-dirigeants/resultats-entreprise-dirigeants.html?ga_cat=globale&ga_q=A.L.S.3.0#phrase=A.L.S.3.0,https://www.infogreffe.com/recherche-entreprise-dirigeants/resultats-entreprise-dirigeants.html?ga_cat=globale&ga_q=A.L.S.3.0#phrase=A.L.S.3.0
0,2012-01-31,ALS30.PA,,2012-01-31,Q1,19282250,17771250,1511000.0,12.76125082726671,0.0,0.0,0.0,0.0,370500.0,18257250,26750.0,462500.0,1524500.0,12.648245326336504,1025000.0,18.811951219512196,0.0,1035250.0,18.62569427674475,309500.0,323000.0,59.69736842105263,0.0041015,0.0037515,78750476,86097459,https://www.infogreffe.com/recherche-entreprise-dirigeants/resultats-entreprise-dirigeants.html?ga_cat=globale&ga_q=A.L.S.3.0#phrase=A.L.S.3.0,https://www.infogreffe.com/recherche-entreprise-dirigeants/resultats-entreprise-dirigeants.html?ga_cat=globale&ga_q=A.L.S.3.0#phrase=A.L.S.3.0
0,2011-09-31,ALS30.PA,,2011-09-31,Q3,15948500,8307500.0,7641000.0,2.087226802774506,0.0,0.0,0.0,0.0,318750.0,15262500,0.0,245500.0,1191000.0,13.390848026868179,686000.0,23.24854227405248,0.0,271500.0,58.74217311233886,159500.0,112000.0,142.39732142857142,0.00140775,0.00129525,79556049,86465621,https://www.infogreffe.com/recherche-entreprise-dirigeants/resultats-entreprise-dirigeants.html?ga_cat=globale&ga_q=A.L.S.3.0#phrase=A.L.S.3.0,https://www.infogreffe.com/recherche-entreprise-dirigeants/resultats-entreprise-dirigeants.html?ga_cat=globale&ga_q=A.L.S.3.0#phrase=A.L.S.3.0
0,2011-06-31,ALS30.PA,,2011-06-31,Q2,15948500,8307500.0,7641000.0,2.087226802774506,0.0,0.0,0.0,0.0,318750.0,15262500,0.0,245500.0,1191000.0,13.390848026868179,686000.0,23.24854227405248,0.0,271500.0,58.74217311233886,159500.0,112000.0,142.39732142857142,0.00140775,0.00129525,79556049,86465621,https://www.infogreffe.com/recherche-entreprise-dirigeants/resultats-entreprise-dirigeants.html?ga_cat=globale&ga_q=A.L.S.3.0#phrase=A.L.S.3.0,https://www.infogreffe.com/recherche-entreprise-dirigeants/resultats-entreprise-dirigeants.html?ga_cat=globale&ga_q=A.L.S.3.0#phrase=A.L.S.3.0
0,2011-03-31,ALS30.PA,,2011-03-31,Q1,15948500,8307500.0,7641000.0,2.087226802774506,0.0,0.0,0.0,0.0,318750.0,15262500,0.0,245500.0,1191000.0,13.390848026868179,686000.0,23.24854227405248,0.0,271500.0,58.74217311233886,159500.0,112000.0,142.39732142857142,0.00140775,0.00129525,79556049,86465621,https://www.infogreffe.com/recherche-entreprise-dirigeants/resultats-entreprise-dirigeants.html?ga_cat=globale&ga_q=A.L.S.3.0#phrase=A.L.S.3.0,https://www.infogreffe.com/recherche-entreprise-dirigeants/resultats-entreprise-dirigeants.html?ga_cat=globale&ga_q=A.L.S.3.0#phrase=A.L.S.3.0
0,2011-01-31,ALS30.PA,,2011-01-31,Q1,15948500,8307500.0,7641000.0,2.087226802774506,0.0,0.0,0.0,0.0,318750.0,15262500,0.0,245500.0,1191000.0,13.390848026868179,686000.0,23.24854227405248,0.0,271500.0,58.74217311233886,159500.0,112000.0,142.39732142857142,0.00140775,0.00129525,79556049,86465621,https://www.infogreffe.com/recherche-entreprise-dirigeants/resultats-entreprise-dirigeants.html?ga_cat=globale&ga_q=A.L.S.3.0#phrase=A.L.S.3.0,https://www.infogreffe.com/recherche-entreprise-dirigeants/resultats-entreprise-dirigeants.html?ga_cat=globale&ga_q=A.L.S.3.0#phrase=A.L.S.3.0
0,2010-09-31,ALS30.PA,,2010-09-31,Q3,13679500,6891500.0,6788000.0,2.0152474955804363,0.0,0.0,0.0,0.0,236000.0,12519250,0.0,222500.0,1968500.0,6.9491998983997965,1160250.0,11.790131437190261,0.0,596750.0,22.923334729786344,244500.0,348250.0,39.28068916008615,0.00454375,0.004157,76643741,83773727,https://www.infogreffe.com/recherche-entreprise-dirigeants/resultats-entreprise-dirigeants.html?ga_cat=globale&ga_q=A.L.S.3.0#phrase=A.L.S.3.0,https://www.infogreffe.com/recherche-entreprise-dirigeants/resultats-entreprise-dirigeants.html?ga_cat=globale&ga_q=A.L.S.3.0#phrase=A.L.S.3.0
0,2010-06-31,ALS30.PA,,2010-06-31,Q2,13679500,6891500.0,6788000.0,2.0152474955804363,0.0,0.0,0.0,0.0,236000.0,12519250,0.0,222500.0,1968500.0,6.9491998983997965,1160250.0,11.790131437190261,0.0,596750.0,22.923334729786344,244500.0,348250.0,39.28068916008615,0.00454375,0.004157,76643741,83773727,https://www.infogreffe.com/recherche-entreprise-dirigeants/resultats-entreprise-dirigeants.html?ga_cat=globale&ga_q=A.L.S.3.0#phrase=A.L.S.3.0,https://www.infogreffe.com/recherche-entreprise-dirigeants/resultats-entreprise-dirigeants.html?ga_cat=globale&ga_q=A.L.S.3.0#phrase=A.L.S.3.0
0,2010-03-31,ALS30.PA,,2010-03-31,Q1,13679500,6891500.0,6788000.0,2.0152474955804363,0.0,0.0,0.0,0.0,236000.0,12519250,0.0,222500.0,1968500.0,6.9491998983997965,1160250.0,11.790131437190261,0.0,596750.0,22.923334729786344,244500.0,348250.0,39.28068916008615,0.00454375,0.004157,76643741,83773727,https://www.infogreffe.com/recherche-entreprise-dirigeants/resultats-entreprise-dirigeants.html?ga_cat=globale&ga_q=A.L.S.3.0#phrase=A.L.S.3.0,https://www.infogreffe.com/recherche-entreprise-dirigeants/resultats-entreprise-dirigeants.html?ga_cat=globale&ga_q=A.L.S.3.0#phrase=A.L.S.3.0
0,2010-01-31,ALS30.PA,,2010-01-31,Q1,13679500,6891500.0,6788000.0,2.0152474955804363,0.0,0.0,0.0,0.0,236000.0,12519250,0.0,222500.0,1968500.0,6.9491998983997965,1160250.0,11.790131437190261,0.0,596750.0,22.923334729786344,244500.0,348250.0,39.28068916008615,0.00454375,0.004157,76643741,83773727,https://www.infogreffe.com/recherche-entreprise-dirigeants/resultats-entreprise-dirigeants.html?ga_cat=globale&ga_q=A.L.S.3.0#phrase=A.L.S.3.0,https://www.infogreffe.com/recherche-entreprise-dirigeants/resultats-entreprise-dirigeants.html?ga_cat=globale&ga_q=A.L.S.3.0#phrase=A.L.S.3.0
0,2009-09-31,ALS30.PA,,2009-09-31,Q3,11230250,6402750.0,4827500.0,2.32630761263594,0.0,0.0,0.0,-32000.0,184750.0,10258750,20250.0,291750.0,1231250.0,9.121015228426396,971500.0,11.559701492537313,0.0,824500.0,13.620679199514857,223750.0,600750.0,18.69371618809821,0.00765625,0.0072265,76408163,80951351,https://www.infogreffe.com/recherche-entreprise-dirigeants/resultats-entreprise-dirigeants.html?ga_cat=globale&ga_q=A.L.S.3.0#phrase=A.L.S.3.0,https://www.infogreffe.com/recherche-entreprise-dirigeants/resultats-entreprise-dirigeants.html?ga_cat=globale&ga_q=A.L.S.3.0#phrase=A.L.S.3.0
0,2009-06-31,ALS30.PA,,2009-06-31,Q2,11230250,6402750.0,4827500.0,2.32630761263594,0.0,0.0,0.0,-32000.0,184750.0,10258750,20250.0,291750.0,1231250.0,9.121015228426396,971500.0,11.559701492537313,0.0,824500.0,13.620679199514857,223750.0,600750.0,18.69371618809821,0.00765625,0.0072265,76408163,80951351,https://www.infogreffe.com/recherche-entreprise-dirigeants/resultats-entreprise-dirigeants.html?ga_cat=globale&ga_q=A.L.S.3.0#phrase=A.L.S.3.0,https://www.infogreffe.com/recherche-entreprise-dirigeants/resultats-entreprise-dirigeants.html?ga_cat=globale&ga_q=A.L.S.3.0#phrase=A.L.S.3.0
0,2009-03-31,ALS30.PA,,2009-03-31,Q1,11230250,6402750.0,4827500.0,2.32630761263594,0.0,0.0,0.0,-32000.0,184750.0,10258750,20250.0,291750.0,1231250.0,9.121015228426396,971500.0,11.559701492537313,0.0,824500.0,13.620679199514857,223750.0,600750.0,18.69371618809821,0.00765625,0.0072265,76408163,80951351,https://www.infogreffe.com/recherche-entreprise-dirigeants/resultats-entreprise-dirigeants.html?ga_cat=globale&ga_q=A.L.S.3.0#phrase=A.L.S.3.0,https://www.infogreffe.com/recherche-entreprise-dirigeants/resultats-entreprise-dirigeants.html?ga_cat=globale&ga_q=A.L.S.3.0#phrase=A.L.S.3.0
0,2009-01-31,ALS30.PA,,2009-01-31,Q1,11230250,6402750.0,4827500.0,2.32630761263594,0.0,0.0,0.0,-32000.0,184750.0,10258750,20250.0,291750.0,1231250.0,9.121015228426396,971500.0,11.559701492537313,0.0,824500.0,13.620679199514857,223750.0,600750.0,18.69371618809821,0.00765625,0.0072265,76408163,80951351,https://www.infogreffe.com/recherche-entreprise-dirigeants/resultats-entreprise-dirigeants.html?ga_cat=globale&ga_q=A.L.S.3.0#phrase=A.L.S.3.0,https://www.infogreffe.com/recherche-entreprise-dirigeants/resultats-entreprise-dirigeants.html?ga_cat=globale&ga_q=A.L.S.3.0#phrase=A.L.S.3.0
