,date,symbol,fillingDate,acceptedDate,period,revenue,costOfRevenue,grossProfit,grossProfitRatio,researchAndDevelopmentExpenses,generalAndAdministrativeExpenses,sellingAndMarketingExpenses,otherExpenses,operatingExpenses,costAndExpenses,interestExpense,depreciationAndAmortization,ebitda,ebitdaratio,operatingIncome,operatingIncomeRatio,totalOtherIncomeExpensesNet,incomeBeforeTax,incomeBeforeTaxRatio,incomeTaxExpense,netIncome,netIncomeRatio,eps,epsdiluted,weightedAverageShsOut,weightedAverageShsOutDil,link,finalLink
0,2019-09-31,CAP.PA,,2019-09-31,Q3,3531250000,2568500000,962750000,3.667878473123864,0.0,527500000,280750000,0.0,29250000,3140000000,28500000,18250000,532750000,6.628343500703894,391250000,9.02555910543131,0.0,338500000,10.43205317577548,125500000,214000000,16.501168224299064,1.2875,1.25,166171198,171047762,https://www.infogreffe.com/recherche-entreprise-dirigeants/resultats-entreprise-dirigeants.html?ga_cat=globale&ga_q=C.A.P#phrase=C.A.P,https://www.infogreffe.com/recherche-entreprise-dirigeants/resultats-entreprise-dirigeants.html?ga_cat=globale&ga_q=C.A.P#phrase=C.A.P
0,2019-06-31,CAP.PA,,2019-06-31,Q2,3531250000,2568500000,962750000,3.667878473123864,0.0,527500000,280750000,0.0,29250000,3140000000,28500000,18250000,532750000,6.628343500703894,391250000,9.02555910543131,0.0,338500000,10.43205317577548,125500000,214000000,16.501168224299064,1.2875,1.25,166171198,171047762,https://www.infogreffe.com/recherche-entreprise-dirigeants/resultats-entreprise-dirigeants.html?ga_cat=globale&ga_q=C.A.P#phrase=C.A.P,https://www.infogreffe.com/recherche-entreprise-dirigeants/resultats-entreprise-dirigeants.html?ga_cat=globale&ga_q=C.A.P#phrase=C.A.P
0,2019-03-31,CAP.PA,,2019-03-31,Q1,3531250000,2568500000,962750000,3.667878473123864,0.0,527500000,280750000,0.0,29250000,3140000000,28500000,18250000,532750000,6.628343500703894,391250000,9.02555910543131,0.0,338500000,10.43205317577548,125500000,214000000,16.501168224299064,1.2875,1.25,166171198,171047762,https://www.infogreffe.com/recherche-entreprise-dirigeants/resultats-entreprise-dirigeants.html?ga_cat=globale&ga_q=C.A.P#phrase=C.A.P,https://www.infogreffe.com/recherche-entreprise-dirigeants/resultats-entreprise-dirigeants.html?ga_cat=globale&ga_q=C.A.P#phrase=C.A.P
0,2019-01-31,CAP.PA,,2019-01-31,Q1,3531250000,2568500000,962750000,3.667878473123864,0.0,527500000,280750000,0.0,29250000,3140000000,28500000,18250000,532750000,6.628343500703894,391250000,9.02555910543131,0.0,338500000,10.43205317577548,125500000,214000000,16.501168224299064,1.2875,1.25,166171198,171047762,https://www.infogreffe.com/recherche-entreprise-dirigeants/resultats-entreprise-dirigeants.html?ga_cat=globale&ga_q=C.A.P#phrase=C.A.P,https://www.infogreffe.com/recherche-entreprise-dirigeants/resultats-entreprise-dirigeants.html?ga_cat=globale&ga_q=C.A.P#phrase=C.A.P
0,2018-09-31,CAP.PA,,2018-09-31,Q3,3299250000,2406750000,892500000,3.696638655462185,0.0,493250000,260750000,0.0,7250000.0,2946500000,22000000,18750000,435000000,7.584482758620689,352750000,9.352941176470589,0.0,292750000,11.269854824935953,111750000,182500000,18.078082191780823,1.0925,1.0625,167088363,171697335,https://www.infogreffe.com/recherche-entreprise-dirigeants/resultats-entreprise-dirigeants.html?ga_cat=globale&ga_q=C.A.P#phrase=C.A.P,https://www.infogreffe.com/recherche-entreprise-dirigeants/resultats-entreprise-dirigeants.html?ga_cat=globale&ga_q=C.A.P#phrase=C.A.P
0,2018-06-31,CAP.PA,,2018-06-31,Q2,3299250000,2406750000,892500000,3.696638655462185,0.0,493250000,260750000,0.0,7250000.0,2946500000,22000000,18750000,435000000,7.584482758620689,352750000,9.352941176470589,0.0,292750000,11.269854824935953,111750000,182500000,18.078082191780823,1.0925,1.0625,167088363,171697335,https://www.infogreffe.com/recherche-entreprise-dirigeants/resultats-entreprise-dirigeants.html?ga_cat=globale&ga_q=C.A.P#phrase=C.A.P,https://www.infogreffe.com/recherche-entreprise-dirigeants/resultats-entreprise-dirigeants.html?ga_cat=globale&ga_q=C.A.P#phrase=C.A.P
0,2018-03-31,CAP.PA,,2018-03-31,Q1,3299250000,2406750000,892500000,3.696638655462185,0.0,493250000,260750000,0.0,7250000.0,2946500000,22000000,18750000,435000000,7.584482758620689,352750000,9.352941176470589,0.0,292750000,11.269854824935953,111750000,182500000,18.078082191780823,1.0925,1.0625,167088363,171697335,https://www.infogreffe.com/recherche-entreprise-dirigeants/resultats-entreprise-dirigeants.html?ga_cat=globale&ga_q=C.A.P#phrase=C.A.P,https://www.infogreffe.com/recherche-entreprise-dirigeants/resultats-entreprise-dirigeants.html?ga_cat=globale&ga_q=C.A.P#phrase=C.A.P
0,2018-01-31,CAP.PA,,2018-01-31,Q1,3299250000,2406750000,892500000,3.696638655462185,0.0,493250000,260750000,0.0,7250000.0,2946500000,22000000,18750000,435000000,7.584482758620689,352750000,9.352941176470589,0.0,292750000,11.269854824935953,111750000,182500000,18.078082191780823,1.0925,1.0625,167088363,171697335,https://www.infogreffe.com/recherche-entreprise-dirigeants/resultats-entreprise-dirigeants.html?ga_cat=globale&ga_q=C.A.P#phrase=C.A.P,https://www.infogreffe.com/recherche-entreprise-dirigeants/resultats-entreprise-dirigeants.html?ga_cat=globale&ga_q=C.A.P#phrase=C.A.P
0,2017-09-31,CAP.PA,,2017-09-31,Q3,3198000000,2352000000,846000000,3.780141843971631,0.0,472750000,254750000,0.0,2000000.0,2860000000,22250000,16250000,408500000,7.8286413708690334,338000000,9.461538461538462,0.0,277750000,11.513951395139514,75750000,205000000,15.6,1.22,1.19,168057561,172082122,https://www.infogreffe.com/recherche-entreprise-dirigeants/resultats-entreprise-dirigeants.html?ga_cat=globale&ga_q=C.A.P#phrase=C.A.P,https://www.infogreffe.com/recherche-entreprise-dirigeants/resultats-entreprise-dirigeants.html?ga_cat=globale&ga_q=C.A.P#phrase=C.A.P
0,2017-06-31,CAP.PA,,2017-06-31,Q2,3198000000,2352000000,846000000,3.780141843971631,0.0,472750000,254750000,0.0,2000000.0,2860000000,22250000,16250000,408500000,7.8286413708690334,338000000,9.461538461538462,0.0,277750000,11.513951395139514,75750000,205000000,15.6,1.22,1.19,168057561,172082122,https://www.infogreffe.com/recherche-entreprise-dirigeants/resultats-entreprise-dirigeants.html?ga_cat=globale&ga_q=C.A.P#phrase=C.A.P,https://www.infogreffe.com/recherche-entreprise-dirigeants/resultats-entreprise-dirigeants.html?ga_cat=globale&ga_q=C.A.P#phrase=C.A.P
0,2017-03-31,CAP.PA,,2017-03-31,Q1,3198000000,2352000000,846000000,3.780141843971631,0.0,472750000,254750000,0.0,2000000.0,2860000000,22250000,16250000,408500000,7.8286413708690334,338000000,9.461538461538462,0.0,277750000,11.513951395139514,75750000,205000000,15.6,1.22,1.19,168057561,172082122,https://www.infogreffe.com/recherche-entreprise-dirigeants/resultats-entreprise-dirigeants.html?ga_cat=globale&ga_q=C.A.P#phrase=C.A.P,https://www.infogreffe.com/recherche-entreprise-dirigeants/resultats-entreprise-dirigeants.html?ga_cat=globale&ga_q=C.A.P#phrase=C.A.P
0,2017-01-31,CAP.PA,,2017-01-31,Q1,3198000000,2352000000,846000000,3.780141843971631,0.0,472750000,254750000,0.0,2000000.0,2860000000,22250000,16250000,408500000,7.8286413708690334,338000000,9.461538461538462,0.0,277750000,11.513951395139514,75750000,205000000,15.6,1.22,1.19,168057561,172082122,https://www.infogreffe.com/recherche-entreprise-dirigeants/resultats-entreprise-dirigeants.html?ga_cat=globale&ga_q=C.A.P#phrase=C.A.P,https://www.infogreffe.com/recherche-entreprise-dirigeants/resultats-entreprise-dirigeants.html?ga_cat=globale&ga_q=C.A.P#phrase=C.A.P
0,2016-09-31,CAP.PA,,2016-09-31,Q3,3134750000,2295750000,839000000,3.7362932061978547,0.0,479000000,258000000,0.0,1250000.0,2804750000,41500000,17000000,417250000,7.512881965248652,330000000,9.499242424242425,0.0,250500000,12.513972055888223,23500000,230250000,13.614549402823018,1.36,1.3125,169450721,179080780,https://www.infogreffe.com/recherche-entreprise-dirigeants/resultats-entreprise-dirigeants.html?ga_cat=globale&ga_q=C.A.P#phrase=C.A.P,https://www.infogreffe.com/recherche-entreprise-dirigeants/resultats-entreprise-dirigeants.html?ga_cat=globale&ga_q=C.A.P#phrase=C.A.P
0,2016-06-31,CAP.PA,,2016-06-31,Q2,3134750000,2295750000,839000000,3.7362932061978547,0.0,479000000,258000000,0.0,1250000.0,2804750000,41500000,17000000,417250000,7.512881965248652,330000000,9.499242424242425,0.0,250500000,12.513972055888223,23500000,230250000,13.614549402823018,1.36,1.3125,169450721,179080780,https://www.infogreffe.com/recherche-entreprise-dirigeants/resultats-entreprise-dirigeants.html?ga_cat=globale&ga_q=C.A.P#phrase=C.A.P,https://www.infogreffe.com/recherche-entreprise-dirigeants/resultats-entreprise-dirigeants.html?ga_cat=globale&ga_q=C.A.P#phrase=C.A.P
0,2016-03-31,CAP.PA,,2016-03-31,Q1,3134750000,2295750000,839000000,3.7362932061978547,0.0,479000000,258000000,0.0,1250000.0,2804750000,41500000,17000000,417250000,7.512881965248652,330000000,9.499242424242425,0.0,250500000,12.513972055888223,23500000,230250000,13.614549402823018,1.36,1.3125,169450721,179080780,https://www.infogreffe.com/recherche-entreprise-dirigeants/resultats-entreprise-dirigeants.html?ga_cat=globale&ga_q=C.A.P#phrase=C.A.P,https://www.infogreffe.com/recherche-entreprise-dirigeants/resultats-entreprise-dirigeants.html?ga_cat=globale&ga_q=C.A.P#phrase=C.A.P
0,2016-01-31,CAP.PA,,2016-01-31,Q1,3134750000,2295750000,839000000,3.7362932061978547,0.0,479000000,258000000,0.0,1250000.0,2804750000,41500000,17000000,417250000,7.512881965248652,330000000,9.499242424242425,0.0,250500000,12.513972055888223,23500000,230250000,13.614549402823018,1.36,1.3125,169450721,179080780,https://www.infogreffe.com/recherche-entreprise-dirigeants/resultats-entreprise-dirigeants.html?ga_cat=globale&ga_q=C.A.P#phrase=C.A.P,https://www.infogreffe.com/recherche-entreprise-dirigeants/resultats-entreprise-dirigeants.html?ga_cat=globale&ga_q=C.A.P#phrase=C.A.P
0,2015-09-31,CAP.PA,,2015-09-31,Q3,2978750000,2209500000,769250000,3.8722781930451737,0.0,453750000,238750000,0.0,7250000.0,2679250000,32000000,11250000,363000000,8.205922865013774,299500000,9.945742904841403,0.0,226000000,13.180309734513274,-50750000,281000000,10.600533807829182,1.6675,1.5825,168452917,178581519,https://www.infogreffe.com/recherche-entreprise-dirigeants/resultats-entreprise-dirigeants.html?ga_cat=globale&ga_q=C.A.P#phrase=C.A.P,https://www.infogreffe.com/recherche-entreprise-dirigeants/resultats-entreprise-dirigeants.html?ga_cat=globale&ga_q=C.A.P#phrase=C.A.P
0,2015-06-31,CAP.PA,,2015-06-31,Q2,2978750000,2209500000,769250000,3.8722781930451737,0.0,453750000,238750000,0.0,7250000.0,2679250000,32000000,11250000,363000000,8.205922865013774,299500000,9.945742904841403,0.0,226000000,13.180309734513274,-50750000,281000000,10.600533807829182,1.6675,1.5825,168452917,178581519,https://www.infogreffe.com/recherche-entreprise-dirigeants/resultats-entreprise-dirigeants.html?ga_cat=globale&ga_q=C.A.P#phrase=C.A.P,https://www.infogreffe.com/recherche-entreprise-dirigeants/resultats-entreprise-dirigeants.html?ga_cat=globale&ga_q=C.A.P#phrase=C.A.P
0,2015-03-31,CAP.PA,,2015-03-31,Q1,2978750000,2209500000,769250000,3.8722781930451737,0.0,453750000,238750000,0.0,7250000.0,2679250000,32000000,11250000,363000000,8.205922865013774,299500000,9.945742904841403,0.0,226000000,13.180309734513274,-50750000,281000000,10.600533807829182,1.6675,1.5825,168452917,178581519,https://www.infogreffe.com/recherche-entreprise-dirigeants/resultats-entreprise-dirigeants.html?ga_cat=globale&ga_q=C.A.P#phrase=C.A.P,https://www.infogreffe.com/recherche-entreprise-dirigeants/resultats-entreprise-dirigeants.html?ga_cat=globale&ga_q=C.A.P#phrase=C.A.P
0,2015-01-31,CAP.PA,,2015-01-31,Q1,2978750000,2209500000,769250000,3.8722781930451737,0.0,453750000,238750000,0.0,7250000.0,2679250000,32000000,11250000,363000000,8.205922865013774,299500000,9.945742904841403,0.0,226000000,13.180309734513274,-50750000,281000000,10.600533807829182,1.6675,1.5825,168452917,178581519,https://www.infogreffe.com/recherche-entreprise-dirigeants/resultats-entreprise-dirigeants.html?ga_cat=globale&ga_q=C.A.P#phrase=C.A.P,https://www.infogreffe.com/recherche-entreprise-dirigeants/resultats-entreprise-dirigeants.html?ga_cat=globale&ga_q=C.A.P#phrase=C.A.P
0,2014-09-31,CAP.PA,,2014-09-31,Q3,2643250000,1990000000,653250000,4.046306926903942,0.0,410750000,213750000,0.0,2250000.0,2411750000,21250000,5000000.0,286000000,9.242132867132867,231500000,11.41792656587473,0.0,195750000,13.503192848020435,52500000,145000000,18.229310344827585,0.92,0.86,157855433,170226305,https://www.infogreffe.com/recherche-entreprise-dirigeants/resultats-entreprise-dirigeants.html?ga_cat=globale&ga_q=C.A.P#phrase=C.A.P,https://www.infogreffe.com/recherche-entreprise-dirigeants/resultats-entreprise-dirigeants.html?ga_cat=globale&ga_q=C.A.P#phrase=C.A.P
0,2014-06-31,CAP.PA,,2014-06-31,Q2,2643250000,1990000000,653250000,4.046306926903942,0.0,410750000,213750000,0.0,2250000.0,2411750000,21250000,5000000.0,286000000,9.242132867132867,231500000,11.41792656587473,0.0,195750000,13.503192848020435,52500000,145000000,18.229310344827585,0.92,0.86,157855433,170226305,https://www.infogreffe.com/recherche-entreprise-dirigeants/resultats-entreprise-dirigeants.html?ga_cat=globale&ga_q=C.A.P#phrase=C.A.P,https://www.infogreffe.com/recherche-entreprise-dirigeants/resultats-entreprise-dirigeants.html?ga_cat=globale&ga_q=C.A.P#phrase=C.A.P
0,2014-03-31,CAP.PA,,2014-03-31,Q1,2643250000,1990000000,653250000,4.046306926903942,0.0,410750000,213750000,0.0,2250000.0,2411750000,21250000,5000000.0,286000000,9.242132867132867,231500000,11.41792656587473,0.0,195750000,13.503192848020435,52500000,145000000,18.229310344827585,0.92,0.86,157855433,170226305,https://www.infogreffe.com/recherche-entreprise-dirigeants/resultats-entreprise-dirigeants.html?ga_cat=globale&ga_q=C.A.P#phrase=C.A.P,https://www.infogreffe.com/recherche-entreprise-dirigeants/resultats-entreprise-dirigeants.html?ga_cat=globale&ga_q=C.A.P#phrase=C.A.P
0,2014-01-31,CAP.PA,,2014-01-31,Q1,2643250000,1990000000,653250000,4.046306926903942,0.0,410750000,213750000,0.0,2250000.0,2411750000,21250000,5000000.0,286000000,9.242132867132867,231500000,11.41792656587473,0.0,195750000,13.503192848020435,52500000,145000000,18.229310344827585,0.92,0.86,157855433,170226305,https://www.infogreffe.com/recherche-entreprise-dirigeants/resultats-entreprise-dirigeants.html?ga_cat=globale&ga_q=C.A.P#phrase=C.A.P,https://www.infogreffe.com/recherche-entreprise-dirigeants/resultats-entreprise-dirigeants.html?ga_cat=globale&ga_q=C.A.P#phrase=C.A.P
0,2013-09-31,CAP.PA,,2013-09-31,Q3,2523000000,1909000000,614000000,4.109120521172638,0.0,399750000,201750000,0.0,4000000.0,2325500000,28500000,7500000.0,252500000,9.992079207920792,197500000,12.774683544303798,0.0,154250000,16.356564019448946,45500000,110500000,22.832579185520363,0.7,0.6475,158147868,179596733,https://www.infogreffe.com/recherche-entreprise-dirigeants/resultats-entreprise-dirigeants.html?ga_cat=globale&ga_q=C.A.P#phrase=C.A.P,https://www.infogreffe.com/recherche-entreprise-dirigeants/resultats-entreprise-dirigeants.html?ga_cat=globale&ga_q=C.A.P#phrase=C.A.P
0,2013-06-31,CAP.PA,,2013-06-31,Q2,2523000000,1909000000,614000000,4.109120521172638,0.0,399750000,201750000,0.0,4000000.0,2325500000,28500000,7500000.0,252500000,9.992079207920792,197500000,12.774683544303798,0.0,154250000,16.356564019448946,45500000,110500000,22.832579185520363,0.7,0.6475,158147868,179596733,https://www.infogreffe.com/recherche-entreprise-dirigeants/resultats-entreprise-dirigeants.html?ga_cat=globale&ga_q=C.A.P#phrase=C.A.P,https://www.infogreffe.com/recherche-entreprise-dirigeants/resultats-entreprise-dirigeants.html?ga_cat=globale&ga_q=C.A.P#phrase=C.A.P
0,2013-03-31,CAP.PA,,2013-03-31,Q1,2523000000,1909000000,614000000,4.109120521172638,0.0,399750000,201750000,0.0,4000000.0,2325500000,28500000,7500000.0,252500000,9.992079207920792,197500000,12.774683544303798,0.0,154250000,16.356564019448946,45500000,110500000,22.832579185520363,0.7,0.6475,158147868,179596733,https://www.infogreffe.com/recherche-entreprise-dirigeants/resultats-entreprise-dirigeants.html?ga_cat=globale&ga_q=C.A.P#phrase=C.A.P,https://www.infogreffe.com/recherche-entreprise-dirigeants/resultats-entreprise-dirigeants.html?ga_cat=globale&ga_q=C.A.P#phrase=C.A.P
0,2013-01-31,CAP.PA,,2013-01-31,Q1,2523000000,1909000000,614000000,4.109120521172638,0.0,399750000,201750000,0.0,4000000.0,2325500000,28500000,7500000.0,252500000,9.992079207920792,197500000,12.774683544303798,0.0,154250000,16.356564019448946,45500000,110500000,22.832579185520363,0.7,0.6475,158147868,179596733,https://www.infogreffe.com/recherche-entreprise-dirigeants/resultats-entreprise-dirigeants.html?ga_cat=globale&ga_q=C.A.P#phrase=C.A.P,https://www.infogreffe.com/recherche-entreprise-dirigeants/resultats-entreprise-dirigeants.html?ga_cat=globale&ga_q=C.A.P#phrase=C.A.P
0,2012-09-31,CAP.PA,,2012-09-31,Q3,2566000000,1971000000,595000000,4.3126050420168065,0.0,398250000,198500000,0.0,2750000.0,2371000000,26500000,0.0,251750000,10.192651439920557,195000000,13.158974358974358,0.0,125000000,20.528,35000000,92500000,27.74054054054054,0.5925,0.5625,155795618,174811705,https://www.infogreffe.com/recherche-entreprise-dirigeants/resultats-entreprise-dirigeants.html?ga_cat=globale&ga_q=C.A.P#phrase=C.A.P,https://www.infogreffe.com/recherche-entreprise-dirigeants/resultats-entreprise-dirigeants.html?ga_cat=globale&ga_q=C.A.P#phrase=C.A.P
0,2012-06-31,CAP.PA,,2012-06-31,Q2,2566000000,1971000000,595000000,4.3126050420168065,0.0,398250000,198500000,0.0,2750000.0,2371000000,26500000,0.0,251750000,10.192651439920557,195000000,13.158974358974358,0.0,125000000,20.528,35000000,92500000,27.74054054054054,0.5925,0.5625,155795618,174811705,https://www.infogreffe.com/recherche-entreprise-dirigeants/resultats-entreprise-dirigeants.html?ga_cat=globale&ga_q=C.A.P#phrase=C.A.P,https://www.infogreffe.com/recherche-entreprise-dirigeants/resultats-entreprise-dirigeants.html?ga_cat=globale&ga_q=C.A.P#phrase=C.A.P
0,2012-03-31,CAP.PA,,2012-03-31,Q1,2566000000,1971000000,595000000,4.3126050420168065,0.0,398250000,198500000,0.0,2750000.0,2371000000,26500000,0.0,251750000,10.192651439920557,195000000,13.158974358974358,0.0,125000000,20.528,35000000,92500000,27.74054054054054,0.5925,0.5625,155795618,174811705,https://www.infogreffe.com/recherche-entreprise-dirigeants/resultats-entreprise-dirigeants.html?ga_cat=globale&ga_q=C.A.P#phrase=C.A.P,https://www.infogreffe.com/recherche-entreprise-dirigeants/resultats-entreprise-dirigeants.html?ga_cat=globale&ga_q=C.A.P#phrase=C.A.P
0,2012-01-31,CAP.PA,,2012-01-31,Q1,2566000000,1971000000,595000000,4.3126050420168065,0.0,398250000,198500000,0.0,2750000.0,2371000000,26500000,0.0,251750000,10.192651439920557,195000000,13.158974358974358,0.0,125000000,20.528,35000000,92500000,27.74054054054054,0.5925,0.5625,155795618,174811705,https://www.infogreffe.com/recherche-entreprise-dirigeants/resultats-entreprise-dirigeants.html?ga_cat=globale&ga_q=C.A.P#phrase=C.A.P,https://www.infogreffe.com/recherche-entreprise-dirigeants/resultats-entreprise-dirigeants.html?ga_cat=globale&ga_q=C.A.P#phrase=C.A.P
0,2011-09-31,CAP.PA,,2011-09-31,Q3,2423250000,1856250000,567000000,4.273809523809524,0.0,388750000,186500000,0.0,29500000,2274500000,48000000,0.0,217500000,11.141379310344828,148750000,16.290756302521007,0.0,122500000,19.781632653061223,25250000,97250000,24.917737789203084,0.6575,0.6225,153595650,171714450,https://www.infogreffe.com/recherche-entreprise-dirigeants/resultats-entreprise-dirigeants.html?ga_cat=globale&ga_q=C.A.P#phrase=C.A.P,https://www.infogreffe.com/recherche-entreprise-dirigeants/resultats-entreprise-dirigeants.html?ga_cat=globale&ga_q=C.A.P#phrase=C.A.P
0,2011-06-31,CAP.PA,,2011-06-31,Q2,2423250000,1856250000,567000000,4.273809523809524,0.0,388750000,186500000,0.0,29500000,2274500000,48000000,0.0,217500000,11.141379310344828,148750000,16.290756302521007,0.0,122500000,19.781632653061223,25250000,97250000,24.917737789203084,0.6575,0.6225,153595650,171714450,https://www.infogreffe.com/recherche-entreprise-dirigeants/resultats-entreprise-dirigeants.html?ga_cat=globale&ga_q=C.A.P#phrase=C.A.P,https://www.infogreffe.com/recherche-entreprise-dirigeants/resultats-entreprise-dirigeants.html?ga_cat=globale&ga_q=C.A.P#phrase=C.A.P
0,2011-03-31,CAP.PA,,2011-03-31,Q1,2423250000,1856250000,567000000,4.273809523809524,0.0,388750000,186500000,0.0,29500000,2274500000,48000000,0.0,217500000,11.141379310344828,148750000,16.290756302521007,0.0,122500000,19.781632653061223,25250000,97250000,24.917737789203084,0.6575,0.6225,153595650,171714450,https://www.infogreffe.com/recherche-entreprise-dirigeants/resultats-entreprise-dirigeants.html?ga_cat=globale&ga_q=C.A.P#phrase=C.A.P,https://www.infogreffe.com/recherche-entreprise-dirigeants/resultats-entreprise-dirigeants.html?ga_cat=globale&ga_q=C.A.P#phrase=C.A.P
0,2011-01-31,CAP.PA,,2011-01-31,Q1,2423250000,1856250000,567000000,4.273809523809524,0.0,388750000,186500000,0.0,29500000,2274500000,48000000,0.0,217500000,11.141379310344828,148750000,16.290756302521007,0.0,122500000,19.781632653061223,25250000,97250000,24.917737789203084,0.6575,0.6225,153595650,171714450,https://www.infogreffe.com/recherche-entreprise-dirigeants/resultats-entreprise-dirigeants.html?ga_cat=globale&ga_q=C.A.P#phrase=C.A.P,https://www.infogreffe.com/recherche-entreprise-dirigeants/resultats-entreprise-dirigeants.html?ga_cat=globale&ga_q=C.A.P#phrase=C.A.P
0,2010-09-31,CAP.PA,,2010-09-31,Q3,2174250000,1657750000,516500000,4.209583736689255,0.0,369750000,170000000,0.0,24500000,2052000000,13750000,0.0,158250000,13.739336492890995,122250000,17.78527607361963,0.0,100500000,21.634328358208954,31000000,69500000,31.284172661870503,0.4575,0.435,152979307,182239201,https://www.infogreffe.com/recherche-entreprise-dirigeants/resultats-entreprise-dirigeants.html?ga_cat=globale&ga_q=C.A.P#phrase=C.A.P,https://www.infogreffe.com/recherche-entreprise-dirigeants/resultats-entreprise-dirigeants.html?ga_cat=globale&ga_q=C.A.P#phrase=C.A.P
0,2010-06-31,CAP.PA,,2010-06-31,Q2,2174250000,1657750000,516500000,4.209583736689255,0.0,369750000,170000000,0.0,24500000,2052000000,13750000,0.0,158250000,13.739336492890995,122250000,17.78527607361963,0.0,100500000,21.634328358208954,31000000,69500000,31.284172661870503,0.4575,0.435,152979307,182239201,https://www.infogreffe.com/recherche-entreprise-dirigeants/resultats-entreprise-dirigeants.html?ga_cat=globale&ga_q=C.A.P#phrase=C.A.P,https://www.infogreffe.com/recherche-entreprise-dirigeants/resultats-entreprise-dirigeants.html?ga_cat=globale&ga_q=C.A.P#phrase=C.A.P
0,2010-03-31,CAP.PA,,2010-03-31,Q1,2174250000,1657750000,516500000,4.209583736689255,0.0,369750000,170000000,0.0,24500000,2052000000,13750000,0.0,158250000,13.739336492890995,122250000,17.78527607361963,0.0,100500000,21.634328358208954,31000000,69500000,31.284172661870503,0.4575,0.435,152979307,182239201,https://www.infogreffe.com/recherche-entreprise-dirigeants/resultats-entreprise-dirigeants.html?ga_cat=globale&ga_q=C.A.P#phrase=C.A.P,https://www.infogreffe.com/recherche-entreprise-dirigeants/resultats-entreprise-dirigeants.html?ga_cat=globale&ga_q=C.A.P#phrase=C.A.P
0,2010-01-31,CAP.PA,,2010-01-31,Q1,2174250000,1657750000,516500000,4.209583736689255,0.0,369750000,170000000,0.0,24500000,2052000000,13750000,0.0,158250000,13.739336492890995,122250000,17.78527607361963,0.0,100500000,21.634328358208954,31000000,69500000,31.284172661870503,0.4575,0.435,152979307,182239201,https://www.infogreffe.com/recherche-entreprise-dirigeants/resultats-entreprise-dirigeants.html?ga_cat=globale&ga_q=C.A.P#phrase=C.A.P,https://www.infogreffe.com/recherche-entreprise-dirigeants/resultats-entreprise-dirigeants.html?ga_cat=globale&ga_q=C.A.P#phrase=C.A.P
0,2009-09-31,CAP.PA,,2009-09-31,Q3,2092750000,1591500000,501250000,4.175062344139651,0.0,352500000,157250000,-23250000,-1750000.0,1942250000,0.0,0.0,191500000,10.928198433420366,150500000,13.90531561461794,0.0,59750000,35.02510460251046,15250000,44500000,47.02808988764045,0.3075,0.305,145153387,157065374,https://www.infogreffe.com/recherche-entreprise-dirigeants/resultats-entreprise-dirigeants.html?ga_cat=globale&ga_q=C.A.P#phrase=C.A.P,https://www.infogreffe.com/recherche-entreprise-dirigeants/resultats-entreprise-dirigeants.html?ga_cat=globale&ga_q=C.A.P#phrase=C.A.P
0,2009-06-31,CAP.PA,,2009-06-31,Q2,2092750000,1591500000,501250000,4.175062344139651,0.0,352500000,157250000,-23250000,-1750000.0,1942250000,0.0,0.0,191500000,10.928198433420366,150500000,13.90531561461794,0.0,59750000,35.02510460251046,15250000,44500000,47.02808988764045,0.3075,0.305,145153387,157065374,https://www.infogreffe.com/recherche-entreprise-dirigeants/resultats-entreprise-dirigeants.html?ga_cat=globale&ga_q=C.A.P#phrase=C.A.P,https://www.infogreffe.com/recherche-entreprise-dirigeants/resultats-entreprise-dirigeants.html?ga_cat=globale&ga_q=C.A.P#phrase=C.A.P
0,2009-03-31,CAP.PA,,2009-03-31,Q1,2092750000,1591500000,501250000,4.175062344139651,0.0,352500000,157250000,-23250000,-1750000.0,1942250000,0.0,0.0,191500000,10.928198433420366,150500000,13.90531561461794,0.0,59750000,35.02510460251046,15250000,44500000,47.02808988764045,0.3075,0.305,145153387,157065374,https://www.infogreffe.com/recherche-entreprise-dirigeants/resultats-entreprise-dirigeants.html?ga_cat=globale&ga_q=C.A.P#phrase=C.A.P,https://www.infogreffe.com/recherche-entreprise-dirigeants/resultats-entreprise-dirigeants.html?ga_cat=globale&ga_q=C.A.P#phrase=C.A.P
0,2009-01-31,CAP.PA,,2009-01-31,Q1,2092750000,1591500000,501250000,4.175062344139651,0.0,352500000,157250000,-23250000,-1750000.0,1942250000,0.0,0.0,191500000,10.928198433420366,150500000,13.90531561461794,0.0,59750000,35.02510460251046,15250000,44500000,47.02808988764045,0.3075,0.305,145153387,157065374,https://www.infogreffe.com/recherche-entreprise-dirigeants/resultats-entreprise-dirigeants.html?ga_cat=globale&ga_q=C.A.P#phrase=C.A.P,https://www.infogreffe.com/recherche-entreprise-dirigeants/resultats-entreprise-dirigeants.html?ga_cat=globale&ga_q=C.A.P#phrase=C.A.P
0,2008-09-31,CAP.PA,,2008-09-31,Q3,2177500000,1619500000,558000000,3.902329749103943,0.0,372000000,158000000,0.0,39500000,2031000000,0.0,0.0,199750000,10.901126408010013,146500000,14.863481228668942,0.0,141750000,15.361552028218695,29000000,112750000,19.312638580931264,0.785,0.7425,143424188,156466779,https://www.infogreffe.com/recherche-entreprise-dirigeants/resultats-entreprise-dirigeants.html?ga_cat=globale&ga_q=C.A.P#phrase=C.A.P,https://www.infogreffe.com/recherche-entreprise-dirigeants/resultats-entreprise-dirigeants.html?ga_cat=globale&ga_q=C.A.P#phrase=C.A.P
0,2008-06-31,CAP.PA,,2008-06-31,Q2,2177500000,1619500000,558000000,3.902329749103943,0.0,372000000,158000000,0.0,39500000,2031000000,0.0,0.0,199750000,10.901126408010013,146500000,14.863481228668942,0.0,141750000,15.361552028218695,29000000,112750000,19.312638580931264,0.785,0.7425,143424188,156466779,https://www.infogreffe.com/recherche-entreprise-dirigeants/resultats-entreprise-dirigeants.html?ga_cat=globale&ga_q=C.A.P#phrase=C.A.P,https://www.infogreffe.com/recherche-entreprise-dirigeants/resultats-entreprise-dirigeants.html?ga_cat=globale&ga_q=C.A.P#phrase=C.A.P
0,2008-03-31,CAP.PA,,2008-03-31,Q1,2177500000,1619500000,558000000,3.902329749103943,0.0,372000000,158000000,0.0,39500000,2031000000,0.0,0.0,199750000,10.901126408010013,146500000,14.863481228668942,0.0,141750000,15.361552028218695,29000000,112750000,19.312638580931264,0.785,0.7425,143424188,156466779,https://www.infogreffe.com/recherche-entreprise-dirigeants/resultats-entreprise-dirigeants.html?ga_cat=globale&ga_q=C.A.P#phrase=C.A.P,https://www.infogreffe.com/recherche-entreprise-dirigeants/resultats-entreprise-dirigeants.html?ga_cat=globale&ga_q=C.A.P#phrase=C.A.P
0,2008-01-31,CAP.PA,,2008-01-31,Q1,2177500000,1619500000,558000000,3.902329749103943,0.0,372000000,158000000,0.0,39500000,2031000000,0.0,0.0,199750000,10.901126408010013,146500000,14.863481228668942,0.0,141750000,15.361552028218695,29000000,112750000,19.312638580931264,0.785,0.7425,143424188,156466779,https://www.infogreffe.com/recherche-entreprise-dirigeants/resultats-entreprise-dirigeants.html?ga_cat=globale&ga_q=C.A.P#phrase=C.A.P,https://www.infogreffe.com/recherche-entreprise-dirigeants/resultats-entreprise-dirigeants.html?ga_cat=globale&ga_q=C.A.P#phrase=C.A.P
0,2007-09-31,CAP.PA,,2007-09-31,Q3,2175750000,1629500000,546250000,3.983066361556064,0.0,386250000,151750000,-500000.0,36750000,2052500000,0.0,0.0,171250000,12.705109489051095,123250000,17.65314401622718,0.0,121500000,17.90740740740741,12000000,110000000,19.779545454545456,0.76,0.71,144744128,159292070,https://www.infogreffe.com/recherche-entreprise-dirigeants/resultats-entreprise-dirigeants.html?ga_cat=globale&ga_q=C.A.P#phrase=C.A.P,https://www.infogreffe.com/recherche-entreprise-dirigeants/resultats-entreprise-dirigeants.html?ga_cat=globale&ga_q=C.A.P#phrase=C.A.P
0,2007-06-31,CAP.PA,,2007-06-31,Q2,2175750000,1629500000,546250000,3.983066361556064,0.0,386250000,151750000,-500000.0,36750000,2052500000,0.0,0.0,171250000,12.705109489051095,123250000,17.65314401622718,0.0,121500000,17.90740740740741,12000000,110000000,19.779545454545456,0.76,0.71,144744128,159292070,https://www.infogreffe.com/recherche-entreprise-dirigeants/resultats-entreprise-dirigeants.html?ga_cat=globale&ga_q=C.A.P#phrase=C.A.P,https://www.infogreffe.com/recherche-entreprise-dirigeants/resultats-entreprise-dirigeants.html?ga_cat=globale&ga_q=C.A.P#phrase=C.A.P
0,2007-03-31,CAP.PA,,2007-03-31,Q1,2175750000,1629500000,546250000,3.983066361556064,0.0,386250000,151750000,-500000.0,36750000,2052500000,0.0,0.0,171250000,12.705109489051095,123250000,17.65314401622718,0.0,121500000,17.90740740740741,12000000,110000000,19.779545454545456,0.76,0.71,144744128,159292070,https://www.infogreffe.com/recherche-entreprise-dirigeants/resultats-entreprise-dirigeants.html?ga_cat=globale&ga_q=C.A.P#phrase=C.A.P,https://www.infogreffe.com/recherche-entreprise-dirigeants/resultats-entreprise-dirigeants.html?ga_cat=globale&ga_q=C.A.P#phrase=C.A.P
0,2007-01-31,CAP.PA,,2007-01-31,Q1,2175750000,1629500000,546250000,3.983066361556064,0.0,386250000,151750000,-500000.0,36750000,2052500000,0.0,0.0,171250000,12.705109489051095,123250000,17.65314401622718,0.0,121500000,17.90740740740741,12000000,110000000,19.779545454545456,0.76,0.71,144744128,159292070,https://www.infogreffe.com/recherche-entreprise-dirigeants/resultats-entreprise-dirigeants.html?ga_cat=globale&ga_q=C.A.P#phrase=C.A.P,https://www.infogreffe.com/recherche-entreprise-dirigeants/resultats-entreprise-dirigeants.html?ga_cat=globale&ga_q=C.A.P#phrase=C.A.P
0,2006-09-31,CAP.PA,,2006-09-31,Q3,1925000000,1480000000,445000000,4.325842696629214,0.0,333250000,127000000,0.0,28250000,1841500000,0.0,0.0,125250000,15.369261477045908,83500000,23.05389221556886,0.0,76500000,25.163398692810457,3250000.0,73250000,26.27986348122867,0.5525,0.5175,132782723,147241326,https://www.infogreffe.com/recherche-entreprise-dirigeants/resultats-entreprise-dirigeants.html?ga_cat=globale&ga_q=C.A.P#phrase=C.A.P,https://www.infogreffe.com/recherche-entreprise-dirigeants/resultats-entreprise-dirigeants.html?ga_cat=globale&ga_q=C.A.P#phrase=C.A.P
0,2006-06-31,CAP.PA,,2006-06-31,Q2,1925000000,1480000000,445000000,4.325842696629214,0.0,333250000,127000000,0.0,28250000,1841500000,0.0,0.0,125250000,15.369261477045908,83500000,23.05389221556886,0.0,76500000,25.163398692810457,3250000.0,73250000,26.27986348122867,0.5525,0.5175,132782723,147241326,https://www.infogreffe.com/recherche-entreprise-dirigeants/resultats-entreprise-dirigeants.html?ga_cat=globale&ga_q=C.A.P#phrase=C.A.P,https://www.infogreffe.com/recherche-entreprise-dirigeants/resultats-entreprise-dirigeants.html?ga_cat=globale&ga_q=C.A.P#phrase=C.A.P
0,2006-03-31,CAP.PA,,2006-03-31,Q1,1925000000,1480000000,445000000,4.325842696629214,0.0,333250000,127000000,0.0,28250000,1841500000,0.0,0.0,125250000,15.369261477045908,83500000,23.05389221556886,0.0,76500000,25.163398692810457,3250000.0,73250000,26.27986348122867,0.5525,0.5175,132782723,147241326,https://www.infogreffe.com/recherche-entreprise-dirigeants/resultats-entreprise-dirigeants.html?ga_cat=globale&ga_q=C.A.P#phrase=C.A.P,https://www.infogreffe.com/recherche-entreprise-dirigeants/resultats-entreprise-dirigeants.html?ga_cat=globale&ga_q=C.A.P#phrase=C.A.P
0,2006-01-31,CAP.PA,,2006-01-31,Q1,1925000000,1480000000,445000000,4.325842696629214,0.0,333250000,127000000,0.0,28250000,1841500000,0.0,0.0,125250000,15.369261477045908,83500000,23.05389221556886,0.0,76500000,25.163398692810457,3250000.0,73250000,26.27986348122867,0.5525,0.5175,132782723,147241326,https://www.infogreffe.com/recherche-entreprise-dirigeants/resultats-entreprise-dirigeants.html?ga_cat=globale&ga_q=C.A.P#phrase=C.A.P,https://www.infogreffe.com/recherche-entreprise-dirigeants/resultats-entreprise-dirigeants.html?ga_cat=globale&ga_q=C.A.P#phrase=C.A.P
0,2005-09-31,CAP.PA,,2005-09-31,Q3,1738500000,1344250000,394250000,4.409638554216867,0.0,338000000,131000000,0.0,2750000.0,1685000000,0.0,0.0,103500000,16.797101449275363,53500000,32.495327102803735,0.0,44000000,39.51136363636363,8750000.0,35250000,49.319148936170215,0.2675,0.265,131391243,138472266,https://www.infogreffe.com/recherche-entreprise-dirigeants/resultats-entreprise-dirigeants.html?ga_cat=globale&ga_q=C.A.P#phrase=C.A.P,https://www.infogreffe.com/recherche-entreprise-dirigeants/resultats-entreprise-dirigeants.html?ga_cat=globale&ga_q=C.A.P#phrase=C.A.P
0,2005-06-31,CAP.PA,,2005-06-31,Q2,1738500000,1344250000,394250000,4.409638554216867,0.0,338000000,131000000,0.0,2750000.0,1685000000,0.0,0.0,103500000,16.797101449275363,53500000,32.495327102803735,0.0,44000000,39.51136363636363,8750000.0,35250000,49.319148936170215,0.2675,0.265,131391243,138472266,https://www.infogreffe.com/recherche-entreprise-dirigeants/resultats-entreprise-dirigeants.html?ga_cat=globale&ga_q=C.A.P#phrase=C.A.P,https://www.infogreffe.com/recherche-entreprise-dirigeants/resultats-entreprise-dirigeants.html?ga_cat=globale&ga_q=C.A.P#phrase=C.A.P
0,2005-03-31,CAP.PA,,2005-03-31,Q1,1738500000,1344250000,394250000,4.409638554216867,0.0,338000000,131000000,0.0,2750000.0,1685000000,0.0,0.0,103500000,16.797101449275363,53500000,32.495327102803735,0.0,44000000,39.51136363636363,8750000.0,35250000,49.319148936170215,0.2675,0.265,131391243,138472266,https://www.infogreffe.com/recherche-entreprise-dirigeants/resultats-entreprise-dirigeants.html?ga_cat=globale&ga_q=C.A.P#phrase=C.A.P,https://www.infogreffe.com/recherche-entreprise-dirigeants/resultats-entreprise-dirigeants.html?ga_cat=globale&ga_q=C.A.P#phrase=C.A.P
0,2005-01-31,CAP.PA,,2005-01-31,Q1,1738500000,1344250000,394250000,4.409638554216867,0.0,338000000,131000000,0.0,2750000.0,1685000000,0.0,0.0,103500000,16.797101449275363,53500000,32.495327102803735,0.0,44000000,39.51136363636363,8750000.0,35250000,49.319148936170215,0.2675,0.265,131391243,138472266,https://www.infogreffe.com/recherche-entreprise-dirigeants/resultats-entreprise-dirigeants.html?ga_cat=globale&ga_q=C.A.P#phrase=C.A.P,https://www.infogreffe.com/recherche-entreprise-dirigeants/resultats-entreprise-dirigeants.html?ga_cat=globale&ga_q=C.A.P#phrase=C.A.P
0,2004-09-31,CAP.PA,,2004-09-31,Q3,1572750000,1151750000,421000000,3.735748218527316,0.0,406500000,150750000,-54250000,0.0,1558250000,0.0,0.0,78500000,20.03503184713376,14500000,108.46551724137932,0.0,-45750000,-34.377049180327866,31250000,-89750000,-17.52367688022284,-0.6825,-0.6825,131292801,132967504,https://www.infogreffe.com/recherche-entreprise-dirigeants/resultats-entreprise-dirigeants.html?ga_cat=globale&ga_q=C.A.P#phrase=C.A.P,https://www.infogreffe.com/recherche-entreprise-dirigeants/resultats-entreprise-dirigeants.html?ga_cat=globale&ga_q=C.A.P#phrase=C.A.P
0,2004-06-31,CAP.PA,,2004-06-31,Q2,1572750000,1151750000,421000000,3.735748218527316,0.0,406500000,150750000,-54250000,0.0,1558250000,0.0,0.0,78500000,20.03503184713376,14500000,108.46551724137932,0.0,-45750000,-34.377049180327866,31250000,-89750000,-17.52367688022284,-0.6825,-0.6825,131292801,132967504,https://www.infogreffe.com/recherche-entreprise-dirigeants/resultats-entreprise-dirigeants.html?ga_cat=globale&ga_q=C.A.P#phrase=C.A.P,https://www.infogreffe.com/recherche-entreprise-dirigeants/resultats-entreprise-dirigeants.html?ga_cat=globale&ga_q=C.A.P#phrase=C.A.P
0,2004-03-31,CAP.PA,,2004-03-31,Q1,1572750000,1151750000,421000000,3.735748218527316,0.0,406500000,150750000,-54250000,0.0,1558250000,0.0,0.0,78500000,20.03503184713376,14500000,108.46551724137932,0.0,-45750000,-34.377049180327866,31250000,-89750000,-17.52367688022284,-0.6825,-0.6825,131292801,132967504,https://www.infogreffe.com/recherche-entreprise-dirigeants/resultats-entreprise-dirigeants.html?ga_cat=globale&ga_q=C.A.P#phrase=C.A.P,https://www.infogreffe.com/recherche-entreprise-dirigeants/resultats-entreprise-dirigeants.html?ga_cat=globale&ga_q=C.A.P#phrase=C.A.P
0,2004-01-31,CAP.PA,,2004-01-31,Q1,1572750000,1151750000,421000000,3.735748218527316,0.0,406500000,150750000,-54250000,0.0,1558250000,0.0,0.0,78500000,20.03503184713376,14500000,108.46551724137932,0.0,-45750000,-34.377049180327866,31250000,-89750000,-17.52367688022284,-0.6825,-0.6825,131292801,132967504,https://www.infogreffe.com/recherche-entreprise-dirigeants/resultats-entreprise-dirigeants.html?ga_cat=globale&ga_q=C.A.P#phrase=C.A.P,https://www.infogreffe.com/recherche-entreprise-dirigeants/resultats-entreprise-dirigeants.html?ga_cat=globale&ga_q=C.A.P#phrase=C.A.P
0,2003-09-31,CAP.PA,,2003-09-31,Q3,1438500000,983500000,455000000,3.1615384615384614,0.0,416250000,165500000,-62750000,0.0,1399750000,0.0,0.0,90500000,15.895027624309392,38750000,37.12258064516129,0.0,-27500000,-52.30909090909091,11750000,-49250000,-29.20812182741117,-0.3925,-0.3925,125785036,126344504,https://www.infogreffe.com/recherche-entreprise-dirigeants/resultats-entreprise-dirigeants.html?ga_cat=globale&ga_q=C.A.P#phrase=C.A.P,https://www.infogreffe.com/recherche-entreprise-dirigeants/resultats-entreprise-dirigeants.html?ga_cat=globale&ga_q=C.A.P#phrase=C.A.P
0,2003-06-31,CAP.PA,,2003-06-31,Q2,1438500000,983500000,455000000,3.1615384615384614,0.0,416250000,165500000,-62750000,0.0,1399750000,0.0,0.0,90500000,15.895027624309392,38750000,37.12258064516129,0.0,-27500000,-52.30909090909091,11750000,-49250000,-29.20812182741117,-0.3925,-0.3925,125785036,126344504,https://www.infogreffe.com/recherche-entreprise-dirigeants/resultats-entreprise-dirigeants.html?ga_cat=globale&ga_q=C.A.P#phrase=C.A.P,https://www.infogreffe.com/recherche-entreprise-dirigeants/resultats-entreprise-dirigeants.html?ga_cat=globale&ga_q=C.A.P#phrase=C.A.P
0,2003-03-31,CAP.PA,,2003-03-31,Q1,1438500000,983500000,455000000,3.1615384615384614,0.0,416250000,165500000,-62750000,0.0,1399750000,0.0,0.0,90500000,15.895027624309392,38750000,37.12258064516129,0.0,-27500000,-52.30909090909091,11750000,-49250000,-29.20812182741117,-0.3925,-0.3925,125785036,126344504,https://www.infogreffe.com/recherche-entreprise-dirigeants/resultats-entreprise-dirigeants.html?ga_cat=globale&ga_q=C.A.P#phrase=C.A.P,https://www.infogreffe.com/recherche-entreprise-dirigeants/resultats-entreprise-dirigeants.html?ga_cat=globale&ga_q=C.A.P#phrase=C.A.P
0,2003-01-31,CAP.PA,,2003-01-31,Q1,1438500000,983500000,455000000,3.1615384615384614,0.0,416250000,165500000,-62750000,0.0,1399750000,0.0,0.0,90500000,15.895027624309392,38750000,37.12258064516129,0.0,-27500000,-52.30909090909091,11750000,-49250000,-29.20812182741117,-0.3925,-0.3925,125785036,126344504,https://www.infogreffe.com/recherche-entreprise-dirigeants/resultats-entreprise-dirigeants.html?ga_cat=globale&ga_q=C.A.P#phrase=C.A.P,https://www.infogreffe.com/recherche-entreprise-dirigeants/resultats-entreprise-dirigeants.html?ga_cat=globale&ga_q=C.A.P#phrase=C.A.P
0,2002-09-31,CAP.PA,,2002-09-31,Q3,1761750000,1185500000,576250000,3.0572668112798262,0.0,547750000,0.0,-100000000,0.0,1733250000,0.0,0.0,28500000,61.81578947368421,28500000,61.81578947368421,0.0,-72000000,-24.46875,27000000,-128500000,-13.710116731517509,-1.025,-1.025,125420369,126727668,https://www.infogreffe.com/recherche-entreprise-dirigeants/resultats-entreprise-dirigeants.html?ga_cat=globale&ga_q=C.A.P#phrase=C.A.P,https://www.infogreffe.com/recherche-entreprise-dirigeants/resultats-entreprise-dirigeants.html?ga_cat=globale&ga_q=C.A.P#phrase=C.A.P
0,2002-06-31,CAP.PA,,2002-06-31,Q2,1761750000,1185500000,576250000,3.0572668112798262,0.0,547750000,0.0,-100000000,0.0,1733250000,0.0,0.0,28500000,61.81578947368421,28500000,61.81578947368421,0.0,-72000000,-24.46875,27000000,-128500000,-13.710116731517509,-1.025,-1.025,125420369,126727668,https://www.infogreffe.com/recherche-entreprise-dirigeants/resultats-entreprise-dirigeants.html?ga_cat=globale&ga_q=C.A.P#phrase=C.A.P,https://www.infogreffe.com/recherche-entreprise-dirigeants/resultats-entreprise-dirigeants.html?ga_cat=globale&ga_q=C.A.P#phrase=C.A.P
0,2002-03-31,CAP.PA,,2002-03-31,Q1,1761750000,1185500000,576250000,3.0572668112798262,0.0,547750000,0.0,-100000000,0.0,1733250000,0.0,0.0,28500000,61.81578947368421,28500000,61.81578947368421,0.0,-72000000,-24.46875,27000000,-128500000,-13.710116731517509,-1.025,-1.025,125420369,126727668,https://www.infogreffe.com/recherche-entreprise-dirigeants/resultats-entreprise-dirigeants.html?ga_cat=globale&ga_q=C.A.P#phrase=C.A.P,https://www.infogreffe.com/recherche-entreprise-dirigeants/resultats-entreprise-dirigeants.html?ga_cat=globale&ga_q=C.A.P#phrase=C.A.P
0,2002-01-31,CAP.PA,,2002-01-31,Q1,1761750000,1185500000,576250000,3.0572668112798262,0.0,547750000,0.0,-100000000,0.0,1733250000,0.0,0.0,28500000,61.81578947368421,28500000,61.81578947368421,0.0,-72000000,-24.46875,27000000,-128500000,-13.710116731517509,-1.025,-1.025,125420369,126727668,https://www.infogreffe.com/recherche-entreprise-dirigeants/resultats-entreprise-dirigeants.html?ga_cat=globale&ga_q=C.A.P#phrase=C.A.P,https://www.infogreffe.com/recherche-entreprise-dirigeants/resultats-entreprise-dirigeants.html?ga_cat=globale&ga_q=C.A.P#phrase=C.A.P
0,2001-09-31,CAP.PA,,2001-09-31,Q3,2104000000,1416000000,688000000,3.058139534883721,0.0,582250000,0.0,-32500000,-7750000.0,1998250000,0.0,7750000.0,160000000,13.15,105750000,19.89598108747045,0.0,72500000,29.020689655172415,26000000,45750000,45.98907103825137,0.305,0.3,124799003,127514674,https://www.infogreffe.com/recherche-entreprise-dirigeants/resultats-entreprise-dirigeants.html?ga_cat=globale&ga_q=C.A.P#phrase=C.A.P,https://www.infogreffe.com/recherche-entreprise-dirigeants/resultats-entreprise-dirigeants.html?ga_cat=globale&ga_q=C.A.P#phrase=C.A.P
0,2001-06-31,CAP.PA,,2001-06-31,Q2,2104000000,1416000000,688000000,3.058139534883721,0.0,582250000,0.0,-32500000,-7750000.0,1998250000,0.0,7750000.0,160000000,13.15,105750000,19.89598108747045,0.0,72500000,29.020689655172415,26000000,45750000,45.98907103825137,0.305,0.3,124799003,127514674,https://www.infogreffe.com/recherche-entreprise-dirigeants/resultats-entreprise-dirigeants.html?ga_cat=globale&ga_q=C.A.P#phrase=C.A.P,https://www.infogreffe.com/recherche-entreprise-dirigeants/resultats-entreprise-dirigeants.html?ga_cat=globale&ga_q=C.A.P#phrase=C.A.P
0,2001-03-31,CAP.PA,,2001-03-31,Q1,2104000000,1416000000,688000000,3.058139534883721,0.0,582250000,0.0,-32500000,-7750000.0,1998250000,0.0,7750000.0,160000000,13.15,105750000,19.89598108747045,0.0,72500000,29.020689655172415,26000000,45750000,45.98907103825137,0.305,0.3,124799003,127514674,https://www.infogreffe.com/recherche-entreprise-dirigeants/resultats-entreprise-dirigeants.html?ga_cat=globale&ga_q=C.A.P#phrase=C.A.P,https://www.infogreffe.com/recherche-entreprise-dirigeants/resultats-entreprise-dirigeants.html?ga_cat=globale&ga_q=C.A.P#phrase=C.A.P
0,2001-01-31,CAP.PA,,2001-01-31,Q1,2104000000,1416000000,688000000,3.058139534883721,0.0,582250000,0.0,-32500000,-7750000.0,1998250000,0.0,7750000.0,160000000,13.15,105750000,19.89598108747045,0.0,72500000,29.020689655172415,26000000,45750000,45.98907103825137,0.305,0.3,124799003,127514674,https://www.infogreffe.com/recherche-entreprise-dirigeants/resultats-entreprise-dirigeants.html?ga_cat=globale&ga_q=C.A.P#phrase=C.A.P,https://www.infogreffe.com/recherche-entreprise-dirigeants/resultats-entreprise-dirigeants.html?ga_cat=globale&ga_q=C.A.P#phrase=C.A.P
0,2000-09-31,CAP.PA,,2000-09-31,Q3,1732750000,1217750000,515000000,3.3645631067961164,0.0,339250000,0.0,2250000.0,0.0,1557000000,0.0,0.0,175750000,9.859174964438122,175750000,9.859174964438122,0.0,176250000,9.831205673758864,59500000,107750000,16.081206496519723,1.0375,0.9975,103875903,107920778,https://www.infogreffe.com/recherche-entreprise-dirigeants/resultats-entreprise-dirigeants.html?ga_cat=globale&ga_q=C.A.P#phrase=C.A.P,https://www.infogreffe.com/recherche-entreprise-dirigeants/resultats-entreprise-dirigeants.html?ga_cat=globale&ga_q=C.A.P#phrase=C.A.P
0,2000-06-31,CAP.PA,,2000-06-31,Q2,1732750000,1217750000,515000000,3.3645631067961164,0.0,339250000,0.0,2250000.0,0.0,1557000000,0.0,0.0,175750000,9.859174964438122,175750000,9.859174964438122,0.0,176250000,9.831205673758864,59500000,107750000,16.081206496519723,1.0375,0.9975,103875903,107920778,https://www.infogreffe.com/recherche-entreprise-dirigeants/resultats-entreprise-dirigeants.html?ga_cat=globale&ga_q=C.A.P#phrase=C.A.P,https://www.infogreffe.com/recherche-entreprise-dirigeants/resultats-entreprise-dirigeants.html?ga_cat=globale&ga_q=C.A.P#phrase=C.A.P
0,2000-03-31,CAP.PA,,2000-03-31,Q1,1732750000,1217750000,515000000,3.3645631067961164,0.0,339250000,0.0,2250000.0,0.0,1557000000,0.0,0.0,175750000,9.859174964438122,175750000,9.859174964438122,0.0,176250000,9.831205673758864,59500000,107750000,16.081206496519723,1.0375,0.9975,103875903,107920778,https://www.infogreffe.com/recherche-entreprise-dirigeants/resultats-entreprise-dirigeants.html?ga_cat=globale&ga_q=C.A.P#phrase=C.A.P,https://www.infogreffe.com/recherche-entreprise-dirigeants/resultats-entreprise-dirigeants.html?ga_cat=globale&ga_q=C.A.P#phrase=C.A.P
0,2000-01-31,CAP.PA,,2000-01-31,Q1,1732750000,1217750000,515000000,3.3645631067961164,0.0,339250000,0.0,2250000.0,0.0,1557000000,0.0,0.0,175750000,9.859174964438122,175750000,9.859174964438122,0.0,176250000,9.831205673758864,59500000,107750000,16.081206496519723,1.0375,0.9975,103875903,107920778,https://www.infogreffe.com/recherche-entreprise-dirigeants/resultats-entreprise-dirigeants.html?ga_cat=globale&ga_q=C.A.P#phrase=C.A.P,https://www.infogreffe.com/recherche-entreprise-dirigeants/resultats-entreprise-dirigeants.html?ga_cat=globale&ga_q=C.A.P#phrase=C.A.P
0,1999-09-31,CAP.PA,,1999-09-31,Q3,1077500000,726000000,351500000,3.065433854907539,0.0,234250000,0.0,0.0,-7000000.0,960250000,0.0,7000000.0,138750000,7.7657657657657655,117250000,9.189765458422174,0.0,129000000,8.352713178294573,49750000,66500000,16.203007518796994,0.8525,0.8525,73178100,77261741,https://www.infogreffe.com/recherche-entreprise-dirigeants/resultats-entreprise-dirigeants.html?ga_cat=globale&ga_q=C.A.P#phrase=C.A.P,https://www.infogreffe.com/recherche-entreprise-dirigeants/resultats-entreprise-dirigeants.html?ga_cat=globale&ga_q=C.A.P#phrase=C.A.P
0,1999-06-31,CAP.PA,,1999-06-31,Q2,1077500000,726000000,351500000,3.065433854907539,0.0,234250000,0.0,0.0,-7000000.0,960250000,0.0,7000000.0,138750000,7.7657657657657655,117250000,9.189765458422174,0.0,129000000,8.352713178294573,49750000,66500000,16.203007518796994,0.8525,0.8525,73178100,77261741,https://www.infogreffe.com/recherche-entreprise-dirigeants/resultats-entreprise-dirigeants.html?ga_cat=globale&ga_q=C.A.P#phrase=C.A.P,https://www.infogreffe.com/recherche-entreprise-dirigeants/resultats-entreprise-dirigeants.html?ga_cat=globale&ga_q=C.A.P#phrase=C.A.P
0,1999-03-31,CAP.PA,,1999-03-31,Q1,1077500000,726000000,351500000,3.065433854907539,0.0,234250000,0.0,0.0,-7000000.0,960250000,0.0,7000000.0,138750000,7.7657657657657655,117250000,9.189765458422174,0.0,129000000,8.352713178294573,49750000,66500000,16.203007518796994,0.8525,0.8525,73178100,77261741,https://www.infogreffe.com/recherche-entreprise-dirigeants/resultats-entreprise-dirigeants.html?ga_cat=globale&ga_q=C.A.P#phrase=C.A.P,https://www.infogreffe.com/recherche-entreprise-dirigeants/resultats-entreprise-dirigeants.html?ga_cat=globale&ga_q=C.A.P#phrase=C.A.P
0,1999-01-31,CAP.PA,,1999-01-31,Q1,1077500000,726000000,351500000,3.065433854907539,0.0,234250000,0.0,0.0,-7000000.0,960250000,0.0,7000000.0,138750000,7.7657657657657655,117250000,9.189765458422174,0.0,129000000,8.352713178294573,49750000,66500000,16.203007518796994,0.8525,0.8525,73178100,77261741,https://www.infogreffe.com/recherche-entreprise-dirigeants/resultats-entreprise-dirigeants.html?ga_cat=globale&ga_q=C.A.P#phrase=C.A.P,https://www.infogreffe.com/recherche-entreprise-dirigeants/resultats-entreprise-dirigeants.html?ga_cat=globale&ga_q=C.A.P#phrase=C.A.P
0,1998-09-31,CAP.PA,,1998-09-31,Q3,988750000,669500000,319250000,3.097102584181676,0.0,217750000,0.0,1250000.0,-7500000.0,887250000,0.0,7500000.0,122000000,8.104508196721312,101500000,9.741379310344827,0.0,102250000,9.669926650366747,38750000,47000000,21.03723404255319,0.6825,0.6625,66163937,71082273,https://www.infogreffe.com/recherche-entreprise-dirigeants/resultats-entreprise-dirigeants.html?ga_cat=globale&ga_q=C.A.P#phrase=C.A.P,https://www.infogreffe.com/recherche-entreprise-dirigeants/resultats-entreprise-dirigeants.html?ga_cat=globale&ga_q=C.A.P#phrase=C.A.P
0,1998-06-31,CAP.PA,,1998-06-31,Q2,988750000,669500000,319250000,3.097102584181676,0.0,217750000,0.0,1250000.0,-7500000.0,887250000,0.0,7500000.0,122000000,8.104508196721312,101500000,9.741379310344827,0.0,102250000,9.669926650366747,38750000,47000000,21.03723404255319,0.6825,0.6625,66163937,71082273,https://www.infogreffe.com/recherche-entreprise-dirigeants/resultats-entreprise-dirigeants.html?ga_cat=globale&ga_q=C.A.P#phrase=C.A.P,https://www.infogreffe.com/recherche-entreprise-dirigeants/resultats-entreprise-dirigeants.html?ga_cat=globale&ga_q=C.A.P#phrase=C.A.P
0,1998-03-31,CAP.PA,,1998-03-31,Q1,988750000,669500000,319250000,3.097102584181676,0.0,217750000,0.0,1250000.0,-7500000.0,887250000,0.0,7500000.0,122000000,8.104508196721312,101500000,9.741379310344827,0.0,102250000,9.669926650366747,38750000,47000000,21.03723404255319,0.6825,0.6625,66163937,71082273,https://www.infogreffe.com/recherche-entreprise-dirigeants/resultats-entreprise-dirigeants.html?ga_cat=globale&ga_q=C.A.P#phrase=C.A.P,https://www.infogreffe.com/recherche-entreprise-dirigeants/resultats-entreprise-dirigeants.html?ga_cat=globale&ga_q=C.A.P#phrase=C.A.P
0,1998-01-31,CAP.PA,,1998-01-31,Q1,988750000,669500000,319250000,3.097102584181676,0.0,217750000,0.0,1250000.0,-7500000.0,887250000,0.0,7500000.0,122000000,8.104508196721312,101500000,9.741379310344827,0.0,102250000,9.669926650366747,38750000,47000000,21.03723404255319,0.6825,0.6625,66163937,71082273,https://www.infogreffe.com/recherche-entreprise-dirigeants/resultats-entreprise-dirigeants.html?ga_cat=globale&ga_q=C.A.P#phrase=C.A.P,https://www.infogreffe.com/recherche-entreprise-dirigeants/resultats-entreprise-dirigeants.html?ga_cat=globale&ga_q=C.A.P#phrase=C.A.P
0,1997-09-31,CAP.PA,,1997-09-31,Q3,769000000,527750000,241250000,3.1875647668393783,0.0,178750000,0.0,0.0,-7250000.0,706500000,0.0,7250000.0,81250000,9.464615384615385,62500000,12.304,0.0,63250000,12.15810276679842,22000000,29000000,26.517241379310345,0.475,0.455,60763497,63857609,https://www.infogreffe.com/recherche-entreprise-dirigeants/resultats-entreprise-dirigeants.html?ga_cat=globale&ga_q=C.A.P#phrase=C.A.P,https://www.infogreffe.com/recherche-entreprise-dirigeants/resultats-entreprise-dirigeants.html?ga_cat=globale&ga_q=C.A.P#phrase=C.A.P
0,1997-06-31,CAP.PA,,1997-06-31,Q2,769000000,527750000,241250000,3.1875647668393783,0.0,178750000,0.0,0.0,-7250000.0,706500000,0.0,7250000.0,81250000,9.464615384615385,62500000,12.304,0.0,63250000,12.15810276679842,22000000,29000000,26.517241379310345,0.475,0.455,60763497,63857609,https://www.infogreffe.com/recherche-entreprise-dirigeants/resultats-entreprise-dirigeants.html?ga_cat=globale&ga_q=C.A.P#phrase=C.A.P,https://www.infogreffe.com/recherche-entreprise-dirigeants/resultats-entreprise-dirigeants.html?ga_cat=globale&ga_q=C.A.P#phrase=C.A.P
0,1997-03-31,CAP.PA,,1997-03-31,Q1,769000000,527750000,241250000,3.1875647668393783,0.0,178750000,0.0,0.0,-7250000.0,706500000,0.0,7250000.0,81250000,9.464615384615385,62500000,12.304,0.0,63250000,12.15810276679842,22000000,29000000,26.517241379310345,0.475,0.455,60763497,63857609,https://www.infogreffe.com/recherche-entreprise-dirigeants/resultats-entreprise-dirigeants.html?ga_cat=globale&ga_q=C.A.P#phrase=C.A.P,https://www.infogreffe.com/recherche-entreprise-dirigeants/resultats-entreprise-dirigeants.html?ga_cat=globale&ga_q=C.A.P#phrase=C.A.P
0,1997-01-31,CAP.PA,,1997-01-31,Q1,769000000,527750000,241250000,3.1875647668393783,0.0,178750000,0.0,0.0,-7250000.0,706500000,0.0,7250000.0,81250000,9.464615384615385,62500000,12.304,0.0,63250000,12.15810276679842,22000000,29000000,26.517241379310345,0.475,0.455,60763497,63857609,https://www.infogreffe.com/recherche-entreprise-dirigeants/resultats-entreprise-dirigeants.html?ga_cat=globale&ga_q=C.A.P#phrase=C.A.P,https://www.infogreffe.com/recherche-entreprise-dirigeants/resultats-entreprise-dirigeants.html?ga_cat=globale&ga_q=C.A.P#phrase=C.A.P
0,1996-09-31,CAP.PA,,1996-09-31,Q3,564750000,398250000,166500000,3.391891891891892,0.0,126750000,0.0,-5000000.0,-5750000.0,525000000,0.0,5750000.0,52500000,10.757142857142858,39750000,14.20754716981132,0.0,33750000,16.733333333333334,11250000,10750000,52.53488372093023,0.1775,0.1775,57307177,58819251,https://www.infogreffe.com/recherche-entreprise-dirigeants/resultats-entreprise-dirigeants.html?ga_cat=globale&ga_q=C.A.P#phrase=C.A.P,https://www.infogreffe.com/recherche-entreprise-dirigeants/resultats-entreprise-dirigeants.html?ga_cat=globale&ga_q=C.A.P#phrase=C.A.P
0,1996-06-31,CAP.PA,,1996-06-31,Q2,564750000,398250000,166500000,3.391891891891892,0.0,126750000,0.0,-5000000.0,-5750000.0,525000000,0.0,5750000.0,52500000,10.757142857142858,39750000,14.20754716981132,0.0,33750000,16.733333333333334,11250000,10750000,52.53488372093023,0.1775,0.1775,57307177,58819251,https://www.infogreffe.com/recherche-entreprise-dirigeants/resultats-entreprise-dirigeants.html?ga_cat=globale&ga_q=C.A.P#phrase=C.A.P,https://www.infogreffe.com/recherche-entreprise-dirigeants/resultats-entreprise-dirigeants.html?ga_cat=globale&ga_q=C.A.P#phrase=C.A.P
0,1996-03-31,CAP.PA,,1996-03-31,Q1,564750000,398250000,166500000,3.391891891891892,0.0,126750000,0.0,-5000000.0,-5750000.0,525000000,0.0,5750000.0,52500000,10.757142857142858,39750000,14.20754716981132,0.0,33750000,16.733333333333334,11250000,10750000,52.53488372093023,0.1775,0.1775,57307177,58819251,https://www.infogreffe.com/recherche-entreprise-dirigeants/resultats-entreprise-dirigeants.html?ga_cat=globale&ga_q=C.A.P#phrase=C.A.P,https://www.infogreffe.com/recherche-entreprise-dirigeants/resultats-entreprise-dirigeants.html?ga_cat=globale&ga_q=C.A.P#phrase=C.A.P
0,1996-01-31,CAP.PA,,1996-01-31,Q1,564750000,398250000,166500000,3.391891891891892,0.0,126750000,0.0,-5000000.0,-5750000.0,525000000,0.0,5750000.0,52500000,10.757142857142858,39750000,14.20754716981132,0.0,33750000,16.733333333333334,11250000,10750000,52.53488372093023,0.1775,0.1775,57307177,58819251,https://www.infogreffe.com/recherche-entreprise-dirigeants/resultats-entreprise-dirigeants.html?ga_cat=globale&ga_q=C.A.P#phrase=C.A.P,https://www.infogreffe.com/recherche-entreprise-dirigeants/resultats-entreprise-dirigeants.html?ga_cat=globale&ga_q=C.A.P#phrase=C.A.P
