,date,symbol,fillingDate,acceptedDate,period,revenue,costOfRevenue,grossProfit,grossProfitRatio,researchAndDevelopmentExpenses,generalAndAdministrativeExpenses,sellingAndMarketingExpenses,otherExpenses,operatingExpenses,costAndExpenses,interestExpense,depreciationAndAmortization,ebitda,ebitdaratio,operatingIncome,operatingIncomeRatio,totalOtherIncomeExpensesNet,incomeBeforeTax,incomeBeforeTaxRatio,incomeTaxExpense,netIncome,netIncomeRatio,eps,epsdiluted,weightedAverageShsOut,weightedAverageShsOutDil,link,finalLink
0,2020-09-30,ANET,2020-11-03,2020-11-02 18:19:25,Q3,605431000,220469000,384962000,0.635847850539533,128049000,68518000,53372000,-527000.0,0.0,417036000,0.0,0.0,189768000,0.3134428200736335,188395000,0.3330173050273276,8905000.0,201619000,0.3330173050273276,33244000,168375000,0.27810766214481913,2.22,2.12,75999000,79313000,https://www.sec.gov/Archives/edgar/data/1596532/000159653220000226/0001596532-20-000226-index.htm,https://www.sec.gov/Archives/edgar/data/1596532/000159653220000226/anet-20200930.htm
0,2020-06-30,ANET,2020-08-05,2020-08-04 19:48:51,Q2,540570000,196481000,344089000,0.6365299591172281,111544000,65556000,51237000,-412000.0,0.0,373581000,0.0,0.0,177951000,0.32919140906820576,166989000,0.3241855818857872,-412000.0,175245000,0.3241855818857872,30452000,144793000,0.26785245204136376,1.91,1.83,75808000,79298000,https://www.sec.gov/Archives/edgar/data/1596532/000159653220000148/0001596532-20-000148-index.htm,https://www.sec.gov/Archives/edgar/data/1596532/000159653220000148/anetq22020-10q.htm
0,2020-03-31,ANET,2020-05-06 00:00:00,2020-05-05 19:21:42,Q1,523029000,184778000,338251000,0.646715574088626,113154000,75435000,57086000,495000.0,0.0,373367000,0.0,0.0,159870000,0.3056618275468473,149662000,0.30938819835993797,495000.0,161819000,0.30938819835993797,23388000,138431000,0.2646717486028499,1.82,1.73,76264000,79939000,https://www.sec.gov/Archives/edgar/data/1596532/000162828020006504/0001628280-20-006504-index.html,https://www.sec.gov/Archives/edgar/data/1596532/000162828020006504/anetq12020-10q.htm
0,2019-12-31,ANET,2020-02-14 00:00:00,2020-02-13 19:39:57,Q4,552546000,196243000,356303000,0.6448386197710236,110063000,70251000,54535000,-1510000.0,0.0,376557000,0.0,0.0,183890000,0.3328048705447148,175989000,0.33874464750446115,-1510000.0,187172000,0.33874464750446115,-73520000,260692000,0.4718014427758051,3.41,3.25,76345000,80261000,https://www.sec.gov/Archives/edgar/data/1596532/000159653220000024/0001596532-20-000024-index.html,https://www.sec.gov/Archives/edgar/data/1596532/000159653220000024/anet20191231-10k.htm
0,2019-09-30,ANET,2019-11-01 00:00:00,2019-10-31 19:15:23,Q3,654415000,237141000,417274000,0.6376290274519991,118732000,69936000,55279000,1446000.0,0.0,425809000,0.0,0.0,232520000,0.3553097040868562,228606000,0.3786206000779322,5723000.0,247775000,0.3786206000779322,38880000,208895000,0.3192087589679332,2.73,2.59,76426000,80753000,https://www.sec.gov/Archives/edgar/data/1596532/000159653219000230/0001596532-19-000230-index.html,https://www.sec.gov/Archives/edgar/data/1596532/000159653219000230/anet20190930-10q.htm
0,2019-06-30,ANET,2019-08-02 00:00:00,2019-08-02 16:39:41,Q2,608321000,218130000,390191000,0.6414228672033351,114295000,69059000,53040000,704000.0,0.0,401484000,0.0,0.0,229043000,0.3765166745846354,206837000,0.3627163947981411,704000.0,220648000,0.3627163947981411,31397000,189251000,0.31110384155733567,2.47,2.33,76552000,81335000,https://www.sec.gov/Archives/edgar/data/1596532/000159653219000184/0001596532-19-000184-index.html,https://www.sec.gov/Archives/edgar/data/1596532/000159653219000184/anet20190630-10q.htm
0,2019-03-31,ANET,2019-05-06 00:00:00,2019-05-03 19:21:42,Q1,595424000,214854000,380570000,0.6391579781802548,119669000,66559000,51053000,-715000.0,0.0,401082000,0.0,0.0,213887000,0.3592179690439082,194342000,0.3471055919815123,435000.0,206675000,0.3471055919815123,5646000.0,201029000,0.3376232734992207,2.65,2.47,75920000,81201000,https://www.sec.gov/Archives/edgar/data/1596532/000159653219000104/0001596532-19-000104-index.html,https://www.sec.gov/Archives/edgar/data/1596532/000159653219000104/anet20190331-10q.htm
0,2018-12-31,ANET,2019-02-15 00:00:00,2019-02-15 17:26:01,Q4,595726000,220734000,374992000,0.6294705955422459,118439000,62911000,50911000,476000.0,0.0,402084000,661000.0,0.0,213082000,0.35768457310911395,193642000,0.333190090746417,-4224000.0,198490000,0.333190090746417,28168000,170322000,0.285906608071496,2.26,2.1,75473000,80928000,https://www.sec.gov/Archives/edgar/data/1596532/000159653219000027/0001596532-19-000027-index.html,https://www.sec.gov/Archives/edgar/data/1596532/000159653219000027/anet20181231-10k.htm
0,2018-09-30,ANET,2018-11-05 00:00:00,2018-11-05 06:52:34,Q3,563309000,201726000,361583000,0.6418910402638693,117589000,63224000,47903000,707000.0,0.0,382539000,673000.0,0.0,197174000,0.35002813731007315,180770000,0.33620801371893577,707000.0,189389000,0.33620801371893577,20865000,168524000,0.2991679522251553,2.25,2.08,75011000,81018000,https://www.sec.gov/Archives/edgar/data/1596532/000159653218000233/0001596532-18-000233-index.html,https://www.sec.gov/Archives/edgar/data/1596532/000159653218000233/anet20180930-10q.htm
0,2018-06-30,ANET,2018-08-08 00:00:00,2018-08-07 21:40:03,Q2,519845000,185962000,333883000,0.6422741394069386,104078000,64608000,46188000,-353000.0,0.0,354648000,680000.0,0.0,178439000,0.34325423924439014,165197000,-0.4654695149515721,-414453000,-241972000,-0.4654695149515721,-86703000,-155269000,-0.29868326135675055,2.02,1.86,74503000,80826000,https://www.sec.gov/Archives/edgar/data/1596532/000159653218000174/0001596532-18-000174-index.html,https://www.sec.gov/Archives/edgar/data/1596532/000159653218000174/anet20180630-10q.htm
0,2018-03-31,ANET,2018-05-04 00:00:00,2018-05-04 17:22:41,Q1,472489000,169570000,302919000,0.6411133380882941,102362000,61819000,42140000,4843000.0,0.0,333751000,687000.0,0.0,149278000,0.3159396303406005,138738000,0.30242820467778087,4843000.0,142894000,0.30242820467778087,-1644000.0,144538000,0.3059076507601235,1.95,1.79,73994000,80721000,https://www.sec.gov/Archives/edgar/data/1596532/000159653218000109/0001596532-18-000109-index.html,https://www.sec.gov/Archives/edgar/data/1596532/000159653218000109/anet20180331-10q.htm
0,2017-12-31,ANET,2018-02-20 00:00:00,2018-02-16 18:08:29,Q4,467867000,160702000,307165000,0.6565220457950657,107180000,60597000,38808000,2988000.0,0.0,328479000,741000.0,0.0,147661000,0.31560464832954666,139388000,0.30272491968871496,2988000.0,141635000,0.30272491968871496,37802000,103833000,0.2219284540264648,1.42,1.29,73310000,80243000,https://www.sec.gov/Archives/edgar/data/1596532/000159653218000018/0001596532-18-000018-index.html,https://www.sec.gov/Archives/edgar/data/1596532/000159653218000018/anet20171231-10k.htm
0,2017-09-30,ANET,2017-11-03 00:00:00,2017-11-02 19:27:15,Q3,437633000,157016000,280617000,0.6412153562459869,79610000,60175000,40640000,2136000.0,0.0,296801000,701000.0,0.0,148290000,0.33884556237760866,140832000,0.3250828890874317,2136000.0,142267000,0.3250828890874317,8545000.0,133722000,0.3055573962658209,1.84,1.68,72588000,79322000,https://www.sec.gov/Archives/edgar/data/1596532/000159653217000251/0001596532-17-000251-index.html,https://www.sec.gov/Archives/edgar/data/1596532/000159653217000251/aristanetworksincq317-10q.htm
0,2017-06-30,ANET,2017-08-04 00:00:00,2017-08-04 16:18:08,Q2,405211000,145434000,259777000,0.6410906910227018,81194000,61949000,38630000,1119000.0,0.0,288577000,623000.0,0.0,122847000,0.3031679791516025,116634000,0.2890592802268448,1119000.0,117130000,0.2890592802268448,14445000,102685000,0.2534111857772864,1.42,1.3,71992000,78756000,https://www.sec.gov/Archives/edgar/data/1596532/000159653217000201/0001596532-17-000201-index.html,https://www.sec.gov/Archives/edgar/data/1596532/000159653217000201/aristanetworksincq217-10q.htm
0,2017-03-31,ANET,2017-05-08 00:00:00,2017-05-05 21:16:04,Q1,335475000,121265000,214210000,0.6385274610626723,81610000,59182000,37027000,1025000.0,0.0,262057000,715000.0,0.0,79382000,0.2366256800059617,73418000,0.2197719651240778,1025000.0,73728000,0.2197719651240778,-9233000.0,82961000,0.24729413518145912,1.16,1.07,71114000,77516000,https://www.sec.gov/Archives/edgar/data/1596532/000159653217000088/0001596532-17-000088-index.html,https://www.sec.gov/Archives/edgar/data/1596532/000159653217000088/aristanetworksincq117-10q.htm
0,2016-12-31,ANET,2017-02-17 00:00:00,2017-02-17 17:17:51,Q4,327969000,117814000,210155000,0.6407770246578183,71398000,61262000,38321000,560000.0,0.0,250474000,918000.0,0.0,82997000,0.2530635517381216,77495000,0.2351960093789352,560000.0,77137000,0.2351960093789352,18354000,58783000,0.1792334031570057,0.84,0.79,69980000,74384000,https://www.sec.gov/Archives/edgar/data/1596532/000159653217000019/0001596532-17-000019-index.html,https://www.sec.gov/Archives/edgar/data/1596532/000159653217000019/anet20161231-10k.htm
0,2016-09-30,ANET,2016-11-03 00:00:00,2016-11-03 17:30:19,Q3,290261000,103841000,186420000,0.6422495616014552,70648000,52751000,33216000,639000.0,0.0,227240000,735000.0,0.0,68805000,0.23704527993771124,63021000,0.21678764973592732,639000.0,62925000,0.21678764973592732,11668000,51257000,0.17658934545116292,0.74,0.69,69076000,73453000,https://www.sec.gov/Archives/edgar/data/1596532/000159653216000331/0001596532-16-000331-index.html,https://www.sec.gov/Archives/edgar/data/1596532/000159653216000331/aristanetworksincq316-10q.htm
0,2016-06-30,ANET,2016-08-05,2016-08-04 20:18:15,Q2,268741000,97290000,171451000,0.6379785741662046,69020000,49273000,31744000,416000.0,0.0,215583000,732000.0,0.0,58457000,0.21752170305238128,53158000,0.19662798009979868,416000.0,52842000,0.19662798009979868,13938000,38904000,0.14476391767538263,0.57,0.53,68275000,72817000,https://www.sec.gov/Archives/edgar/data/1596532/000159653216000291/aristanetworksincq216-10q.htm,https://www.sec.gov/Archives/edgar/data/1596532/000159653216000291/aristanetworksincq216-10q.htm
0,2016-03-31,ANET,2016-05-05 00:00:00,2016-05-05 17:19:50,Q1,242196000,87106000,155090000,0.6403491387140994,62515000,42840000,27606000,337000.0,0.0,192461000,751000.0,0.0,54851000,0.2264735998943005,49735000,0.20364085286297048,337000.0,49321000,0.20364085286297048,14076000,35245000,0.14552263456043865,0.52,0.48,67737000,72214000,https://www.sec.gov/Archives/edgar/data/1596532/000159653216000255/0001596532-16-000255-index.html,https://www.sec.gov/Archives/edgar/data/1596532/000159653216000255/aristanetworksincq116-10q.htm
0,2015-12-31,ANET,2016-02-25 00:00:00,2016-02-25 17:08:19,Q4,245446000,89278000,156168000,0.6362621513489729,57413000,49358000,31308000,-109000.0,0.0,196049000,746000.0,0.0,53235000,0.21689088434930698,49397000,0.1977705890501373,-109000.0,48542000,0.1977705890501373,4618000.0,43924000,0.17895585994475363,0.65,0.6,67111000,72062000,https://www.sec.gov/Archives/edgar/data/1596532/000159653216000244/0001596532-16-000244-index.html,https://www.sec.gov/Archives/edgar/data/1596532/000159653216000244/anet20151231-10k.htm
0,2015-09-30,ANET,2015-11-06 00:00:00,2015-11-05 18:24:38,Q3,217548000,75800000,141748000,0.6515711475168698,58748000,51703000,26508000,13000.0,0.0,186251000,753000.0,0.0,34788000,0.1599095372055822,31297000,0.14046095574310039,13000.0,30557000,0.14046095574310039,1867000.0,28690000,0.1318789416588523,0.42,0.39,66629000,71887000,https://www.sec.gov/Archives/edgar/data/1596532/000159653215000176/0001596532-15-000176-index.html,https://www.sec.gov/Archives/edgar/data/1596532/000159653215000176/aristanetworksinc2015930-1.htm
0,2015-06-30,ANET,2015-08-07 00:00:00,2015-08-06 18:37:02,Q2,195552000,67662000,127890000,0.6539948453608248,49947000,45084000,26681000,417000.0,0.0,162693000,832000.0,0.0,36629000,0.18731079201440026,32859000,0.1659098347242677,417000.0,32444000,0.1659098347242677,8448000.0,23996000,0.122709049255441,0.36,0.33,65524000,71215000,https://www.sec.gov/Archives/edgar/data/1596532/000159653215000112/0001596532-15-000112-index.html,https://www.sec.gov/Archives/edgar/data/1596532/000159653215000112/aristanetworksinc2015630-1.htm
0,2015-03-31,ANET,2015-05-15 00:00:00,2015-05-14 19:24:37,Q1,179045000,61291000,117754000,0.6576782373146416,43340000,38659000,24587000,-468000.0,0.0,143290000,821000.0,0.0,38180000,0.21324248094054568,35755000,0.1924990924069368,-468000.0,34466000,0.1924990924069368,9974000.0,24492000,0.13679242648496187,0.37,0.34,64635000,70722000,https://www.sec.gov/Archives/edgar/data/1596532/000159653215000013/0001596532-15-000013-index.html,https://www.sec.gov/Archives/edgar/data/1596532/000159653215000013/aristanetworksinc2015331-1.htm
0,2014-12-31,ANET,2015-03-12,2015-03-11 21:55:45,Q4,173489000,57049000,116440000,0.6711664716494994,44344000,33094000,25016000,-151000.0,0.0,134487000,768000.0,0.0,41506000,0.23924283383960943,39002000,0.21951247629532708,-151000.0,38083000,0.21951247629532708,7046000.0,31037000,0.17889895036572923,0.48,0.43,63186000,70219000,https://www.sec.gov/Archives/edgar/data/1596532/000159653215000004/anet20141231-10k.htm,https://www.sec.gov/Archives/edgar/data/1596532/000159653215000004/anet20141231-10k.htm
0,2014-09-30,ANET,2014-11-07 00:00:00,2014-11-06 19:16:18,Q3,155463000,54506000,100957000,0.64939567614159,36231000,30852000,20956000,-824000.0,0.0,121589000,764000.0,0.0,35703000,0.22965593099322668,33874000,0.20767642461550337,-824000.0,32286000,0.20767642461550337,10420000,21866000,0.14065083010105298,0.34,0.3,62402000,69737000,https://www.sec.gov/Archives/edgar/data/1596532/000159653214000005/0001596532-14-000005-index.html,https://www.sec.gov/Archives/edgar/data/1596532/000159653214000005/aristanetworksinc2014930-1.htm
