,date,symbol,fillingDate,acceptedDate,period,revenue,costOfRevenue,grossProfit,grossProfitRatio,researchAndDevelopmentExpenses,generalAndAdministrativeExpenses,sellingAndMarketingExpenses,otherExpenses,operatingExpenses,costAndExpenses,interestExpense,depreciationAndAmortization,ebitda,ebitdaratio,operatingIncome,operatingIncomeRatio,totalOtherIncomeExpensesNet,incomeBeforeTax,incomeBeforeTaxRatio,incomeTaxExpense,netIncome,netIncomeRatio,eps,epsdiluted,weightedAverageShsOut,weightedAverageShsOutDil,link,finalLink
0,2020-06-30,MITK,2020-08-05,2020-08-05 16:07:16,Q3,25413000,3496000.0,21917000,0.8624326132294495,5111000.0,13675000,7791000.0,145000.0,0.0,22282000,0.0,0.0,6821000.0,0.26840593397080237,3131000.0,0.062133553692991776,-1552000.0,1579000.0,0.062133553692991776,231000.0,1348000.0,0.05304371778223744,0.03,0.03,41483000,42428000,https://www.sec.gov/Archives/edgar/data/807863/000080786320000052/mitk-20200630.htm,https://www.sec.gov/Archives/edgar/data/807863/000080786320000052/mitk-20200630.htm
0,2020-03-31,MITK,2020-05-07 00:00:00,2020-05-07 16:42:55,Q2,23192000,3186000.0,20006000,0.8626250431183167,4819000.0,12658000,7448000.0,32000.0,0.0,20663000,0.0,0.0,5916000.0,0.25508796136598827,2529000.0,0.04725767506036564,-1433000.0,1096000.0,0.04725767506036564,188000.0,908000.0,0.039151431528113144,0.02,0.02,41022000,42028000,https://www.sec.gov/Archives/edgar/data/807863/000080786320000044/0000807863-20-000044-index.html,https://www.sec.gov/Archives/edgar/data/807863/000080786320000044/mitk-20200331.htm
0,2019-12-31,MITK,2020-02-07 00:00:00,2020-02-06 17:37:10,Q1,22067000,2933000.0,19134000,0.8670865999003036,4610000.0,12618000,7330000.0,303000.0,0.0,20161000,0.0,0.0,5528000.0,0.2505098110300449,1906000.0,0.027235238138396702,-1305000.0,601000.0,0.027235238138396702,41000.0,560000.0,0.025377260162233198,0.01,0.01,40615000,41828000,https://www.sec.gov/Archives/edgar/data/807863/000080786320000018/0000807863-20-000018-index.html,https://www.sec.gov/Archives/edgar/data/807863/000080786320000018/mitk-20191231.htm
0,2019-09-30,MITK,2019-12-06 00:00:00,2019-12-06 16:57:37,Q4,25018000,3229000.0,21789000,0.87093292829163,4577000.0,10628000,6510000.0,350000.0,0.0,18434000,0.0,0.0,10706000,0.42793188903989127,6584000.0,0.19501958589815332,-1705000.0,4879000.0,0.19501958589815332,1597000.0,3282000.0,0.13118554640658725,0.08,0.08,40252000,41635000,https://www.sec.gov/Archives/edgar/data/807863/000080786319000080/0000807863-19-000080-index.html,https://www.sec.gov/Archives/edgar/data/807863/000080786319000080/mitk-20190930.htm
0,2019-06-30,MITK,2019-08-06,2019-08-06 16:09:09,Q3,21906000,3168000.0,18738000,0.8553820870994249,4663000.0,12009000,6935000.0,98000.0,0.0,19840000,0.0,0.0,9171000.0,0.41865242399342645,2066000.0,-0.1283210079430293,-4877000.0,-2811000.0,-0.1283210079430293,-2712000.0,-99000.0,-0.0045193097781429745,-0.002479,-0.002479,39936000,39936000,https://www.sec.gov/Archives/edgar/data/807863/000080786319000039/mitk-20190630.htm,https://www.sec.gov/Archives/edgar/data/807863/000080786319000039/mitk-20190630.htm
0,2019-03-31,MITK,2019-05-07 00:00:00,2019-05-07 16:36:25,Q2,19983000,2991000.0,16992000,0.8503227743582045,5290000.0,11579000,6752000.0,140000.0,0.0,19860000,0.0,0.0,3964000.0,0.19836861332132313,123000.0,-0.07556422959515588,-1633000.0,-1510000.0,-0.07556422959515588,-794000.0,-716000.0,-0.03583045588750438,-0.02,-0.02,38926000,38926000,https://www.sec.gov/Archives/edgar/data/807863/000080786319000030/0000807863-19-000030-index.html,https://www.sec.gov/Archives/edgar/data/807863/000080786319000030/mitk-20190331.htm
0,2018-12-31,MITK,2019-02-08 00:00:00,2019-02-08 16:04:05,Q1,17683000,2878000.0,14805000,0.8372448114007804,4488000.0,13050000,7208000.0,14000.0,0.0,20416000,0.0,0.0,1241000.0,0.07018039925352033,-2733000.0,-0.25708307413900355,-1813000.0,-4546000.0,-0.25708307413900355,-1355000.0,-3191000.0,-0.18045580501046202,-0.08,-0.08,38247000,38247000,https://www.sec.gov/Archives/edgar/data/807863/000080786319000010/0000807863-19-000010-index.html,https://www.sec.gov/Archives/edgar/data/807863/000080786319000010/mitk-20181231.htm
0,2018-09-30,MITK,2018-12-14 00:00:00,2018-12-13 19:39:11,Q4,21037000,2674000.0,18363000,0.8728906212863051,4731000.0,12375000,5837000.0,22000.0,0.0,19780000,0.0,0.0,5987000.0,0.2845938109045967,1257000.0,-0.063887436421543,-2601000.0,-1344000.0,-0.063887436421543,783000.0,-2127000.0,-0.10110757237248658,-0.06,-0.06,37858000,37858000,https://www.sec.gov/Archives/edgar/data/807863/000080786318000115/0000807863-18-000115-index.html,https://www.sec.gov/Archives/edgar/data/807863/000080786318000115/mitk-20180930.htm
0,2018-06-30,MITK,2018-08-03 00:00:00,2018-08-03 16:08:22,Q3,16109000,2678000.0,13431000,0.8337575268483457,4161000.0,8979000.0,5740000.0,-1351000.0,0.0,15818000,0.0,0.0,4657000.0,0.2890930535725371,291000.0,-0.2615928983797877,-4505000.0,-4214000.0,-0.2615928983797877,-1430000.0,-2784000.0,-0.17282264572599168,-0.08,-0.08,36190000,36190000,https://www.sec.gov/Archives/edgar/data/807863/000080786318000043/0000807863-18-000043-index.html,https://www.sec.gov/Archives/edgar/data/807863/000080786318000043/mitk-20180630x10q.htm
0,2018-03-31,MITK,2018-05-07 00:00:00,2018-05-04 17:37:15,Q2,14277000,1717000.0,12560000,0.8797366393500035,3501000.0,9121000.0,5348000.0,204000.0,0.0,14339000,0.0,0.0,1885000.0,0.13203053862856343,-62000.0,-0.07431533235273517,-999000.0,-1061000.0,-0.07431533235273517,99000.0,-1160000.0,-0.0812495622329621,-0.03,-0.03,34976000,34976000,https://www.sec.gov/Archives/edgar/data/807863/000080786318000026/0000807863-18-000026-index.html,https://www.sec.gov/Archives/edgar/data/807863/000080786318000026/mitk-20180331x10q.htm
0,2017-12-31,MITK,2018-02-01 00:00:00,2018-02-01 16:19:43,Q1,12136000,1617000.0,10519000,0.8667600527356625,3280000.0,8292000.0,4775000.0,190000.0,0.0,13189000,0.0,0.0,781000.0,0.06435398813447595,-1053000.0,-0.17485168094924192,-1069000.0,-2122000.0,-0.17485168094924192,3614000.0,-5736000.0,-0.47264337508239945,-0.17,-0.17,34207000,34207000,https://www.sec.gov/Archives/edgar/data/807863/000080786318000008/0000807863-18-000008-index.html,https://www.sec.gov/Archives/edgar/data/807863/000080786318000008/mitk-20171231x10q.htm
0,2017-09-30,MITK,2017-11-30 00:00:00,2017-11-30 16:15:52,Q4,12904000,1138000.0,11766000,0.911810291382517,2926000.0,6417000.0,3455000.0,121000.0,0.0,10481000,0.0,0.0,3325000.0,0.25767203967761937,2423000.0,0.14367637941723496,-569000.0,1854000.0,0.14367637941723496,-11012000,12866000,0.9970551766893986,0.38,0.35,33522169,36251284,https://www.sec.gov/Archives/edgar/data/807863/000080786317000080/0000807863-17-000080-index.html,https://www.sec.gov/Archives/edgar/data/807863/000080786317000080/mitk-20170930x10k.htm
0,2017-06-30,MITK,2017-08-03 00:00:00,2017-08-03 16:03:08,Q3,11798000,1182000.0,10616000,0.8998135277165621,2652000.0,6850000.0,3487000.0,149000.0,0.0,10684000,0.0,0.0,1942000.0,0.1646041701983387,1114000.0,0.05365316155280556,-481000.0,633000.0,0.05365316155280556,17000.0,616000.0,0.05221223936260383,0.02,0.02,33023622,35609724,https://www.sec.gov/Archives/edgar/data/807863/000080786317000015/0000807863-17-000015-index.html,https://www.sec.gov/Archives/edgar/data/807863/000080786317000015/mitk-63017x10q.htm
0,2017-03-31,MITK,2017-05-05 00:00:00,2017-05-04 18:26:17,Q2,11419000,830000.0,10589000,0.9273141255801733,2401000.0,6446000.0,3704000.0,67000.0,0.0,9677000.0,0.0,0.0,2449000.0,0.21446711620982573,1742000.0,0.11305718539276643,-451000.0,1291000.0,0.11305718539276643,74000.0,1217000.0,0.1065767580348542,0.04,0.03,32786079,34815304,https://www.sec.gov/Archives/edgar/data/807863/000080786317000007/0000807863-17-000007-index.html,https://www.sec.gov/Archives/edgar/data/807863/000080786317000007/mitk-33117x10q.htm
0,2016-12-31,MITK,2017-02-03 00:00:00,2017-02-03 16:43:55,Q1,9269000.0,891000.0,8378000.0,0.9038731254720035,2451000.0,6081000.0,3838000.0,65000.0,0.0,9423000.0,0.0,0.0,678000.0,0.07314704930413206,-154000.0,-0.06548710756284389,-453000.0,-607000.0,-0.06548710756284389,0.0,-607000.0,-0.06548710756284389,-0.02,-0.02,32376671,32376671,https://www.sec.gov/Archives/edgar/data/807863/000156459017000968/0001564590-17-000968-index.html,https://www.sec.gov/Archives/edgar/data/807863/000156459017000968/mitk-10q_20161231.htm
0,2016-09-30,MITK,2016-12-09 00:00:00,2016-12-09 16:48:13,Q4,9670000.0,940000.0,8730000.0,0.9027921406411582,2334000.0,5019000.0,2981000.0,23000.0,0.0,8293000.0,0.0,0.0,2523000.0,0.2609100310237849,1377000.0,0.08934850051706308,-513000.0,864000.0,0.08934850051706308,-96000.0,960000.0,0.09927611168562564,0.03,0.03,32086223,34859861,https://www.sec.gov/Archives/edgar/data/807863/000156459016030084/0001564590-16-030084-index.html,https://www.sec.gov/Archives/edgar/data/807863/000156459016030084/mitk-10k_20160930.htm
0,2016-06-30,MITK,2016-08-03,2016-08-02 21:31:55,Q3,9105000.0,793000.0,8312000.0,0.9129049972542559,1940000.0,5125000.0,2940000.0,45000.0,0.0,7858000.0,0.0,0.0,2062000.0,0.22646897309170785,1247000.0,0.08116419549697969,-508000.0,739000.0,0.08116419549697969,0.0,739000.0,0.08116419549697969,0.02,0.02,31823386,34531964,https://www.sec.gov/Archives/edgar/data/807863/000156459016022175/mitk-10q_20160630.htm,https://www.sec.gov/Archives/edgar/data/807863/000156459016022175/mitk-10q_20160630.htm
0,2016-03-31,MITK,2016-05-04 00:00:00,2016-05-03 21:42:25,Q2,8522000.0,720000.0,7802000.0,0.915512790424783,1814000.0,4816000.0,2553000.0,30000.0,0.0,7350000.0,0.0,0.0,1971036.0,0.23128796057263554,1172000.0,0.07756395212391458,-511000.0,661000.0,0.07756395212391458,79000.0,582000.0,0.06829382773996714,0.02,0.02,31325577,33133920,https://www.sec.gov/Archives/edgar/data/807863/000156459016017529/0001564590-16-017529-index.html,https://www.sec.gov/Archives/edgar/data/807863/000156459016017529/mitk-10q_20160331.htm
0,2015-12-31,MITK,2016-02-05 00:00:00,2016-02-04 19:38:41,Q1,7404442.0,942379.0,6462063.0,0.8727278841538633,1706747.0,4553848.0,2462974.0,0.0,0.0,7202974.0,601.0,0.0,496082.0,0.06699789126581045,201468.0,-0.041288188900662603,-543233.0,-305716.0,-0.041288188900662603,16343.0,-322059.0,-0.043495377504476365,-0.01,-0.01,31094417,31094417,https://www.sec.gov/Archives/edgar/data/807863/000156459016012359/0001564590-16-012359-index.html,https://www.sec.gov/Archives/edgar/data/807863/000156459016012359/mitk-10q_20151231.htm
0,2015-09-30,MITK,2015-12-07 00:00:00,2015-12-04 18:29:57,Q4,7865852.0,824813.0,7041039.0,0.8951400306031693,1680551.0,3846779.0,1945375.0,0.0,0.0,6352143.0,788.0,0.0,1799738.0,0.22880394901912723,1513709.0,0.12550706522319516,-551809.0,987220.0,0.12550706522319516,31872.0,955348.0,0.12145512018278504,0.03,0.03,30969157,31664178,https://www.sec.gov/Archives/edgar/data/807863/000156459015011292/0001564590-15-011292-index.html,https://www.sec.gov/Archives/edgar/data/807863/000156459015011292/mitk-10k_20150930.htm
0,2015-06-30,MITK,2015-08-10 00:00:00,2015-08-10 14:15:30,Q3,6439995.0,591330.0,5848665.0,0.908178500138587,1353285.0,3449795.0,1645770.0,0.0,0.0,5394410.0,342.0,0.0,1206696.0,0.18737530075722109,1045585.0,0.05266650051746934,-736172.0,339172.0,0.05266650051746934,-577789.0,916961.0,0.14238535899484395,0.03,0.03,30764694,31645696,https://www.sec.gov/Archives/edgar/data/807863/000156459015006786/0001564590-15-006786-index.html,https://www.sec.gov/Archives/edgar/data/807863/000156459015006786/mitk-10q_20150630.htm
0,2015-03-31,MITK,2015-05-08 00:00:00,2015-05-08 13:25:38,Q2,5672326.0,557653.0,5114673.0,0.9016888310016032,1387828.0,3240351.0,1428643.0,0.0,0.0,5185832.0,1120.0,0.0,615864.0,0.10857344941034772,486494.0,0.08949591402186687,0.0,507650.0,0.08949591402186687,0.0,507650.0,0.08949591402186687,0.02,0.02,30697391,31321259,https://www.sec.gov/Archives/edgar/data/807863/000156459015003702/0001564590-15-003702-index.html,https://www.sec.gov/Archives/edgar/data/807863/000156459015003702/mitk-10q_20150331.htm
0,2014-12-31,MITK,2015-02-06,2015-02-06 13:52:28,Q1,5389322.0,497401.0,4891921.0,0.9077062012624223,1155142.0,3602905.0,1438066.0,0.0,0.0,5255448.0,1050.0,0.0,257827.0,0.04784034058458559,133874.0,0.02766155000573356,0.0,149077.0,0.02766155000573356,2897.0,146180.0,0.02712400557992267,0.004774,0.004689,30618097,31173815,https://www.sec.gov/Archives/edgar/data/807863/000119312514434645/d803965d10k.htm,https://www.sec.gov/Archives/edgar/data/807863/000119312514434645/d803965d10k.htm
0,2014-09-30,MITK,2014-12-05 00:00:00,2014-12-05 14:15:28,Q4,5543959.0,520428.0,5023531.0,0.9061270114010583,1273850.0,3814695.0,1228733.0,0.0,0.0,5608973.0,1624.0,0.0,119051.0,0.021474004407319752,-65014.0,0.0003697718543733819,0.0,2050.0,0.0003697718543733819,0.0,2050.0,0.0003697718543733819,6.7e-05,6.6e-05,30510587,31022148,https://www.sec.gov/Archives/edgar/data/807863/000119312514434645/0001193125-14-434645-index.html,https://www.sec.gov/Archives/edgar/data/807863/000119312514434645/d803965d10k.htm
0,2014-06-30,MITK,2014-08-08 00:00:00,2014-08-08 14:51:27,Q3,4659724.0,607586.0,4052138.0,0.8696090154695858,1589521.0,4113057.0,1810084.0,0.0,0.0,6310164.0,1545.0,0.0,-1512159.0,-0.32451685979684636,-1650440.0,-0.3503439259492622,0.0,-1632506.0,-0.3503439259492622,95.0,-1632601.0,-0.35036431342285507,-0.05,-0.05,30481168,30481168,https://www.sec.gov/Archives/edgar/data/807863/000119312514302858/0001193125-14-302858-index.html,https://www.sec.gov/Archives/edgar/data/807863/000119312514302858/d742379d10q.htm
0,2014-03-31,MITK,2014-05-12 00:00:00,2014-05-12 13:47:23,Q2,4484138.0,449214.0,4034924.0,0.8998215487569741,1630628.0,4615819.0,1947573.0,0.0,0.0,6695661.0,1576.0,0.0,-2069928.0,-0.4616111279358485,-2211523.0,-0.48880007707166906,0.0,-2191847.0,-0.48880007707166906,1170.0,-2193017.0,-0.4890609967846663,-0.07,-0.07,30453455,30453455,https://www.sec.gov/Archives/edgar/data/807863/000119312514194431/0001193125-14-194431-index.html,https://www.sec.gov/Archives/edgar/data/807863/000119312514194431/d684933d10q.htm
0,2013-12-31,MITK,2014-02-07,2014-02-07 16:13:25,Q1,4462524.0,570697.0,3891827.0,0.8721134048802874,1525574.0,3847101.0,1849901.0,0.0,0.0,5943372.0,1700.0,0.0,-1349464.0,-0.30239927000952826,-1480848.0,-0.3288136937750923,0.0,-1467339.0,-0.3288136937750923,961.0,-1468300.0,-0.3290290427569689,-0.05,-0.05,30402397,30402397,https://www.sec.gov/Archives/edgar/data/807863/000119312513471705/d590793d10k.htm,https://www.sec.gov/Archives/edgar/data/807863/000119312513471705/d590793d10k.htm
0,2013-09-30,MITK,2013-12-12 00:00:00,2013-12-12 15:45:31,Q4,4387231.0,377067.0,4010164.0,0.9140535339944489,1773285.0,3713314.0,1709102.0,0.0,0.0,5863666.0,-103257.0,0.0,-1459585.0,-0.3326893432326677,-1476435.0,-0.3351667600817007,0.0,-1470454.0,-0.3351667600817007,276.0,-1470730.0,-0.33522966992164305,-0.05,-0.05,30336347,30336347,https://www.sec.gov/Archives/edgar/data/807863/000119312513471705/0001193125-13-471705-index.html,https://www.sec.gov/Archives/edgar/data/807863/000119312513471705/d590793d10k.htm
0,2013-06-30,MITK,2013-08-06 00:00:00,2013-08-06 15:50:18,Q3,3882027.0,469445.0,3412582.0,0.8790721960460347,1976020.0,3494213.0,1461897.0,0.0,0.0,5939678.0,37214.0,0.0,-1922735.0,-0.49529150621569606,-2057651.0,-0.5286050303101962,0.0,-2052059.0,-0.5286050303101962,0.0,-2052059.0,-0.5286050303101962,-0.08,-0.08,27109787,27109787,https://www.sec.gov/Archives/edgar/data/807863/000119312513321455/0001193125-13-321455-index.html,https://www.sec.gov/Archives/edgar/data/807863/000119312513321455/d551018d10q.htm
0,2013-03-31,MITK,2013-05-08 00:00:00,2013-05-08 06:10:15,Q2,3224262.0,417092.0,2807170.0,0.8706395448012599,1641353.0,3565203.0,1417397.0,0.0,0.0,5623648.0,29211.0,0.0,-2294733.0,-0.7117079815474052,-2399386.0,-0.7420225155399902,0.0,-2392475.0,-0.7420225155399902,800.0,-2393275.0,-0.7422706343343066,-0.09,-0.09,26473938,26473938,https://www.sec.gov/Archives/edgar/data/807863/000119312513205834/0001193125-13-205834-index.html,https://www.sec.gov/Archives/edgar/data/807863/000119312513205834/d496473d10q.htm
0,2012-12-31,MITK,2013-02-06 00:00:00,2013-02-06 16:34:57,Q1,3309664.0,339996.0,2969668.0,0.8972717472226788,1402753.0,2932981.0,1264052.0,0.0,0.0,4675730.0,43693.0,0.0,-1267333.0,-0.3829189307434229,-1366066.0,-0.41080967735697643,0.0,-1359642.0,-0.41080967735697643,0.0,-1359642.0,-0.41080967735697643,-0.05,-0.05,26024288,26024288,https://www.sec.gov/Archives/edgar/data/807863/000119312513041193/0001193125-13-041193-index.html,https://www.sec.gov/Archives/edgar/data/807863/000119312513041193/d451411d10q.htm
0,2012-09-30,MITK,2012-12-07 00:00:00,2012-12-07 15:41:21,Q4,1219732.0,292694.0,927038.0,0.7600341714409394,2108029.0,1844055.0,1203366.0,0.0,0.0,4244778.0,48014.0,0.0,-2920325.0,-2.3942349630902524,-3025046.0,-2.471719197331873,0.0,-3014835.0,-2.471719197331873,-4808.0,-3010027.0,-2.4677773478108307,-0.12,-0.12,25937801,25937801,https://www.sec.gov/Archives/edgar/data/807863/000119312512495286/0001193125-12-495286-index.html,https://www.sec.gov/Archives/edgar/data/807863/000119312512495286/d411670d10k.htm
0,2012-06-30,MITK,2012-08-03 00:00:00,2012-08-03 16:51:08,Q3,3161729.0,359220.0,2802509.0,0.886384949500732,1930042.0,2891868.0,864463.0,0.0,0.0,5181130.0,62267.0,0.0,-1884252.0,-0.595956199914667,-2019401.0,-0.635376086944833,0.0,-2008887.0,-0.635376086944833,0.0,-2008887.0,-0.635376086944833,-0.08,-0.08,25613698,25613698,https://www.sec.gov/Archives/edgar/data/807863/000119312512335024/0001193125-12-335024-index.html,https://www.sec.gov/Archives/edgar/data/807863/000119312512335024/d370045d10q.htm
0,2012-03-31,MITK,2012-05-15 00:00:00,2012-05-15 13:15:13,Q2,1191737.0,309737.0,882000.0,0.7400961789388095,1730679.0,2011990.0,712037.0,0.0,0.0,4052406.0,62638.0,0.0,-2725435.0,-2.2869433440431908,-2860669.0,-2.3924683046678923,0.0,-2851193.0,-2.3924683046678923,-3837.0,-2847356.0,-2.389248634556114,-0.11,-0.11,25013284,25013284,https://www.sec.gov/Archives/edgar/data/807863/000119312512233770/0001193125-12-233770-index.html,https://www.sec.gov/Archives/edgar/data/807863/000119312512233770/d332320d10q.htm
0,2011-12-31,MITK,2012-02-10 00:00:00,2012-02-10 14:33:00,Q1,3519484.0,302269.0,3217215.0,0.9141155351182162,1179106.0,2014156.0,850928.0,0.0,0.0,3495531.0,67065.0,0.0,157974.0,0.04488555708734576,23953.0,0.00878310570526816,0.0,30912.0,0.00878310570526816,4637.0,26275.0,0.007465583022965867,0.0,0.0,24390215,27817545,https://www.sec.gov/Archives/edgar/data/807863/000119312512052048/0001193125-12-052048-index.html,https://www.sec.gov/Archives/edgar/data/807863/000119312512052048/d279869d10q.htm
0,2011-09-30,MITK,2011-12-15 00:00:00,2011-12-15 17:10:07,Q4,3040139.0,270265.0,2769874.0,0.9111011042587197,1025422.0,1967724.0,778710.0,0.0,0.0,3263411.0,40480.0,0.0,-129837.0,-0.04270758672547538,-223272.0,-0.07216117420946871,0.0,-219380.0,-0.07216117420946871,0.0,-219380.0,-0.07216117420946871,0.0,0.0,0.0,0.0,https://www.sec.gov/Archives/edgar/data/807863/000119312511342502/0001193125-11-342502-index.html,https://www.sec.gov/Archives/edgar/data/807863/000119312511342502/d256703d10k.htm
0,2011-06-30,MITK,2011-08-12 00:00:00,2011-08-12 16:22:31,Q3,2953918.0,437696.0,2516222.0,0.8518252707082593,738368.0,1452366.0,667793.0,0.0,0.0,2628430.0,2693.0,0.0,375191.0,0.12701469709044055,325488.0,0.11006094278852696,0.0,325111.0,0.11006094278852696,0.0,325111.0,0.11006094278852696,0.01,0.01,22574421,24818674,https://www.sec.gov/Archives/edgar/data/807863/000114420411046117/0001144204-11-046117-index.html,https://www.sec.gov/Archives/edgar/data/807863/000114420411046117/v231315_10q.htm
0,2011-03-31,MITK,2011-05-10 00:00:00,2011-05-10 13:48:53,Q2,2868357.0,256074.0,2612283.0,0.9107245018663995,642982.0,1399089.0,564896.0,0.0,0.0,2298145.0,169.0,0.0,613443.0,0.21386563806388117,570212.0,0.19897767258399146,0.0,570739.0,0.19897767258399146,800.0,569939.0,0.1986987672733903,0.03,0.02,20542502,23241963,https://www.sec.gov/Archives/edgar/data/807863/000114420411027542/0001144204-11-027542-index.html,https://www.sec.gov/Archives/edgar/data/807863/000114420411027542/v221659_10q.htm
0,2010-12-31,MITK,2011-02-14,2011-02-14 17:43:26,Q1,1403562.0,207699.0,1195863.0,0.8520200746386694,589337.0,1022556.0,399312.0,0.0,0.0,1819592.0,384247.0,0.0,-374482.0,-0.26680830629498375,-416030.0,-0.5692908471446221,0.0,-799035.0,-0.5692908471446221,1692.0,-800727.0,-0.5704963514258722,-0.04,-0.04,18845990,18845990,https://www.sec.gov/Archives/edgar/data/807863/000114420410061498/v202880_10k.htm,https://www.sec.gov/Archives/edgar/data/807863/000114420410061498/v202880_10k.htm
0,2010-09-30,MITK,2010-11-16 00:00:00,2010-11-16 16:59:09,Q4,1620435.0,211622.0,1408813.0,0.8694042031923527,496956.0,639462.0,309074.0,0.0,0.0,1348040.0,92787.0,0.0,315161.0,0.19449160256350917,272395.0,0.1111948334860701,0.0,180184.0,0.1111948334860701,0.0,180184.0,0.1111948334860701,0.0,0.0,0.0,0.0,https://www.sec.gov/Archives/edgar/data/807863/000114420410061498/0001144204-10-061498-index.html,https://www.sec.gov/Archives/edgar/data/807863/000114420410061498/v202880_10k.htm
0,2010-06-30,MITK,2010-08-16 00:00:00,2010-08-16 06:06:13,Q3,822490.0,203244.0,619246.0,0.7528918284720787,491619.0,682956.0,224772.0,0.0,0.0,1377819.0,91782.0,0.0,-511484.0,-0.6218726063538766,-555329.0,-0.7861056061471872,0.0,-646564.0,-0.7861056061471872,0.0,-646564.0,-0.7861056061471872,-0.04,-0.04,16867236,16867236,https://www.sec.gov/Archives/edgar/data/807863/000114420410043903/0001144204-10-043903-index.html,https://www.sec.gov/Archives/edgar/data/807863/000114420410043903/v193715_10q.htm
0,2010-03-31,MITK,2010-05-17 00:00:00,2010-05-17 06:09:32,Q2,1516965.0,182112.0,1334853.0,0.8799497681225341,507370.0,729897.0,231275.0,0.0,0.0,1419379.0,90839.0,0.0,141307.0,0.09315112741559627,97586.0,0.004596678235819548,0.0,6973.0,0.004596678235819548,0.0,6973.0,0.004596678235819548,0.0,0.0,16756804,17476183,https://www.sec.gov/Archives/edgar/data/807863/000114420410027735/0001144204-10-027735-index.html,https://www.sec.gov/Archives/edgar/data/807863/000114420410027735/v185061_10q.htm
0,2009-12-31,MITK,2010-02-16 00:00:00,2010-02-16 06:22:18,Q1,1159011.0,353166.0,805845.0,0.6952867574164525,506455.0,497727.0,164564.0,0.0,0.0,1357348.0,22715.0,0.0,-154277.0,-0.13311090231240255,-198337.0,-0.19034073015700456,0.0,-220607.0,-0.19034073015700456,2339.0,-222946.0,-0.19235883007150062,-0.01,-0.01,16751137,16751137,https://www.sec.gov/Archives/edgar/data/807863/000114420410007619/0001144204-10-007619-index.html,https://www.sec.gov/Archives/edgar/data/807863/000114420410007619/v174173_10q.htm
0,2009-09-30,MITK,2009-12-29 00:00:00,2009-12-29 09:00:35,Q4,804146.0,150980.0,653166.0,0.812248024612446,487739.0,492514.0,172691.0,0.0,0.0,1131233.0,1802.0,0.0,-282844.0,-0.3517321481422528,-327087.0,-0.40820945450204316,0.0,-328260.0,-0.40820945450204316,0.0,-328260.0,-0.40820945450204316,0.0,0.0,0.0,0.0,https://www.sec.gov/Archives/edgar/data/807863/000114420409066595/0001144204-09-066595-index.html,https://www.sec.gov/Archives/edgar/data/807863/000114420409066595/v169933_10k.htm
0,2009-06-30,MITK,2009-08-14 00:00:00,2009-08-14 06:16:57,Q3,914738.0,187741.0,726997.0,0.794759811005993,409903.0,402077.0,133340.0,0.0,0.0,999721.0,1337.0,0.0,-63585.0,-0.0695117071773557,-84983.0,-0.09366288489163017,0.0,-85677.0,-0.09366288489163017,0.0,-85677.0,-0.09366288489163017,-0.01,-0.01,16751137,16751137,https://www.sec.gov/Archives/edgar/data/807863/000114420409043032/0001144204-09-043032-index.html,https://www.sec.gov/Archives/edgar/data/807863/000114420409043032/v157748_10q.htm
0,2009-03-31,MITK,2009-05-15 00:00:00,2009-05-15 06:24:58,Q2,888283.0,141573.0,746710.0,0.8406217387927046,431192.0,552247.0,190017.0,0.0,0.0,1125012.0,2154.0,0.0,-226389.0,-0.25486134486419304,-236729.0,-0.26805758975461647,0.0,-238111.0,-0.26805758975461647,1800.0,-239911.0,-0.2700839709867238,-0.01,-0.01,16751137,16751137,https://www.sec.gov/Archives/edgar/data/807863/000114420409026826/0001144204-09-026826-index.html,https://www.sec.gov/Archives/edgar/data/807863/000114420409026826/v149345_10q.htm
0,2008-12-31,MITK,2009-01-13 00:00:00,2009-01-13 10:42:10,Q1,1011448.0,218902.0,792546.0,0.7835756262309086,572492.0,890916.0,361041.0,0.0,0.0,1682310.0,280.0,0.0,-658141.0,-0.6506918793650291,-670862.0,-0.6605529893776052,0.0,-668115.0,-0.6605529893776052,0.0,-668115.0,-0.6605529893776052,-0.04,-0.04,16751137,16751137,https://www.sec.gov/Archives/edgar/data/807863/000114420409001643/0001144204-09-001643-index.html,https://www.sec.gov/Archives/edgar/data/807863/000114420409001643/v136816_10k.htm
0,2008-09-30,MITK,2009-01-13,2009-01-13 10:42:10,Q4,1023843.0,246078.0,777765.0,0.7596526029869815,337346.0,728911.0,0.0,0.0,0.0,1312335.0,0.0,0.0,-279558.0,-0.2730477231372388,-288492.0,-0.2805625471874106,0.0,-287252.0,-0.2805625471874106,0.0,-287252.0,-0.2805625471874106,0.0,0.0,0.0,0.0,https://www.sec.gov/Archives/edgar/data/807863/000114420409001643/v136816_10k.htm,https://www.sec.gov/Archives/edgar/data/807863/000114420409001643/v136816_10k.htm
0,2008-06-30,MITK,2008-08-05,2008-08-04 21:23:31,Q3,1681490.0,381429.0,1300061.0,0.7731601139465593,432443.0,827811.0,0.0,0.0,0.0,1641683.0,0.0,0.0,47582.0,0.028297521840748383,39807.0,0.024896966381007322,0.0,41864.0,0.024896966381007322,0.0,41864.0,0.024896966381007322,0.0,0.0,16751137,16751137,https://www.sec.gov/Archives/edgar/data/807863/000114420408043749/v121594_10qsb.htm,https://www.sec.gov/Archives/edgar/data/807863/000114420408043749/v121594_10qsb.htm
0,2008-03-31,MITK,2008-05-13,2008-05-12 17:35:15,Q2,1260516.0,142648.0,1117868.0,0.886833645903741,500957.0,838006.0,0.0,0.0,0.0,1481611.0,0.0,0.0,-212068.0,-0.1682390386159319,-221095.0,-0.17371933398703387,0.0,-218976.0,-0.17371933398703387,2800.0,-221776.0,-0.17594064652888183,-0.01,-0.01,16751137,16751137,https://www.sec.gov/Archives/edgar/data/807863/000114420408027886/v113405_10qsb.htm,https://www.sec.gov/Archives/edgar/data/807863/000114420408027886/v113405_10qsb.htm
0,2007-12-31,MITK,2008-02-14,2008-02-13 17:33:01,Q1,1263599.0,199263.0,1064336.0,0.8423051933406088,530887.0,817969.0,0.0,0.0,0.0,1548119.0,0.0,0.0,-274172.0,-0.2169770631347445,-284520.0,-0.22285551033199616,0.0,-281600.0,-0.22285551033199616,0.0,-281600.0,-0.22285551033199616,-0.02,-0.02,16751137,16751137,https://www.sec.gov/Archives/edgar/data/807863/000114420407067021/v096760_10ksb.htm,https://www.sec.gov/Archives/edgar/data/807863/000114420407067021/v096760_10ksb.htm
0,2007-09-30,MITK,2007-12-12,2007-12-11 18:36:28,Q4,1371089.0,109554.0,1261535.0,0.9200970907067302,467149.0,763238.0,0.0,0.0,0.0,1339941.0,0.0,0.0,39585.0,0.02887121113217304,31148.0,0.024560768848703476,0.0,33675.0,0.024560768848703476,0.0,33675.0,0.024560768848703476,0.0,0.0,0.0,0.0,https://www.sec.gov/Archives/edgar/data/807863/000114420407067021/v096760_10ksb.htm,https://www.sec.gov/Archives/edgar/data/807863/000114420407067021/v096760_10ksb.htm
0,2007-06-30,MITK,2007-08-07,2007-08-07 06:12:31,Q3,1458578.0,215168.0,1243410.0,0.8524809780484829,436776.0,721922.0,0.0,0.0,0.0,1373866.0,0.0,0.0,93865.0,0.0643537747038554,84712.0,0.06012774085444865,0.0,87701.0,0.06012774085444865,0.0,87701.0,0.06012774085444865,0.01,0.01,16751137,16809426,https://www.sec.gov/Archives/edgar/data/807863/000114420407040546/v082953_10qsb.htm,https://www.sec.gov/Archives/edgar/data/807863/000114420407040546/v082953_10qsb.htm
0,2007-03-31,MITK,2007-05-09,2007-05-08 18:01:57,Q2,1301441.0,108318.0,1193123.0,0.9167707179964363,495384.0,908385.0,0.0,0.0,0.0,1512087.0,0.0,0.0,-200181.0,-0.15381488672940224,-210646.0,-0.16153555942989348,0.0,-210229.0,-0.16153555942989348,800.0,-211029.0,-0.16215026267037844,-0.01,-0.01,16751137,16751137,https://www.sec.gov/Archives/edgar/data/807863/000114420407023446/v073929_10-qsb.htm,https://www.sec.gov/Archives/edgar/data/807863/000114420407023446/v073929_10-qsb.htm
0,2006-12-31,MITK,2007-02-14,2007-02-13 19:40:03,Q1,1438832.0,178744.0,1260088.0,0.8757714590723586,501906.0,1050833.0,0.0,0.0,0.0,1731483.0,0.0,0.0,-281363.0,-0.19554958466311564,-292651.0,-0.2044324841260133,0.0,-294144.0,-0.2044324841260133,0.0,-294144.0,-0.2044324841260133,-0.02,-0.02,16748974,16748974,https://www.sec.gov/Archives/edgar/data/807863/000114420406055064/v061491_10ksb.htm,https://www.sec.gov/Archives/edgar/data/807863/000114420406055064/v061491_10ksb.htm
0,2006-09-30,MITK,2006-12-29,2006-12-29 16:22:19,Q4,1346299.0,204085.0,1142214.0,0.8484103456958669,315461.0,988302.0,0.0,0.0,0.0,1507848.0,0.0,0.0,-149459.0,-0.11101471515614288,-161549.0,-0.10732608432450741,0.0,-144493.0,-0.10732608432450741,0.0,-144493.0,-0.10732608432450741,0.0,0.0,0.0,0.0,https://www.sec.gov/Archives/edgar/data/807863/000114420406055064/v061491_10ksb.htm,https://www.sec.gov/Archives/edgar/data/807863/000114420406055064/v061491_10ksb.htm
0,2006-06-30,MITK,2006-07-31,2006-07-31 17:01:59,Q3,1698937.0,364962.0,1333975.0,0.7851821462479186,301295.0,1085878.0,0.0,0.0,0.0,1752135.0,0.0,0.0,46018.0,0.02708634869921604,-53198.0,0.07394329513101427,0.0,125625.0,0.07394329513101427,0.0,-125625.0,-0.07394329513101427,-0.01,-0.01,16179951,16179951,https://www.sec.gov/Archives/edgar/data/807863/000114420406030369/v048613_10qsb.htm,https://www.sec.gov/Archives/edgar/data/807863/000114420406030369/v048613_10qsb.htm
0,2006-03-31,MITK,2006-05-15,2006-05-15 06:15:30,Q2,1455208.0,225487.0,1229721.0,0.8450482680139196,405290.0,760573.0,0.0,0.0,0.0,1391350.0,0.0,0.0,121028.0,0.08316886658127223,63858.0,0.01788266694520646,0.0,26023.0,0.01788266694520646,800.0,25223.0,0.017332917356144277,0.0,0.0,15699456,17492880,https://www.sec.gov/Archives/edgar/data/807863/000114420406020073/v042754_10qsb.htm,https://www.sec.gov/Archives/edgar/data/807863/000114420406020073/v042754_10qsb.htm
0,2005-12-31,MITK,2006-02-14,2006-02-14 16:35:59,Q1,1520662.0,431275.0,1089387.0,0.7163899670012139,326675.0,930432.0,0.0,0.0,0.0,1688382.0,0.0,0.0,133704.0,0.08792486430252087,-167720.0,-0.3106752190822155,0.0,-472432.0,-0.3106752190822155,0.0,-472432.0,-0.3106752190822155,-0.03,-0.03,15018703,15018703,https://www.sec.gov/Archives/edgar/data/807863/000114420405038176/v030586_10ksb.htm,https://www.sec.gov/Archives/edgar/data/807863/000114420405038176/v030586_10ksb.htm
0,2005-09-30,MITK,2005-11-30,2005-11-29 18:06:51,Q4,2039704.0,386214.0,1653490.0,0.8106519377321415,314002.0,700301.0,0.0,0.0,0.0,1400517.0,0.0,0.0,963101.0,0.4721768452677447,639187.0,0.22457719355357444,-163986.0,458071.0,0.22457719355357444,-110.0,458181.0,0.22463112294725118,0.0,0.0,0.0,0.0,https://www.sec.gov/Archives/edgar/data/807863/000114420405038176/v030586_10ksb.htm,https://www.sec.gov/Archives/edgar/data/807863/000114420405038176/v030586_10ksb.htm
0,2005-06-30,MITK,2005-08-03,2005-08-02 19:28:46,Q3,1481920.0,330720.0,1151200.0,0.7768300583027424,476565.0,172294.0,0.0,0.0,0.0,979579.0,0.0,0.0,948150.0,0.6398118656877564,502341.0,0.15510486396026776,-33418.0,229853.0,0.15510486396026776,-604.0,230457.0,0.15551244331677824,0.02,0.02,13143797,13308659,https://www.sec.gov/Archives/edgar/data/807863/000114420405001154/v011113_10k.htm,https://www.sec.gov/Archives/edgar/data/807863/000114420405001154/v011113_10k.htm
0,2005-03-31,MITK,,,Q2,1771799.0,57538.0,1714261.0,0.9675256617708894,346915.0,1914883.0,0.0,0.0,0.0,2319336.0,0.0,0.0,-666423.0,-0.376127879065289,-547537.0,-0.4506605997632914,118886.0,-798480.0,-0.4506605997632914,0.0,-798480.0,-0.4506605997632914,-0.07,-0.07,11841862,11841862,,
0,2004-12-31,MITK,,,Q1,1300422.0,224156.0,1076266.0,0.8276282622102671,370028.0,1506695.0,0.0,0.0,0.0,2100879.0,0.0,0.0,-687134.0,-0.5283930908581983,-800457.0,-0.7055509673013837,-3475.0,-917514.0,-0.7055509673013837,0.0,-917514.0,-0.7055509673013837,-0.08,-0.08,11389481,11389481,,
0,2004-09-30,MITK,2005-01-13,2005-01-13 17:01:41,Q4,539883.0,-978554.0,1518437.0,2.8125297518165975,392495.0,2553189.0,0.0,0.0,0.0,696775.0,0.0,0.0,-1188439.0,-2.2012899091099367,-156892.0,-65.79864896653534,1227969.0,-35523572,-65.79864896653534,-839.0,-522733.0,-0.9682338580766573,0.0,0.0,0.0,0.0,https://www.sec.gov/Archives/edgar/data/807863/000114420405001154/v011113_10k.htm,https://www.sec.gov/Archives/edgar/data/807863/000114420405001154/v011113_10k.htm
0,2004-06-30,MITK,,,Q3,987468.0,697728.0,289740.0,0.2934171031365067,644090.0,1063656.0,0.0,0.0,0.0,2405474.0,0.0,0.0,-1293440.0,-1.3098551041654007,-1418006.0,-1.4487315031980783,-12570.0,-1430576.0,-1.4487315031980783,457.0,-1431033.0,-1.4491943030052619,-0.13,-0.13,11389481,11389481,,
0,2004-03-31,MITK,,,Q2,2018000.0,780000.0,1238000.0,0.6134786917740337,658000.0,1393000.0,0.0,0.0,0.0,2831000.0,0.0,0.0,-694044.0,-0.3439266600594648,-813000.0,-0.4043607532210109,-3000.0,-816000.0,-0.4043607532210109,0.0,-816000.0,-0.4043607532210109,-0.07,-0.07,11369942,11369942,,
0,2003-12-31,MITK,,,Q1,1694882.0,1103620.0,591262.0,0.348851424464948,509060.0,1166095.0,0.0,0.0,0.0,2778775.0,0.0,0.0,-980578.0,-0.5785523711975229,-1083893.0,-0.6337691945515971,9729.0,-1074164.0,-0.6337691945515971,2550.0,-1076714.0,-0.6352737240704662,-0.1,-0.1,11264356,11264356,,
0,2003-09-30,MITK,,,Q4,1723083.0,1444959.0,278124.0,0.16141068073911705,561326.0,1352621.0,0.0,0.0,0.0,3358906.0,0.0,0.0,-1541609.0,-0.8946806392959596,-1635823.0,-0.9431205577444616,10748.0,-1625075.0,-0.9431205577444616,299.0,-1625374.0,-0.9432940839181861,0.0,0.0,0.0,0.0,,
0,2003-06-30,MITK,,,Q3,3041738.0,1823812.0,1217926.0,0.40040463708577134,556245.0,1618354.0,0.0,0.0,0.0,3998411.0,0.0,0.0,-852104.0,-0.28013721102869477,-956673.0,-0.31331692604688505,3645.0,-953028.0,-0.31331692604688505,380.0,-953408.0,-0.3134418546239025,-0.09,-0.09,11156437,11156437,,
0,2003-03-31,MITK,2003-05-13,2003-05-13 16:21:17,Q2,3858144.0,1466908.0,2391236.0,0.6197892043428136,552113.0,1809927.0,0.0,0.0,0.0,3828948.0,0.0,0.0,136460.0,0.035369338210289716,29196.0,0.009026360861595627,5629.0,34825.0,0.009026360861595627,8745.0,26080.0,0.006759726956795806,0.0,0.0,11138772,11208258,https://www.sec.gov/Archives/edgar/data/807863/000110465903009466/j0864_10q.htm,https://www.sec.gov/Archives/edgar/data/807863/000110465903009466/j0864_10q.htm
0,2002-12-31,MITK,2003-02-13,2003-02-13 12:34:12,Q1,2971097.0,1102785.0,1868312.0,0.6288290150069149,572120.0,1232762.0,0.0,0.0,0.0,2907667.0,0.0,0.0,180981.0,0.060913864474973385,63430.0,0.020780539982370148,-1689.0,61741.0,0.020780539982370148,1230.0,60511.0,0.020366551479133802,0.01,0.005375,11138772,11257380,https://www.sec.gov/Archives/edgar/data/807863/000104746902008364/a2097132z10-k.htm,https://www.sec.gov/Archives/edgar/data/807863/000104746902008364/a2097132z10-k.htm
0,2002-09-30,MITK,2002-12-26,2002-12-26 13:40:59,Q4,3852120.0,232923.0,3619197.0,0.9395338151459456,574130.0,3065850.0,0.0,0.0,0.0,2575619.0,0.0,0.0,1392696.0,0.36154013893648174,1276501.0,-0.003981963178717174,0.0,-15339.0,-0.003981963178717174,0.0,-15339.0,-0.003981963178717174,0.0,0.0,0.0,0.0,https://www.sec.gov/Archives/edgar/data/807863/000104746902008364/a2097132z10-k.htm,https://www.sec.gov/Archives/edgar/data/807863/000104746902008364/a2097132z10-k.htm
0,2002-06-30,MITK,2002-08-13 00:00:00,2002-08-13 12:03:44,Q3,2762731.0,896153.0,1866578.0,0.6756278479518998,504370.0,1200141.0,0.0,0.0,498352.0,3099016.0,0.0,0.0,-186079.0,-0.06735328195180783,-336285.0,0.06068741401171522,0.0,167663.0,0.06068741401171522,-5000.0,172663.0,0.06249721742724862,0.02,0.015016,11136689,11498474,https://www.sec.gov/Archives/edgar/data/807863/000091205702031410/0000912057-02-031410-index.html,https://www.sec.gov/Archives/edgar/data/807863/000091205702031410/a2086946z10-q.htm
0,2002-03-31,MITK,2002-05-13,2002-05-13 12:56:55,Q2,3076732.0,923600.0,2153132.0,0.6998113582853496,507580.0,1776649.0,0.0,0.0,0.0,3207829.0,0.0,0.0,48415.0,0.015735852196421398,-131097.0,-0.04665209709522961,0.0,-143536.0,-0.04665209709522961,-3000.0,-140536.0,-0.04567703654396938,-0.01,-0.01,11135468,11135468,https://www.sec.gov/Archives/edgar/data/807863/000091205702019815/a2079362z10-q.htm,https://www.sec.gov/Archives/edgar/data/807863/000091205702019815/a2079362z10-q.htm
0,2001-12-31,MITK,2002-02-13,2002-02-13 00:00:00,Q1,3358792.0,866871.0,2491921.0,0.7419098890315328,462597.0,1652046.0,0.0,0.0,0.0,2981514.0,0.0,0.0,554978.0,0.16523142844213037,377278.0,0.11552278319109965,10739.0,388017.0,0.11552278319109965,8000.0,380017.0,0.11314097449321066,0.03,0.03,11120954,11415947,https://www.sec.gov/Archives/edgar/data/807863/000091205702005541/a2070661z10-q.htm,https://www.sec.gov/Archives/edgar/data/807863/000091205702005541/a2070661z10-q.htm
0,2001-09-30,MITK,,,Q4,2665891.0,-38435.0,2704326.0,1.0144173186375587,463490.0,2347213.0,0.0,0.0,0.0,1837818.0,0.0,0.0,993685.0,0.37274029583355056,828073.0,-0.04666844968530221,0.0,-124413.0,-0.04666844968530221,0.0,-124413.0,-0.04666844968530221,0.0,0.0,0.0,0.0,,
0,2001-06-30,MITK,2001-08-03 00:00:00,2001-08-03 00:00:00,Q3,2798362.0,952248.0,1846114.0,0.6597123603022054,427312.0,928414.0,0.0,0.0,-1175246.0,1132728.0,0.0,0.0,1802928.0,0.6442797608029268,1665634.0,0.1813746756138055,0.0,507552.0,0.1813746756138055,0.0,507552.0,0.1813746756138055,0.05,0.05,11119843,11228207,https://www.sec.gov/Archives/edgar/data/807863/000110465901501120/0001104659-01-501120-index.html,https://www.sec.gov/Archives/edgar/data/807863/000110465901501120/j1258_10q.htm
0,2001-03-31,MITK,2001-05-15 00:00:00,2001-05-15 00:00:00,Q2,1760421.0,481562.0,1278859.0,0.7264506615178983,435955.0,1373887.0,0.0,0.0,0.0,2291404.0,0.0,0.0,-393771.0,-0.22368001745037125,-530983.0,-0.3133642463933343,0.0,-551653.0,-0.3133642463933343,0.0,-551653.0,-0.3133642463933343,-0.05,-0.05,11119843,11119843,https://www.sec.gov/Archives/edgar/data/807863/000110465901500815/0001104659-01-500815-index.html,https://www.sec.gov/Archives/edgar/data/807863/000110465901500815/j0352_10q.htm
0,2000-12-31,MITK,,,Q1,2049515.0,488241.0,1561274.0,0.7617772985316038,502992.0,1209442.0,0.0,0.0,0.0,2200675.0,0.0,0.0,-21111.0,-0.010300485724671446,-151160.0,0.0,0.0,0.0,0.0,0.0,-172910.0,-0.0843663012956724,-0.02,-0.02,11119843,11119843,,
0,2000-09-30,MITK,,,Q4,492914.0,876352.0,-383438.0,-0.7779004045330423,576165.0,1543442.0,0.0,0.0,0.0,3115754.0,0.0,0.0,-2503045.0,-5.078056212645613,-2622840.0,0.0,0.0,0.0,0.0,0.0,-2608628.0,-5.292257878656318,0.0,0.0,0.0,0.0,,
0,2000-06-30,MITK,2000-08-11 00:00:00,2000-08-11 00:00:00,Q3,3535734.0,1062687.0,2473047.0,0.6994437364349241,704358.0,1423655.0,0.0,0.0,0.0,3304973.0,0.0,0.0,345034.0,0.09758482962802066,230761.0,0.0,0.0,0.0,0.0,0.0,252388.0,0.07138206663736582,0.02,0.02,11068167,11599150,https://www.sec.gov/Archives/edgar/data/807863/000091205700036646/0000912057-00-036646-index.html,https://www.sec.gov/Archives/edgar/data/807863/000091205700036646/a10-q.txt
0,2000-03-31,MITK,2000-05-11 00:00:00,2000-05-11 00:00:00,Q2,2594208.0,525375.0,2068833.0,0.7974815434999815,472410.0,1162137.0,0.0,0.0,0.0,2257046.0,0.0,0.0,434286.0,0.16740600599489325,337162.0,0.13092203863375643,0.0,339639.0,0.13092203863375643,7000.0,332639.0,0.12822371991760106,0.03,0.03,10775290,11562309,https://www.sec.gov/Archives/edgar/data/807863/000091205700023293/0000912057-00-023293-index.html,https://www.sec.gov/Archives/edgar/data/807863/0000912057-00-023293.txt
0,1999-12-31,MITK,,,Q1,2700000.0,500000.0,2200000.0,0.8148148148148148,500000.0,1000000.0,0.0,0.0,0.0,2100000.0,0.0,0.0,700000.0,0.25925925925925924,600000.0,0.0,0.0,0.0,0.0,0.0,600000.0,0.2222222222222222,0.06,0.05,10485684,11295038,,
0,1999-09-30,MITK,,,Q4,3000000.0,500000.0,2500000.0,0.8333333333333334,400000.0,1100000.0,0.0,0.0,0.0,2100000.0,0.0,0.0,1000000.0,0.3333333333333333,900000.0,0.0,0.0,0.0,0.0,0.0,800000.0,0.26666666666666666,0.0,0.0,0.0,0.0,,
0,1999-06-30,MITK,,,Q3,2400000.0,400000.0,2000000.0,0.8333333333333334,400000.0,1100000.0,0.0,0.0,0.0,2000000.0,0.0,0.0,500000.0,0.20833333333333334,400000.0,0.0,0.0,0.0,0.0,0.0,500000.0,0.20833333333333334,0.05,0.05,10000000,10000000,,
0,1999-03-31,MITK,,,Q2,2100000.0,300000.0,1800000.0,0.8571428571428571,300000.0,1000000.0,0.0,0.0,0.0,1700000.0,0.0,0.0,500000.0,0.23809523809523808,400000.0,0.0,0.0,0.0,0.0,0.0,300000.0,0.14285714285714285,0.03,0.03,10000000,10000000,,
0,1998-12-31,MITK,,,Q1,2200000.0,500000.0,1700000.0,0.7727272727272727,300000.0,1000000.0,0.0,0.0,0.0,1900000.0,0.0,0.0,400000.0,0.18181818181818182,300000.0,0.0,0.0,0.0,0.0,0.0,400000.0,0.18181818181818182,0.04,0.04,10000000,10000000,,
0,1998-09-30,MITK,,,Q4,2000000.0,700000.0,1300000.0,0.65,200000.0,700000.0,0.0,0.0,0.0,1700000.0,0.0,0.0,400000.0,0.2,300000.0,0.0,0.0,0.0,0.0,0.0,300000.0,0.15,0.0,0.0,0.0,0.0,,
0,1998-06-30,MITK,,,Q3,1700000.0,300000.0,1400000.0,0.8235294117647058,400000.0,800000.0,0.0,0.0,0.0,1600000.0,0.0,0.0,200000.0,0.11764705882352941,100000.0,0.0,0.0,0.0,0.0,0.0,100000.0,0.058823529411764705,0.01,0.01,10000000,10000000,,
0,1998-03-31,MITK,,,Q2,1500000.0,500000.0,1000000.0,0.6666666666666666,300000.0,800000.0,0.0,0.0,0.0,1700000.0,0.0,0.0,-100000.0,-0.06666666666666667,-200000.0,0.0,0.0,0.0,0.0,0.0,-200000.0,-0.13333333333333333,-0.02,-0.02,10000000,10000000,,
0,1997-12-31,MITK,,,Q1,1300000.0,400000.0,900000.0,0.6923076923076923,500000.0,900000.0,0.0,0.0,0.0,2000000.0,0.0,0.0,500000.0,0.38461538461538464,-700000.0,0.0,-1000000.0,0.0,0.0,0.0,-1600000.0,-1.2307692307692308,-0.14,-0.14,11428571,11428571,,
0,1997-09-30,MITK,,,Q4,1100000.0,600000.0,500000.0,0.45454545454545453,3900000.0,0.0,0.0,0.0,0.0,2200000.0,0.0,0.0,-400000.0,-0.36363636363636365,-1100000.0,0.0,-400000.0,0.0,0.0,0.0,-1600000.0,-1.4545454545454546,0.0,0.0,0.0,0.0,,
0,1997-06-30,MITK,1997-08-13 00:00:00,1997-08-13 00:00:00,Q3,700000.0,200000.0,500000.0,0.7142857142857143,400000.0,900000.0,0.0,0.0,0.0,1700000.0,0.0,0.0,-800000.0,-1.1428571428571428,-1000000.0,-1.4285714285714286,0.0,-1000000.0,-1.4285714285714286,-100000.0,-900000.0,-1.2857142857142858,-0.09,-0.09,10000000,10000000,https://www.sec.gov/Archives/edgar/data/807863/000091205797027543/0000912057-97-027543-index.html,https://www.sec.gov/Archives/edgar/data/807863/0000912057-97-027543.txt
0,1997-03-31,MITK,1997-05-12 00:00:00,1997-05-12 00:00:00,Q2,1900000.0,300000.0,1600000.0,0.8421052631578947,300000.0,900000.0,0.0,0.0,0.0,1700000.0,0.0,0.0,400000.0,0.21052631578947367,200000.0,0.0,0.0,0.0,0.0,0.0,200000.0,0.10526315789473684,0.02,0.02,10000000,10000000,https://www.sec.gov/Archives/edgar/data/807863/000091205797016938/0000912057-97-016938-index.html,https://www.sec.gov/Archives/edgar/data/807863/0000912057-97-016938.txt
0,1996-12-31,MITK,,,Q1,1100000.0,300000.0,800000.0,0.7272727272727273,300000.0,700000.0,0.0,0.0,0.0,1400000.0,0.0,0.0,-200000.0,-0.18181818181818182,-300000.0,0.0,0.0,0.0,0.0,0.0,-300000.0,-0.2727272727272727,-0.03,-0.03,10000000,10000000,,
0,1996-09-30,MITK,1996-11-21 00:00:00,1996-11-21 00:00:00,Q4,2300000.0,500000.0,1800000.0,0.782608695652174,400000.0,800000.0,0.0,0.0,0.0,1800000.0,0.0,0.0,600000.0,0.2608695652173913,500000.0,0.21739130434782608,0.0,500000.0,0.21739130434782608,0.0,500000.0,0.21739130434782608,0.0,0.0,0.0,0.0,https://www.sec.gov/Archives/edgar/data/807863/000088929796000009/0000889297-96-000009-index.html,https://www.sec.gov/Archives/edgar/data/807863/0000889297-96-000009.txt
0,1996-06-30,MITK,1996-07-29 00:00:00,1996-07-29 00:00:00,Q3,2100000.0,800000.0,1300000.0,0.6190476190476191,200000.0,800000.0,0.0,0.0,0.0,1900000.0,0.0,0.0,300000.0,0.14285714285714285,200000.0,0.0,0.0,0.0,0.0,0.0,400000.0,0.19047619047619047,0.05,0.05,8000000.0,8000000.0,https://www.sec.gov/Archives/edgar/data/807863/000101706296000097/0001017062-96-000097-index.html,https://www.sec.gov/Archives/edgar/data/807863/0001017062-96-000097.txt
0,1996-03-31,MITK,1996-05-15 00:00:00,1996-05-15 00:00:00,Q2,1900000.0,600000.0,1300000.0,0.6842105263157895,300000.0,600000.0,0.0,0.0,0.0,1600000.0,0.0,0.0,400000.0,0.21052631578947367,300000.0,0.0,0.0,0.0,0.0,0.0,300000.0,0.15789473684210525,0.03,0.03,10000000,10000000,https://www.sec.gov/Archives/edgar/data/807863/000089843096001992/0000898430-96-001992-index.html,https://www.sec.gov/Archives/edgar/data/807863/0000898430-96-001992.txt
0,1995-12-31,MITK,1996-01-24 00:00:00,1996-01-24 00:00:00,Q1,1800000.0,800000.0,1000000.0,0.5555555555555556,300000.0,600000.0,0.0,0.0,0.0,1800000.0,0.0,0.0,100000.0,0.05555555555555555,0.0,0.0,0.0,0.0,0.0,0.0,100000.0,0.05555555555555555,0.01,0.01,10000000,10000000,https://www.sec.gov/Archives/edgar/data/807863/000089843096000195/0000898430-96-000195-index.html,https://www.sec.gov/Archives/edgar/data/807863/0000898430-96-000195.txt
0,1995-09-30,MITK,,,Q4,1700000.0,800000.0,900000.0,0.5294117647058824,200000.0,600000.0,0.0,0.0,0.0,1700000.0,0.0,0.0,100000.0,0.058823529411764705,0.0,0.0,0.0,0.0,0.0,0.0,0.0,0.0,0.0,0.0,0.0,0.0,,
0,1995-06-30,MITK,1995-08-18 00:00:00,1995-08-18 00:00:00,Q3,1600000.0,500000.0,1100000.0,0.6875,200000.0,800000.0,0.0,0.0,0.0,1700000.0,0.0,0.0,100000.0,0.0625,-100000.0,0.0,0.0,0.0,0.0,0.0,-100000.0,-0.0625,-0.01,-0.01,10000000,10000000,https://www.sec.gov/Archives/edgar/data/807863/000089843095001653/0000898430-95-001653-index.html,https://www.sec.gov/Archives/edgar/data/807863/0000898430-95-001653.txt
