,date,symbol,fillingDate,acceptedDate,period,revenue,costOfRevenue,grossProfit,grossProfitRatio,researchAndDevelopmentExpenses,generalAndAdministrativeExpenses,sellingAndMarketingExpenses,otherExpenses,operatingExpenses,costAndExpenses,interestExpense,depreciationAndAmortization,ebitda,ebitdaratio,operatingIncome,operatingIncomeRatio,totalOtherIncomeExpensesNet,incomeBeforeTax,incomeBeforeTaxRatio,incomeTaxExpense,netIncome,netIncomeRatio,eps,epsdiluted,weightedAverageShsOut,weightedAverageShsOutDil,link,finalLink
0,2018-09-30,HMNY,2018-11-15,2018-11-15 09:26:51,Q3,74702020,109635380,-34933360,-0.467636,85940.0,18121680,1615177000,39911122,12601939.999999998,167754129,95575954,1387100.0000000002,-41559236,-0.556333,-47535300,-0.636332,0.0,-146649550,-1.963127,10280.0,-138532570,-1.854469,-0.21555,-0.21555,642704390,642704390,https://www.sec.gov/Archives/edgar/data/1040792/000121390018015878/f10q0918_heliosandmatheson.htm,https://www.sec.gov/Archives/edgar/data/1040792/000121390018015878/f10q0918_heliosandmatheson.htm
0,2018-06-30,HMNY,2018-08-14,2018-08-14 17:29:57,Q2,74168730,178766720,-104597990,-1.410271,154690.0,20508530,935488000,1377653.0,22040870.00000001,200807593,58195051,1377650.0,-3733349.0,-0.050336,-126638860,-1.707443,0.0,-83646580,-1.127788,28720.0,-63334770,-0.853928,-132.46903,-132.46903,478110.0,478110.0,https://www.sec.gov/Archives/edgar/data/1040792/000121390018011086/f10q0618_heliosandmatheson.htm,https://www.sec.gov/Archives/edgar/data/1040792/000121390018011086/f10q0618_heliosandmatheson.htm
0,2018-03-31,HMNY,2018-05-15,2018-05-15 17:02:45,Q1,49442860,135968980,-86526120,-1.750023,224770.0,19709830,1440910000,1271275.0,6198170.000000005,157174853,35534899,1271280.0,41990009,0.849263,-92724290,-1.875383,0.0,-26038270,-0.526634,7950.0,5175880.0,0.104684,35.35196,35.35196,146410.0,146410.0,https://www.sec.gov/Archives/edgar/data/1040792/000121390018006360/f10q0318_heliosandmathe.htm,https://www.sec.gov/Archives/edgar/data/1040792/000121390018006360/f10q0318_heliosandmathe.htm
0,2017-12-31,HMNY,2018-04-17,2018-04-17 08:25:19,Q4,6769530.0,17569350,-10799820,-1.595357,457450.0,27674250,0.0,8919127000,38701280,52607632000,-11645871,649600.0,-101776801,-15.034545,-49501100,-7.312339,0.0,-95630830,-14.126657,14420.0,-90794950,-13.412297,-1666.26812,-1666.26812,54490.0,54490.0,https://www.sec.gov/Archives/edgar/data/1040792/000121390018004551/f10k2017_heliosandmatheson.htm,https://www.sec.gov/Archives/edgar/data/1040792/000121390018004551/f10k2017_heliosandmatheson.htm
0,2017-09-30,HMNY,2017-11-14,2017-11-14 16:42:45,Q3,1173020.0,946310.0,226710.0,0.19327,621750.0,2243440.0,0.0,437785.0,3986859.9999999995,4249287.0,11563078,442380.0000000001,-31457512,-26.817541,-3760150.0,-3.205529,0.0,-43462970,-37.052199,-2750.0,-43460220,-37.049854,-1448.674,-1448.674,30000.0,30000.0,https://www.sec.gov/Archives/edgar/data/1040792/000121390017012103/f10q0917_helioandmatheson.htm,https://www.sec.gov/Archives/edgar/data/1040792/000121390017012103/f10q0917_helioandmatheson.htm
0,2017-06-30,HMNY,2017-08-11,2017-08-11 17:12:00,Q2,1140000.0,920000.0,220000.0,0.192982,900000.0,1640000.0,0.0,433671.0,2960000.0,3884850.0,2184374.0,430000.0,-2595626.0,-2.276865,-2740000.0,-2.403509,0.0,-5210000.0,-4.570175,10000.0,-5220000.0,-4.578947,-174.0,-174.0,30000.0,30000.0,https://www.sec.gov/Archives/edgar/data/1040792/000143774917014554/hmny20170630_10q.htm,https://www.sec.gov/Archives/edgar/data/1040792/000143774917014554/hmny20170630_10q.htm
0,2017-03-31,HMNY,2017-05-19,2017-05-19 16:03:31,Q1,1360000.0,1110000.0,250000.0,0.183824,0.0,4180000.0,0.0,430925.0,4609999.999999999,5716582.0,3108832.0,430000.0,-2931168.0,-2.155271,-4360000.0,-3.205882,0.0,-6470000.0,-4.757353,30000.0,-6500000.0,-4.779412,-325.0,-325.0,20000.0,20000.0,https://www.sec.gov/Archives/edgar/data/1040792/000143774917009662/hmny20170331_10q.htm,https://www.sec.gov/Archives/edgar/data/1040792/000143774917009662/hmny20170331_10q.htm
0,2016-12-31,HMNY,2017-04-14,2017-04-14 06:14:39,Q4,1150000.0,940000.0,210000.0,0.182609,0.0,1660000.0,0.0,249901.0,1910000.0,2850200.0,4965488.0,250000.0,-1014512.0,-0.882184,-1700000.0,-1.478261,40000.0,-6230000.0,-5.417391,-50000.0,-6180000.0,-5.373913,-618.0,-618.0,10000.0,10000.0,https://www.sec.gov/Archives/edgar/data/1040792/000143774917006576/hmny20161231_10k.htm,https://www.sec.gov/Archives/edgar/data/1040792/000143774917006576/hmny20161231_10k.htm
0,2016-09-30,HMNY,2016-11-21,2016-11-21 06:55:00,Q3,1720000.0,1130000.0,590000.0,0.343023,0.0,740000.0,0.0,2251.0,740000.0000000002,1873872.0,244925.0,0.0,-675075.0,-0.392485,-150000.0,-0.087209,-40000.0,-920000.0,-0.534884,0.0,-920000.0,-0.534884,-92.0,-92.0,10000.0,10000.0,https://www.sec.gov/Archives/edgar/data/1040792/000143774916042436/hmny20160901_10q.htm,https://www.sec.gov/Archives/edgar/data/1040792/000143774916042436/hmny20160901_10q.htm
0,2016-06-30,HMNY,2016-08-15,2016-08-15 16:06:18,Q2,1860000.0,1340000.0,520000.0,0.27957,0.0,610000.0,0.0,3913.0,609999.9999999999,1954099.0,0.0,10000.0,-80000.0,-0.043011,-100000.0,-0.053763,0.0,-90000.0,-0.048387,30000.0,-120000.0,-0.064516,-12.0,-12.0,10000.0,10000.0,https://www.sec.gov/Archives/edgar/data/1040792/000143774916037470/hmny20160630_10q.htm,https://www.sec.gov/Archives/edgar/data/1040792/000143774916037470/hmny20160630_10q.htm
0,2016-03-31,HMNY,2016-05-16,2016-05-16 14:14:00,Q1,2030000.0,1450000.0,570000.0,0.280788,0.0,720000.0,0.0,3314.0,730000.0000000002,2177864.0,0.0,0.0,-150000.0,-0.073892,-150000.0,-0.073892,0.0,-150000.0,-0.073892,0.0,-150000.0,-0.073892,-15.0,-15.0,10000.0,10000.0,https://www.sec.gov/Archives/edgar/data/1040792/000143774916031973/hmny20160331_10q.htm,https://www.sec.gov/Archives/edgar/data/1040792/000143774916031973/hmny20160331_10q.htm
0,2015-12-31,HMNY,2016-03-28,2016-03-28 16:07:37,Q4,2370000.0,1600000.0,770000.0,0.324895,0.0,670000.0,0.0,348260.0,679999.9999999997,2621760.0,0.0,0.0,90000.0,0.037975,90000.0,0.037975,0.0,90000.0,0.037975,60000.0,30000.0,0.012658,3.0,3.0,10000.0,10000.0,https://www.sec.gov/Archives/edgar/data/1040792/000143774916028509/hmny20151231_10k.htm,https://www.sec.gov/Archives/edgar/data/1040792/000143774916028509/hmny20151231_10k.htm
0,2015-09-30,HMNY,2015-11-16,2015-11-16 16:46:35,Q3,2460000.0,1710000.0,750000.0,0.304878,0.0,660000.0,0.0,2971.0,669999.9999999999,2377724.0,0.0,0.0,-2260000.0,-0.918699,80000.0,0.03252,-2340000.0,-2260000.0,-0.918699,0.0,-2260000.0,-0.918699,-226.0,-226.0,10000.0,10000.0,https://www.sec.gov/Archives/edgar/data/1040792/000143774915020958/hmny20150930_10q.htm,https://www.sec.gov/Archives/edgar/data/1040792/000143774915020958/hmny20150930_10q.htm
0,2015-06-30,HMNY,2015-08-10,2015-08-10 09:23:26,Q2,2410000.0,1810000.0,610000.0,0.253112,0.0,540000.0,0.0,2760.0,540000.0,2346281.0,0.0,10000.0,80000.0,0.033195,70000.0,0.029046,0.0,70000.0,0.029046,0.0,70000.0,0.029046,7.0,7.0,10000.0,10000.0,https://www.sec.gov/Archives/edgar/data/1040792/000143774915015340/hmny20150630_10q.htm,https://www.sec.gov/Archives/edgar/data/1040792/000143774915015340/hmny20150630_10q.htm
0,2015-03-31,HMNY,2015-05-14,2015-05-14 09:29:18,Q1,2490000.0,1870000.0,620000.0,0.248996,0.0,560000.0,0.0,3065.0,569999.9999999998,2438239.0,0.0,0.0,60000.0,0.024096,60000.0,0.024096,0.0,60000.0,0.024096,0.0,60000.0,0.024096,6.0,6.0,10000.0,10000.0,https://www.sec.gov/Archives/edgar/data/1040792/000143774915010043/hmny20150331_10q.htm,https://www.sec.gov/Archives/edgar/data/1040792/000143774915010043/hmny20150331_10q.htm
0,2014-12-31,HMNY,2015-03-27,2015-03-27 11:34:00,Q4,2400000.0,1780000.0,620000.0,0.258333,0.0,600000.0,0.0,2684.0,610000.0000000001,2385969.0,0.0,0.0,10000.0,0.004167,10000.0,0.004167,0.0,10000.0,0.004167,0.0,10000.0,0.004167,1.0,1.0,10000.0,10000.0,https://www.sec.gov/Archives/edgar/data/1040792/000143774915006208/hmny20141231_10k.htm,https://www.sec.gov/Archives/edgar/data/1040792/000143774915006208/hmny20141231_10k.htm
0,2014-09-30,HMNY,2014-11-10,2014-11-10 08:32:32,Q3,2510000.0,1990000.0,520000.0,0.207171,0.0,550000.0,0.0,3520.0,550000.0,2536799.0,0.0,10000.0,-20000.0,-0.007968,-30000.0,-0.011952,0.0,-20000.0,-0.007968,0.0,-30000.0,-0.011952,-3.0,-3.0,10000.0,10000.0,https://www.sec.gov/Archives/edgar/data/1040792/000143774914020116/hmny20140930_10q.htm,https://www.sec.gov/Archives/edgar/data/1040792/000143774914020116/hmny20140930_10q.htm
0,2014-06-30,HMNY,2014-08-13,2014-08-13 08:45:57,Q2,2800000.0,2300000.0,500000.0,0.178571,0.0,570000.0,0.0,2675.0,580000.0000000001,2881937.0,0.0,0.0,-80000.0,-0.028571,-80000.0,-0.028571,0.0,-80000.0,-0.028571,0.0,-80000.0,-0.028571,-8.0,-8.0,10000.0,10000.0,https://www.sec.gov/Archives/edgar/data/1040792/000143774914015201/hmny20140630_10q.htm,https://www.sec.gov/Archives/edgar/data/1040792/000143774914015201/hmny20140630_10q.htm
0,2014-03-31,HMNY,2014-05-09,2014-05-09 08:01:15,Q1,2930000.0,2400000.0,540000.0,0.1843,0.0,620000.0,0.0,2250.0,620000.0000000001,3019695.0,0.0,0.0,-90000.0,-0.030717,-90000.0,-0.030717,0.0,-80000.0,-0.027304,0.0,-90000.0,-0.030717,-9.0,-9.0,10000.0,10000.0,https://www.sec.gov/Archives/edgar/data/1040792/000143774914008466/hmny20140331_10q.htm,https://www.sec.gov/Archives/edgar/data/1040792/000143774914008466/hmny20140331_10q.htm
0,2013-12-31,HMNY,2014-03-03,2014-03-03 13:04:10,Q4,3230000.0,2630000.0,600000.0,0.185759,0.0,530000.0,0.0,2990.0,530000.0000000002,3164278.0,0.0,0.0,70000.0,0.021672,70000.0,0.021672,0.0,70000.0,0.021672,0.0,70000.0,0.021672,7.0,7.0,10000.0,10000.0,https://www.sec.gov/Archives/edgar/data/1040792/000143774914003183/hmny20131231_10k.htm,https://www.sec.gov/Archives/edgar/data/1040792/000143774914003183/hmny20131231_10k.htm
0,2013-09-30,HMNY,2013-11-12,2013-11-12 08:02:15,Q3,3420000.0,2750000.0,670000.0,0.195906,0.0,570000.0,0.0,2639.0,569999.9999999998,3322293.0,0.0,10000.0,100000.0,0.02924,90000.0,0.026316,0.0,90000.0,0.026316,-10000.0,100000.0,0.02924,10.0,10.0,10000.0,10000.0,https://www.sec.gov/Archives/edgar/data/1040792/000143774913014392/hmny20131028_10q.htm,https://www.sec.gov/Archives/edgar/data/1040792/000143774913014392/hmny20131028_10q.htm
0,2013-06-30,HMNY,2013-08-02,Not found...,Q2,3440000.0,2650000.0,790000.0,0.229651,0.0,680000.0,0.0,2494.0,680000.0000000002,3329676.0,0.0,0.0,110000.0,0.031977,110000.0,0.031977,0.0,110000.0,0.031977,0.0,110000.0,0.031977,11.0,11.0,10000.0,10000.0,https://www.sec.gov/Archives/edgar/data/1040792/000143774913009794/hmny20130718_10q.htm,https://www.sec.gov/Archives/edgar/data/1040792/000143774913009794/hmny20130718_10q.htm
0,2013-03-31,HMNY,2013-05-06,Not found...,Q1,3200000.0,2530000.0,670000.0,0.209375,0.0,570000.0,0.0,2472.0,570000.0000000003,3099720.0,0.0,0.0,100000.0,0.03125,100000.0,0.03125,0.0,100000.0,0.03125,0.0,100000.0,0.03125,10.0,10.0,10000.0,10000.0,https://www.sec.gov/Archives/edgar/data/1040792/000143774913005314/hmny_10q-033113.htm,https://www.sec.gov/Archives/edgar/data/1040792/000143774913005314/hmny_10q-033113.htm
0,2012-12-31,HMNY,2013-03-04,Not found...,Q4,3330000.0,2630000.0,700000.0,0.21021,0.0,540000.0,0.0,2070.0,540000.0,3169345.0,0.0,0.0,150000.0,0.045045,160000.0,0.048048,0.0,160000.0,0.048048,-10000.0,160000.0,0.048048,16.0,16.0,10000.0,10000.0,https://www.sec.gov/Archives/edgar/data/1040792/000143774913002262/helios_10k-123112.htm,https://www.sec.gov/Archives/edgar/data/1040792/000143774913002262/helios_10k-123112.htm
0,2012-09-30,HMNY,2012-11-05,Not found...,Q3,3400000.0,2650000.0,750000.0,0.220588,0.0,600000.0,0.0,2703.0,609999.9999999999,3257686.0,0.0,0.0,150000.0,0.044118,150000.0,0.044118,0.0,150000.0,0.044118,10000.0,140000.0,0.041176,14.0,14.0,10000.0,10000.0,https://www.sec.gov/Archives/edgar/data/1040792/000143774912010950/hmny20121026_10q.htm,https://www.sec.gov/Archives/edgar/data/1040792/000143774912010950/hmny20121026_10q.htm
0,2012-06-30,HMNY,2012-08-03,Not found...,Q2,2960000.0,2260000.0,700000.0,0.236486,0.0,590000.0,0.0,4301.0,600000.0000000001,2858355.0,0.0,0.0,110000.0,0.037162,100000.0,0.033784,0.0,110000.0,0.037162,10000.0,100000.0,0.033784,10.0,10.0,10000.0,10000.0,https://www.sec.gov/Archives/edgar/data/1040792/000143774912007670/hmit_10q-063012.htm,https://www.sec.gov/Archives/edgar/data/1040792/000143774912007670/hmit_10q-063012.htm
0,2012-03-31,HMNY,2012-05-15,Not found...,Q1,2680000.0,2040000.0,640000.0,0.238806,0.0,530000.0,0.0,5018.0,620000.0000000001,2577563.0,0.0,10000.0,30000.0,0.011194,20000.0,0.007463,0.0,20000.0,0.007463,10000.0,10000.0,0.003731,1.0,1.0,10000.0,10000.0,https://www.sec.gov/Archives/edgar/data/1040792/000114420412029132/v311567_10q.htm,https://www.sec.gov/Archives/edgar/data/1040792/000114420412029132/v311567_10q.htm
0,2011-12-31,HMNY,2012-03-13,Not found...,Q4,2830000.0,2100000.0,730000.0,0.257951,0.0,490000.0,0.0,29823.0,489999.99999999977,4822373.0,0.0,0.0,240000.0,0.084806,240000.0,0.084806,0.0,240000.0,0.084806,0.0,240000.0,0.084806,24.0,24.0,10000.0,10000.0,https://www.sec.gov/Archives/edgar/data/1040792/000114420412014589/v303156_10k.htm,https://www.sec.gov/Archives/edgar/data/1040792/000114420412014589/v303156_10k.htm
0,2011-09-30,HMNY,2011-11-14,Not found...,Q3,3140000.0,2510000.0,630000.0,0.200637,0.0,560000.0,0.0,5330.0,560000.0,3068915.0,0.0,10000.0,70000.0,0.022293,70000.0,0.022293,0.0,70000.0,0.022293,0.0,60000.0,0.019108,6.0,6.0,10000.0,10000.0,https://www.sec.gov/Archives/edgar/data/1040792/000114420411063376/v237487_10q.htm,https://www.sec.gov/Archives/edgar/data/1040792/000114420411063376/v237487_10q.htm
0,2011-06-30,HMNY,2011-08-15,Not found...,Q2,2990000.0,2440000.0,550000.0,0.183946,0.0,520000.0,0.0,13165.0,530000.0000000002,2962009000,-3339000.0,0.0,-3309000.0,-1.106689,20000.0,0.006689,0.0,20000.0,0.006689,10000.0,20000.0,0.006689,2.0,2.0,10000.0,10000.0,https://www.sec.gov/Archives/edgar/data/1040792/000114420411046858/v228931_10q.htm,https://www.sec.gov/Archives/edgar/data/1040792/000114420411046858/v228931_10q.htm
0,2011-03-31,HMNY,2011-05-13,2011-05-13 07:53:00,Q1,3250000.0,2630000.0,620000.0,0.190769,0.0,720000.0,0.0,0.0,730000.0,3354477000,0.0,10000.0,-100000.0,-0.030769,-110000.0,-0.033846,0.0,-110000.0,-0.033846,10000.0,-120000.0,-0.036923,-12.0,-12.0,10000.0,10000.0,https://www.sec.gov/Archives/edgar/data/1040792/000095012311049741/c17185e10vq.htm,https://www.sec.gov/Archives/edgar/data/1040792/000095012311049741/c17185e10vq.htm
0,2010-12-31,HMNY,2011-03-16,2011-03-16 14:06:45,Q4,3420000.0,2800000.0,620000.0,0.181287,0.0,770000.0,0.0,0.0,780000.0000000002,3570004000,0.0,10000.000000000002,-150000.0,-0.04386,-160000.0,-0.046784,0.0,-160000.0,-0.046784,0.0,-160000.0,-0.046784,-16.0,-16.0,10000.0,10000.0,https://www.sec.gov/Archives/edgar/data/1040792/000095012311025881/c14213e10vk.htm,https://www.sec.gov/Archives/edgar/data/1040792/000095012311025881/c14213e10vk.htm
0,2010-09-30,HMNY,2010-11-15,2010-11-15 10:15:48,Q3,3450000.0,2780000.0,670000.0,0.194203,0.0,660000.0,0.0,0.0,670000.0000000003,3443414000,0.0,10000.000000000002,10000.000000000002,0.002899,0.0,0.0,0.0,0.0,0.0,-10000.0,10000.0,0.002899,1.0,1.0,10000.0,10000.0,https://www.sec.gov/Archives/edgar/data/1040792/000095012310105370/c08386e10vq.htm,https://www.sec.gov/Archives/edgar/data/1040792/000095012310105370/c08386e10vq.htm
0,2010-06-30,HMNY,2010-08-16,2010-08-16 16:30:43,Q2,2960000.0,2310000.0,650000.0,0.219595,0.0,1060000.0,0.0,0.0,1069999.9999999998,3369810000,0.0,9999.999999999998,-420000.0,-0.141892,-420000.0,-0.141892,0.0,-420000.0,-0.141892,0.0,-430000.0,-0.14527,-86.41,-86.41,0.0,0.0,https://www.sec.gov/Archives/edgar/data/1040792/000095012310078041/c04913e10vq.htm,https://www.sec.gov/Archives/edgar/data/1040792/000095012310078041/c04913e10vq.htm
0,2010-03-31,HMNY,2010-05-14,2010-05-14 16:38:07,Q1,3440000.0,2640000.0,800000.0,0.232558,0.0,1150000.0,0.0,0.0,1170000.0,3789393000,0.0,20000.0,-340000.0,-0.098837,-360000.0,-0.104651,0.0,-360000.0,-0.104651,0.0,-360000.0,-0.104651,-73.52,-73.52,0.0,0.0,https://www.sec.gov/Archives/edgar/data/1040792/000095012310049720/c01099e10vq.htm,https://www.sec.gov/Archives/edgar/data/1040792/000095012310049720/c01099e10vq.htm
0,2009-12-31,HMNY,2010-03-31,2010-03-31 17:10:14,Q4,3960000.0,2930000.0,1030000.0,0.260101,0.0,1340000.0,0.0,0.0,1369999.9999999998,4269916000,0.0,19999.99999999999,-320000.0,-0.080808,-330000.0,-0.083333,0.0,-330000.0,-0.083333,0.0,-340000.0,-0.085859,-77.53,-77.53,0.0,0.0,https://www.sec.gov/Archives/edgar/data/1040792/000095012310030965/c98484e10vk.htm,https://www.sec.gov/Archives/edgar/data/1040792/000095012310030965/c98484e10vk.htm
0,2009-09-30,HMNY,2009-11-12,2009-11-12 15:34:00,Q3,3560000.0,2770000.0,800000.0,0.224719,0.0,1300000.0,0.0,0.0,1329999.9999999995,4070592000,0.0,30000.0,-500000.0,-0.140449,-540000.0,-0.151685,0.0,-540000.0,-0.151685,10000.0,-540000.0,-0.151685,-141.08,-141.08,0.0,0.0,https://www.sec.gov/Archives/edgar/data/1040792/000095012309061728/c92317e10vq.htm,https://www.sec.gov/Archives/edgar/data/1040792/000095012309061728/c92317e10vq.htm
0,2009-06-30,HMNY,2009-08-10,2009-08-10 13:46:21,Q2,3570000.0,2660000.0,910000.0,0.254902,0.0,1330000.0,0.0,0.0,1359999.9999999993,3985728000,0.0,30000.000000000007,-430000.0,-0.120448,-450000.0,-0.12605,0.0,-450000.0,-0.12605,0.0,-460000.0,-0.128852,-118.65,-118.65,0.0,0.0,https://www.sec.gov/Archives/edgar/data/1040792/000095012309032723/c88896e10vq.htm,https://www.sec.gov/Archives/edgar/data/1040792/000095012309032723/c88896e10vq.htm
0,2009-03-31,HMNY,2009-05-14,2009-05-14 14:57:55,Q1,3800000.0,2840000.0,950000.0,0.25,0.0,1660000.0,0.0,0.0,1690000.0000000005,4498829000,0.0,40000.0,-690000.0,-0.181579,-740000.0,-0.194737,0.0,-740000.0,-0.194737,10000.0,-740000.0,-0.194737,-165.45,-165.45,0.0,0.0,https://www.sec.gov/Archives/edgar/data/1040792/000136231009007445/c85503e10vq.htm,https://www.sec.gov/Archives/edgar/data/1040792/000136231009007445/c85503e10vq.htm
0,2008-12-31,HMNY,2009-03-31,2009-03-31 16:32:41,Q4,5010000.0,3580000.0,1430000.0,0.285429,0.0,1490000.0,0.0,0.0,2670000.0,5067749000,-39942000,39999.99999999998,-41152000,-8.213972,-1250000.0,-0.249501,0.0,-1240000.0,-0.247505,0.0,-1250000.0,-0.249501,-131.52,-131.52,0.0,0.0,https://www.sec.gov/Archives/edgar/data/1040792/000136231009004630/c83155e10vk.htm,https://www.sec.gov/Archives/edgar/data/1040792/000136231009004630/c83155e10vk.htm
0,2008-09-30,HMNY,2008-11-13,2008-11-13 14:24:19,Q3,5040000.0,3840000.0,1200000.0,0.238095,0.0,1460000.0,0.0,0.0,1509999.9999999998,5302299000,0.0,50000.00000000002,-249999.99999999997,-0.049603,-310000.0,-0.061508,0.0,-300000.0,-0.059524,0.0,-300000.0,-0.059524,-78.49,-78.49,0.0,0.0,https://www.sec.gov/Archives/edgar/data/1040792/000136231008007208/c77088e10vq.htm,https://www.sec.gov/Archives/edgar/data/1040792/000136231008007208/c77088e10vq.htm
0,2008-06-30,HMNY,2008-08-14,2008-08-14 12:26:53,Q2,4840000.0,3970000.0,860000.0,0.177686,0.0,1370000.0,0.0,0.0,1419999.9999999995,5340889000,0.0,49999.99999999999,-490000.0,-0.10124,-550000.0,-0.113636,0.0,-540000.0,-0.11157,10000.0,-550000.0,-0.113636,-142.38,-142.38,0.0,0.0,https://www.sec.gov/Archives/edgar/data/1040792/000136231008004639/c74658e10vq.htm,https://www.sec.gov/Archives/edgar/data/1040792/000136231008004639/c74658e10vq.htm
0,2008-03-31,HMNY,2008-05-14,2008-05-14 10:55:18,Q1,4770000.0,3790000.0,990000.0,0.207547,0.0,1790000.0,0.0,0.0,1830000.0,5573086000,0.0,40000.0,-780000.0,-0.163522,-850000.0,-0.178197,0.0,-830000.0,-0.174004,10000.0,-830000.0,-0.174004,-216.7,-216.7,0.0,0.0,https://www.sec.gov/Archives/edgar/data/1040792/000095013608002558/file1.htm,https://www.sec.gov/Archives/edgar/data/1040792/000095013608002558/file1.htm
0,2007-12-31,HMNY,2008-03-25,2008-03-25 14:38:17,Q4,5260000.0,3640000.0,1630000.0,0.309886,0.0,1920000.0,0.0,0.0,1970000.0000000002,5560173000,-157200000,49999.99999999999,-157460000,-29.935361,-340000.0,-0.064639,0.0,-310000.0,-0.058935,-90000.0,-220000.0,-0.041825,-57.89,-57.89,0.0,0.0,https://www.sec.gov/Archives/edgar/data/1040792/000095013608001498/file1.htm,https://www.sec.gov/Archives/edgar/data/1040792/000095013608001498/file1.htm
0,2007-09-30,HMNY,2007-11-13,2007-11-13 06:35:33,Q3,4960000.0,3560000.0,1390000.0,0.280242,0.0,1710000.0,0.0,0.0,1760000.0000000002,5271175000,0.0,50000.00000000002,-280000.0,-0.056452,-360000.0,-0.072581,0.0,-330000.0,-0.066532,-70000.0,-260000.0,-0.052419,-67.56,-67.56,0.0,0.0,https://www.sec.gov/Archives/edgar/data/1040792/000095013607007668/file1.htm,https://www.sec.gov/Archives/edgar/data/1040792/000095013607007668/file1.htm
0,2007-06-30,HMNY,2007-08-10,2007-08-10 17:16:31,Q2,4730000.0,3580000.0,1160000.0,0.245243,0.0,1710000.0,0.0,0.0,1750000.0,5280813000,0.0,39999.99999999999,-520000.0,-0.109937,-600000.0,-0.12685,0.0,-560000.0,-0.118393,10000.0,-570000.0,-0.120507,-148.63,-148.63,0.0,0.0,https://www.sec.gov/Archives/edgar/data/1040792/000095013607005538/file1.htm,https://www.sec.gov/Archives/edgar/data/1040792/000095013607005538/file1.htm
0,2007-03-31,HMNY,2007-05-11,2007-05-11 10:43:46,Q1,5880000.0,3910000.0,1970000.0,0.335034,0.0,1770000.0,0.0,0.0,1809999.9999999995,5672102000,0.0,50000.0,260000.0,0.044218,160000.0,0.027211,0.0,210000.0,0.035714,0.0,210000.0,0.035714,54.88,54.88,0.0,0.0,https://www.sec.gov/Archives/edgar/data/1040792/000095013607003380/file1.htm,https://www.sec.gov/Archives/edgar/data/1040792/000095013607003380/file1.htm
0,2006-12-31,HMNY,,,Q4,6320000.0,4280000.0,2040000.0,0.322785,0.0,1650000.0,0.0,0.0,1689999.9999999995,0.0,0.0,39999.99999999999,430000.0,0.068038,350000.0,0.05538,0.0,390000.0,0.061709,90000.0,300000.0,0.047468,77.65,77.65,0.0,0.0,,
0,2006-09-30,HMNY,,,Q3,5970000.0,4170000.0,1810000.0,0.303183,0.0,1770000.0,0.0,0.0,1799999.9999999998,0.0,0.0,30000.0,50000.0,0.008375,0.0,0.0,0.0,20000.0,0.00335,10000.0,10000.0,0.001675,3.38,3.38,0.0,0.0,,
0,2006-06-30,HMNY,,,Q2,6740000.0,4930000.0,1810000.0,0.268546,0.0,1090000.0,0.0,0.0,1130000.0,0.0,0.0,40000.0,730000.0,0.108309,680000.0,0.10089,0.0,690000.0,0.102374,10000.0,680000.0,0.10089,176.54,176.54,0.0,0.0,,
0,2006-03-31,HMNY,,,Q1,5910000.0,4300000.0,1610000.0,0.27242,0.0,1720000.0,0.0,0.0,1750000.0,0.0,0.0,40000.0,-90000.0,-0.015228,-140000.0,-0.023689,0.0,-140000.0,-0.023689,10000.0,-140000.0,-0.023689,-36.84,-36.84,0.0,0.0,,
0,2005-12-31,HMNY,,,Q4,6760000.0,4510000.0,2240000.0,0.331361,0.0,2000000.0,0.0,0.0,2040000.0,0.0,0.0,40000.00000000001,240000.0,0.035503,210000.0,0.031065,0.0,200000.0,0.029586,0.0,200000.0,0.029586,53.66,53.66,0.0,0.0,,
0,2005-09-30,HMNY,,,Q3,6860000.0,4960000.0,1900000.0,0.276968,0.0,1730000.0,0.0,0.0,1770000.0000000005,0.0,0.0,40000.00000000001,170000.0,0.024781,130000.0,0.01895,0.0,120000.0,0.017493,10000.0,120000.0,0.017493,30.59,30.59,0.0,0.0,,
0,2005-06-30,HMNY,,,Q2,6700000.0,4920000.0,1780000.0,0.265672,0.0,2270000.0,0.0,0.0,2330000.0,0.0,0.0,60000.0,-490000.0,-0.073134,-540000.0,-0.080597,0.0,-540000.0,-0.080597,0.0,-550000.0,-0.08209,-149.64,-149.64,0.0,0.0,,
0,2005-03-31,HMNY,,,Q1,6120000.0,4240000.0,1880000.0,0.30719,0.0,2070000.0,0.0,0.0,2130000.0,0.0,0.0,60000.0,-190000.0,-0.031046,-260000.0,-0.042484,0.0,-250000.0,-0.04085,10000.0,-260000.0,-0.042484,-77.56,-77.56,0.0,0.0,,
0,2004-12-31,HMNY,,,Q4,6300000.0,4320000.0,1990000.0,0.315873,0.0,1570000.0,0.0,0.0,1630000.0,0.0,0.0,70000.0,420000.0,0.066667,350000.0,0.055556,0.0,350000.0,0.055556,0.0,350000.0,0.055556,89.89,89.89,0.0,0.0,,
0,2004-09-30,HMNY,,,Q3,6590000.0,4490000.0,2100000.0,0.318665,0.0,1630000.0,0.0,0.0,1700000.0000000002,0.0,0.0,59999.99999999997,449999.99999999994,0.068285,400000.0,0.060698,0.0,390000.0,0.059181,20000.0,370000.0,0.056146,98.1,98.1,0.0,0.0,,
0,2004-06-30,HMNY,,,Q2,6350000.0,4440000.0,1910000.0,0.300787,0.0,1460000.0,0.0,0.0,1569999.9999999993,0.0,0.0,110000.00000000001,440000.0,0.069291,340000.0,0.053543,0.0,330000.0,0.051969,30000.0,300000.0,0.047244,78.77,78.77,0.0,0.0,,
0,2004-03-31,HMNY,,,Q1,5800000.0,4120000.0,1680000.0,0.289655,0.0,1290000.0,0.0,0.0,1410000.0,0.0,0.0,120000.0,390000.0,0.067241,280000.0,0.048276,0.0,270000.0,0.046552,50000.0,220000.0,0.037931,59.83,59.83,0.0,0.0,,
0,2003-12-31,HMNY,,,Q4,5700000.0,4110000.0,1590000.0,0.278947,0.0,1320000.0,0.0,0.0,1489999.9999999993,0.0,0.0,160000.00000000003,240000.00000000003,0.042105,110000.0,0.019298,0.0,90000.0,0.015789,10000.0,70000.0,0.012281,20.19,20.19,0.0,0.0,,
0,2003-09-30,HMNY,,,Q3,5550000.0,3990000.0,1560000.0,0.281081,0.0,1210000.0,0.0,0.0,1380000.0,0.0,0.0,169999.99999999997,339999.99999999994,0.061261,180000.0,0.032432,0.0,170000.0,0.030631,0.0,170000.0,0.030631,47.69,47.69,0.0,0.0,,
0,2003-06-30,HMNY,,,Q2,5280000.0,3950000.0,1330000.0,0.251894,0.0,1310000.0,0.0,0.0,1540000.0,0.0,0.0,219999.99999999997,-3e-11,0.0,-210000.0,-0.039773,0.0,-220000.0,-0.041667,0.0,-220000.0,-0.041667,-67.67,-67.67,0.0,0.0,,
0,2003-03-31,HMNY,,,Q1,5110000.0,3770000.0,1340000.0,0.262231,0.0,1260000.0,0.0,0.0,1460000.0000000005,0.0,0.0,200000.0,70000.0,0.013699,-120000.0,-0.023483,0.0,-130000.0,-0.02544,10000.0,-140000.0,-0.027397,-45.01,-45.01,0.0,0.0,,
0,2002-12-31,HMNY,,,Q4,6080000.0,4190000.0,1890000.0,0.310855,0.0,1510000.0,0.0,0.0,1710000.0,0.0,0.0,209999.99999999997,339999.99999999994,0.055921,170000.0,0.027961,0.0,140000.0,0.023026,-30000.0,160000.0,0.026316,48.23,48.23,0.0,0.0,,
0,2002-09-30,HMNY,,,Q3,5830000.0,4130000.0,1700000.0,0.291595,0.0,1780000.0,0.0,0.0,2170000.0,0.0,0.0,230000.00000000003,-269999.99999999994,-0.046312,-470000.0,-0.080617,0.0,-500000.0,-0.085763,0.0,-500000.0,-0.085763,-123.95,-123.95,0.0,0.0,,
0,2002-06-30,HMNY,,,Q2,5640000.0,3910000.0,1740000.0,0.308511,0.0,1430000.0,0.0,0.0,1639999.9999999998,0.0,0.0,210000.0,270000.0,0.047872,90000.0,0.015957,0.0,60000.0,0.010638,20000.0,40000.0,0.007092,13.47,13.47,0.0,0.0,,
0,2002-03-31,HMNY,,,Q1,6460000.0,4630000.0,1830000.0,0.283282,0.0,1540000.0,0.0,0.0,1710000.0,0.0,0.0,220000.0,290000.0,0.044892,120000.0,0.018576,0.0,70000.0,0.010836,-430000.0,500000.0,0.077399,163.37,163.37,0.0,0.0,,
0,2001-12-31,HMNY,,,Q4,7340000.0,5050000.0,2290000.0,0.311989,0.0,1880000.0,0.0,0.0,2090000.0,0.0,0.0,229999.99999999988,449999.9999999999,0.061308,200000.0,0.027248,0.0,160000.0,0.021798,30000.0,190000.0,0.025886,38.85,38.85,0.0,0.0,,
0,2001-09-30,HMNY,,,Q3,7350000.0,4980000.0,2370000.0,0.322449,0.0,2000000.0,0.0,0.0,2239999.999999999,0.0,0.0,240000.0000000001,480000.0000000001,0.065306,140000.0,0.019048,0.0,50000.0,0.006803,0.0,240000.0,0.032653,17.5,17.5,0.0,0.0,,
0,2001-06-30,HMNY,,,Q2,9390000.0,7480000.0,1910000.0,0.203408,0.0,3520000.0,0.0,0.0,10980000,0.0,0.0,259999.99999999994,-8930000.0,-0.951012,-9070000.0,-0.965921,0.0,-9190000.0,-0.978701,0.0,-9190000.0,-0.978701,-701.5,-701.5,0.0,0.0,,
0,2001-03-31,HMNY,,,Q1,12150000,9850000.0,2300000.0,0.1893,0.0,5070000.0,0.0,0.0,7040000.000000001,0.0,0.0,430000.0,-4460000.0,-0.367078,-4740000.0,-0.390123,0.0,-4890000.0,-0.402469,0.0,-4890000.0,-0.402469,-1176.78,-1176.78,0.0,0.0,,
0,2000-12-31,HMNY,,,Q4,14040000,9860000.0,4180000.0,0.297721,0.0,10460000,0.0,0.0,11200000,0.0,0.0,740000.0000000002,-6390000.0,-0.455128,-7020000.0,-0.5,0.0,-7130000.0,-0.507835,40000.0,-7170000.0,-0.510684,-2850.4,-2850.4,0.0,0.0,,
0,2000-09-30,HMNY,,,Q3,12810000,9940000.0,2870000.0,0.224044,0.0,8130000.0,0.0,0.0,8700000.000000002,0.0,0.0,580000.0000000001,-5310000.0,-0.41452,-5830000.0,-0.455113,0.0,-5890000.0,-0.459797,500000.0,-6390000.0,-0.498829,-2383.99,-2383.99,0.0,0.0,,
0,2000-06-30,HMNY,,,Q2,15030000,10040000,4990000.0,0.332003,0.0,7140000.0,0.0,0.0,7730000.0,0.0,0.0,580000.0,-2210000.0,-0.147039,-2740000.0,-0.182302,0.0,-2790000.0,-0.185629,-1000000.0,-1790000.0,-0.119095,-747.51,-747.51,0.0,0.0,,
0,2000-03-31,HMNY,,,Q1,13150000,9230000.0,3920000.0,0.298099,0.0,5880000.0,0.0,0.0,6449999.999999999,0.0,0.0,570000.0,-1960000.0,-0.149049,-2530000.0,-0.192395,0.0,-2530000.0,-0.192395,-1080000.0,-1450000.0,-0.110266,-659.04,-659.04,0.0,0.0,,
0,1999-12-31,HMNY,,,Q4,12220000,9020000.0,3210000.0,0.262684,0.0,7580000.0,0.0,0.0,7570000.0,0.0,0.0,620000.0,-3700000.0,-0.302782,-4370000.0,-0.35761,0.0,-4310000.0,-0.3527,-950000.0,-3370000.0,-0.275777,-1549.61,-1549.61,0.0,0.0,,
0,1999-09-30,HMNY,,,Q3,14210000,9340000.0,4870000.0,0.342716,0.0,5940000.0,0.0,0.0,5930000.0,0.0,0.0,459999.99999999994,-530000.0,-0.037298,-1070000.0,-0.075299,0.0,-990000.0,-0.069669,-170000.0,-820000.0,-0.057706,-374.2,-374.2,0.0,0.0,,
0,1999-06-30,HMNY,,,Q2,14530000,9130000.0,5400000.0,0.371645,0.0,4080000.0,0.0,0.0,4080000.0,0.0,0.0,220000.00000000003,1770000.0,0.121817,1320000.0,0.090847,0.0,1550000.0,0.106676,660000.0,890000.0,0.061253,400.91,400.91,0.0,0.0,,
0,1999-03-31,HMNY,,,Q1,12550000,8210000.0,4340000.0,0.345817,0.0,3430000.0,0.0,0.0,3429999.9999999995,0.0,0.0,180000.0,1300000.0,0.103586,910000.0,0.07251,0.0,1120000.0,0.089243,480000.0,640000.0,0.050996,289.14,289.14,0.0,0.0,,
0,1998-12-31,HMNY,,,Q4,13410000,8900000.0,4510000.0,0.336316,0.0,3190000.0,0.0,0.0,3189999.9999999995,0.0,0.0,150000.00000000003,1610000.0,0.12006,1320000.0,0.098434,0.0,1460000.0,0.108874,650000.0,810000.0,0.060403,371.01,371.01,0.0,0.0,,
0,1998-09-30,HMNY,,,Q3,12670000,8350000.0,4320000.0,0.340963,0.0,3200000.0,0.0,0.0,3210000.000000001,0.0,0.0,109999.99999999999,1380000.0,0.108919,1120000.0,0.088398,0.0,1270000.0,0.100237,550000.0,720000.0,0.056827,326.34,326.34,0.0,0.0,,
0,1998-06-30,HMNY,,,Q2,12400000,8080000.0,4320000.0,0.348387,0.0,3280000.0,0.0,0.0,3279999.9999999995,0.0,0.0,99999.99999999999,1320000.0,0.106452,1040000.0,0.083871,0.0,1220000.0,0.098387,530000.0,690000.0,0.055645,313.13,313.13,0.0,0.0,,
0,1998-03-31,HMNY,,,Q1,10450000,6830000.0,3610000.0,0.345455,0.0,2800000.0,0.0,0.0,2800000.000000001,0.0,0.0,80000.0,1070000.0,0.102392,820000.0,0.078469,0.0,990000.0,0.094737,420000.0,570000.0,0.054545,257.72,257.72,0.0,0.0,,
0,1997-12-31,HMNY,,,Q4,9770000.0,6490000.0,3280000.0,0.335722,0.0,2560000.0,0.0,0.0,2560000.0000000005,0.0,0.0,60000.00000000001,1040000.0,0.106448,720000.0,0.073695,0.0,980000.0,0.100307,410000.0,570000.0,0.058342,250.0,250.0,0.0,0.0,,
0,1997-09-30,HMNY,,,Q3,9170000.0,6220000.0,2950000.0,0.321701,0.0,2000000.0,0.0,0.0,2000000.000000001,0.0,0.0,20000.000000000004,1010000.0,0.110142,950000.0,0.103599,0.0,990000.0,0.107961,490000.0,500000.0,0.054526,291.25,291.25,0.0,0.0,,
0,1997-06-30,HMNY,,,Q2,8850000.0,6110000.0,2740000.0,0.309605,0.0,1790000.0,0.0,0.0,1790000.0,0.0,0.0,30000.0,920000.0,0.103955,950000.0,0.107345,0.0,890000.0,0.100565,70000.0,820000.0,0.092655,320.44,320.44,0.0,0.0,,
0,1997-03-31,HMNY,,,Q1,7430000.0,5110000.0,2320000.0,0.312248,0.0,1600000.0,0.0,0.0,1580000.0,0.0,0.0,30000.0,710000.0,0.095559,730000.0,0.09825,0.0,680000.0,0.091521,50000.0,630000.0,0.084791,250.05,250.05,0.0,0.0,,
0,1996-12-31,HMNY,,,Q4,5840000.0,4120000.0,1720000.0,0.294521,0.0,1850000.0,0.0,0.0,1860000.0000000002,0.0,0.0,60000.00000000001,-99999.99999999999,-0.017123,-140000.0,-0.023973,0.0,-160000.0,-0.027397,0.0,-160000.0,-0.027397,52.96,52.96,0.0,0.0,,
0,1996-09-30,HMNY,,,Q3,5260000.0,3590000.0,1670000.0,0.31749,0.0,1740000.0,0.0,0.0,1750000.0,0.0,0.0,20000.0,-70000.0,-0.013308,-70000.0,-0.013308,0.0,-90000.0,-0.01711,0.0,-90000.0,-0.01711,79.84,79.84,0.0,0.0,,
