,date,symbol,fillingDate,acceptedDate,period,revenue,costOfRevenue,grossProfit,grossProfitRatio,researchAndDevelopmentExpenses,generalAndAdministrativeExpenses,sellingAndMarketingExpenses,otherExpenses,operatingExpenses,costAndExpenses,interestExpense,depreciationAndAmortization,ebitda,ebitdaratio,operatingIncome,operatingIncomeRatio,totalOtherIncomeExpensesNet,incomeBeforeTax,incomeBeforeTaxRatio,incomeTaxExpense,netIncome,netIncomeRatio,eps,epsdiluted,weightedAverageShsOut,weightedAverageShsOutDil,link,finalLink
0,2020-06-30,UEPS,2020-09-10,2020-09-10 16:31:30,Q4,25978000,22400000,3578000.0,0.13773192701516668,0.0,15762000,61986000,0.0,24916000.000000004,47316000.00000001,-489000.0,995999.9999999987,-38034000,-1.464085,-21338000,-0.821387,-17517000,-39344000,-1.514512,339000.0,-38880000,-1.496651,-0.69354,-0.69354,56060000,56060000,https://www.sec.gov/Archives/edgar/data/1041514/000106299320004444/0001062993-20-004444-index.htm,https://www.sec.gov/Archives/edgar/data/1041514/000106299320004444/form10k.htm
0,2020-03-31,UEPS,2020-05-26,2020-05-26 16:21:47,Q3,36514000,25783000,10731000,0.29388727611327164,0.0,17454000,12004000,0.0,24942999.999999996,50726000,210000.0,3157000.0,-30874000,-0.845539,-14212000,-0.389221,0.0,-15528000,-0.425262,640000.0,-34881000,-0.955277,-0.62308,-0.62308,55982000,55982000,https://www.sec.gov/Archives/edgar/data/1041514/000106299320002606/0001062993-20-002606-index.htm,https://www.sec.gov/Archives/edgar/data/1041514/000106299320002606/form10q.htm
0,2019-12-31,UEPS,2020-02-10,2020-02-10 13:37:10,Q2,88505000,60823000,27682000,0.312773,0.0,42040000,1266000.0,0.0,34794999.99999999,95618000,-3031000.0,4381000.000000001,-1569999.999999999,-0.017739,-7113000.0,-0.080368,0.0,-10144000,-0.114615,1677000.0,-4597000.0,-0.051941,-0.08211,-0.08211,55983000,55983000,https://www.sec.gov/Archives/edgar/data/1041514/000106299320000544/form10q.htm,https://www.sec.gov/Archives/edgar/data/1041514/000106299320000544/form10q.htm
0,2019-09-30,UEPS,2019-11-07,2019-11-07 16:12:01,Q1,80756000,46794000,33962000,0.420551,0.0,31931000,457000.0,0.0,36696000,83490000,-704000.0,4765000.0,1686000.0,0.020878,-2734000.0,-0.033855,0.0,-3438000.0,-0.042573,2017000.0,-4392000.0,-0.054386,-0.07845,-0.07845,55985000,55985000,https://www.sec.gov/Archives/edgar/data/1041514/000106299319004031/form10k.htm,https://www.sec.gov/Archives/edgar/data/1041514/000106299319004031/form10k.htm
0,2019-06-30,UEPS,2019-10-25,2019-10-25 16:09:46,Q4,51472000,41668000,9804000.0,0.190472,0.0,46380000,-4295000.0,0.0,66842999.99999999,108510999.99999999,-9030000.0,6820999.999999998,-181858000,-3.533144,-57039000,-1.108156,0.0,-183481000,-3.564676,2023000.0,-181672000,-3.529531,-3.24664,-3.24664,55957000,55957000,https://www.sec.gov/Archives/edgar/data/1041514/000106299319004031/form10k.htm,https://www.sec.gov/Archives/edgar/data/1041514/000106299319004031/form10k.htm
0,2019-03-31,UEPS,2019-05-09,2019-05-09 16:17:17,Q3,36586000,29423000,7163000.0,0.195785,0.0,27597000,4295000.0,0.0,33561000.00000001,62984000.00000001,3493000.0,9881000.0,-48996000,-1.339201,-26398000,-0.721533,0.0,-54549000,-1.49098,-3551000.0,-58819000,-1.607691,-1.05088,-1.05088,55971000,55971000,https://www.sec.gov/Archives/edgar/data/1041514/000106299319002085/form10q.htm,https://www.sec.gov/Archives/edgar/data/1041514/000106299319002085/form10q.htm
0,2018-12-31,UEPS,2019-02-07,2019-02-07 16:17:36,Q2,77442000,41231000,36211000,0.467589,0.0,69730000,70996000,0.0,87844000,129075000,2778000.0,9846999.999999998,-56519000,-0.729824,-51633000,-0.666731,0.0,-67855000,-0.876204,-4398000.0,-64746000,-0.836058,-1.1563,-1.1563,55994000,55994000,https://www.sec.gov/Archives/edgar/data/1041514/000106299319000540/form10q.htm,https://www.sec.gov/Archives/edgar/data/1041514/000106299319000540/form10q.htm
0,2018-09-30,UEPS,2018-11-14,2018-11-14 16:07:58,Q1,125900000,72300000,53600000,0.425735,0.0,41900000,41878000,0.0,52700000,125000000,2759000.0,10800000,12959000,0.102931,900000.0,0.007149,0.0,0.0,0.0,6500000.0,-7100000.0,-0.056394,-0.12679,-0.12679,56000000,56000000,https://www.sec.gov/Archives/edgar/data/1041514/000106299318003721/form10k.htm,https://www.sec.gov/Archives/edgar/data/1041514/000106299318003721/form10k.htm
0,2018-06-30,UEPS,2018-09-12,2018-09-12 16:08:11,Q4,149200000,78000000,71200000,0.477212,0.0,51600000,-141417000,0.0,61099999.99999999,139100000,2069000.0,8500000.0,14269000,0.095637,10100000,0.067694,0.0,5600000.0,0.037534,8500000.0,-4800000.0,-0.032172,-0.08081,-0.08081,59400000,59400000,https://www.sec.gov/Archives/edgar/data/1041514/000106299318003721/form10k.htm,https://www.sec.gov/Archives/edgar/data/1041514/000106299318003721/form10k.htm
0,2018-03-31,UEPS,2018-05-10,2018-05-10 16:17:19,Q3,162700000,77900000,84900000,0.521819,0.0,48100000,48091000,0.0,77299999.99999999,155199999.99999997,2426000.0,9300000.0,66826000,0.410731,7600000.0,0.046712,0.0,48100000,0.295636,19400000,35700000,0.219422,0.63864,0.63864,55900000,55900000,https://www.sec.gov/Archives/edgar/data/1041514/000106299318002080/form10q.htm,https://www.sec.gov/Archives/edgar/data/1041514/000106299318002080/form10q.htm
0,2017-12-31,UEPS,2018-02-08,2018-02-08 16:16:59,Q2,148400000,74000000,74400000,0.501348,0.0,49400000,49392000,0.0,58099999.99999999,132100000,2325000.0,8700000.0,32625000,0.219845,16300000,0.109838,0.0,18700000,0.126011,10100000,11500000,0.077493,0.20354,0.20354,56500000,56500000,https://www.sec.gov/Archives/edgar/data/1041514/000106299318000506/form10q.htm,https://www.sec.gov/Archives/edgar/data/1041514/000106299318000506/form10q.htm
0,2017-09-30,UEPS,2017-11-09,2017-11-09 16:17:27,Q1,152600000,74700000,77900000,0.510485,0.0,43900000,43934000,0.0,52899999.99999999,127599999.99999999,2121000.0,9000000.0,40921000,0.268159,25000000,0.163827,0.0,27900000,0.182831,10300000,19500000,0.127785,0.34821,0.34821,56000000,56000000,https://www.sec.gov/Archives/edgar/data/1041514/000106299317003937/form10k.htm,https://www.sec.gov/Archives/edgar/data/1041514/000106299317003937/form10k.htm
0,2017-06-30,UEPS,2017-08-24,2017-08-24 16:17:11,Q4,155100000,73200000,81900000,0.528046,0.0,56900000,-122366000,0.0,67100000.00000001,140300000,1711000.0,10299999.999999996,33510999.999999996,0.216061,14700000,0.094778,0.0,19400000,0.125081,10200000,11300000,0.072856,0.18896,0.18896,59800000,59800000,https://www.sec.gov/Archives/edgar/data/1041514/000106299317003937/form10k.htm,https://www.sec.gov/Archives/edgar/data/1041514/000106299317003937/form10k.htm
0,2017-03-31,UEPS,2017-05-04,2017-05-04 16:16:23,Q3,147900000,70900000,77000000,0.520622,0.0,42200000,42195000,0.0,52500000,123400000,467000.0,10300000,39367000,0.266173,24500000,0.165652,0.0,29200000,0.197431,10200000,18400000,0.124408,0.34201,0.34201,53800000,53800000,https://www.sec.gov/Archives/edgar/data/1041514/000106299317002209/form10q.htm,https://www.sec.gov/Archives/edgar/data/1041514/000106299317002209/form10q.htm
0,2016-12-31,UEPS,2017-02-09,2017-02-09 16:16:51,Q2,151400000,73500000,77900000,0.514531,0.0,41700000,41703000,0.0,52300000,125800000,510000.0,10600000.000000002,40710000,0.26889,25600000,0.169089,0.0,30100000,0.198811,11000000,18600000,0.122853,0.34381,0.34381,54100000,54100000,https://www.sec.gov/Archives/edgar/data/1041514/000106299317000635/form10q.htm,https://www.sec.gov/Archives/edgar/data/1041514/000106299317000635/form10q.htm
0,2016-09-30,UEPS,2016-11-03,2016-11-03 16:17:12,Q1,155600000,74800000,80900000,0.519923,0.0,38500000,38468000,0.0,48700000,123500000,796000.0,10200000,46696000,0.300103,32200000,0.206941,0.0,35700000,0.229434,11100000,24600000,0.158098,0.46857,0.46857,52500000,52500000,https://www.sec.gov/Archives/edgar/data/1041514/000106299316011301/form10k.htm,https://www.sec.gov/Archives/edgar/data/1041514/000106299316011301/form10k.htm
0,2016-06-30,UEPS,2016-08-25,2016-08-25 16:38:34,Q4,151300000,70800000,80500000,0.532056,0.0,37900000,-108007000,0.0,48300000,119100000,543000.0,10399999.999999998,46143000,0.304977,32200000,0.212822,0.0,35600000,0.235294,10800000,24400000,0.161269,0.48317,0.48317,50500000,50500000,https://www.sec.gov/Archives/edgar/data/1041514/000106299316011301/form10k.htm,https://www.sec.gov/Archives/edgar/data/1041514/000106299316011301/form10k.htm
0,2016-03-31,UEPS,2016-05-06,2016-05-06 13:06:24,Q3,134700000,63300000,71500000,0.530809,0.0,36000000,108007000,0.0,45200000,108500000,852000.0,9300000.0,38352000,0.284722,26200000,0.194506,0.0,28700000,0.213066,9800000.0,18400000,0.1366,0.40175,0.40175,45800000,45800000,https://www.sec.gov/Archives/edgar/data/1041514/000106299316009466/form10q.htm,https://www.sec.gov/Archives/edgar/data/1041514/000106299316009466/form10q.htm
0,2015-12-31,UEPS,2016-02-04,2016-02-04 16:17:46,Q2,150300000,78700000,71600000,0.476381,0.0,36200000,-35761000,0.0,46800000,125500000,1054000.0,10600000,38954000,0.259175,24800000,0.165003,0.0,27400000,0.182302,10600000,16700000,0.111111,0.3576,0.3576,46700000,46700000,https://www.sec.gov/Archives/edgar/data/1041514/000106299316007470/form10q.htm,https://www.sec.gov/Archives/edgar/data/1041514/000106299316007470/form10q.htm
0,2015-09-30,UEPS,2015-11-05,2015-11-05 16:31:45,Q1,154500000,77400000,77100000,0.499029,0.0,35800000,35761000,0.0,45899999.99999999,123299999.99999999,974000.0,10100000,44974000,0.291094,31200000,0.201942,0.0,34500000,0.223301,10900000,23000000,0.148867,0.49145,0.49145,46800000,46800000,https://www.sec.gov/Archives/edgar/data/1041514/000106299315004727/form10k.htm,https://www.sec.gov/Archives/edgar/data/1041514/000106299315004727/form10k.htm
0,2015-06-30,UEPS,2015-08-20,2015-08-20 16:16:55,Q4,164300000,80600000,83700000,0.509434,0.0,40800000,-118122000,0.0,51099999.99999999,131700000,1096000.0,10300000.000000004,47296000.00000001,0.287864,32600000,0.198418,0.0,36000000,0.219111,12000000,23900000,0.145466,0.51398,0.51398,46500000,46500000,https://www.sec.gov/Archives/edgar/data/1041514/000106299315004727/form10k.htm,https://www.sec.gov/Archives/edgar/data/1041514/000106299315004727/form10k.htm
0,2015-03-31,UEPS,2015-05-07,2015-05-07 16:11:17,Q3,151100000,71100000,80000000,0.529451,0.0,38000000,38001000,0.0,48100000.00000001,119200000.00000001,941000.0,10099999.999999998,45741000,0.30272,32000000,0.21178,0.0,35200000,0.232958,10300000,24400000,0.161482,0.52814,0.52814,46200000,46200000,https://www.sec.gov/Archives/edgar/data/1041514/000106299315002472/form10q.htm,https://www.sec.gov/Archives/edgar/data/1041514/000106299315002472/form10q.htm
0,2014-12-31,UEPS,2015-02-06,2015-02-05 18:28:59,Q2,154100000,71800000,82400000,0.534718,0.0,41400000,41385000,0.0,51500000,123300000,1107000.0,10100000.000000002,43807000,0.284276,30800000,0.19987,0.0,33300000,0.216093,10200000,22400000,0.14536,0.47761,0.47761,46900000,46900000,https://www.sec.gov/Archives/edgar/data/1041514/000106299315000515/form10q.htm,https://www.sec.gov/Archives/edgar/data/1041514/000106299315000515/form10q.htm
0,2014-09-30,UEPS,2014-11-06,2014-11-06 16:17:08,Q1,156400000,74400000,82000000,0.524297,0.0,38700000,38736000,0.0,48899999.99999999,123299999.99999999,1312000.0,10200000,47212000,0.301867,33100000,0.211637,0.0,35900000,0.22954,11600000,24100000,0.154092,0.52052,0.52052,46300000,46300000,https://www.sec.gov/Archives/edgar/data/1041514/000106299314005255/form10k.htm,https://www.sec.gov/Archives/edgar/data/1041514/000106299314005255/form10k.htm
0,2014-06-30,UEPS,2014-08-28,2014-08-28 16:16:36,Q4,182800000,72600000,110100000,0.602298,0.0,46200000,-121916000,0.0,67500000,140100000,1761000.0,10099999.999999998,57761000,0.315979,42600000,0.233042,0.0,45700000,0.25,17300000,28600000,0.156455,0.58607,0.58607,48800000,48800000,https://www.sec.gov/Archives/edgar/data/1041514/000106299314005255/form10k.htm,https://www.sec.gov/Archives/edgar/data/1041514/000106299314005255/form10k.htm
0,2014-03-31,UEPS,2014-05-08,2014-05-08 16:32:06,Q3,138100000,63100000,75000000,0.543085,0.0,40600000,40586000,0.0,51100000,114200000,1734000.0,10399999.999999998,37834000,0.273961,23900000,0.173063,0.0,25700000,0.186097,8500000.0,17200000,0.124547,0.37555,0.37555,45800000,45800000,https://www.sec.gov/Archives/edgar/data/1041514/000106299314002663/form10q.htm,https://www.sec.gov/Archives/edgar/data/1041514/000106299314002663/form10q.htm
0,2013-12-31,UEPS,2014-02-06,2014-02-06 17:03:13,Q2,137300000,67900000,69400000,0.505462,0.0,40800000,40824000,0.0,50599999.99999999,118500000,2226000.0,9800000.0,31826000,0.231799,18800000,0.136926,0.0,19800000,0.14421,7100000.0,12700000,0.092498,0.27974,0.27974,45400000,45400000,https://www.sec.gov/Archives/edgar/data/1041514/000106299314000536/form10q.htm,https://www.sec.gov/Archives/edgar/data/1041514/000106299314000536/form10q.htm
0,2013-09-30,UEPS,2013-11-07,2013-11-07 16:29:55,Q1,123500000,56600000,66900000,0.5417,0.0,40500000,40506000,0.0,50499999.99999999,107099999.99999999,1752000.0,10000000,29852000,0.241717,16400000,0.132794,0.0,18000000,0.145749,6500000.0,11600000,0.093927,0.25551,0.25551,45400000,45400000,https://www.sec.gov/Archives/edgar/data/1041514/000106299313004373/form10k.htm,https://www.sec.gov/Archives/edgar/data/1041514/000106299313004373/form10k.htm
0,2013-06-30,UEPS,2013-08-22,2013-08-22 16:30:09,Q4,117900000,53000000,64800000,0.549618,0.0,41700000,0.0,0.0,51300000,104300000,1849000.0,9500000.0,27149000,0.230271,13600000,0.115352,0.0,15600000,0.132316,7500000.0,8300000.0,0.070399,0.18043,0.18043,46000000,46000000,https://www.sec.gov/Archives/edgar/data/1041514/000106299313004373/form10k.htm,https://www.sec.gov/Archives/edgar/data/1041514/000106299313004373/form10k.htm
0,2013-03-31,UEPS,2013-05-09,2013-05-09 16:27:06,Q3,111100000,51500000,59700000,0.537354,0.0,53800000,0.0,0.0,64400000,115900000,2023000.0,10600000.000000002,8423000.000000002,0.075815,-4700000.0,-0.042304,0.0,-4200000.0,-0.037804,500000.0,-4700000.0,-0.042304,-0.10307,-0.10307,45600000,45600000,https://www.sec.gov/Archives/edgar/data/1041514/000106299313002366/form10q.htm,https://www.sec.gov/Archives/edgar/data/1041514/000106299313002366/form10q.htm
0,2012-12-31,UEPS,2013-02-07,2013-02-07 16:49:12,Q2,111400000,47200000,64200000,0.576302,0.0,48800000,48756000,0.0,59300000,106500000,2023000.0,10500000,18123000,0.162684,5000000.0,0.044883,0.0,5500000.0,0.049372,3000000.0,2600000.0,0.023339,0.05702,0.05702,45600000,45600000,https://www.sec.gov/Archives/edgar/data/1041514/000106299313000619/form10q.htm,https://www.sec.gov/Archives/edgar/data/1041514/000106299313000619/form10q.htm
0,2012-09-30,UEPS,2012-11-08,2012-11-08 16:50:23,Q1,111700000,45100000,66600000,0.59624,0.0,47300000,47252000,0.0,57300000.00000001,102400000,2071000.0,10000000,22471000,0.201173,9300000.0,0.083259,0.0,10300000,0.092211,3700000.0,6700000.0,0.059982,0.14889,0.14889,45000000,45000000,https://www.sec.gov/Archives/edgar/data/1041514/000106299312003216/form10k.htm,https://www.sec.gov/Archives/edgar/data/1041514/000106299312003216/form10k.htm
0,2012-06-30,UEPS,2012-08-23,2012-08-23 16:25:54,Q4,107600000,41400000,66200000,0.615242,0.0,45100000,-92297000,0.0,68600000,110000000,2130000.0,9300000.0,9630000.0,0.089498,-2400000.0,-0.022305,0.0,-1900000.0,-0.017658,6200000.0,-8000000.0,-0.074349,-0.17582,-0.17582,45500000,45500000,https://www.sec.gov/Archives/edgar/data/1041514/000106299312003216/form10k.htm,https://www.sec.gov/Archives/edgar/data/1041514/000106299312003216/form10k.htm
0,2012-03-31,UEPS,2012-05-10,2012-05-10 16:40:04,Q3,90700000,32500000,58200000,0.641676,0.0,36400000,36368000,0.0,45700000,78200000,2244000.0,9300000.0,23944000,0.263991,12500000,0.137817,0.0,12400000,0.136714,4600000.0,7800000.0,0.085998,0.17181,0.17181,45400000,45400000,https://www.sec.gov/Archives/edgar/data/1041514/000106299312001670/form10q.htm,https://www.sec.gov/Archives/edgar/data/1041514/000106299312001670/form10q.htm
0,2011-12-31,UEPS,2012-02-09,2012-02-09 16:29:04,Q2,92100000,34200000,57900000,0.628664,0.0,28900000,28872000,0.0,37599999.99999999,71800000,2355000.0,8799999.999999998,30855000,0.335016,20200000,0.219327,0.0,19700000,0.213898,-5400000.0,25100000,0.27253,0.55778,0.55778,45000000,45000000,https://www.sec.gov/Archives/edgar/data/1041514/000106299312000466/form10q.htm,https://www.sec.gov/Archives/edgar/data/1041514/000106299312000466/form10q.htm
0,2011-09-30,UEPS,2011-10-27,2011-10-27 16:58:38,Q1,99900000,32900000,67000000,0.670671,0.0,27100000,27057000,0.0,36199999.99999999,69100000,2616000.0,9100000.0,42116000,0.421582,30800000,0.308308,0.0,30200000,0.302302,10600000,19800000,0.198198,0.43902,0.43902,45100000,45100000,https://www.sec.gov/Archives/edgar/data/1041514/000106299311003461/form10k.htm,https://www.sec.gov/Archives/edgar/data/1041514/000106299311003461/form10k.htm
0,2011-06-30,UEPS,2011-08-25,2011-08-25 17:05:02,Q4,97400000,33300000,64100000,0.658111,0.0,28000000,-91707000,0.0,37500000,70800000,8672000.0,9500000.000000004,44072000.00000001,0.452485,26600000,0.273101,0.0,25800000,0.264887,19100000,6800000.0,0.069815,0.14912,0.14912,45600000,45600000,https://www.sec.gov/Archives/edgar/data/1041514/000106299311003461/form10k.htm,https://www.sec.gov/Archives/edgar/data/1041514/000106299311003461/form10k.htm
0,2011-03-31,UEPS,2011-05-05,2011-05-05 16:34:04,Q3,92800000,29300000,63500000,0.684267,0.0,32600000,32618000,0.0,85600000.00000001,114900000.00000001,-1000000.0,11200000,-13000000,-0.140086,-22100000,-0.238147,0.0,-23100000,-0.248922,-1600000.0,-21600000,-0.232759,-0.47473,-0.47473,45500000,45500000,https://www.sec.gov/Archives/edgar/data/1041514/000106299311001920/form10q.htm,https://www.sec.gov/Archives/edgar/data/1041514/000106299311001920/form10q.htm
0,2010-12-31,UEPS,2011-02-03,2011-02-03 16:56:01,Q2,89000000,29200000,59800000,0.67191,0.0,28800000,28763000,0.0,37800000,67000000,-2100000.0,9100000.0,26700000,0.3,22000000,0.247191,0.0,19900000,0.223596,9800000.0,9900000.0,0.111236,0.21758,0.21758,45500000,45500000,https://www.sec.gov/Archives/edgar/data/1041514/000106299311000440/form10q.htm,https://www.sec.gov/Archives/edgar/data/1041514/000106299311000440/form10q.htm
0,2010-09-30,UEPS,2010-11-09,2010-11-09 16:51:07,Q1,64300000,18100000,46200000,0.718507,0.0,30300000,30326000,0.0,35199999.99999999,53299999.99999999,2800000.0,4900000.0,21300000,0.33126,11000000,0.171073,0.0,13800000,0.214619,6200000.0,7400000.0,0.115086,0.163,0.163,45400000,45400000,https://www.sec.gov/Archives/edgar/data/1041514/000106299310002813/form10k.htm,https://www.sec.gov/Archives/edgar/data/1041514/000106299310002813/form10k.htm
0,2010-06-30,UEPS,2010-08-26,2010-08-26 16:32:02,Q4,68700000,17300000,51400000,0.74818,0.0,21900000,-58987000,0.0,64200000,81500000,2600000.0,4900000.0,-1600000.0,-0.02329,-12800000,-0.186317,0.0,-10200000,-0.148472,7900000.0,-17000000,-0.247453,-0.37445,-0.37445,45400000,45400000,https://www.sec.gov/Archives/edgar/data/1041514/000106299310002813/form10k.htm,https://www.sec.gov/Archives/edgar/data/1041514/000106299310002813/form10k.htm
0,2010-03-31,UEPS,2010-05-06,2010-05-06 17:19:06,Q3,72300000,17900000,54400000,0.75242,0.0,22400000,22381000,0.0,27500000,45400000,2200000.0,5200000.000000001,36600000,0.506224,26900000,0.372061,0.0,29100000,0.40249,10400000,18800000,0.260028,0.41228,0.41228,45600000,45600000,https://www.sec.gov/Archives/edgar/data/1041514/000106299310001466/form10q.htm,https://www.sec.gov/Archives/edgar/data/1041514/000106299310001466/form10q.htm
0,2009-12-31,UEPS,2010-02-09,2010-02-09 16:57:58,Q2,73900000,20900000,52900000,0.715832,0.0,18900000,18866000,0.0,23500000,44400000,1900000.0,4600000.0,37300000,0.504736,29400000,0.397835,0.0,31300000,0.423545,11500000,19300000,0.261164,0.42325,0.42325,45600000,45600000,https://www.sec.gov/Archives/edgar/data/1041514/000106299310000371/form10q.htm,https://www.sec.gov/Archives/edgar/data/1041514/000106299310000371/form10q.htm
0,2009-09-30,UEPS,2009-11-05,2009-11-05 16:46:03,Q1,65500000,16800000,48700000,0.743511,0.0,17700000,17740000,0.0,22300000,39100000,2400000.0,4600000.0,35900000,0.548092,26400000,0.403053,0.0,28700000,0.438168,11000000,17900000,0.273282,0.36605,0.36605,48900000,48900000,https://www.sec.gov/Archives/edgar/data/1041514/000106299309003090/form10k.htm,https://www.sec.gov/Archives/edgar/data/1041514/000106299309003090/form10k.htm
0,2009-06-30,UEPS,2009-08-27,2009-08-27 16:44:58,Q4,61600000,18500000,43200000,0.701299,0.0,16800000,-48081000,0.0,20600000,39100000,3200000.0,5100000.000000001,33800000,0.548701,22500000,0.36526,0.0,25700000,0.417208,7300000.0,18200000,0.295455,0.33091,0.33091,55000000,55000000,https://www.sec.gov/Archives/edgar/data/1041514/000106299309003090/form10k.htm,https://www.sec.gov/Archives/edgar/data/1041514/000106299309003090/form10k.htm
0,2009-03-31,UEPS,2009-05-07,2009-05-07 17:21:07,Q3,55900000,15200000,40700000,0.728086,0.0,14800000,14772000,0.0,19800000,35000000,2100000.0,4300000.0,29300000,0.52415,20900000,0.373882,0.0,23000000,0.411449,8500000.0,14400000,0.257603,0.25806,0.25806,55800000,55800000,https://www.sec.gov/Archives/edgar/data/1041514/000106299309001604/form10q.htm,https://www.sec.gov/Archives/edgar/data/1041514/000106299309001604/form10q.htm
0,2008-12-31,UEPS,2009-02-05,2009-02-05 16:56:51,Q2,61400000,17200000,44200000,0.71987,0.0,15300000,15311000,0.0,21400000.000000004,38600000,22900000,4300000.000000001,72000000,1.172638,22800000,0.371336,0.0,45700000,0.7443,17000000,27800000,0.452769,0.48601,0.48601,57200000,57200000,https://www.sec.gov/Archives/edgar/data/1041514/000106299309000370/form10q.htm,https://www.sec.gov/Archives/edgar/data/1041514/000106299309000370/form10q.htm
0,2008-09-30,UEPS,2008-11-06,2008-11-06 17:12:28,Q1,67900000,19200000,48700000,0.717231,0.0,18000000,17998000,0.0,21500000.000000004,40700000.00000001,9200000.0,3400000.0,48700000,0.717231,27300000,0.402062,0.0,36500000,0.537555,9900000.0,26200000,0.385862,0.44863,0.44863,58400000,58400000,https://www.sec.gov/Archives/edgar/data/1041514/000106299308003856/form10k.htm,https://www.sec.gov/Archives/edgar/data/1041514/000106299308003856/form10k.htm
0,2008-06-30,UEPS,2008-08-28,2008-08-28 17:19:05,Q4,62200000,15700000,46600000,0.749196,0.0,16400000,-48915000,0.0,18900000.000000004,34600000,4900000.0,2500000.0,40300000,0.64791,27600000,0.44373,0.0,32500000,0.522508,11400000,21500000,0.345659,0.37326,0.37326,57600000,57600000,https://www.sec.gov/Archives/edgar/data/1041514/000106299308003856/form10k.htm,https://www.sec.gov/Archives/edgar/data/1041514/000106299308003856/form10k.htm
0,2008-03-31,UEPS,2008-05-08,2008-05-08 17:08:47,Q3,63100000,16500000,46600000,0.73851,0.0,15200000,15185000,0.0,17900000,34400000,3800000.0,2700000.000000001,38700000,0.613312,28700000,0.454834,0.0,32400000,0.513471,5200000.0,27000000,0.427892,0.46794,0.46794,57700000,57700000,https://www.sec.gov/Archives/edgar/data/1041514/000106299308002121/form10q.htm,https://www.sec.gov/Archives/edgar/data/1041514/000106299308002121/form10q.htm
0,2007-12-31,UEPS,2008-02-07,2008-02-07 16:22:23,Q2,68500000,20200000,48300000,0.705109,0.0,17300000,17266000,0.0,20099999.999999996,40300000,4100000.0,2899999.9999999995,39100000,0.570803,28200000,0.411679,0.0,32300000,0.471533,11800000,20300000,0.29635,0.35182,0.35182,57700000,57700000,https://www.sec.gov/Archives/edgar/data/1041514/000106299308000452/form10q.htm,https://www.sec.gov/Archives/edgar/data/1041514/000106299308000452/form10q.htm
0,2007-09-30,UEPS,2007-11-08,2007-11-08 17:24:52,Q1,60300000,15100000,45100000,0.747927,0.0,16500000,16464000,0.0,19299999.999999996,34400000,3000000.0,2700000.0,34500000,0.572139,25900000,0.429519,0.0,28900000,0.47927,10900000,17900000,0.296849,0.3113,0.3113,57500000,57500000,https://www.sec.gov/Archives/edgar/data/1041514/000106299307003385/form10k.htm,https://www.sec.gov/Archives/edgar/data/1041514/000106299307003385/form10k.htm
0,2007-06-30,UEPS,2007-08-29,2007-08-29 16:38:54,Q4,60200000,16200000,44000000,0.730897,0.0,16900000,0.0,0.0,19500000.000000004,35700000.00000001,1600000.0,2599999.9999999995,30300000,0.503322,24500000,0.406977,0.0,26100000,0.433555,8600000.0,17500000,0.290698,0.30541,0.30541,57300000,57300000,https://www.sec.gov/Archives/edgar/data/1041514/000106299307003385/form10k.htm,https://www.sec.gov/Archives/edgar/data/1041514/000106299307003385/form10k.htm
0,2007-03-31,UEPS,2007-05-10,2007-05-10 16:24:39,Q3,61300000,13900000,47300000,0.771615,0.0,15500000,0.0,0.0,18300000.000000004,32200000.000000004,700000.0,2700000.0,33100000,0.539967,29100000,0.474715,0.0,29800000,0.486134,11400000,18300000,0.298532,0.31826,0.31826,57500000,57500000,https://www.sec.gov/Archives/edgar/data/1041514/000106299307001696/form10q.htm,https://www.sec.gov/Archives/edgar/data/1041514/000106299307001696/form10q.htm
0,2006-12-31,UEPS,2007-02-07,2007-02-07 17:24:37,Q2,49600000,10900000,38600000,0.778226,0.0,15700000,0.0,0.0,18500000,29400000,1200000.0,2900000.0,25600000,0.516129,20100000,0.405242,0.0,21300000,0.429435,8700000.0,12800000,0.258065,0.22261,0.22261,57500000,57500000,https://www.sec.gov/Archives/edgar/data/1041514/000106299307000422/form10q.htm,https://www.sec.gov/Archives/edgar/data/1041514/000106299307000422/form10q.htm
0,2006-09-30,UEPS,2006-11-08,2006-11-08 16:26:08,Q1,52900000,13300000,39600000,0.748582,0.0,13500000,0.0,0.0,16500000,29800000,900000.0,2900000.0,27700000,0.523629,23200000,0.438563,0.0,24000000,0.453686,8800000.0,15100000,0.285444,0.26307,0.26307,57400000,57400000,https://www.sec.gov/Archives/edgar/data/1041514/000106299306002636/form10k.htm,https://www.sec.gov/Archives/edgar/data/1041514/000106299306002636/form10k.htm
0,2006-06-30,UEPS,2006-08-29,2006-08-29 16:22:05,Q4,48200000,11400000,36800000,0.763485,0.0,12400000,0.0,0.0,13799999.999999998,25200000,2100000.0,1400000.0000000005,28600000,0.593361,23000000,0.477178,0.0,25100000,0.520747,9600000.0,15500000,0.321577,0.26724,0.26724,58000000,58000000,https://www.sec.gov/Archives/edgar/data/1041514/000106299306002636/form10k.htm,https://www.sec.gov/Archives/edgar/data/1041514/000106299306002636/form10k.htm
0,2006-03-31,UEPS,2006-05-09,2006-05-09 16:11:32,Q3,54600000,14500000,40100000,0.734432,0.0,13600000,0.0,0.0,15000000,29500000,1500000.0,1400000.0,29600000,0.542125,25000000,0.457875,0.0,26600000,0.487179,10100000,16600000,0.304029,0.28819,0.28819,57600000,57600000,https://www.sec.gov/Archives/edgar/data/1041514/000106299306001275/form10q.htm,https://www.sec.gov/Archives/edgar/data/1041514/000106299306001275/form10q.htm
0,2005-12-31,UEPS,2006-02-07,2006-02-07 09:02:32,Q2,47400000,12900000,34500000,0.727848,0.0,12000000,0.0,0.0,13400000,26300000,1300000.0,1400000.0,25200000,0.531646,21200000,0.447257,0.0,22500000,0.474684,8600000.0,13900000,0.293249,0.24132,0.24132,57600000,57600000,https://www.sec.gov/Archives/edgar/data/1041514/000106299306000346/form10q.htm,https://www.sec.gov/Archives/edgar/data/1041514/000106299306000346/form10q.htm
0,2005-09-30,UEPS,2005-11-04,2005-11-04 16:28:48,Q1,45900000,11800000,34100000,0.742919,0.0,12100000,0.0,0.0,13700000,25500000,900000.0,1500000.0,24000000,0.522876,20400000,0.444444,0.0,21300000,0.464052,8400000.0,13200000,0.287582,0.23488,0.23488,56200000,56200000,https://www.sec.gov/Archives/edgar/data/1041514/000106299305002172/form10k.htm,https://www.sec.gov/Archives/edgar/data/1041514/000106299305002172/form10k.htm
0,2005-06-30,UEPS,2005-09-13,2005-09-13 10:38:49,Q4,41400000,9500000.0,31900000,0.770531,0.0,13900000,0.0,0.0,15600000.000000002,25100000,900000.0,1699999.9999999993,19800000,0.478261,16300000,0.39372,0.0,17200000,0.415459,7100000.0,10100000,0.243961,0.14616,0.14616,69100000,69100000,https://www.sec.gov/Archives/edgar/data/1041514/000106299305002172/form10k.htm,https://www.sec.gov/Archives/edgar/data/1041514/000106299305002172/form10k.htm
0,2005-03-31,UEPS,2005-05-13,2005-05-13 12:09:10,Q3,45700000,12400000,33200000,0.726477,0.0,11400000,0.0,0.0,13100000,25500000,300000.0,3200000.0,24100000,0.527352,20100000,0.439825,0.0,20400000,0.446389,8600000.0,12000000,0.262582,0.21467,0.21467,55900000,55900000,https://www.sec.gov/Archives/edgar/data/1041514/000106299305001057/form10q.htm,https://www.sec.gov/Archives/edgar/data/1041514/000106299305001057/form10q.htm
0,2004-12-31,UEPS,2005-02-11,2005-02-11 14:07:44,Q2,46000000,14000000,32000000,0.695652,0.0,12100000,0.0,0.0,13700000,27700000,500000.0,99999.99999999987,19500000,0.423913,18300000,0.397826,0.0,18800000,0.408696,6700000.0,12200000,0.265217,0.21903,0.21903,55700000,55700000,https://www.sec.gov/Archives/edgar/data/1041514/000106299305000256/form10q.htm,https://www.sec.gov/Archives/edgar/data/1041514/000106299305000256/form10q.htm
0,2004-09-30,UEPS,2004-11-10,2004-11-10 17:01:46,Q1,43200000,14800000,28400000,0.657407,0.0,10300000,0.0,0.0,11899999.999999998,26700000,700000.0,1600000.0,19700000,0.456019,16600000,0.384259,0.0,17200000,0.398148,7200000.0,10200000,0.236111,0.18345,0.18345,55600000,55600000,https://www.sec.gov/Archives/edgar/data/1041514/000106299304001625/form10k.htm,https://www.sec.gov/Archives/edgar/data/1041514/000106299304001625/form10k.htm
0,2004-06-30,UEPS,2004-10-12,2004-10-12 17:17:52,Q4,39600000,10900000,28700000,0.724747,0.0,14100000,0.0,0.0,23200000.000000004,34100000,1200000.0,5700000.0,13600000,0.343434,5500000.0,0.138889,0.0,6700000.0,0.169192,12000000,-5300000.0,-0.133838,-0.12184,-0.12184,43500000,43500000,https://www.sec.gov/Archives/edgar/data/1041514/000106299304001625/form10k.htm,https://www.sec.gov/Archives/edgar/data/1041514/000106299304001625/form10k.htm
0,2004-03-31,UEPS,2004-05-24,2004-05-24 17:20:10,Q3,36300000,9900000.0,26300000,0.724518,0.0,8300000.0,0.0,0.0,13400000,23300000,900000.0,0.0,14800000,0.407713,13000000,0.358127,0.0,13900000,0.38292,6400000.0,7500000.0,0.206612,0.23292,0.23292,32200000,32200000,https://www.sec.gov/Archives/edgar/data/1041514/000106299304000509/form10k.htm,https://www.sec.gov/Archives/edgar/data/1041514/000106299304000509/form10k.htm
0,2003-12-31,UEPS,2004-04-14,2004-04-14 15:05:47,Q2,29300000,9600000.0,19800000,0.675768,0.0,9600000.0,0.0,0.0,11100000,20700000,700000.0,0.0,10000000,0.341297,8600000.0,0.293515,0.0,9300000.0,0.317406,3800000.0,5500000.0,0.187713,0.17081,0.17081,32200000,32200000,https://www.sec.gov/Archives/edgar/data/1041514/000106299304000509/form10k.htm,https://www.sec.gov/Archives/edgar/data/1041514/000106299304000509/form10k.htm
0,2003-09-30,UEPS,2003-11-13,2003-11-13 16:53:29,Q1,25900000,8700000.0,17100000,0.660232,0.0,7700000.0,0.0,0.0,8800000.0,17500000,900000.0,0.0,10100000,0.389961,8300000.0,0.320463,0.0,9200000.0,0.355212,3700000.0,5500000.0,0.212355,0.17081,0.17081,32200000,32200000,https://www.sec.gov/Archives/edgar/data/1041514/000106299303001144/form10qsb.htm,https://www.sec.gov/Archives/edgar/data/1041514/000106299303001144/form10qsb.htm
0,2003-06-30,UEPS,2003-08-06,2003-08-05 19:24:46,Q2,41017000,0.0,41017000,1.0,0.0,0.0,0.0,0.0,0.0,0.0,0.0,236000.0,-77809000,-1.896994,-78045000,-1.9027476412219324,0.0,-78045000,-1.9027476412219324,0.0,-78045000,-1.9027476412219324,-4.92304,-4.92304,15853000,15853000,https://www.sec.gov/Archives/edgar/data/1041514/000106299303000658/0001062993-03-000658-index.htm,https://www.sec.gov/Archives/edgar/data/1041514/000106299303000658/form10qsb.htm
0,2003-03-31,UEPS,2003-05-15,2003-05-14 17:59:02,Q1,41017000,0.0,41017000,1.0,0.0,0.0,0.0,0.0,0.0,0.0,0.0,246000.0,-12668000,-0.308848,-12914000,-0.3148450642416559,0.0,-12914000,-0.3148450642416559,0.0,-12914000,-0.3148450642416559,-0.81461,-0.81461,15853000,15853000,https://www.sec.gov/Archives/edgar/data/1041514/000106299303000395/0001062993-03-000395-index.htm,https://www.sec.gov/Archives/edgar/data/1041514/000106299303000395/form10qsb.htm
