,date,symbol,fillingDate,acceptedDate,period,revenue,costOfRevenue,grossProfit,grossProfitRatio,researchAndDevelopmentExpenses,generalAndAdministrativeExpenses,sellingAndMarketingExpenses,otherExpenses,operatingExpenses,costAndExpenses,interestExpense,depreciationAndAmortization,ebitda,ebitdaratio,operatingIncome,operatingIncomeRatio,totalOtherIncomeExpensesNet,incomeBeforeTax,incomeBeforeTaxRatio,incomeTaxExpense,netIncome,netIncomeRatio,eps,epsdiluted,weightedAverageShsOut,weightedAverageShsOutDil,link,finalLink
0,2019-09-31,ALBFR.PA,,2019-09-31,Q3,6423761.25,2206799.25,4216962.0,1.5233149480597643,0.0,0.0,0.0,0.0,-189595.5,5852116.0,4110.25,378504.5,946151.5,6.789357993936489,571645.25,11.237321135791822,0.0,541956.5,11.85290932021297,-7180.25,549136.75,11.6979263361995,0.38775,0.381,1413025.0,1440849.0,https://www.infogreffe.com/recherche-entreprise-dirigeants/resultats-entreprise-dirigeants.html?ga_cat=globale&ga_q=A.L.B.F.R#phrase=A.L.B.F.R,https://www.infogreffe.com/recherche-entreprise-dirigeants/resultats-entreprise-dirigeants.html?ga_cat=globale&ga_q=A.L.B.F.R#phrase=A.L.B.F.R
0,2019-06-31,ALBFR.PA,,2019-06-31,Q2,6423761.25,2206799.25,4216962.0,1.5233149480597643,0.0,0.0,0.0,0.0,-189595.5,5852116.0,4110.25,378504.5,946151.5,6.789357993936489,571645.25,11.237321135791822,0.0,541956.5,11.85290932021297,-7180.25,549136.75,11.6979263361995,0.38775,0.381,1413025.0,1440849.0,https://www.infogreffe.com/recherche-entreprise-dirigeants/resultats-entreprise-dirigeants.html?ga_cat=globale&ga_q=A.L.B.F.R#phrase=A.L.B.F.R,https://www.infogreffe.com/recherche-entreprise-dirigeants/resultats-entreprise-dirigeants.html?ga_cat=globale&ga_q=A.L.B.F.R#phrase=A.L.B.F.R
0,2019-03-31,ALBFR.PA,,2019-03-31,Q1,6423761.25,2206799.25,4216962.0,1.5233149480597643,0.0,0.0,0.0,0.0,-189595.5,5852116.0,4110.25,378504.5,946151.5,6.789357993936489,571645.25,11.237321135791822,0.0,541956.5,11.85290932021297,-7180.25,549136.75,11.6979263361995,0.38775,0.381,1413025.0,1440849.0,https://www.infogreffe.com/recherche-entreprise-dirigeants/resultats-entreprise-dirigeants.html?ga_cat=globale&ga_q=A.L.B.F.R#phrase=A.L.B.F.R,https://www.infogreffe.com/recherche-entreprise-dirigeants/resultats-entreprise-dirigeants.html?ga_cat=globale&ga_q=A.L.B.F.R#phrase=A.L.B.F.R
0,2019-01-31,ALBFR.PA,,2019-01-31,Q1,6423761.25,2206799.25,4216962.0,1.5233149480597643,0.0,0.0,0.0,0.0,-189595.5,5852116.0,4110.25,378504.5,946151.5,6.789357993936489,571645.25,11.237321135791822,0.0,541956.5,11.85290932021297,-7180.25,549136.75,11.6979263361995,0.38775,0.381,1413025.0,1440849.0,https://www.infogreffe.com/recherche-entreprise-dirigeants/resultats-entreprise-dirigeants.html?ga_cat=globale&ga_q=A.L.B.F.R#phrase=A.L.B.F.R,https://www.infogreffe.com/recherche-entreprise-dirigeants/resultats-entreprise-dirigeants.html?ga_cat=globale&ga_q=A.L.B.F.R#phrase=A.L.B.F.R
0,2018-09-31,ALBFR.PA,,2018-09-31,Q3,6016995.5,2208886.5,3808109.0,1.5800481288744623,0.0,0.0,0.0,0.0,15859.0,5429069.75,3770.25,177645.75,758202.25,7.935871332484176,587925.75,10.234277882878917,0.0,534970.5,11.24734074121844,-9281.25,544251.75,11.055537258263294,0.389,0.38025,1399301.0,1431156.0,https://www.infogreffe.com/recherche-entreprise-dirigeants/resultats-entreprise-dirigeants.html?ga_cat=globale&ga_q=A.L.B.F.R#phrase=A.L.B.F.R,https://www.infogreffe.com/recherche-entreprise-dirigeants/resultats-entreprise-dirigeants.html?ga_cat=globale&ga_q=A.L.B.F.R#phrase=A.L.B.F.R
0,2018-06-31,ALBFR.PA,,2018-06-31,Q2,6016995.5,2208886.5,3808109.0,1.5800481288744623,0.0,0.0,0.0,0.0,15859.0,5429069.75,3770.25,177645.75,758202.25,7.935871332484176,587925.75,10.234277882878917,0.0,534970.5,11.24734074121844,-9281.25,544251.75,11.055537258263294,0.389,0.38025,1399301.0,1431156.0,https://www.infogreffe.com/recherche-entreprise-dirigeants/resultats-entreprise-dirigeants.html?ga_cat=globale&ga_q=A.L.B.F.R#phrase=A.L.B.F.R,https://www.infogreffe.com/recherche-entreprise-dirigeants/resultats-entreprise-dirigeants.html?ga_cat=globale&ga_q=A.L.B.F.R#phrase=A.L.B.F.R
0,2018-03-31,ALBFR.PA,,2018-03-31,Q1,6016995.5,2208886.5,3808109.0,1.5800481288744623,0.0,0.0,0.0,0.0,15859.0,5429069.75,3770.25,177645.75,758202.25,7.935871332484176,587925.75,10.234277882878917,0.0,534970.5,11.24734074121844,-9281.25,544251.75,11.055537258263294,0.389,0.38025,1399301.0,1431156.0,https://www.infogreffe.com/recherche-entreprise-dirigeants/resultats-entreprise-dirigeants.html?ga_cat=globale&ga_q=A.L.B.F.R#phrase=A.L.B.F.R,https://www.infogreffe.com/recherche-entreprise-dirigeants/resultats-entreprise-dirigeants.html?ga_cat=globale&ga_q=A.L.B.F.R#phrase=A.L.B.F.R
0,2018-01-31,ALBFR.PA,,2018-01-31,Q1,6016995.5,2208886.5,3808109.0,1.5800481288744623,0.0,0.0,0.0,0.0,15859.0,5429069.75,3770.25,177645.75,758202.25,7.935871332484176,587925.75,10.234277882878917,0.0,534970.5,11.24734074121844,-9281.25,544251.75,11.055537258263294,0.389,0.38025,1399301.0,1431156.0,https://www.infogreffe.com/recherche-entreprise-dirigeants/resultats-entreprise-dirigeants.html?ga_cat=globale&ga_q=A.L.B.F.R#phrase=A.L.B.F.R,https://www.infogreffe.com/recherche-entreprise-dirigeants/resultats-entreprise-dirigeants.html?ga_cat=globale&ga_q=A.L.B.F.R#phrase=A.L.B.F.R
0,2017-09-31,ALBFR.PA,,2017-09-31,Q3,5406968.25,1995682.0,3411286.25,1.5850233178174362,0.0,0.0,0.0,0.0,203488.75,4874392.25,1352.25,114070.5,631468.5,8.562530435009823,532576.0,10.152481993180317,0.0,513483.75,10.529969546261201,13073.25,500410.75,10.805060143092449,0.36075,0.353,1387605.0,1418089.0,https://www.infogreffe.com/recherche-entreprise-dirigeants/resultats-entreprise-dirigeants.html?ga_cat=globale&ga_q=A.L.B.F.R#phrase=A.L.B.F.R,https://www.infogreffe.com/recherche-entreprise-dirigeants/resultats-entreprise-dirigeants.html?ga_cat=globale&ga_q=A.L.B.F.R#phrase=A.L.B.F.R
0,2017-06-31,ALBFR.PA,,2017-06-31,Q2,5406968.25,1995682.0,3411286.25,1.5850233178174362,0.0,0.0,0.0,0.0,203488.75,4874392.25,1352.25,114070.5,631468.5,8.562530435009823,532576.0,10.152481993180317,0.0,513483.75,10.529969546261201,13073.25,500410.75,10.805060143092449,0.36075,0.353,1387605.0,1418089.0,https://www.infogreffe.com/recherche-entreprise-dirigeants/resultats-entreprise-dirigeants.html?ga_cat=globale&ga_q=A.L.B.F.R#phrase=A.L.B.F.R,https://www.infogreffe.com/recherche-entreprise-dirigeants/resultats-entreprise-dirigeants.html?ga_cat=globale&ga_q=A.L.B.F.R#phrase=A.L.B.F.R
0,2017-03-31,ALBFR.PA,,2017-03-31,Q1,5406968.25,1995682.0,3411286.25,1.5850233178174362,0.0,0.0,0.0,0.0,203488.75,4874392.25,1352.25,114070.5,631468.5,8.562530435009823,532576.0,10.152481993180317,0.0,513483.75,10.529969546261201,13073.25,500410.75,10.805060143092449,0.36075,0.353,1387605.0,1418089.0,https://www.infogreffe.com/recherche-entreprise-dirigeants/resultats-entreprise-dirigeants.html?ga_cat=globale&ga_q=A.L.B.F.R#phrase=A.L.B.F.R,https://www.infogreffe.com/recherche-entreprise-dirigeants/resultats-entreprise-dirigeants.html?ga_cat=globale&ga_q=A.L.B.F.R#phrase=A.L.B.F.R
0,2017-01-31,ALBFR.PA,,2017-01-31,Q1,5406968.25,1995682.0,3411286.25,1.5850233178174362,0.0,0.0,0.0,0.0,203488.75,4874392.25,1352.25,114070.5,631468.5,8.562530435009823,532576.0,10.152481993180317,0.0,513483.75,10.529969546261201,13073.25,500410.75,10.805060143092449,0.36075,0.353,1387605.0,1418089.0,https://www.infogreffe.com/recherche-entreprise-dirigeants/resultats-entreprise-dirigeants.html?ga_cat=globale&ga_q=A.L.B.F.R#phrase=A.L.B.F.R,https://www.infogreffe.com/recherche-entreprise-dirigeants/resultats-entreprise-dirigeants.html?ga_cat=globale&ga_q=A.L.B.F.R#phrase=A.L.B.F.R
0,2016-09-31,ALBFR.PA,,2016-09-31,Q3,4514251.75,1750655.0,2763596.75,1.633469770870153,0.0,0.0,0.0,0.0,105880.75,3998423.5,0.0,94910.0,618540.0,7.298237381575969,515828.25,8.751462817323402,0.0,511308.75,8.828817715323668,60693.5,442328.5,10.205654281829002,0.3205,0.31275,1379748.0,1414320.0,https://www.infogreffe.com/recherche-entreprise-dirigeants/resultats-entreprise-dirigeants.html?ga_cat=globale&ga_q=A.L.B.F.R#phrase=A.L.B.F.R,https://www.infogreffe.com/recherche-entreprise-dirigeants/resultats-entreprise-dirigeants.html?ga_cat=globale&ga_q=A.L.B.F.R#phrase=A.L.B.F.R
0,2016-06-31,ALBFR.PA,,2016-06-31,Q2,4514251.75,1750655.0,2763596.75,1.633469770870153,0.0,0.0,0.0,0.0,105880.75,3998423.5,0.0,94910.0,618540.0,7.298237381575969,515828.25,8.751462817323402,0.0,511308.75,8.828817715323668,60693.5,442328.5,10.205654281829002,0.3205,0.31275,1379748.0,1414320.0,https://www.infogreffe.com/recherche-entreprise-dirigeants/resultats-entreprise-dirigeants.html?ga_cat=globale&ga_q=A.L.B.F.R#phrase=A.L.B.F.R,https://www.infogreffe.com/recherche-entreprise-dirigeants/resultats-entreprise-dirigeants.html?ga_cat=globale&ga_q=A.L.B.F.R#phrase=A.L.B.F.R
0,2016-03-31,ALBFR.PA,,2016-03-31,Q1,4514251.75,1750655.0,2763596.75,1.633469770870153,0.0,0.0,0.0,0.0,105880.75,3998423.5,0.0,94910.0,618540.0,7.298237381575969,515828.25,8.751462817323402,0.0,511308.75,8.828817715323668,60693.5,442328.5,10.205654281829002,0.3205,0.31275,1379748.0,1414320.0,https://www.infogreffe.com/recherche-entreprise-dirigeants/resultats-entreprise-dirigeants.html?ga_cat=globale&ga_q=A.L.B.F.R#phrase=A.L.B.F.R,https://www.infogreffe.com/recherche-entreprise-dirigeants/resultats-entreprise-dirigeants.html?ga_cat=globale&ga_q=A.L.B.F.R#phrase=A.L.B.F.R
0,2016-01-31,ALBFR.PA,,2016-01-31,Q1,4514251.75,1750655.0,2763596.75,1.633469770870153,0.0,0.0,0.0,0.0,105880.75,3998423.5,0.0,94910.0,618540.0,7.298237381575969,515828.25,8.751462817323402,0.0,511308.75,8.828817715323668,60693.5,442328.5,10.205654281829002,0.3205,0.31275,1379748.0,1414320.0,https://www.infogreffe.com/recherche-entreprise-dirigeants/resultats-entreprise-dirigeants.html?ga_cat=globale&ga_q=A.L.B.F.R#phrase=A.L.B.F.R,https://www.infogreffe.com/recherche-entreprise-dirigeants/resultats-entreprise-dirigeants.html?ga_cat=globale&ga_q=A.L.B.F.R#phrase=A.L.B.F.R
0,2015-09-31,ALBFR.PA,,2015-09-31,Q3,4000391.5,1396166.75,2604224.75,1.536116074467075,0.0,0.0,0.0,0.0,161815.25,3543654.0,0.0,93422.5,575446.75,6.951801361290163,456737.5,8.7586228413476,0.0,436617.5,9.162233533928438,13110.5,411358.0,9.724841865236607,0.3,0.294,1375236.0,1399177.0,https://www.infogreffe.com/recherche-entreprise-dirigeants/resultats-entreprise-dirigeants.html?ga_cat=globale&ga_q=A.L.B.F.R#phrase=A.L.B.F.R,https://www.infogreffe.com/recherche-entreprise-dirigeants/resultats-entreprise-dirigeants.html?ga_cat=globale&ga_q=A.L.B.F.R#phrase=A.L.B.F.R
0,2015-06-31,ALBFR.PA,,2015-06-31,Q2,4000391.5,1396166.75,2604224.75,1.536116074467075,0.0,0.0,0.0,0.0,161815.25,3543654.0,0.0,93422.5,575446.75,6.951801361290163,456737.5,8.7586228413476,0.0,436617.5,9.162233533928438,13110.5,411358.0,9.724841865236607,0.3,0.294,1375236.0,1399177.0,https://www.infogreffe.com/recherche-entreprise-dirigeants/resultats-entreprise-dirigeants.html?ga_cat=globale&ga_q=A.L.B.F.R#phrase=A.L.B.F.R,https://www.infogreffe.com/recherche-entreprise-dirigeants/resultats-entreprise-dirigeants.html?ga_cat=globale&ga_q=A.L.B.F.R#phrase=A.L.B.F.R
0,2015-03-31,ALBFR.PA,,2015-03-31,Q1,4000391.5,1396166.75,2604224.75,1.536116074467075,0.0,0.0,0.0,0.0,161815.25,3543654.0,0.0,93422.5,575446.75,6.951801361290163,456737.5,8.7586228413476,0.0,436617.5,9.162233533928438,13110.5,411358.0,9.724841865236607,0.3,0.294,1375236.0,1399177.0,https://www.infogreffe.com/recherche-entreprise-dirigeants/resultats-entreprise-dirigeants.html?ga_cat=globale&ga_q=A.L.B.F.R#phrase=A.L.B.F.R,https://www.infogreffe.com/recherche-entreprise-dirigeants/resultats-entreprise-dirigeants.html?ga_cat=globale&ga_q=A.L.B.F.R#phrase=A.L.B.F.R
0,2015-01-31,ALBFR.PA,,2015-01-31,Q1,4000391.5,1396166.75,2604224.75,1.536116074467075,0.0,0.0,0.0,0.0,161815.25,3543654.0,0.0,93422.5,575446.75,6.951801361290163,456737.5,8.7586228413476,0.0,436617.5,9.162233533928438,13110.5,411358.0,9.724841865236607,0.3,0.294,1375236.0,1399177.0,https://www.infogreffe.com/recherche-entreprise-dirigeants/resultats-entreprise-dirigeants.html?ga_cat=globale&ga_q=A.L.B.F.R#phrase=A.L.B.F.R,https://www.infogreffe.com/recherche-entreprise-dirigeants/resultats-entreprise-dirigeants.html?ga_cat=globale&ga_q=A.L.B.F.R#phrase=A.L.B.F.R
0,2014-09-31,ALBFR.PA,,2014-09-31,Q3,3516244.5,1088713.75,2427530.75,1.4484860799394612,0.0,0.0,0.0,0.0,173713.25,3027986.75,0.0,84734.0,593627.5,5.92331807404475,488257.75,7.20161533534286,0.0,522573.75,6.728704800040186,89283.0,420725.75,8.357569033984728,0.30975,0.30375,1360886.0,1385105.0,https://www.infogreffe.com/recherche-entreprise-dirigeants/resultats-entreprise-dirigeants.html?ga_cat=globale&ga_q=A.L.B.F.R#phrase=A.L.B.F.R,https://www.infogreffe.com/recherche-entreprise-dirigeants/resultats-entreprise-dirigeants.html?ga_cat=globale&ga_q=A.L.B.F.R#phrase=A.L.B.F.R
0,2014-06-31,ALBFR.PA,,2014-06-31,Q2,3516244.5,1088713.75,2427530.75,1.4484860799394612,0.0,0.0,0.0,0.0,173713.25,3027986.75,0.0,84734.0,593627.5,5.92331807404475,488257.75,7.20161533534286,0.0,522573.75,6.728704800040186,89283.0,420725.75,8.357569033984728,0.30975,0.30375,1360886.0,1385105.0,https://www.infogreffe.com/recherche-entreprise-dirigeants/resultats-entreprise-dirigeants.html?ga_cat=globale&ga_q=A.L.B.F.R#phrase=A.L.B.F.R,https://www.infogreffe.com/recherche-entreprise-dirigeants/resultats-entreprise-dirigeants.html?ga_cat=globale&ga_q=A.L.B.F.R#phrase=A.L.B.F.R
0,2014-03-31,ALBFR.PA,,2014-03-31,Q1,3516244.5,1088713.75,2427530.75,1.4484860799394612,0.0,0.0,0.0,0.0,173713.25,3027986.75,0.0,84734.0,593627.5,5.92331807404475,488257.75,7.20161533534286,0.0,522573.75,6.728704800040186,89283.0,420725.75,8.357569033984728,0.30975,0.30375,1360886.0,1385105.0,https://www.infogreffe.com/recherche-entreprise-dirigeants/resultats-entreprise-dirigeants.html?ga_cat=globale&ga_q=A.L.B.F.R#phrase=A.L.B.F.R,https://www.infogreffe.com/recherche-entreprise-dirigeants/resultats-entreprise-dirigeants.html?ga_cat=globale&ga_q=A.L.B.F.R#phrase=A.L.B.F.R
0,2014-01-31,ALBFR.PA,,2014-01-31,Q1,3516244.5,1088713.75,2427530.75,1.4484860799394612,0.0,0.0,0.0,0.0,173713.25,3027986.75,0.0,84734.0,593627.5,5.92331807404475,488257.75,7.20161533534286,0.0,522573.75,6.728704800040186,89283.0,420725.75,8.357569033984728,0.30975,0.30375,1360886.0,1385105.0,https://www.infogreffe.com/recherche-entreprise-dirigeants/resultats-entreprise-dirigeants.html?ga_cat=globale&ga_q=A.L.B.F.R#phrase=A.L.B.F.R,https://www.infogreffe.com/recherche-entreprise-dirigeants/resultats-entreprise-dirigeants.html?ga_cat=globale&ga_q=A.L.B.F.R#phrase=A.L.B.F.R
0,2013-09-31,ALBFR.PA,,2013-09-31,Q3,3396310.75,932409.75,2463901.0,1.378428252596188,0.0,0.0,0.0,0.0,128514.5,2698720.5,0.0,96506.0,813712.75,4.173844824233122,697590.25,4.86863276830489,0.0,699504.0,4.855312835952332,168258.0,505776.75,6.71503929352229,0.37525,0.3675,1351586.0,1376263.0,https://www.infogreffe.com/recherche-entreprise-dirigeants/resultats-entreprise-dirigeants.html?ga_cat=globale&ga_q=A.L.B.F.R#phrase=A.L.B.F.R,https://www.infogreffe.com/recherche-entreprise-dirigeants/resultats-entreprise-dirigeants.html?ga_cat=globale&ga_q=A.L.B.F.R#phrase=A.L.B.F.R
0,2013-06-31,ALBFR.PA,,2013-06-31,Q2,3396310.75,932409.75,2463901.0,1.378428252596188,0.0,0.0,0.0,0.0,128514.5,2698720.5,0.0,96506.0,813712.75,4.173844824233122,697590.25,4.86863276830489,0.0,699504.0,4.855312835952332,168258.0,505776.75,6.71503929352229,0.37525,0.3675,1351586.0,1376263.0,https://www.infogreffe.com/recherche-entreprise-dirigeants/resultats-entreprise-dirigeants.html?ga_cat=globale&ga_q=A.L.B.F.R#phrase=A.L.B.F.R,https://www.infogreffe.com/recherche-entreprise-dirigeants/resultats-entreprise-dirigeants.html?ga_cat=globale&ga_q=A.L.B.F.R#phrase=A.L.B.F.R
0,2013-03-31,ALBFR.PA,,2013-03-31,Q1,3396310.75,932409.75,2463901.0,1.378428252596188,0.0,0.0,0.0,0.0,128514.5,2698720.5,0.0,96506.0,813712.75,4.173844824233122,697590.25,4.86863276830489,0.0,699504.0,4.855312835952332,168258.0,505776.75,6.71503929352229,0.37525,0.3675,1351586.0,1376263.0,https://www.infogreffe.com/recherche-entreprise-dirigeants/resultats-entreprise-dirigeants.html?ga_cat=globale&ga_q=A.L.B.F.R#phrase=A.L.B.F.R,https://www.infogreffe.com/recherche-entreprise-dirigeants/resultats-entreprise-dirigeants.html?ga_cat=globale&ga_q=A.L.B.F.R#phrase=A.L.B.F.R
0,2013-01-31,ALBFR.PA,,2013-01-31,Q1,3396310.75,932409.75,2463901.0,1.378428252596188,0.0,0.0,0.0,0.0,128514.5,2698720.5,0.0,96506.0,813712.75,4.173844824233122,697590.25,4.86863276830489,0.0,699504.0,4.855312835952332,168258.0,505776.75,6.71503929352229,0.37525,0.3675,1351586.0,1376263.0,https://www.infogreffe.com/recherche-entreprise-dirigeants/resultats-entreprise-dirigeants.html?ga_cat=globale&ga_q=A.L.B.F.R#phrase=A.L.B.F.R,https://www.infogreffe.com/recherche-entreprise-dirigeants/resultats-entreprise-dirigeants.html?ga_cat=globale&ga_q=A.L.B.F.R#phrase=A.L.B.F.R
0,2012-09-31,ALBFR.PA,,2012-09-31,Q3,3250993.25,765892.5,2485100.75,1.3081937422456615,0.0,0.0,0.0,0.0,3114.75,2521736.5,0.0,87138.75,831189.75,3.911252815617613,729256.75,4.457954280162645,0.0,720425.25,4.51260314654435,213055.0,495221.25,6.5647288964276065,0.371,0.362,1334987.0,1368015.0,https://www.infogreffe.com/recherche-entreprise-dirigeants/resultats-entreprise-dirigeants.html?ga_cat=globale&ga_q=A.L.B.F.R#phrase=A.L.B.F.R,https://www.infogreffe.com/recherche-entreprise-dirigeants/resultats-entreprise-dirigeants.html?ga_cat=globale&ga_q=A.L.B.F.R#phrase=A.L.B.F.R
0,2012-06-31,ALBFR.PA,,2012-06-31,Q2,3250993.25,765892.5,2485100.75,1.3081937422456615,0.0,0.0,0.0,0.0,3114.75,2521736.5,0.0,87138.75,831189.75,3.911252815617613,729256.75,4.457954280162645,0.0,720425.25,4.51260314654435,213055.0,495221.25,6.5647288964276065,0.371,0.362,1334987.0,1368015.0,https://www.infogreffe.com/recherche-entreprise-dirigeants/resultats-entreprise-dirigeants.html?ga_cat=globale&ga_q=A.L.B.F.R#phrase=A.L.B.F.R,https://www.infogreffe.com/recherche-entreprise-dirigeants/resultats-entreprise-dirigeants.html?ga_cat=globale&ga_q=A.L.B.F.R#phrase=A.L.B.F.R
0,2012-03-31,ALBFR.PA,,2012-03-31,Q1,3250993.25,765892.5,2485100.75,1.3081937422456615,0.0,0.0,0.0,0.0,3114.75,2521736.5,0.0,87138.75,831189.75,3.911252815617613,729256.75,4.457954280162645,0.0,720425.25,4.51260314654435,213055.0,495221.25,6.5647288964276065,0.371,0.362,1334987.0,1368015.0,https://www.infogreffe.com/recherche-entreprise-dirigeants/resultats-entreprise-dirigeants.html?ga_cat=globale&ga_q=A.L.B.F.R#phrase=A.L.B.F.R,https://www.infogreffe.com/recherche-entreprise-dirigeants/resultats-entreprise-dirigeants.html?ga_cat=globale&ga_q=A.L.B.F.R#phrase=A.L.B.F.R
0,2012-01-31,ALBFR.PA,,2012-01-31,Q1,3250993.25,765892.5,2485100.75,1.3081937422456615,0.0,0.0,0.0,0.0,3114.75,2521736.5,0.0,87138.75,831189.75,3.911252815617613,729256.75,4.457954280162645,0.0,720425.25,4.51260314654435,213055.0,495221.25,6.5647288964276065,0.371,0.362,1334987.0,1368015.0,https://www.infogreffe.com/recherche-entreprise-dirigeants/resultats-entreprise-dirigeants.html?ga_cat=globale&ga_q=A.L.B.F.R#phrase=A.L.B.F.R,https://www.infogreffe.com/recherche-entreprise-dirigeants/resultats-entreprise-dirigeants.html?ga_cat=globale&ga_q=A.L.B.F.R#phrase=A.L.B.F.R
0,2011-09-31,ALBFR.PA,,2011-09-31,Q3,2804445.5,0.0,0.0,0.0,0.0,701943.25,701943.25,21628.75,224301.75,2500877.5,3626.0,104785.0,457156.0,6.134548162990314,303568.0,9.23827774996047,0.0,289518.5,9.68658479509945,-124750.75,414269.25,6.769620240942334,0.311361,0.311361,1330511.0,1330511.0,https://www.infogreffe.com/recherche-entreprise-dirigeants/resultats-entreprise-dirigeants.html?ga_cat=globale&ga_q=A.L.B.F.R#phrase=A.L.B.F.R,https://www.infogreffe.com/recherche-entreprise-dirigeants/resultats-entreprise-dirigeants.html?ga_cat=globale&ga_q=A.L.B.F.R#phrase=A.L.B.F.R
0,2011-06-31,ALBFR.PA,,2011-06-31,Q2,2804445.5,0.0,0.0,0.0,0.0,701943.25,701943.25,21628.75,224301.75,2500877.5,3626.0,104785.0,457156.0,6.134548162990314,303568.0,9.23827774996047,0.0,289518.5,9.68658479509945,-124750.75,414269.25,6.769620240942334,0.311361,0.311361,1330511.0,1330511.0,https://www.infogreffe.com/recherche-entreprise-dirigeants/resultats-entreprise-dirigeants.html?ga_cat=globale&ga_q=A.L.B.F.R#phrase=A.L.B.F.R,https://www.infogreffe.com/recherche-entreprise-dirigeants/resultats-entreprise-dirigeants.html?ga_cat=globale&ga_q=A.L.B.F.R#phrase=A.L.B.F.R
0,2011-03-31,ALBFR.PA,,2011-03-31,Q1,2804445.5,0.0,0.0,0.0,0.0,701943.25,701943.25,21628.75,224301.75,2500877.5,3626.0,104785.0,457156.0,6.134548162990314,303568.0,9.23827774996047,0.0,289518.5,9.68658479509945,-124750.75,414269.25,6.769620240942334,0.311361,0.311361,1330511.0,1330511.0,https://www.infogreffe.com/recherche-entreprise-dirigeants/resultats-entreprise-dirigeants.html?ga_cat=globale&ga_q=A.L.B.F.R#phrase=A.L.B.F.R,https://www.infogreffe.com/recherche-entreprise-dirigeants/resultats-entreprise-dirigeants.html?ga_cat=globale&ga_q=A.L.B.F.R#phrase=A.L.B.F.R
0,2011-01-31,ALBFR.PA,,2011-01-31,Q1,2804445.5,0.0,0.0,0.0,0.0,701943.25,701943.25,21628.75,224301.75,2500877.5,3626.0,104785.0,457156.0,6.134548162990314,303568.0,9.23827774996047,0.0,289518.5,9.68658479509945,-124750.75,414269.25,6.769620240942334,0.311361,0.311361,1330511.0,1330511.0,https://www.infogreffe.com/recherche-entreprise-dirigeants/resultats-entreprise-dirigeants.html?ga_cat=globale&ga_q=A.L.B.F.R#phrase=A.L.B.F.R,https://www.infogreffe.com/recherche-entreprise-dirigeants/resultats-entreprise-dirigeants.html?ga_cat=globale&ga_q=A.L.B.F.R#phrase=A.L.B.F.R
0,2010-09-31,ALBFR.PA,,2010-09-31,Q3,2755642.25,565932.25,2189710.0,1.258450776586854,0.0,0.0,0.0,-21142.25,162317.0,2303917.5,5407.25,103000.75,610000.0,4.5174463114754095,451724.75,6.100268471010278,0.0,439643.5,6.267901720371165,-42.25,439685.75,6.267299429194601,0.3375,0.3375,1306469.0,1306469.0,https://www.infogreffe.com/recherche-entreprise-dirigeants/resultats-entreprise-dirigeants.html?ga_cat=globale&ga_q=A.L.B.F.R#phrase=A.L.B.F.R,https://www.infogreffe.com/recherche-entreprise-dirigeants/resultats-entreprise-dirigeants.html?ga_cat=globale&ga_q=A.L.B.F.R#phrase=A.L.B.F.R
0,2010-06-31,ALBFR.PA,,2010-06-31,Q2,2755642.25,565932.25,2189710.0,1.258450776586854,0.0,0.0,0.0,-21142.25,162317.0,2303917.5,5407.25,103000.75,610000.0,4.5174463114754095,451724.75,6.100268471010278,0.0,439643.5,6.267901720371165,-42.25,439685.75,6.267299429194601,0.3375,0.3375,1306469.0,1306469.0,https://www.infogreffe.com/recherche-entreprise-dirigeants/resultats-entreprise-dirigeants.html?ga_cat=globale&ga_q=A.L.B.F.R#phrase=A.L.B.F.R,https://www.infogreffe.com/recherche-entreprise-dirigeants/resultats-entreprise-dirigeants.html?ga_cat=globale&ga_q=A.L.B.F.R#phrase=A.L.B.F.R
0,2010-03-31,ALBFR.PA,,2010-03-31,Q1,2755642.25,565932.25,2189710.0,1.258450776586854,0.0,0.0,0.0,-21142.25,162317.0,2303917.5,5407.25,103000.75,610000.0,4.5174463114754095,451724.75,6.100268471010278,0.0,439643.5,6.267901720371165,-42.25,439685.75,6.267299429194601,0.3375,0.3375,1306469.0,1306469.0,https://www.infogreffe.com/recherche-entreprise-dirigeants/resultats-entreprise-dirigeants.html?ga_cat=globale&ga_q=A.L.B.F.R#phrase=A.L.B.F.R,https://www.infogreffe.com/recherche-entreprise-dirigeants/resultats-entreprise-dirigeants.html?ga_cat=globale&ga_q=A.L.B.F.R#phrase=A.L.B.F.R
0,2010-01-31,ALBFR.PA,,2010-01-31,Q1,2755642.25,565932.25,2189710.0,1.258450776586854,0.0,0.0,0.0,-21142.25,162317.0,2303917.5,5407.25,103000.75,610000.0,4.5174463114754095,451724.75,6.100268471010278,0.0,439643.5,6.267901720371165,-42.25,439685.75,6.267299429194601,0.3375,0.3375,1306469.0,1306469.0,https://www.infogreffe.com/recherche-entreprise-dirigeants/resultats-entreprise-dirigeants.html?ga_cat=globale&ga_q=A.L.B.F.R#phrase=A.L.B.F.R,https://www.infogreffe.com/recherche-entreprise-dirigeants/resultats-entreprise-dirigeants.html?ga_cat=globale&ga_q=A.L.B.F.R#phrase=A.L.B.F.R
0,2009-09-31,ALBFR.PA,,2009-09-31,Q3,2358590.25,499268.75,1859321.5,1.2685220119274692,0.0,0.0,0.0,2911.25,158114.0,2052024.25,0.0,90615.25,418316.0,5.638297961349793,306566.0,7.693580664522485,0.0,316207.5,7.458995279998103,-772.25,300399.0,7.851524971787523,0.232,0.232,1294444.0,1294444.0,https://www.infogreffe.com/recherche-entreprise-dirigeants/resultats-entreprise-dirigeants.html?ga_cat=globale&ga_q=A.L.B.F.R#phrase=A.L.B.F.R,https://www.infogreffe.com/recherche-entreprise-dirigeants/resultats-entreprise-dirigeants.html?ga_cat=globale&ga_q=A.L.B.F.R#phrase=A.L.B.F.R
0,2009-06-31,ALBFR.PA,,2009-06-31,Q2,2358590.25,499268.75,1859321.5,1.2685220119274692,0.0,0.0,0.0,2911.25,158114.0,2052024.25,0.0,90615.25,418316.0,5.638297961349793,306566.0,7.693580664522485,0.0,316207.5,7.458995279998103,-772.25,300399.0,7.851524971787523,0.232,0.232,1294444.0,1294444.0,https://www.infogreffe.com/recherche-entreprise-dirigeants/resultats-entreprise-dirigeants.html?ga_cat=globale&ga_q=A.L.B.F.R#phrase=A.L.B.F.R,https://www.infogreffe.com/recherche-entreprise-dirigeants/resultats-entreprise-dirigeants.html?ga_cat=globale&ga_q=A.L.B.F.R#phrase=A.L.B.F.R
0,2009-03-31,ALBFR.PA,,2009-03-31,Q1,2358590.25,499268.75,1859321.5,1.2685220119274692,0.0,0.0,0.0,2911.25,158114.0,2052024.25,0.0,90615.25,418316.0,5.638297961349793,306566.0,7.693580664522485,0.0,316207.5,7.458995279998103,-772.25,300399.0,7.851524971787523,0.232,0.232,1294444.0,1294444.0,https://www.infogreffe.com/recherche-entreprise-dirigeants/resultats-entreprise-dirigeants.html?ga_cat=globale&ga_q=A.L.B.F.R#phrase=A.L.B.F.R,https://www.infogreffe.com/recherche-entreprise-dirigeants/resultats-entreprise-dirigeants.html?ga_cat=globale&ga_q=A.L.B.F.R#phrase=A.L.B.F.R
0,2009-01-31,ALBFR.PA,,2009-01-31,Q1,2358590.25,499268.75,1859321.5,1.2685220119274692,0.0,0.0,0.0,2911.25,158114.0,2052024.25,0.0,90615.25,418316.0,5.638297961349793,306566.0,7.693580664522485,0.0,316207.5,7.458995279998103,-772.25,300399.0,7.851524971787523,0.232,0.232,1294444.0,1294444.0,https://www.infogreffe.com/recherche-entreprise-dirigeants/resultats-entreprise-dirigeants.html?ga_cat=globale&ga_q=A.L.B.F.R#phrase=A.L.B.F.R,https://www.infogreffe.com/recherche-entreprise-dirigeants/resultats-entreprise-dirigeants.html?ga_cat=globale&ga_q=A.L.B.F.R#phrase=A.L.B.F.R
0,2008-09-31,ALBFR.PA,,2008-09-31,Q3,1965137.5,390662.75,1574474.75,1.2481225881837736,0.0,0.0,0.0,-15792.75,95944.25,1790238.0,0.0,59687.0,250899.5,7.8323691358492145,174899.5,11.2358097078608,0.0,186187.25,10.554629814877227,-602.75,236305.5,8.316088707203175,0.183,0.183,1291180.0,1291180.0,https://www.infogreffe.com/recherche-entreprise-dirigeants/resultats-entreprise-dirigeants.html?ga_cat=globale&ga_q=A.L.B.F.R#phrase=A.L.B.F.R,https://www.infogreffe.com/recherche-entreprise-dirigeants/resultats-entreprise-dirigeants.html?ga_cat=globale&ga_q=A.L.B.F.R#phrase=A.L.B.F.R
0,2008-06-31,ALBFR.PA,,2008-06-31,Q2,1965137.5,390662.75,1574474.75,1.2481225881837736,0.0,0.0,0.0,-15792.75,95944.25,1790238.0,0.0,59687.0,250899.5,7.8323691358492145,174899.5,11.2358097078608,0.0,186187.25,10.554629814877227,-602.75,236305.5,8.316088707203175,0.183,0.183,1291180.0,1291180.0,https://www.infogreffe.com/recherche-entreprise-dirigeants/resultats-entreprise-dirigeants.html?ga_cat=globale&ga_q=A.L.B.F.R#phrase=A.L.B.F.R,https://www.infogreffe.com/recherche-entreprise-dirigeants/resultats-entreprise-dirigeants.html?ga_cat=globale&ga_q=A.L.B.F.R#phrase=A.L.B.F.R
0,2008-03-31,ALBFR.PA,,2008-03-31,Q1,1965137.5,390662.75,1574474.75,1.2481225881837736,0.0,0.0,0.0,-15792.75,95944.25,1790238.0,0.0,59687.0,250899.5,7.8323691358492145,174899.5,11.2358097078608,0.0,186187.25,10.554629814877227,-602.75,236305.5,8.316088707203175,0.183,0.183,1291180.0,1291180.0,https://www.infogreffe.com/recherche-entreprise-dirigeants/resultats-entreprise-dirigeants.html?ga_cat=globale&ga_q=A.L.B.F.R#phrase=A.L.B.F.R,https://www.infogreffe.com/recherche-entreprise-dirigeants/resultats-entreprise-dirigeants.html?ga_cat=globale&ga_q=A.L.B.F.R#phrase=A.L.B.F.R
0,2008-01-31,ALBFR.PA,,2008-01-31,Q1,1965137.5,390662.75,1574474.75,1.2481225881837736,0.0,0.0,0.0,-15792.75,95944.25,1790238.0,0.0,59687.0,250899.5,7.8323691358492145,174899.5,11.2358097078608,0.0,186187.25,10.554629814877227,-602.75,236305.5,8.316088707203175,0.183,0.183,1291180.0,1291180.0,https://www.infogreffe.com/recherche-entreprise-dirigeants/resultats-entreprise-dirigeants.html?ga_cat=globale&ga_q=A.L.B.F.R#phrase=A.L.B.F.R,https://www.infogreffe.com/recherche-entreprise-dirigeants/resultats-entreprise-dirigeants.html?ga_cat=globale&ga_q=A.L.B.F.R#phrase=A.L.B.F.R
