,date,symbol,fillingDate,acceptedDate,period,revenue,costOfRevenue,grossProfit,grossProfitRatio,researchAndDevelopmentExpenses,generalAndAdministrativeExpenses,sellingAndMarketingExpenses,otherExpenses,operatingExpenses,costAndExpenses,interestExpense,depreciationAndAmortization,ebitda,ebitdaratio,operatingIncome,operatingIncomeRatio,totalOtherIncomeExpensesNet,incomeBeforeTax,incomeBeforeTaxRatio,incomeTaxExpense,netIncome,netIncomeRatio,eps,epsdiluted,weightedAverageShsOut,weightedAverageShsOutDil,link,finalLink
0,2020-06-30,SOFO,2020-08-13,2020-08-13 17:00:15,Q3,7917000.0,2170000.0,5747000.0,0.7259062776304156,1511000.0,4010000.0,2980000.0,-106000.0,0.0,7691000.0,140000.0,0.0,385000.0,0.04862953138815208,226000.0,-0.002526209422761147,-106000.0,-20000.0,-0.002526209422761147,-127000.0,107000.0,0.013515220411772135,0.01,0.01,7399545.0,7830293.0,https://www.sec.gov/Archives/edgar/data/1029744/000102974420000045/0001029744-20-000045-index.htm,https://www.sec.gov/Archives/edgar/data/1029744/000102974420000045/sofo-63020x10q.htm
0,2020-03-31,SOFO,2020-05-14 00:00:00,2020-05-14 16:57:40,Q2,8666000.0,2405000.0,6261000.0,0.7224786522040157,1499000.0,4233000.0,3057000.0,-58000.0,0.0,8137000.0,218000.0,0.0,733000.0,0.0845834294945765,529000.0,0.029194553427186708,-58000.0,253000.0,0.029194553427186708,158000.0,95000.0,0.010962381721670899,0.01,0.01,6785180.0,6933227.0,https://www.sec.gov/Archives/edgar/data/1029744/000102974420000032/0001029744-20-000032-index.htm,https://www.sec.gov/Archives/edgar/data/1029744/000102974420000032/sofo-33120x10q.htm
0,2019-12-31,SOFO,2020-02-13,2020-02-13 16:35:46,Q1,8015000.0,2179000.0,5836000.0,0.7281347473487212,1590000.0,4837000.0,3396000.0,15000.0,0.0,8606000.0,263000.0,0.0,-255000.0,-0.031815346225826574,-591000.0,-0.10467872738615097,15000.0,-839000.0,-0.10467872738615097,-19000.0,-820000.0,-0.10230817217716781,-0.12,-0.12,6736643.0,6736643.0,https://www.sec.gov/Archives/edgar/data/1029744/000102974420000014/0001029744-20-000014-index.htm,https://www.sec.gov/Archives/edgar/data/1029744/000102974419000124/a09301910k.htm
0,2019-09-30,SOFO,2019-12-19,2019-12-19 17:32:24,Q4,9214000.0,2753000.0,6461000.0,0.7012155415671804,1736000.0,4600000.0,3163000.0,-51000.0,0.0,9089000.0,240000.0,0.0,433000.0,0.04699370523116996,125000.0,-0.018016062513566314,-51000.0,-166000.0,-0.018016062513566314,13000.0,-179000.0,-0.019426958975472107,-0.03,-0.03,6736285.0,6736285.0,https://www.sec.gov/Archives/edgar/data/1029744/000102974419000124/0001029744-19-000124-index.htm,https://www.sec.gov/Archives/edgar/data/1029744/000102974419000124/a09301910k.htm
0,2019-06-30,SOFO,2019-08-13,2019-08-13 16:04:36,Q3,10068000,2681000.0,7387000.0,0.7337107667858562,1849000.0,5394000.0,3785000.0,-63000.0,0.0,9924000.0,276000.0,0.0,386000.0,0.038339292808899486,144000.0,-0.01936829558998808,-63000.0,-195000.0,-0.01936829558998808,-36000.0,-159000.0,-0.015792610250297975,-0.03,-0.03,6122098.0,6122098.0,https://www.sec.gov/Archives/edgar/data/1029744/000102974419000102/0001029744-19-000102-index.htm,https://www.sec.gov/Archives/edgar/data/1029744/000102974419000102/sofo-063019x10q.htm
0,2019-03-31,SOFO,2019-05-20,2019-05-17 18:33:46,Q2,7997000.0,2004000.0,5993000.0,0.7494060272602225,1935000.0,5181000.0,3836000.0,-11000.0,0.0,9120000.0,227000.0,0.0,-840000.0,-0.10503938977116418,-1123000.0,-0.17018882080780293,-11000.0,-1361000.0,-0.17018882080780293,125000.0,-1486000.0,-0.18581968238089283,-0.29,-0.29,5278500.0,5278500.0,https://www.sec.gov/Archives/edgar/data/1029744/000102974419000066/0001029744-19-000066-index.htm,https://www.sec.gov/Archives/edgar/data/1029744/000102974419000066/sofo-033119x10q.htm
0,2018-12-31,SOFO,2019-05-20,2019-03-15 15:48:05,Q1,7502000.0,1842000.0,5660000.0,0.7544654758731005,1833000.0,5481000.0,3943000.0,8000.0,0.0,9156000.0,154000.0,0.0,-1327000.0,-0.17688616368968274,-1654000.0,-0.23993601706211676,8000.0,-1800000.0,-0.23993601706211676,-12000.0,-1788000.0,-0.238336443615036,-0.36,-0.36,5100684.0,5100684.0,https://www.sec.gov/Archives/edgar/data/1029744/000102974419000064/0001029744-19-000064-index.htm,https://www.sec.gov/Archives/edgar/data/1029744/000102974419000038/a09301810k.htm
0,2018-09-30,SOFO,2019-03-15,2019-03-15 15:48:05,Q4,8490000.0,2396000.0,6094000.0,0.7177856301531214,1781000.0,5404000.0,3763000.0,44000.0,0.0,9581000.0,140000.0,0.0,-12421000,-1.4630153121319198,-1091000.0,-1.5307420494699646,-11765000,-12996000,-1.5307420494699646,-2979000.0,-10017000,-1.1798586572438163,-2.01,-2.01,4989544.0,4989544.0,https://www.sec.gov/Archives/edgar/data/1029744/000102974419000038/0001029744-19-000038-index.htm,https://www.sec.gov/Archives/edgar/data/1029744/000102974419000038/a09301810k.htm
0,2018-06-30,SOFO,2018-08-09,2018-08-09 16:07:31,Q3,8699000.0,2304000.0,6395000.0,0.7351419703414186,1796000.0,5513000.0,3882000.0,88000.0,0.0,9613000.0,266000.0,0.0,-326000.0,-0.037475571904816644,-914000.0,-0.12553167030693183,88000.0,-1092000.0,-0.12553167030693183,-72000.0,-1020000.0,-0.11725485688010116,-0.23,-0.23,4709516.0,4709516.0,https://www.sec.gov/Archives/edgar/data/1029744/000102974418000082/0001029744-18-000082-index.htm,https://www.sec.gov/Archives/edgar/data/1029744/000102974418000082/sofo-063018x10q.htm
0,2018-03-31,SOFO,2018-05-15,2018-05-15 16:02:44,Q2,8460000.0,2531000.0,5929000.0,0.7008274231678487,1812000.0,5376000.0,3867000.0,19000.0,0.0,9719000.0,103000.0,0.0,-855000.0,-0.10106382978723404,-1259000.0,-0.1587470449172577,19000.0,-1343000.0,-0.1587470449172577,106000.0,-1449000.0,-0.17127659574468085,-0.34,-0.34,4461310.0,4461310.0,https://www.sec.gov/Archives/edgar/data/1029744/000102974418000053/0001029744-18-000053-index.htm,https://www.sec.gov/Archives/edgar/data/1029744/000102974418000053/sofo-033118x10q.htm
0,2017-12-31,SOFO,2018-02-13,2018-01-12 16:03:56,Q1,8895000.0,2425000.0,6470000.0,0.7273749297358066,1753000.0,5683000.0,4110000.0,-9000.0,0.0,9861000.0,92000.0,0.0,-556000.0,-0.06250702641933671,-966000.0,-0.11995503091624508,-9000.0,-1067000.0,-0.11995503091624508,-1387000.0,320000.0,0.035975267003934795,0.06,0.06,4458075.0,4512822.0,https://www.sec.gov/Archives/edgar/data/1029744/000102974418000030/0001029744-18-000030-index.htm,https://www.sec.gov/Archives/edgar/data/1029744/000102974418000006/a09301710k.htm
0,2017-09-30,SOFO,2018-01-12,2018-01-12 16:03:56,Q4,8300000.0,2187000.0,6113000.0,0.7365060240963855,1657000.0,5267000.0,3726000.0,-22000.0,0.0,9111000.0,99000.0,0.0,-972000.0,-0.11710843373493976,-811000.0,-0.18457831325301205,-622000.0,-1532000.0,-0.18457831325301205,53000.0,-1585000.0,-0.19096385542168676,-0.37,-0.37,4458075.0,4458075.0,https://www.sec.gov/Archives/edgar/data/1029744/000102974418000006/0001029744-18-000006-index.htm,https://www.sec.gov/Archives/edgar/data/1029744/000102974418000006/a09301710k.htm
0,2017-06-30,SOFO,2017-08-10,2017-08-10 16:06:44,Q3,9833000.0,2586000.0,7247000.0,0.7370080341706499,1768000.0,5850000.0,4368000.0,34000.0,0.0,10204000,130000.0,0.0,140000.0,0.014237770771890573,-371000.0,-0.047493135360520695,34000.0,-467000.0,-0.047493135360520695,22000.0,-489000.0,-0.04973049933896064,-0.13,-0.13,4449893.0,4449893.0,https://www.sec.gov/Archives/edgar/data/1029744/000102974417000085/0001029744-17-000085-index.htm,https://www.sec.gov/Archives/edgar/data/1029744/000102974417000085/sofo-063017x10q.htm
0,2017-03-31,SOFO,2017-05-11,2017-05-11 16:03:07,Q2,8560000.0,2496000.0,6064000.0,0.708411214953271,1862000.0,5476000.0,4008000.0,-89000.0,0.0,9834000.0,116000.0,0.0,-826000.0,-0.09649532710280374,-1274000.0,-0.1727803738317757,-89000.0,-1479000.0,-0.1727803738317757,-23000.0,-1456000.0,-0.17009345794392525,-0.33,-0.33,4425720.0,4425720.0,https://www.sec.gov/Archives/edgar/data/1029744/000102974417000062/0001029744-17-000062-index.htm,https://www.sec.gov/Archives/edgar/data/1029744/000102974417000062/sofo-033117x10q.htm
0,2016-12-31,SOFO,2017-02-09,2017-02-09 16:14:56,Q1,9307000.0,2598000.0,6709000.0,0.720855270226711,1951000.0,6260000.0,4810000.0,12000.0,0.0,10809000,150000.0,0.0,-988000.0,-0.10615665628021918,-1502000.0,-0.1762114537444934,12000.0,-1640000.0,-0.1762114537444934,-131000.0,-1509000.0,-0.1621360266466101,-0.34,-0.34,4411559.0,4411559.0,https://www.sec.gov/Archives/edgar/data/1029744/000102974417000016/0001029744-17-000016-index.htm,https://www.sec.gov/Archives/edgar/data/1029744/000102974416000025/sofo09301610k.htm
0,2016-09-30,SOFO,2016-12-22,2016-12-22 16:12:23,Q4,9457000.0,2351000.0,7106000.0,0.7514010785661415,1838000.0,5762000.0,4352000.0,-212000.0,0.0,9951000.0,142000.0,0.0,-134000.0,-0.014169398329279898,-494000.0,-0.08966902823305488,-212000.0,-848000.0,-0.08966902823305488,-1000.0,-847000.0,-0.08956328645447817,-0.19,-0.19,4411559.0,4411559.0,https://www.sec.gov/Archives/edgar/data/1029744/000102974416000025/0001029744-16-000025-index.htm,https://www.sec.gov/Archives/edgar/data/1029744/000102974416000025/sofo09301610k.htm
0,2016-06-30,SOFO,2016-08-11,2016-08-11 16:10:27,Q3,9817000.0,2582000.0,7235000.0,0.7369868595293878,1741000.0,5946000.0,4575000.0,31000.0,0.0,10269000,149000.0,0.0,90000.0,0.009167770194560457,-452000.0,-0.05806254456554956,31000.0,-570000.0,-0.05806254456554956,-18000.0,-552000.0,-0.05622899052663746,-0.13,-0.13,4402479.0,4402479.0,https://www.sec.gov/Archives/edgar/data/1029744/000102974416000012/0001029744-16-000012-index.htm,https://www.sec.gov/Archives/edgar/data/1029744/000102974416000012/sofo-63016x10q.htm
0,2016-03-31,SOFO,2016-05-12,2016-05-12 16:30:24,Q2,9612000.0,2339000.0,7273000.0,0.7566583437369955,1644000.0,5843000.0,4467000.0,-61000.0,0.0,9826000.0,154000.0,0.0,292000.0,0.030378693300041615,-214000.0,-0.04463171036204744,-61000.0,-429000.0,-0.04463171036204744,282000.0,-711000.0,-0.07397003745318352,-0.16,-0.16,4379943.0,4379943.0,https://www.sec.gov/Archives/edgar/data/1029744/000162828016016278/0001628280-16-016278-index.htm,https://www.sec.gov/Archives/edgar/data/1029744/000162828016016278/sofo-33116x10q.htm
0,2015-12-31,SOFO,2016-02-11,2016-02-11 16:24:48,Q1,9091000.0,2711000.0,6380000.0,0.7017929820701793,1614000.0,5883000.0,4412000.0,65000.0,0.0,10208000,149000.0,0.0,-497000.0,-0.05466945330546694,-1117000.0,-0.13210867891321088,65000.0,-1201000.0,-0.13210867891321088,6000.0,-1207000.0,-0.13276867231327688,-0.28,-0.28,4363740.0,4363740.0,https://www.sec.gov/Archives/edgar/data/1029744/000162828016011005/0001628280-16-011005-index.htm,https://www.sec.gov/Archives/edgar/data/1029744/000119312515400164/d80685d10k.htm
0,2015-09-30,SOFO,2015-12-10,2015-12-10 16:06:55,Q4,9056000.0,2606000.0,6450000.0,0.7122349823321554,1543000.0,5815000.0,4513000.0,-97000.0,0.0,9964000.0,143000.0,0.0,-446000.0,-0.049249116607773855,-908000.0,-0.12676678445229683,-97000.0,-1148000.0,-0.12676678445229683,74000.0,-1222000.0,-0.1349381625441696,-0.28,-0.28,4335453.0,4335453.0,https://www.sec.gov/Archives/edgar/data/1029744/000119312515400164/0001193125-15-400164-index.htm,https://www.sec.gov/Archives/edgar/data/1029744/000119312515400164/d80685d10k.htm
0,2015-06-30,SOFO,2015-08-13,2015-08-13 16:05:55,Q3,10556000,3468000.0,7088000.0,0.6714664645699129,1645000.0,6328000.0,4798000.0,-21000.0,0.0,11441000,100000.0,0.0,-337000.0,-0.03192497158014399,-885000.0,-0.09530125047366426,-21000.0,-1006000.0,-0.09530125047366426,-85000.0,-921000.0,-0.0872489579386131,-0.21,-0.21,4355049.0,4355049.0,https://www.sec.gov/Archives/edgar/data/1029744/000119312515289993/0001193125-15-289993-index.htm,https://www.sec.gov/Archives/edgar/data/1029744/000119312515289993/d941889d10q.htm
0,2015-03-31,SOFO,2015-05-14,2015-05-14 16:06:33,Q2,8106000.0,1890000.0,6216000.0,0.7668393782383419,1544000.0,5744000.0,4311000.0,-4000.0,0.0,9178000.0,66000.0,0.0,-523000.0,-0.06452010856155933,-1072000.0,-0.14088329632371083,-4000.0,-1142000.0,-0.14088329632371083,208000.0,-1350000.0,-0.16654330125832717,-0.31,-0.31,4348511.0,4348511.0,https://www.sec.gov/Archives/edgar/data/1029744/000119312515187988/0001193125-15-187988-index.htm,https://www.sec.gov/Archives/edgar/data/1029744/000119312515187988/d902874d10q.htm
0,2014-12-31,SOFO,2015-02-06,2015-02-06 16:06:22,Q1,8741000.0,2671000.0,6070000.0,0.6944285550852305,1533000.0,5764000.0,4394000.0,168000.0,0.0,9968000.0,63000.0,0.0,-498000.0,-0.05697288639743736,-1227000.0,-0.12836059947374442,168000.0,-1122000.0,-0.12836059947374442,-90000.0,-1032000.0,-0.11806429470312321,-0.24,-0.24,4300000.0,4300000.0,https://www.sec.gov/Archives/edgar/data/1029744/000119312515037374/0001193125-15-037374-index.htm,https://www.sec.gov/Archives/edgar/data/1029744/000119312514445355/d792597d10k.htm
0,2014-09-30,SOFO,2014-12-17,2014-12-17 16:07:26,Q4,8479000.0,2608000.0,5871000.0,0.6924165585564336,1467000.0,5761000.0,4386000.0,333000.0,0.0,9836000.0,0.0,0.0,273000.0,0.03219719306521995,-1357000.0,-0.14813067578723907,332000.0,-1256000.0,-0.14813067578723907,32000.0,-1288000.0,-0.15190470574360185,0.0,0.0,0.0,0.0,https://www.sec.gov/Archives/edgar/data/1029744/000119312514445355/0001193125-14-445355-index.htm,https://www.sec.gov/Archives/edgar/data/1029744/000119312514445355/d792597d10k.htm
0,2014-06-30,SOFO,2014-08-13,2014-08-13 16:11:56,Q3,11267000,3478000.0,7789000.0,0.6913109079613029,1449000.0,6389000.0,4719000.0,-59000.0,0.0,11344000,0.0,0.0,373000.0,0.033105529422206445,-77000.0,-0.012070648797372859,-59000.0,-136000.0,-0.012070648797372859,-169000.0,33000.0,0.0029289074287742966,0.01,0.01,4393022.0,4393022.0,https://www.sec.gov/Archives/edgar/data/1029744/000119312514308408/0001193125-14-308408-index.htm,https://www.sec.gov/Archives/edgar/data/1029744/000119312514308408/d735939d10q.htm
0,2014-03-31,SOFO,2014-05-21,2014-05-21 17:18:51,Q2,8878000.0,2379000.0,6499000.0,0.7320342419463843,1382000.0,5699000.0,4058000.0,-84000.0,0.0,9860000.0,0.0,0.0,-1916000.0,-0.2158143726064429,-982000.0,0.03379139445821131,1282000.0,300000.0,0.03379139445821131,1171000.0,-871000.0,-0.09810768191034017,-0.21,-0.21,4204528.0,4204528.0,https://www.sec.gov/Archives/edgar/data/1029744/000119312514208384/0001193125-14-208384-index.htm,https://www.sec.gov/Archives/edgar/data/1029744/000119312514208384/d699276d10q.htm
0,2013-12-31,SOFO,2014-02-13,2014-02-13 16:03:52,Q1,7206000.0,1810000.0,5396000.0,0.7488204274215932,1236000.0,4336000.0,3376000.0,-17000.0,0.0,7382000.0,0.0,0.0,619000.0,0.08590063835692478,-176000.0,-0.08603941160144324,-444000.0,-620000.0,-0.08603941160144324,70000.0,-690000.0,-0.09575353871773522,-0.17,-0.17,3995321.0,3995321.0,https://www.sec.gov/Archives/edgar/data/1029744/000119312514051034/0001193125-14-051034-index.htm,https://www.sec.gov/Archives/edgar/data/1029744/000119312513484680/d587017d10k.htm
0,2013-09-30,SOFO,2013-12-26,2013-12-26 13:53:06,Q4,6761000.0,1869000.0,4892000.0,0.7235616033131194,1161000.0,4313000.0,3398000.0,38000.0,0.0,7343000.0,0.0,0.0,-69000.0,-0.010205590888921758,-582000.0,-0.08963171128531282,68000.0,-606000.0,-0.08963171128531282,60000.0,-666000.0,-0.09850613814524478,0.0,0.0,0.0,0.0,https://www.sec.gov/Archives/edgar/data/1029744/000119312513484680/0001193125-13-484680-index.htm,https://www.sec.gov/Archives/edgar/data/1029744/000119312513484680/d587017d10k.htm
0,2013-06-30,SOFO,2013-07-31,2013-07-31 16:02:03,Q3,8013000.0,2402000.0,5611000.0,0.7002371146886309,1071000.0,4431000.0,3652000.0,-20000.0,0.0,7904000.0,0.0,0.0,898000.0,0.11206788967927118,109000.0,0.012479720454261824,-9000.0,100000.0,0.012479720454261824,60000.0,40000.0,0.00499188818170473,0.01,0.01,3938038.0,3984437.0,https://www.sec.gov/Archives/edgar/data/1029744/000119312513312519/0001193125-13-312519-index.htm,https://www.sec.gov/Archives/edgar/data/1029744/000119312513312519/d548267d10q.htm
0,2013-03-31,SOFO,2013-05-02,2013-05-02 16:06:09,Q2,6430000.0,1740000.0,4690000.0,0.7293934681181959,868000.0,3856000.0,3022000.0,-23000.0,0.0,6464000.0,0.0,0.0,-34000.0,-0.0052877138413685845,-34000.0,0.005132192846034215,67000.0,33000.0,0.005132192846034215,60000.0,-27000.0,-0.004199066874027994,-0.01,-0.01,3910237.0,3910237.0,https://www.sec.gov/Archives/edgar/data/1029744/000119312513196019/0001193125-13-196019-index.htm,https://www.sec.gov/Archives/edgar/data/1029744/000119312513196019/d505730d10q.htm
0,2012-12-31,SOFO,2013-02-06,2013-02-06 16:02:10,Q1,6552000.0,1685000.0,4867000.0,0.7428266178266179,1176000.0,3822000.0,3007000.0,-26000.0,0.0,6683000.0,0.0,0.0,126000.0,0.019230769230769232,-131000.0,-0.012057387057387058,52000.0,-79000.0,-0.012057387057387058,60000.0,-139000.0,-0.021214896214896216,-0.04,-0.04,3897880.0,3897880.0,https://www.sec.gov/Archives/edgar/data/1029744/000119312513041053/0001193125-13-041053-index.htm,https://www.sec.gov/Archives/edgar/data/1029744/000119312512500121/d405949d10k.htm
0,2012-09-30,SOFO,2012-12-12,2012-12-12 16:28:45,Q4,6220000.0,1722000.0,4498000.0,0.7231511254019293,1046000.0,3638000.0,2966000.0,0.0,0.0,6406000.0,0.0,0.0,406000.0,0.06527331189710611,-186000.0,-0.006752411575562701,296000.0,-42000.0,-0.006752411575562701,60000.0,-102000.0,-0.01639871382636656,0.0,0.0,0.0,0.0,https://www.sec.gov/Archives/edgar/data/1029744/000119312512500121/0001193125-12-500121-index.htm,https://www.sec.gov/Archives/edgar/data/1029744/000119312512500121/d405949d10k.htm
0,2012-06-30,SOFO,2012-08-01,2012-08-01 11:11:06,Q3,7757000.0,2202000.0,5555000.0,0.7161273688281552,1089000.0,4067000.0,3399000.0,0.0,0.0,7358000.0,0.0,0.0,662000.0,0.08534227149671264,399000.0,0.07979889132396545,220000.0,619000.0,0.07979889132396545,60000.0,559000.0,0.07206394224571355,0.14,0.14,3856536.0,3900435.0,https://www.sec.gov/Archives/edgar/data/1029744/000119312512327654/0001193125-12-327654-index.htm,https://www.sec.gov/Archives/edgar/data/1029744/000119312512327654/d342094d10q.htm
0,2012-03-31,SOFO,2012-05-01,2012-05-01 16:02:05,Q2,5928000.0,1644000.0,4284000.0,0.7226720647773279,962000.0,3354000.0,2704000.0,0.0,0.0,5960000.0,0.0,0.0,209000.0,0.035256410256410256,-32000.0,-0.009278002699055331,-23000.0,-55000.0,-0.009278002699055331,60000.0,-115000.0,-0.019399460188933872,-0.03,-0.03,3852664.0,3852664.0,https://www.sec.gov/Archives/edgar/data/1029744/000119312512200664/0001193125-12-200664-index.htm,https://www.sec.gov/Archives/edgar/data/1029744/000119312512200664/d330752d10q.htm
0,2011-12-31,SOFO,2012-01-31,2012-01-31 16:03:40,Q1,6185000.0,1678000.0,4507000.0,0.728698464025869,982000.0,3597000.0,2772000.0,0.0,0.0,6257000.0,0.0,0.0,181000.0,0.029264349232012935,-72000.0,-0.020048504446240907,-52000.0,-124000.0,-0.020048504446240907,60000.0,-184000.0,-0.029749393694421988,-0.05,-0.05,3839907.0,3839907.0,https://www.sec.gov/Archives/edgar/data/1029744/000119312512032035/0001193125-12-032035-index.htm,https://www.sec.gov/Archives/edgar/data/1029744/000119312511319867/d249139d10k.htm
0,2011-09-30,SOFO,2011-11-22,2011-11-22 16:02:41,Q4,6677000.0,1825000.0,4852000.0,0.7266736558334581,980000.0,4149000.0,2866000.0,0.0,0.0,6954000.0,0.0,0.0,-137000.0,-0.0205181967949678,-277000.0,-0.0561629474314812,218000.0,-375000.0,-0.0561629474314812,31000.0,-406000.0,-0.060805751085816984,0.0,0.0,0.0,0.0,https://www.sec.gov/Archives/edgar/data/1029744/000119312511319867/0001193125-11-319867-index.htm,https://www.sec.gov/Archives/edgar/data/1029744/000119312511319867/d249139d10k.htm
0,2011-06-30,SOFO,2011-08-02,2011-08-02 16:20:45,Q3,7090000.0,2162000.0,4928000.0,0.6950634696755994,863000.0,3704000.0,2984000.0,0.0,0.0,6729000.0,0.0,0.0,622000.0,0.08772919605077574,361000.0,0.0383638928067701,-89000.0,272000.0,0.0383638928067701,60000.0,212000.0,0.029901269393511988,0.06,0.05,3786349.0,3979288.0,https://www.sec.gov/Archives/edgar/data/1029744/000119312511206375/0001193125-11-206375-index.htm,https://www.sec.gov/Archives/edgar/data/1029744/000119312511206375/d10q.htm
0,2011-03-31,SOFO,2011-05-02,2011-05-02 17:20:08,Q2,5525000.0,1655000.0,3870000.0,0.7004524886877828,862000.0,3160000.0,2443000.0,0.0,0.0,5677000.0,0.0,0.0,108000.0,0.019547511312217193,-152000.0,-0.0383710407239819,-60000.0,-212000.0,-0.0383710407239819,60000.0,-272000.0,-0.04923076923076923,-0.07,-0.07,3732996.0,3732996.0,https://www.sec.gov/Archives/edgar/data/1029744/000119312511122160/0001193125-11-122160-index.htm,https://www.sec.gov/Archives/edgar/data/1029744/000119312511122160/d10q.htm
0,2010-12-31,SOFO,2011-01-31,2011-01-31 15:07:38,Q1,5930000.0,1669000.0,4261000.0,0.7185497470489038,834000.0,3081000.0,2462000.0,0.0,0.0,5584000.0,0.0,0.0,597000.0,0.10067453625632378,346000.0,0.04772344013490725,-63000.0,283000.0,0.04772344013490725,60000.0,223000.0,0.03760539629005059,0.06,0.06,3654751.0,3875483.0,https://www.sec.gov/Archives/edgar/data/1029744/000119312511018767/0001193125-11-018767-index.htm,https://www.sec.gov/Archives/edgar/data/1029744/000119312510266525/d10k.htm
0,2010-09-30,SOFO,2010-11-22,2010-11-22 17:30:38,Q4,5439000.0,1369000.0,4070000.0,0.7482993197278912,797000.0,3037000.0,2464000.0,0.0,0.0,5203000.0,0.0,0.0,306000.0,0.05626034197462769,236000.0,0.03143960286817429,125000.0,171000.0,0.03143960286817429,45000.0,126000.0,0.023166023166023165,0.0,0.0,0.0,0.0,https://www.sec.gov/Archives/edgar/data/1029744/000119312510266525/0001193125-10-266525-index.htm,https://www.sec.gov/Archives/edgar/data/1029744/000119312510266525/d10k.htm
0,2010-06-30,SOFO,2010-08-05,2010-08-05 15:35:37,Q3,5626000.0,1443000.0,4183000.0,0.7435122644863136,777000.0,3076000.0,2504000.0,0.0,0.0,5296000.0,0.0,0.0,554000.0,0.0984713828652684,330000.0,0.04674724493423391,-67000.0,263000.0,0.04674724493423391,60000.0,203000.0,0.03608247422680412,0.06,0.06,3615219.0,3639480.0,https://www.sec.gov/Archives/edgar/data/1029744/000119312510179228/0001193125-10-179228-index.htm,https://www.sec.gov/Archives/edgar/data/1029744/000119312510179228/d10q.htm
0,2010-03-31,SOFO,2010-05-03,2010-05-03 14:54:36,Q2,4909000.0,1233000.0,3676000.0,0.7488286820126299,805000.0,2914000.0,2320000.0,0.0,0.0,4952000.0,0.0,0.0,130000.0,0.026481971888368303,-43000.0,-0.014463230800570381,-28000.0,-71000.0,-0.014463230800570381,60000.0,-131000.0,-0.026685679364432675,-0.04,-0.04,3614321.0,3614321.0,https://www.sec.gov/Archives/edgar/data/1029744/000119312510103909/0001193125-10-103909-index.htm,https://www.sec.gov/Archives/edgar/data/1029744/000119312510103909/d10q.htm
0,2009-12-31,SOFO,2010-01-29,2010-01-29 15:27:35,Q1,4502000.0,1020000.0,3482000.0,0.7734340293203021,711000.0,3021000.0,2218000.0,0.0,0.0,4752000.0,0.0,0.0,-101000.0,-0.02243447356730342,-250000.0,-0.05775211017325633,-10000.0,-260000.0,-0.05775211017325633,60000.0,-320000.0,-0.07107952021323856,-0.09,-0.09,3606922.0,3606922.0,https://www.sec.gov/Archives/edgar/data/1029744/000119312510016971/0001193125-10-016971-index.htm,https://www.sec.gov/Archives/edgar/data/1029744/000119312509247521/d10k.htm
0,2009-09-30,SOFO,2009-12-04,2009-12-04 15:04:42,Q4,4128000.0,1015000.0,3113000.0,0.7541182170542635,829000.0,3236000.0,2494000.0,0.0,0.0,5080000.0,0.0,0.0,-835000.0,-0.20227713178294573,-952000.0,0.0,75000.0,0.0,0.0,0.0,-1091000.0,-0.26429263565891475,0.0,0.0,0.0,0.0,https://www.sec.gov/Archives/edgar/data/1029744/000119312509247521/0001193125-09-247521-index.htm,https://www.sec.gov/Archives/edgar/data/1029744/000119312509247521/d10k.htm
0,2009-06-30,SOFO,2009-07-31,2009-07-31 13:03:47,Q3,5027000.0,1095000.0,3932000.0,0.7821762482593992,845000.0,3238000.0,2586000.0,0.0,0.0,5178000.0,0.0,0.0,12000.0,0.0023871096081161725,-151000.0,0.0,-11000.0,0.0,0.0,0.0,-162000.0,-0.03222597970956833,0.0,0.0,3591057.0,3591057.0,https://www.sec.gov/Archives/edgar/data/1029744/000119312509160568/0001193125-09-160568-index.htm,https://www.sec.gov/Archives/edgar/data/1029744/000119312509160568/d10q.htm
0,2009-03-31,SOFO,2009-05-07,2009-05-07 16:33:27,Q2,5413000.0,1330000.0,4083000.0,0.7542952152226122,887000.0,3340000.0,2607000.0,0.0,0.0,5557000.0,0.0,0.0,40000.0,0.007389617587289858,-144000.0,0.0,-8000.0,0.0,0.0,0.0,-152000.0,-0.02808054683170146,0.0,0.0,3581441.0,3581441.0,https://www.sec.gov/Archives/edgar/data/1029744/000119312509103436/0001193125-09-103436-index.htm,https://www.sec.gov/Archives/edgar/data/1029744/000119312509103436/d10q.htm
0,2008-12-31,SOFO,2009-02-06,2009-02-06 17:27:30,Q1,4009000.0,891000.0,3118000.0,0.7777500623596907,903000.0,3446000.0,0.0,0.0,0.0,5240000.0,0.0,0.0,-1064000.0,-0.26540284360189575,-1231000.0,0.0,-9000.0,0.0,0.0,0.0,-1240000.0,-0.3093040658518334,-0.3,-0.3,3560788.0,3560788.0,https://www.sec.gov/Archives/edgar/data/1029744/000119312509021419/0001193125-09-021419-index.htm,https://www.sec.gov/Archives/edgar/data/1029744/000119312508248977/d10k.htm
0,2008-09-30,SOFO,2008-12-08,2008-12-05 18:02:25,Q4,4065000.0,1125000.0,2940000.0,0.7232472324723247,825000.0,3333000.0,0.0,0.0,0.0,5283000.0,0.0,0.0,-1105000.0,-0.27183271832718325,-1218000.0,0.0,81000.0,0.0,0.0,0.0,-1226000.0,-0.3015990159901599,0.0,0.0,0.0,0.0,https://www.sec.gov/Archives/edgar/data/1029744/000119312508248977/0001193125-08-248977-index.htm,https://www.sec.gov/Archives/edgar/data/1029744/000119312508248977/d10k.htm
0,2008-06-30,SOFO,2008-08-08,2008-08-08 16:41:55,Q3,5087000.0,1304000.0,3783000.0,0.743660310595636,778000.0,3825000.0,0.0,0.0,0.0,5907000.0,0.0,0.0,-633000.0,-0.12443483389030863,-820000.0,0.0,-9000.0,0.0,0.0,0.0,-829000.0,-0.16296441910752898,-0.2,-0.2,3558298.0,3558298.0,https://www.sec.gov/Archives/edgar/data/1029744/000119312508172021/0001193125-08-172021-index.htm,https://www.sec.gov/Archives/edgar/data/1029744/000119312508172021/d10q.htm
0,2008-03-31,SOFO,2008-05-05,2008-05-05 15:13:00,Q2,3929000.0,1154000.0,2775000.0,0.7062865869177908,982000.0,4066000.0,0.0,0.0,0.0,6202000.0,0.0,0.0,-2095000.0,-0.5332145584118096,-2273000.0,0.0,-5000.0,0.0,0.0,0.0,-2278000.0,-0.5797912954950369,-0.6,-0.6,3557214.0,3557214.0,https://www.sec.gov/Archives/edgar/data/1029744/000119312508102131/0001193125-08-102131-index.htm,https://www.sec.gov/Archives/edgar/data/1029744/000119312508102131/d10q.htm
0,2007-12-31,SOFO,2008-02-08,2008-02-08 15:49:44,Q1,2520000.0,622000.0,1898000.0,0.7531746031746032,946000.0,4524000.0,0.0,0.0,0.0,6092000.0,0.0,0.0,-3434000.0,-1.3626984126984127,-3572000.0,0.0,32000.0,0.0,0.0,0.0,-3540000.0,-1.4047619047619047,-1.0,-1.0,3556181.0,3556181.0,https://www.sec.gov/Archives/edgar/data/1029744/000119312508024263/0001193125-08-024263-index.htm,https://www.sec.gov/Archives/edgar/data/1029744/000119312507258075/d10k.htm
0,2007-09-30,SOFO,2007-12-03,2007-12-03 17:18:58,Q4,4741000.0,1243000.0,3498000.0,0.7378190255220418,782000.0,4195000.0,0.0,0.0,0.0,6220000.0,0.0,0.0,-1374000.0,-0.2898122758911622,-1479000.0,0.0,77000.0,0.0,0.0,0.0,-1439000.0,-0.303522463615271,0.0,0.0,0.0,0.0,https://www.sec.gov/Archives/edgar/data/1029744/000119312507258075/0001193125-07-258075-index.htm,https://www.sec.gov/Archives/edgar/data/1029744/000119312507258075/d10k.htm
0,2007-06-30,SOFO,2007-08-06,2007-08-06 16:10:48,Q3,4702000.0,1226000.0,3476000.0,0.7392598894087622,837000.0,4306000.0,0.0,0.0,0.0,6369000.0,0.0,0.0,-1584000.0,-0.3368779242875372,-1667000.0,0.0,77000.0,0.0,0.0,0.0,-1590000.0,-0.3381539770310506,-0.4,-0.4,3550493.0,3550493.0,https://www.sec.gov/Archives/edgar/data/1029744/000119312507171986/0001193125-07-171986-index.htm,https://www.sec.gov/Archives/edgar/data/1029744/000119312507171986/d10q.htm
0,2007-03-31,SOFO,2007-05-14,2007-05-14 15:00:16,Q2,3821000.0,891000.0,2930000.0,0.7668149699031667,806000.0,4147000.0,0.0,0.0,0.0,5844000.0,0.0,0.0,-1978000.0,-0.5176655325830934,-2023000.0,0.0,111000.0,0.0,0.0,0.0,-1912000.0,-0.5003925673907355,-0.5,-0.5,3536866.0,3536866.0,https://www.sec.gov/Archives/edgar/data/1029744/000119312507113384/0001193125-07-113384-index.htm,https://www.sec.gov/Archives/edgar/data/1029744/000119312507113384/d10q.htm
0,2006-12-31,SOFO,2007-02-05,2007-02-05 15:14:14,Q1,3473000.0,773000.0,2700000.0,0.7774258566081198,675000.0,3474000.0,0.0,0.0,0.0,4922000.0,0.0,0.0,-1260000.0,-0.36279873308378924,-1449000.0,0.0,20000.0,0.0,0.0,0.0,-1429000.0,-0.41145983299740857,-0.4,-0.4,3236261.0,3236261.0,https://www.sec.gov/Archives/edgar/data/1029744/000119312507020089/0001193125-07-020089-index.htm,https://www.sec.gov/Archives/edgar/data/1029744/000119312506237294/d10k.htm
0,2006-09-30,SOFO,2006-11-16,2006-11-16 17:09:27,Q4,4092000.0,982000.0,3110000.0,0.760019550342131,567000.0,2896000.0,0.0,0.0,0.0,4445000.0,0.0,0.0,-173000.0,-0.04227761485826002,-353000.0,0.0,0.0,0.0,0.0,0.0,-341000.0,-0.08333333333333333,0.0,0.0,0.0,0.0,https://www.sec.gov/Archives/edgar/data/1029744/000119312506237294/0001193125-06-237294-index.htm,https://www.sec.gov/Archives/edgar/data/1029744/000119312506237294/d10k.htm
0,2006-06-30,SOFO,2006-08-08,2006-08-08 15:56:55,Q3,3647000.0,812000.0,2835000.0,0.7773512476007678,593000.0,2845000.0,0.0,0.0,0.0,4250000.0,0.0,0.0,-428000.0,-0.11735673156018646,-603000.0,0.0,0.0,0.0,0.0,0.0,-583000.0,-0.1598574170551138,-0.2,-0.2,3199471.0,3199471.0,https://www.sec.gov/Archives/edgar/data/1029744/000119312506165657/0001193125-06-165657-index.htm,https://www.sec.gov/Archives/edgar/data/1029744/000119312506165657/d10q.htm
0,2006-03-31,SOFO,2006-05-11,2006-05-11 17:20:42,Q2,2953000.0,861000.0,2092000.0,0.7084321029461564,544000.0,2516000.0,0.0,0.0,0.0,3921000.0,0.0,0.0,-816000.0,-0.2763291567897054,-968000.0,0.0,21000.0,0.0,0.0,0.0,-947000.0,-0.32069082289197426,-0.3,-0.3,3173365.0,3173365.0,https://www.sec.gov/Archives/edgar/data/1029744/000119312506109250/0001193125-06-109250-index.htm,https://www.sec.gov/Archives/edgar/data/1029744/000119312506109250/d10q.htm
0,2005-12-31,SOFO,2006-02-13,2006-02-13 16:23:23,Q1,1872000.0,560000.0,1312000.0,0.7008547008547008,534000.0,2414000.0,0.0,0.0,0.0,3508000.0,0.0,0.0,-1494000.0,-0.7980769230769231,-1636000.0,0.0,24000.0,0.0,0.0,0.0,-1612000.0,-0.8611111111111112,-0.5,-0.5,3127530.0,3127530.0,https://www.sec.gov/Archives/edgar/data/1029744/000119312506028894/0001193125-06-028894-index.htm,https://www.sec.gov/Archives/edgar/data/1029744/000119312505239212/d10k.htm
0,2005-09-30,SOFO,2005-12-08,2005-12-08 16:41:53,Q4,2510000.0,773000.0,1737000.0,0.6920318725099601,431000.0,2126000.0,0.0,0.0,0.0,3330000.0,0.0,0.0,-713000.0,-0.2840637450199203,-820000.0,0.0,57000.0,0.0,0.0,0.0,-763000.0,-0.3039840637450199,0.0,0.0,0.0,0.0,https://www.sec.gov/Archives/edgar/data/1029744/000119312505239212/0001193125-05-239212-index.htm,https://www.sec.gov/Archives/edgar/data/1029744/000119312505239212/d10k.htm
0,2005-06-30,SOFO,2005-08-10,2005-08-10 16:15:34,Q3,2175000.0,776000.0,1399000.0,0.6432183908045978,458000.0,2065000.0,0.0,0.0,0.0,3299000.0,0.0,0.0,-1024000.0,-0.4708045977011494,-1124000.0,0.0,59000.0,0.0,0.0,0.0,-1065000.0,-0.4896551724137931,-0.3,-0.3,3550000.0,3550000.0,https://www.sec.gov/Archives/edgar/data/1029744/000119312505163839/0001193125-05-163839-index.htm,https://www.sec.gov/Archives/edgar/data/1029744/000119312505163839/d10q.htm
0,2005-03-31,SOFO,2005-05-05,2005-05-05 15:39:53,Q2,2066000.0,669000.0,1397000.0,0.6761858664085189,459000.0,1904000.0,0.0,0.0,0.0,3032000.0,0.0,0.0,-834000.0,-0.4036786060019361,-966000.0,0.0,25000.0,0.0,0.0,0.0,-941000.0,-0.4554695062923524,-0.3,-0.3,3136667.0,3136667.0,https://www.sec.gov/Archives/edgar/data/1029744/000119312505097390/0001193125-05-097390-index.htm,https://www.sec.gov/Archives/edgar/data/1029744/000119312505097390/d10q.htm
0,2004-12-31,SOFO,2005-02-07,2005-02-04 17:36:21,Q1,1591000.0,536000.0,1055000.0,0.6631049654305469,455000.0,2046000.0,0.0,0.0,0.0,3037000.0,0.0,0.0,-1336000.0,-0.8397234443746072,-1446000.0,0.0,46000.0,0.0,0.0,0.0,-1400000.0,-0.8799497171590195,-0.5,-0.5,2800000.0,2800000.0,https://www.sec.gov/Archives/edgar/data/1029744/000119312505020005/0001193125-05-020005-index.htm,https://www.sec.gov/Archives/edgar/data/1029744/000119312504207362/d10k.htm
0,2004-09-30,SOFO,2004-12-03,2004-12-03 16:49:38,Q4,1419000.0,561000.0,858000.0,0.6046511627906976,428000.0,1867000.0,0.0,0.0,0.0,2856000.0,0.0,0.0,-1300000.0,-0.916138125440451,-1437000.0,0.0,18000.0,0.0,0.0,0.0,-1419000.0,-1.0,0.0,0.0,0.0,0.0,https://www.sec.gov/Archives/edgar/data/1029744/000119312504207362/0001193125-04-207362-index.htm,https://www.sec.gov/Archives/edgar/data/1029744/000119312504207362/d10k.htm
0,2004-06-30,SOFO,2004-08-09,2004-08-09 16:19:26,Q3,1154000.0,443000.0,711000.0,0.6161178509532063,420000.0,1914000.0,0.0,0.0,0.0,2777000.0,0.0,0.0,-1501000.0,-1.300693240901213,-1623000.0,0.0,25000.0,0.0,0.0,0.0,-1598000.0,-1.3847487001733103,-0.5,-0.5,3196000.0,3196000.0,https://www.sec.gov/Archives/edgar/data/1029744/000119312504135912/0001193125-04-135912-index.htm,https://www.sec.gov/Archives/edgar/data/1029744/000119312504135912/d10q.htm
0,2004-03-31,SOFO,2004-05-13,2004-05-13 11:18:20,Q2,941000.0,431000.0,510000.0,0.5419766206163655,393000.0,1442000.0,0.0,0.0,0.0,2266000.0,0.0,0.0,-1207000.0,-1.2826780021253985,-1325000.0,0.0,22000.0,0.0,0.0,0.0,-1291000.0,-1.3719447396386824,-0.4,-0.4,3227500.0,3227500.0,https://www.sec.gov/Archives/edgar/data/1029744/000119312504087025/0001193125-04-087025-index.htm,https://www.sec.gov/Archives/edgar/data/1029744/000119312504087025/d10q.htm
0,2003-12-31,SOFO,2004-02-12,2004-02-12 17:00:00,Q1,899000.0,324000.0,575000.0,0.639599555061179,368000.0,1429000.0,0.0,0.0,0.0,2121000.0,0.0,0.0,-1122000.0,-1.2480533926585096,-1222000.0,0.0,34000.0,0.0,0.0,0.0,-1068000.0,-1.1879866518353726,-0.4,-0.4,2670000.0,2670000.0,https://www.sec.gov/Archives/edgar/data/1029744/000119312504021474/0001193125-04-021474-index.htm,https://www.sec.gov/Archives/edgar/data/1029744/000119312503098908/d10k.htm
0,2003-09-30,SOFO,2003-12-23,2003-12-23 16:41:26,Q4,530000.0,350000.0,180000.0,0.33962264150943394,-211000.0,1693000.0,0.0,0.0,0.0,1810000.0,0.0,0.0,-896000.0,-1.6905660377358491,-1280000.0,0.0,3000.0,0.0,0.0,0.0,11422000,21.550943396226415,0.0,0.0,0.0,0.0,https://www.sec.gov/Archives/edgar/data/1029744/000119312503098908/0001193125-03-098908-index.htm,https://www.sec.gov/Archives/edgar/data/1029744/000119312503098908/d10k.htm
0,2003-06-30,SOFO,2003-08-14 00:00:00,2003-08-14 16:02:33,Q3,343000.0,195000.0,148000.0,0.4314868804664723,602000.0,1621000.0,0.0,0.0,0.0,2440000.0,0.0,0.0,-745000.0,-2.17201166180758,-2097000.0,0.0,-22000.0,0.0,0.0,0.0,-4517000.0,-13.169096209912537,-1.6,-1.6,2823125.0,2823125.0,https://www.sec.gov/Archives/edgar/data/1029744/000119312503037931/0001193125-03-037931-index.html,https://www.sec.gov/Archives/edgar/data/1029744/000119312503037931/d10q.htm
0,2003-03-31,SOFO,2003-05-02 00:00:00,2003-05-01 20:38:23,Q2,6355000.0,2513000.0,3842000.0,0.6045633359559403,1329000.0,3421000.0,0.0,0.0,0.0,7263000.0,0.0,0.0,2009000.0,0.3161290322580645,-908000.0,-0.33123524783634933,0.0,-2105000.0,-0.33123524783634933,0.0,-2105000.0,-0.33123524783634933,-0.8,-0.8,2631250.0,2631250.0,https://www.sec.gov/Archives/edgar/data/1029744/000095013103002512/0000950131-03-002512-index.html,https://www.sec.gov/Archives/edgar/data/1029744/000095013103002512/d10q.txt
0,2002-12-31,SOFO,2003-02-14 00:00:00,2003-02-14 17:50:51,Q1,6032000.0,2482000.0,3550000.0,0.588527851458886,1561000.0,4072000.0,0.0,0.0,0.0,8115000.0,0.0,0.0,-1113000.0,-0.18451591511936338,-2083000.0,-0.5696286472148541,0.0,-3436000.0,-0.5696286472148541,-89000.0,-3347000.0,-0.5548740053050398,-1.2,-1.2,2789167.0,2789167.0,https://www.sec.gov/Archives/edgar/data/1029744/000095013103000718/0000950131-03-000718-index.html,https://www.sec.gov/Archives/edgar/data/1029744/000095013103000718/d10q.txt
0,2002-09-30,SOFO,2002-12-30 00:00:00,2002-12-30 15:59:56,Q4,6434000.0,2507000.0,3927000.0,0.6103512589368977,1813000.0,4570000.0,0.0,0.0,0.0,8890000.0,0.0,0.0,-11000.0,-0.0017096673919801057,-2456000.0,-0.6478085172520982,0.0,-4168000.0,-0.6478085172520982,-196000.0,-3972000.0,-0.6173453528131799,0.0,0.0,0.0,0.0,https://www.sec.gov/Archives/edgar/data/1029744/000095013102005040/0000950131-02-005040-index.html,https://www.sec.gov/Archives/edgar/data/1029744/000095013102005040/d10k.txt
0,2002-06-30,SOFO,2002-08-14 00:00:00,2002-08-14 15:15:10,Q3,7234000.0,2535000.0,4699000.0,0.6495714680674592,1755000.0,3647000.0,0.0,0.0,0.0,7937000.0,0.0,0.0,1538000.0,0.2126071329831352,-703000.0,-0.31739010229471937,0.0,-2296000.0,-0.31739010229471937,208000.0,-2504000.0,-0.346143212607133,-0.9,-0.9,2782222.0,2782222.0,https://www.sec.gov/Archives/edgar/data/1029744/000095013102003236/0000950131-02-003236-index.html,https://www.sec.gov/Archives/edgar/data/1029744/000095013102003236/d10q.txt
0,2002-03-31,SOFO,2002-05-15 00:00:00,2002-05-15 16:49:25,Q2,6451000.0,2767000.0,3684000.0,0.5710742520539451,1815000.0,3565000.0,0.0,0.0,0.0,8147000.0,0.0,0.0,345000.0,0.05348008060765773,-1696000.0,-0.45140288327391104,-204000.0,-2912000.0,-0.45140288327391104,0.0,-2912000.0,-0.45140288327391104,-1.1,-1.1,2647273.0,2647273.0,https://www.sec.gov/Archives/edgar/data/1029744/000095013102002063/0000950131-02-002063-index.html,https://www.sec.gov/Archives/edgar/data/1029744/000095013102002063/d10q.txt
0,2001-12-31,SOFO,2002-02-14 00:00:00,2002-02-14 00:00:00,Q1,6038000.0,2776000.0,3262000.0,0.5402451142762504,1847000.0,4002000.0,0.0,0.0,0.0,8625000.0,0.0,0.0,-1670000.0,-0.27658164955283204,-2587000.0,0.0,0.0,0.0,0.0,0.0,-47350000,-7.842000662471017,-18.4,-18.4,2573370.0,2573370.0,https://www.sec.gov/Archives/edgar/data/1029744/000095013102000554/0000950131-02-000554-index.html,https://www.sec.gov/Archives/edgar/data/1029744/000095013102000554/d10q.txt
0,2001-09-30,SOFO,,Not found...,Q4,5408000.0,2472000.0,2936000.0,0.5428994082840237,1674000.0,3645000.0,0.0,0.0,0.0,14516000,0.0,0.0,1045000.0,0.19323224852071005,-9108000.0,0.0,-2191000.0,0.0,0.0,0.0,-11374000,-2.103180473372781,0.0,0.0,0.0,0.0,,
0,2001-06-30,SOFO,2001-08-13 00:00:00,2001-08-13 00:00:00,Q3,7094000.0,2964000.0,4130000.0,0.582182125740062,1685000.0,4204000.0,0.0,0.0,0.0,15579000,0.0,0.0,-855000.0,-0.12052438680575134,-8485000.0,-1.2032703693261912,0.0,-8536000.0,-1.2032703693261912,0.0,-8536000.0,-1.2032703693261912,-3.9,-3.9,2188718.0,2188718.0,https://www.sec.gov/Archives/edgar/data/1029744/000095013101502875/0000950131-01-502875-index.html,https://www.sec.gov/Archives/edgar/data/1029744/000095013101502875/d10q.txt
0,2001-03-31,SOFO,2001-05-14 00:00:00,2001-05-14 00:00:00,Q2,7264000.0,10756000,-3492000.0,-0.480726872246696,1793000.0,4946000.0,0.0,0.0,0.0,24504000,0.0,0.0,-9184000.0,-1.2643171806167401,-17240000,0.0,0.0,0.0,0.0,0.0,-10277000,-1.414785242290749,-4.6,-4.6,2234130.0,2234130.0,https://www.sec.gov/Archives/edgar/data/1029744/000102140801500971/0001021408-01-500971-index.html,https://www.sec.gov/Archives/edgar/data/1029744/000102140801500971/d10q.txt
0,2000-12-31,SOFO,2001-02-14 00:00:00,2001-02-14 00:00:00,Q1,6518000.0,2754000.0,3764000.0,0.577477753912243,2834000.0,8912000.0,0.0,0.0,0.0,22501000,0.0,0.0,-4200000.0,-0.6443694384780607,-15983000,0.0,-3782000.0,0.0,0.0,0.0,-19673000,-3.0182571340902116,-9.0,-9.0,2185889.0,2185889.0,https://www.sec.gov/Archives/edgar/data/1029744/000095013101001124/0000950131-01-001124-index.html,https://www.sec.gov/Archives/edgar/data/1029744/000095013101001124/0000950131-01-001124-0001.txt
0,2000-09-30,SOFO,2000-12-29 00:00:00,2000-12-29 00:00:00,Q4,9372000.0,3720000.0,5652000.0,0.6030729833546735,2918000.0,8882000.0,0.0,0.0,0.0,24306000,0.0,0.0,-6148000.0,-0.6559965855740504,-14934000,0.0,0.0,0.0,0.0,0.0,-15947000,-1.701557831839522,0.0,0.0,0.0,0.0,https://www.sec.gov/Archives/edgar/data/1029744/000095013100006970/0000950131-00-006970-index.html,https://www.sec.gov/Archives/edgar/data/1029744/000095013100006970/0000950131-00-006970-0001.txt
0,2000-06-30,SOFO,2000-08-14 00:00:00,2000-08-14 00:00:00,Q3,6874000.0,1773000.0,5101000.0,0.7420715740471341,2238000.0,9707000.0,0.0,0.0,0.0,21731000,0.0,0.0,-6843500.0,-0.9955629909805063,-14857000,-2.0816118708175733,0.0,-14309000,-2.0816118708175733,-8000.0,-14301000,-2.080448065173116,-6.6,-6.6,2166818.0,2166818.0,https://www.sec.gov/Archives/edgar/data/1029744/000095013100004930/0000950131-00-004930-index.html,https://www.sec.gov/Archives/edgar/data/1029744/000095013100004930/0000950131-00-004930-0001.txt
0,2000-03-31,SOFO,2000-05-15 00:00:00,2000-05-15 00:00:00,Q2,6028297.0,973473.0,5054824.0,0.8385160850568577,1521988.0,5761191.0,0.0,0.0,0.0,8819152.0,0.0,0.0,-2228355.0,-0.36964917289244376,-2790855.0,0.0,0.0,0.0,0.0,0.0,-2471127.0,-0.40992124309734573,-1.5,-1.5,1647418.0,1647418.0,https://www.sec.gov/Archives/edgar/data/1029744/000095013100003445/0000950131-00-003445-index.html,https://www.sec.gov/Archives/edgar/data/1029744/0000950131-00-003445.txt
0,1999-12-31,SOFO,2000-02-14 00:00:00,2000-02-14 00:00:00,Q1,5100000.0,800000.0,4300000.0,0.8431372549019608,1200000.0,5500000.0,0.0,0.0,0.0,7900000.0,0.0,0.0,-2400000.0,-0.47058823529411764,-2800000.0,0.0,0.0,0.0,0.0,0.0,-2200000.0,-0.43137254901960786,-1.65,-1.65,1333333.0,1333333.0,https://www.sec.gov/Archives/edgar/data/1029744/000095013100001250/0000950131-00-001250-index.html,https://www.sec.gov/Archives/edgar/data/1029744/0000950131-00-001250.txt
0,1999-09-30,SOFO,1999-12-16 00:00:00,1999-12-16 00:00:00,Q4,5100000.0,700000.0,4400000.0,0.8627450980392157,1100000.0,5000000.0,0.0,0.0,0.0,7000000.0,0.0,0.0,-1700000.0,-0.3333333333333333,-1900000.0,0.0,0.0,0.0,0.0,0.0,-1800000.0,-0.35294117647058826,0.0,0.0,0.0,0.0,https://www.sec.gov/Archives/edgar/data/1029744/000095013199006714/0000950131-99-006714-index.html,https://www.sec.gov/Archives/edgar/data/1029744/0000950131-99-006714.txt
0,1999-06-30,SOFO,,,Q3,4200000.0,600000.0,3600000.0,0.8571428571428571,500000.0,4000000.0,0.0,0.0,0.0,5500000.0,0.0,0.0,-900000.0,-0.21428571428571427,-1300000.0,0.0,0.0,0.0,0.0,0.0,-1300000.0,-0.30952380952380953,-2.4,-2.4,266601.0,266601.0,,
0,1999-03-31,SOFO,,,Q2,2800000.0,500000.0,2300000.0,0.8214285714285714,700000.0,3000000.0,0.0,0.0,0.0,4400000.0,0.0,0.0,-1500000.0,-0.5357142857142857,-1600000.0,0.0,100000.0,0.0,0.0,0.0,-1500000.0,-0.5357142857142857,-2.9,-2.9,517241.0,517241.0,,
0,1998-12-31,SOFO,,,Q1,2800000.0,600000.0,2200000.0,0.7857142857142857,600000.0,2800000.0,0.0,0.0,0.0,4200000.0,0.0,0.0,-1300000.0,-0.4642857142857143,-1400000.0,0.0,100000.0,0.0,0.0,0.0,-1400000.0,-0.5,-2.6,-2.6,538462.0,538462.0,,
0,1998-09-30,SOFO,,,Q4,3100000.0,600000.0,2500000.0,0.8064516129032258,500000.0,1900000.0,0.0,0.0,0.0,3100000.0,0.0,0.0,0.0,0.0,0.0,0.0,100000.0,0.0,0.0,0.0,0.0,0.0,0.0,0.0,0.0,0.0,,
0,1998-06-30,SOFO,,,Q3,2100000.0,500000.0,1600000.0,0.7619047619047619,300000.0,1200000.0,0.0,0.0,0.0,2100000.0,0.0,0.0,0.0,0.0,0.0,0.0,100000.0,0.0,0.0,0.0,100000.0,0.047619047619047616,0.2,0.2,500000.0,500000.0,,
0,1998-03-31,SOFO,,,Q2,1300000.0,400000.0,900000.0,0.6923076923076923,100000.0,1000000.0,0.0,0.0,0.0,1600000.0,0.0,0.0,-200000.0,-0.15384615384615385,-300000.0,0.0,0.0,0.0,0.0,0.0,-400000.0,-0.3076923076923077,-5.0,-5.0,44118.0,44118.0,,
