,date,symbol,fillingDate,acceptedDate,period,revenue,costOfRevenue,grossProfit,grossProfitRatio,researchAndDevelopmentExpenses,generalAndAdministrativeExpenses,sellingAndMarketingExpenses,otherExpenses,operatingExpenses,costAndExpenses,interestExpense,depreciationAndAmortization,ebitda,ebitdaratio,operatingIncome,operatingIncomeRatio,totalOtherIncomeExpensesNet,incomeBeforeTax,incomeBeforeTaxRatio,incomeTaxExpense,netIncome,netIncomeRatio,eps,epsdiluted,weightedAverageShsOut,weightedAverageShsOutDil,link,finalLink
0,2020-09-30,AKAM,2020-11-06,2020-11-06 16:07:44,Q3,792845000,283439000,509406000,0.6425038942037851,66773000,128365000,122749000,293800000,611687000,611687000,17324000,118893000,300051000,0.37844849876079184,181158000,0.2284910669803051,0.0,167983000,0.21187369536290196,-8801000.0,158623000,0.20006810915122122,0.9746001708067856,0.9746001708067856,162757000,164768000,https://www.sec.gov/Archives/edgar/data/1086222/000108622220000220/0001086222-20-000220-index.htm,https://www.sec.gov/Archives/edgar/data/1086222/000108622220000220/akam-20200930.htm
0,2020-06-30,AKAM,2020-08-07,2020-08-07 17:29:53,Q2,794715000,276804000,517911000,0.6516940035106925,64090000,232187000,123469000,287018000,327481999.99999994,604286000,17249000,115580000.00000001,313415000,0.394374,190429000,0.239619,-1603000.0,181079000,0.227854,18671000,161915000,0.20374,0.98268,0.98268,164768000,164768000,https://www.sec.gov/Archives/edgar/data/1086222/000108622220000198/0001086222-20-000198-index.htm,https://www.sec.gov/Archives/edgar/data/1086222/000108622220000198/akam-20200630.htm
0,2020-03-31,AKAM,2020-05-08,2020-05-08 16:11:12,Q1,764302000,268582000,495720000,0.6485917870161272,71224000,230606000,123786000,289601000,343390000,611972000,17205000,116208000,270851000,0.354377,152330000,0.199306,-4108000.0,138060000,0.180635,14292000,123146000,0.161122,0.75234,0.75234,163684000,163684000,https://www.sec.gov/Archives/edgar/data/1086222/000108622220000103/0001086222-20-000103-index.htm,https://www.sec.gov/Archives/edgar/data/1086222/000108622220000045/akam10k123119.htm
0,2019-12-31,AKAM,2020-02-28,2020-02-28 16:14:59,Q4,772123000,257750000,514373000,0.6661801293317257,68898000,257276000,140243000,277734000,379051000.00000006,636801000,16675000,115799999.99999996,262206999.99999994,0.339592,135322000,0.17526,-609000.0,129440000,0.167642,10632000,119100000,0.15425,0.72654,0.72654,163928000,163928000,https://www.sec.gov/Archives/edgar/data/1086222/000108622220000045/0001086222-20-000045-index.htm,https://www.sec.gov/Archives/edgar/data/1086222/000108622220000045/akam10k123119.htm
0,2019-09-30,AKAM,2019-11-08,2019-11-08 09:06:22,Q3,709912000,246938000,462974000,0.6521568870507894,64887000,225986000,122258000,256262000,319685000.00000006,566623000.0000001,12127000,110604000.00000001,259661000,0.365765,143289000,0.201841,-752000.0,138318000,0.194838,-960000.0,137890000,0.194235,0.83794,0.83794,164558000,164558000,https://www.sec.gov/Archives/edgar/data/1086222/000108622219000241/0001086222-19-000241-index.htm,https://www.sec.gov/Archives/edgar/data/1086222/000108622219000241/akam10q9302019.htm
0,2019-06-30,AKAM,2019-08-08,2019-08-08 16:11:57,Q2,705074000,242193000,462881000,0.6564998851184415,61439000,235920000,135106000,252631000,327099000.00000006,569292000,8446000.0,106065000.00000001,247679000,0.351281,135782000,0.192578,-578000.0,133168000,0.188871,19253000,113915000,0.161565,0.69031,0.69031,165019000,165019000,https://www.sec.gov/Archives/edgar/data/1086222/000108622219000210/0001086222-19-000210-index.htm,https://www.sec.gov/Archives/edgar/data/1086222/000108622219000210/akam10q6302019.htm
0,2019-03-31,AKAM,2019-05-09,2019-05-09 16:04:33,Q1,706508000,240743000,465765000,0.6592494352505562,66141000,230287000,126276000,256731000,331239999.99999994,571983000,12116000,108205000,251876000,0.356508,134525000,0.190408,511000.0,131555000,0.186205,24425000,107130000,0.151633,0.65011,0.65011,164787000,164787000,https://www.sec.gov/Archives/edgar/data/1086222/000108622219000136/0001086222-19-000136-index.htm,https://www.sec.gov/Archives/edgar/data/1086222/000108622219000066/akam10k123118.htm
0,2018-12-31,AKAM,2019-02-28,2019-02-28 16:50:47,Q4,713363000,243927000,469436000,0.658060482531334,60342000,246193000,137797000,265371000,349148000,593075000,14582000,116320000,240875000,0.337661,120288000,0.168621,59000.0,113073000,0.158507,15958000,94015000,0.131791,0.57133,0.57133,164556000,164556000,https://www.sec.gov/Archives/edgar/data/1086222/000108622219000066/0001086222-19-000066-index.htm,https://www.sec.gov/Archives/edgar/data/1086222/000108622219000066/akam10k123118.htm
0,2018-09-30,AKAM,2018-11-08,2018-11-08 16:09:35,Q3,669600000,239200000,430400000,0.6427718040621266,61000000,226300000,125323000,749019000,313900000.00000006,553100000,14566000,107799999.99999999,233165999.99999997,0.348217,116500000,0.173984,-500000.0,110800000,0.165472,3200000.0,107600000,0.160693,0.64086,0.64086,167900000,167900000,https://www.sec.gov/Archives/edgar/data/1086222/000108622218000208/0001086222-18-000208-index.htm,https://www.sec.gov/Archives/edgar/data/1086222/000108622218000208/akam10q9302018.htm
0,2018-06-30,AKAM,2018-08-08,2018-08-08 16:07:19,Q2,662800000,235500000,427300000,0.6446891973445986,59700000,230200000,131680000,244047000,370100000,605600000,9204000.0,106300000.00000001,167104000,0.252118,57100000,0.08615,-2800000.0,51600000,0.077852,8500000.0,43100000,0.065027,0.25015,0.25015,172300000,172300000,https://www.sec.gov/Archives/edgar/data/1086222/000108622218000189/0001086222-18-000189-index.htm,https://www.sec.gov/Archives/edgar/data/1086222/000108622218000189/akam10q6302018.htm
0,2018-03-31,AKAM,2018-05-09,2018-05-09 16:14:58,Q1,668700000,234800000,433900000,0.6488709436219531,65100000,232800000,122553000,258164000,365400000.00000006,600200000,4850000.0,104100000,176650000,0.264169,68600000,0.102587,21000.0,67700000,0.101241,14000000,53700000,0.080305,0.31221,0.31221,172000000,172000000,https://www.sec.gov/Archives/edgar/data/1086222/000108622218000094/0001086222-18-000094-index.htm,https://www.sec.gov/Archives/edgar/data/1086222/000108622218000052/akam10k123117.htm
0,2017-12-31,AKAM,2018-03-01,2018-03-01 09:07:51,Q4,658500000,229900000,428600000,0.6508731966590736,59700000,238900000,140414000,289347000,396500000,626400000,4850000.0,99400000.00000003,110450000.00000003,0.16773,32100000,0.048747,500000.0,32200000,0.048899,-21300000,27500000,0.041762,0.1611,0.1611,170700000,170700000,https://www.sec.gov/Archives/edgar/data/1086222/000108622218000052/0001086222-18-000052-index.htm,https://www.sec.gov/Archives/edgar/data/1086222/000108622218000052/akam10k123117.htm
0,2017-09-30,AKAM,2017-11-08,2017-11-08 16:48:26,Q3,624400000,225500000,398900000,0.6388532991672005,57200000,221900000,120220000,233553000,307700000.00000006,533200000.00000006,4746000.0,97199999.99999999,193446000,0.309811,91300000,0.14622,500000.0,91500000,0.146541,27600000,63900000,0.102338,0.37259,0.37259,171500000,171500000,https://www.sec.gov/Archives/edgar/data/1086222/000108622217000249/0001086222-17-000249-index.htm,https://www.sec.gov/Archives/edgar/data/1086222/000108622217000249/akam10q9302017.htm
0,2017-06-30,AKAM,2017-08-08,2017-08-08 16:12:24,Q2,605800000,214700000,391100000,0.6455926048200726,53400000,220300000,119432000,225374000,305500000.00000006,520200000.00000006,4646000.0,89199999.99999999,179646000,0.296543,85600000,0.141301,600000.0,85800000,0.141631,29000000,56800000,0.09376,0.32757,0.32757,173400000,173400000,https://www.sec.gov/Archives/edgar/data/1086222/000108622217000215/0001086222-17-000215-index.htm,https://www.sec.gov/Archives/edgar/data/1086222/000108622217000215/akam10q6302017.htm
0,2017-03-31,AKAM,2017-05-09,2017-05-09 16:08:06,Q1,600300000,205700000,394600000,0.6573379976678327,52200000,211200000,113566000,213272000,289300000,495000000,4597000.0,86500000,195797000,0.326165,105300000,0.175412,-700000.0,104700000,0.174413,30100000,74600000,0.124271,0.4258,0.4258,175200000,175200000,https://www.sec.gov/Archives/edgar/data/1086222/000108622217000143/0001086222-17-000143-index.htm,https://www.sec.gov/Archives/edgar/data/1086222/000108622217000080/akam10k123116.htm
0,2016-12-31,AKAM,2017-02-28,2017-02-28 16:08:12,Q4,616100000,203500000,412600000,0.6696964778445058,46800000,217400000,118907000,210157000,289100000,492600000,4680000.0,84000000,214480000,0.348125,123500000,0.200454,2800000.0,125800000,0.204188,34200000,91600000,0.148677,0.52253,0.52253,175300000,175300000,https://www.sec.gov/Archives/edgar/data/1086222/000108622217000080/0001086222-17-000080-index.htm,https://www.sec.gov/Archives/edgar/data/1086222/000108622217000080/akam10k123116.htm
0,2016-09-30,AKAM,2016-11-08,2016-11-08 16:15:01,Q3,584100000,204500000,379600000,0.6498887176853279,42300000,199000000,102626000,214013000,267800000,472300000,4666000.0,84500000,200866000,0.34389,111800000,0.191406,800000.0,111700000,0.191234,35700000,76000000,0.130115,0.4328,0.4328,175600000,175600000,https://www.sec.gov/Archives/edgar/data/1086222/000108622216000392/0001086222-16-000392-index.htm,https://www.sec.gov/Archives/edgar/data/1086222/000108622216000392/akam10q9302016.htm
0,2016-06-30,AKAM,2016-08-08,2016-08-08 17:01:54,Q2,572100000,206300000,365800000,0.6393987065198392,37700000,194400000,103223000,213504000,255700000,462000000,4639000.0,85100000.00000001,199039000,0.347909,110200000,0.192624,400000.0,109300000,0.191051,35700000,73600000,0.128649,0.41723,0.41723,176400000,176400000,https://www.sec.gov/Archives/edgar/data/1086222/000108622216000345/0001086222-16-000345-index.htm,https://www.sec.gov/Archives/edgar/data/1086222/000108622216000345/akam10q6302016.htm
0,2016-03-31,AKAM,2016-05-09,2016-05-09 17:07:46,Q1,567700000,194700000,373000000,0.6570371675180553,40800000,189000000,102211000,208270000,258900000.00000003,453600000.00000006,4653000.0,80700000,197953000,0.348693,114100000,0.200986,-200000.0,112600000,0.198344,37700000,74900000,0.131936,0.42197,0.42197,177500000,177500000,https://www.sec.gov/Archives/edgar/data/1086222/000108622216000291/0001086222-16-000291-index.htm,https://www.sec.gov/Archives/edgar/data/1086222/000108622216000245/akam10k123115.htm
0,2015-12-31,AKAM,2016-02-29,2016-02-29 14:26:42,Q4,579200000,193200000,386000000,0.6664364640883977,37700000,202800000,118582000,200245000,263300000,456500000,4641000.0,80400000.00000003,205541000.00000003,0.354871,122700000,0.211844,12200000,120500000,0.208046,32100000,88400000,0.152624,0.49193,0.49193,179700000,179700000,https://www.sec.gov/Archives/edgar/data/1086222/000108622216000245/0001086222-16-000245-index.htm,https://www.sec.gov/Archives/edgar/data/1086222/000108622216000245/akam10k123115.htm
0,2015-09-30,AKAM,2015-11-09,2015-11-09 10:30:56,Q3,551000000,183200000,367800000,0.667513611615245,38400000,192600000,107426000,189976000,252100000.00000003,435300000,4630000.0,74799999.99999999,193329999.99999997,0.350871,115700000,0.209982,-4700000.0,114000000,0.206897,25900000,88000000,0.15971,0.4878,0.4878,180400000,180400000,https://www.sec.gov/Archives/edgar/data/1086222/000108622215000181/0001086222-15-000181-index.htm,https://www.sec.gov/Archives/edgar/data/1086222/000108622215000181/akam10q9302015.htm
0,2015-06-30,AKAM,2015-08-10,2015-08-10 10:59:53,Q2,540700000,179900000,360800000,0.6672831514703162,36700000,196900000,111501000,187117000,254600000,434500000,4678000.0,73900000,181078000,0.334896,106300000,0.196597,-6400000.0,102500000,0.189569,35300000,67200000,0.124283,0.37189,0.37189,180700000,180700000,https://www.sec.gov/Archives/edgar/data/1086222/000108622215000161/0001086222-15-000161-index.htm,https://www.sec.gov/Archives/edgar/data/1086222/000108622215000161/akam10q6302015.htm
0,2015-03-31,AKAM,2015-05-11,2015-05-11 14:42:55,Q1,526500000,169300000,357200000,0.6784425451092118,35800000,180600000,103479000,176116000,235700000,405000000,4576000.0,70500000,194676000,0.369755,121500000,0.230769,-5100000.0,119600000,0.22716,41900000,77700000,0.147578,0.42976,0.42976,180800000,180800000,https://www.sec.gov/Archives/edgar/data/1086222/000108622215000101/0001086222-15-000101-index.htm,https://www.sec.gov/Archives/edgar/data/1086222/000108622215000066/akam10k123114.htm
0,2014-12-31,AKAM,2015-03-02,2015-03-02 17:08:18,Q4,536300000,163200000,373100000,0.6956927093044938,32400000,185000000,110293000,171604000,237000000,400200000,4524000.0,67800000.00000001,206224000,0.384531,136100000,0.253776,9900000.0,133900000,0.249674,36800000,97100000,0.181055,0.53676,0.53676,180900000,180900000,https://www.sec.gov/Archives/edgar/data/1086222/000108622215000066/0001086222-15-000066-index.htm,https://www.sec.gov/Archives/edgar/data/1086222/000108622215000066/akam10k123114.htm
0,2014-09-30,AKAM,2014-11-10,2014-11-10 12:05:01,Q3,498000000,158800000,339200000,0.6811244979919678,32600000,167200000,96215000,167100000,219000000,377800000,4482000.0,67399999.99999999,189482000,0.380486,120200000,0.241365,-4900000.0,117600000,0.236145,26400000,91200000,0.183133,0.50387,0.50387,181000000,181000000,https://www.sec.gov/Archives/edgar/data/1086222/000126643214000140/0001266432-14-000140-index.htm,https://www.sec.gov/Archives/edgar/data/1086222/000126643214000140/akam10q9302014.htm
0,2014-06-30,AKAM,2014-08-11,2014-08-11 10:46:21,Q2,476000000,149300000,326700000,0.686344537815126,32100000,163000000,91462000,158290000,214399999.99999997,363700000,4516000.0,58700000,171916000,0.361168,112400000,0.236134,-5600000.0,108700000,0.228361,35800000,72900000,0.153151,0.40321,0.40321,180800000,180800000,https://www.sec.gov/Archives/edgar/data/1086222/000154256714000021/0001542567-14-000021-index.htm,https://www.sec.gov/Archives/edgar/data/1086222/000154256714000021/akam10q6302014.htm
0,2014-03-31,AKAM,2014-05-12,2014-05-12 15:52:20,Q1,453500000,139600000,313900000,0.6921719955898566,28200000,145700000,81065000,147195000,193100000,332700000,1941000.0,53500000,175141000,0.386198,120800000,0.266373,-2900000.0,119700000,0.263947,46900000,72800000,0.160529,0.4,0.4,182000000,182000000,https://www.sec.gov/Archives/edgar/data/1086222/000154256714000015/0001542567-14-000015-index.htm,https://www.sec.gov/Archives/edgar/data/1086222/000154256714000009/akam10k123113.htm
0,2013-12-31,AKAM,2014-03-03,2014-03-03 16:16:52,Q4,436000000,134000000,302000000,0.6926605504587156,26500000,144600000,82054000,139797000,186200000,320200000,1500000.0,49900000.00000001,168200000,0.38578,115800000,0.265596,-400000.0,116900000,0.268119,36500000,80300000,0.184174,0.44048,0.44048,182300000,182300000,https://www.sec.gov/Archives/edgar/data/1086222/000154256714000009/0001542567-14-000009-index.htm,https://www.sec.gov/Archives/edgar/data/1086222/000154256714000009/akam10k123113.htm
0,2013-09-30,AKAM,2013-11-12,2013-11-12 08:45:00,Q3,395800000,132000000,263800000,0.6664982314300152,24900000,126000000,67811000,136967000,164300000,296300000,1500000.0,48000000,150200000,0.379485,99500000,0.25139,-300000.0,100700000,0.254421,20900000,79800000,0.201617,0.4387,0.4387,181900000,181900000,https://www.sec.gov/Archives/edgar/data/1086222/000154256713000046/0001542567-13-000046-index.htm,https://www.sec.gov/Archives/edgar/data/1086222/000154256713000046/akam10q9302013.htm
0,2013-06-30,AKAM,2013-08-09,2013-08-09 11:10:39,Q2,378100000,124700000,253400000,0.6701930706162391,20600000,124000000,67825000,130830000000,155900000.00000003,280600000.00000006,1500000.0,44100000,144900000,0.383232,97500000,0.257868,300000.0,99300000,0.262629,37400000,61900000,0.163713,0.34123,0.34123,181400000,181400000,https://www.sec.gov/Archives/edgar/data/1086222/000154256713000027/0001542567-13-000027-index.htm,https://www.sec.gov/Archives/edgar/data/1086222/000154256713000027/akam10q6302013.htm
0,2013-03-31,AKAM,2013-05-10,2013-05-10 10:31:24,Q1,368000000,120400000,247600000,0.6728260869565217,21900000,118100000,62690000,126883000,146499999.99999997,266899999.99999997,1600000.0,42400000,146700000,0.398641,101200000,0.275,-100000.0,102700000,0.279076,31200000,71500000,0.194293,0.39372,0.39372,181600000,181600000,https://www.sec.gov/Archives/edgar/data/1086222/000154256713000005/0001542567-13-000005-index.htm,https://www.sec.gov/Archives/edgar/data/1086222/000126643213000021/akam10k123112.htm
0,2012-12-31,AKAM,2013-03-01,2013-03-01 16:20:00,Q4,377900000,139500000,238400000,0.6308547234718179,20400000,110200000,85308000,117636000,142600000.00000003,282100000,1600000.0,55000000,154100000,0.40778,95700000,0.253242,200000.0,97500000,0.258005,29200000,68300000,0.180736,0.37569,0.37569,181800000,181800000,https://www.sec.gov/Archives/edgar/data/1086222/000126643213000021/0001266432-13-000021-index.htm,https://www.sec.gov/Archives/edgar/data/1086222/000126643213000021/akam10k123112.htm
0,2012-09-30,AKAM,2012-11-09,2012-11-09 13:12:26,Q3,345300000,134200000,211100000,0.611352447147408,19400000,100800000,75924000,115376000,131000000,265200000,1600000.0,53499999.999999985,136600000,0.395598,80200000,0.232262,-200000.0,81500000,0.236027,33300000,48200000,0.139589,0.26615,0.26615,181100000,181100000,https://www.sec.gov/Archives/edgar/data/1086222/000126643212000082/0001266432-12-000082-index.htm,https://www.sec.gov/Archives/edgar/data/1086222/000126643212000082/akam10q9302012.htm
0,2012-06-30,AKAM,2012-08-09,2012-08-09 15:00:00,Q2,331300000,131300000,200000000,0.6036824630244492,17500000,105300000,75882000,112874000,133000000,264300000,1600000.0,50100000,121400000,0.366435,67000000,0.202234,1100000.0,69800000,0.210685,25500000,44200000,0.133414,0.24312,0.24312,181800000,181800000,https://www.sec.gov/Archives/edgar/data/1086222/000154256712000005/0001542567-12-000005-index.htm,https://www.sec.gov/Archives/edgar/data/1086222/000154256712000005/akam10q6302012.htm
0,2012-03-31,AKAM,2012-05-10,2012-05-10 13:12:57,Q1,319400000,124900000,194500000,0.6089542892924233,17500000,100600000,67290000,107393000,123000000,247900000,1600000.0,45600000,120000000,0.375704,71600000,0.22417,-400000.0,72800000,0.227927,29600000,43200000,0.135254,0.23697,0.23697,182300000,182300000,https://www.sec.gov/Archives/edgar/data/1086222/000126643212000032/0001266432-12-000032-index.htm,https://www.sec.gov/Archives/edgar/data/1086222/000126643212000010/akam10k123111.htm
0,2011-12-31,AKAM,2012-02-29,2012-02-29 11:20:49,Q4,323700000,102500000,221200000,0.683348779734322,15200000,117600000,66609000,111588000,141900000,244400000,1400000.0,43700000,133300000,0.411801,79300000,0.24498,7500000.0,88200000,0.272475,28100000,60100000,0.185666,0.32842,0.32842,183000000,183000000,https://www.sec.gov/Archives/edgar/data/1086222/000126643212000010/0001266432-12-000010-index.htm,https://www.sec.gov/Archives/edgar/data/1086222/000126643212000010/akam10k123111.htm
0,2011-09-30,AKAM,2011-11-09,2011-11-09 14:27:26,Q3,281900000,93300000,188600000,0.669031571479248,13500000,105400000,54520000,97627000,123200000,216500000,3000000.0,41700000,112900000,0.400497,65300000,0.231642,-200000.0,68100000,0.241575,25900000,42300000,0.150053,0.22779,0.22779,185700000,185700000,https://www.sec.gov/Archives/edgar/data/1086222/000144530511003341/0001445305-11-003341-index.htm,https://www.sec.gov/Archives/edgar/data/1086222/000144530511003341/akam10q93011.htm
0,2011-06-30,AKAM,2011-08-09,2011-08-09 14:26:08,Q2,277000000,89600000,187400000,0.6765342960288808,11000000,98800000,52837000,93939000,114200000.00000001,203800000.00000003,3100000.0,41400000,120700000,0.43574,73200000,0.26426,-100000.0,76200000,0.27509,28300000,47900000,0.172924,0.25184,0.25184,190200000,190200000,https://www.sec.gov/Archives/edgar/data/1086222/000144530511002451/0001445305-11-002451-index.htm,https://www.sec.gov/Archives/edgar/data/1086222/000144530511002451/akam10q63011.htm
0,2011-03-31,AKAM,2011-05-10,2011-05-10 16:01:06,Q1,276000000,89100000,186900000,0.6771739130434783,12600000,97300000,53365000,93345000,114100000,203200000,3000000.0,41100000,118800000,0.430435,72700000,0.263406,-1000000.0,74700000,0.270652,24100000,50600000,0.183333,0.26437,0.26437,191400000,191400000,https://www.sec.gov/Archives/edgar/data/1086222/000119312511134164/0001193125-11-134164-index.htm,https://www.sec.gov/Archives/edgar/data/1086222/000119312511051569/d10k.htm
0,2010-12-31,AKAM,2011-03-01,2011-03-01 12:47:11,Q4,284700000,86300000,198400000,0.6968739023533544,13800000,108000000,66230000,90544000,126000000.00000001,212300000,148000.0,39099999.99999999,113248000,0.39778,72300000,0.253952,-1100000.0,74000000,0.259923,21500000,52500000,0.184405,0.27372,0.27372,191800000,191800000,https://www.sec.gov/Archives/edgar/data/1086222/000119312511051569/0001193125-11-051569-index.htm,https://www.sec.gov/Archives/edgar/data/1086222/000119312511051569/d10k.htm
0,2010-09-30,AKAM,2010-11-09,2010-11-09 15:00:45,Q3,253600000,77800000,175800000,0.693217665615142,14200000,98300000,55603000,81942000,116700000,194500000,222000.0,36500000,97022000,0.382579,59000000,0.23265,-1400000.0,60300000,0.237776,20600000,39700000,0.156546,0.20753,0.20753,191300000,191300000,https://www.sec.gov/Archives/edgar/data/1086222/000119312510253961/0001193125-10-253961-index.htm,https://www.sec.gov/Archives/edgar/data/1086222/000119312510253961/d10q.htm
0,2010-06-30,AKAM,2010-08-09,2010-08-09 16:01:56,Q2,245300000,71800000,173500000,0.707297187117815,13600000,98900000,104871000,75992000,117000000.00000001,188800000,1327000.0,34599999.99999999,95327000,0.388614,56500000,0.23033,100000.0,59400000,0.242152,21300000,38100000,0.15532,0.2,0.2,190500000,190500000,https://www.sec.gov/Archives/edgar/data/1086222/000119312510183302/0001193125-10-183302-index.htm,https://www.sec.gov/Archives/edgar/data/1086222/000119312510183302/d10q.htm
0,2010-03-31,AKAM,2010-05-10,2010-05-10 16:13:15,Q1,240000000,67500000,172500000,0.71875,13200000,89200000,49668000,71582000,106500000,174000000,709000.0,33000000,102409000,0.426704,66100000,0.275417,-100000.0,68600000,0.285833,27800000,40900000,0.170417,0.2164,0.2164,189000000,189000000,https://www.sec.gov/Archives/edgar/data/1086222/000119312510114602/0001193125-10-114602-index.htm,https://www.sec.gov/Archives/edgar/data/1086222/000119312510044561/d10k.htm
0,2009-12-31,AKAM,2010-03-01,2010-03-01 15:17:40,Q4,238300000,67600000,170700000,0.7163239613932019,12500000,91800000,51608000,71722000,108500000,176100000,709000.0,32599999.999999993,97909000,0.410864,62200000,0.261016,-500000.0,64600000,0.271087,24500000,40100000,0.168275,0.21262,0.21262,188600000,188600000,https://www.sec.gov/Archives/edgar/data/1086222/000119312510044561/0001193125-10-044561-index.htm,https://www.sec.gov/Archives/edgar/data/1086222/000119312510044561/d10k.htm
0,2009-09-30,AKAM,2009-11-09,2009-11-09 16:03:07,Q3,206500000,62000000,144500000,0.6997578692493946,10900000,78800000,44106000,66090000,93800000.00000001,155800000,710000.0,31500000.000000007,85010000,0.411671,50700000,0.245521,-700000.0,52900000,0.256174,20100000,32700000,0.158354,0.17366,0.17366,188300000,188300000,https://www.sec.gov/Archives/edgar/data/1086222/000119312509229337/0001193125-09-229337-index.htm,https://www.sec.gov/Archives/edgar/data/1086222/000119312509229337/d10q.htm
0,2009-06-30,AKAM,2009-08-10,2009-08-10 16:07:02,Q2,204600000,60000000,144600000,0.7067448680351907,9400000.0,76600000,41437000,64247000,90199999.99999999,150200000,710000.0,29700000,88410000,0.432111,54400000,0.265885,200000.0,58000000,0.28348,22000000,36000000,0.175953,0.18987,0.18987,189600000,189600000,https://www.sec.gov/Archives/edgar/data/1086222/000119312509170630/0001193125-09-170630-index.htm,https://www.sec.gov/Archives/edgar/data/1086222/000119312509170630/d10q.htm
0,2009-03-31,AKAM,2009-05-11,2009-05-11 15:39:07,Q1,210400000,60400000,150000000,0.7129277566539924,10900000,78300000,42270000,65055000,93799999.99999999,154199999.99999997,710000.0,28700000,91210000,0.433508,56100000,0.266635,1100000.0,61700000,0.293251,24700000,37100000,0.176331,0.19713,0.19713,188200000,188200000,https://www.sec.gov/Archives/edgar/data/1086222/000119312509107041/0001193125-09-107041-index.htm,https://www.sec.gov/Archives/edgar/data/1086222/000119312509042423/d10k.htm
0,2008-12-31,AKAM,2009-03-02,2009-03-02 15:23:19,Q4,212600000,60700000,151900000,0.7144873000940734,10500000,80400000,45206000,66848000,96999999.99999999,157700000,721000.0,27500000,88221000,0.414962,54800000,0.257761,800000.0,60100000,0.28269,19500000,40500000,0.190499,0.21693,0.21693,186700000,186700000,https://www.sec.gov/Archives/edgar/data/1086222/000119312509042423/0001193125-09-042423-index.htm,https://www.sec.gov/Archives/edgar/data/1086222/000119312509042423/d10k.htm
0,2008-09-30,AKAM,2008-11-10,2008-11-10 16:10:51,Q3,197300000,56700000,140600000,0.7126203750633553,9900000.0,75800000,42027000,59832000,88899999.99999999,145600000,684000.0,24499999.999999993,82184000,0.416543,51800000,0.262544,200000.0,56900000,0.288393,23600000,33400000,0.169285,0.17785,0.17785,187800000,187800000,https://www.sec.gov/Archives/edgar/data/1086222/000119312508231714/0001193125-08-231714-index.htm,https://www.sec.gov/Archives/edgar/data/1086222/000119312508231714/d10q.htm
0,2008-06-30,AKAM,2008-08-11,2008-08-11 16:05:53,Q2,194000000,53700000,140300000,0.7231958762886598,9500000.0,75000000,41188000,57179000,87999999.99999999,141700000,710000.0,23500000,80410000,0.414485,52300000,0.269588,-1000000.0,56200000,0.289691,21900000,34300000,0.176804,0.18284,0.18284,187600000,187600000,https://www.sec.gov/Archives/edgar/data/1086222/000119312508173424/0001193125-08-173424-index.htm,https://www.sec.gov/Archives/edgar/data/1086222/000119312508173424/d10q.htm
0,2008-03-31,AKAM,2008-05-12,2008-05-12 16:01:27,Q1,187000000,51600000,135400000,0.7240641711229947,9300000.0,69200000,35944000,55165000,82100000,133700000,710000.0,22600000,84610000,0.45246,53300000,0.285027,500000.0,61400000,0.328342,24400000,36900000,0.197326,0.19871,0.19871,185700000,185700000,https://www.sec.gov/Archives/edgar/data/1086222/000119312508111487/0001193125-08-111487-index.htm,https://www.sec.gov/Archives/edgar/data/1086222/000119312508043671/d10k.htm
0,2007-12-31,AKAM,2008-02-29,2008-02-29 16:14:04,Q4,183200000,49400000,133800000,0.730349344978166,10500000,69500000,36397000,52229000,82799999.99999999,132199999.99999999,772000.0,20200000.000000004,78972000,0.43107,51000000,0.278384,30000.0,57900000,0.316048,22100000,35900000,0.195961,0.19374,0.19374,185300000,185300000,https://www.sec.gov/Archives/edgar/data/1086222/000119312508043671/0001193125-08-043671-index.htm,https://www.sec.gov/Archives/edgar/data/1086222/000119312508043671/d10k.htm
0,2007-09-30,AKAM,2007-11-09,2007-11-09 16:06:33,Q3,161200000,43800000,117400000,0.728287841191067,11400000,67400000,36671000,46646000,81700000,125500000,771000.0,19300000.000000004,63071000.00000001,0.391259,35800000,0.222084,1300000.0,43000000,0.266749,18700000,24300000,0.150744,0.13128,0.13128,185100000,185100000,https://www.sec.gov/Archives/edgar/data/1086222/000119312507242428/0001193125-07-242428-index.htm,https://www.sec.gov/Archives/edgar/data/1086222/000119312507242428/d10q.htm
0,2007-06-30,AKAM,2007-08-09,2007-08-09 16:01:34,Q2,152700000,39800000,112900000,0.739358218729535,11700000,67500000,37739000,42513000,81900000,121700000,771000.0,17599999.999999996,53971000,0.353445,31000000,0.203012,-600000.0,35600000,0.233137,14000000,21600000,0.141454,0.11638,0.11638,185600000,185600000,https://www.sec.gov/Archives/edgar/data/1086222/000119312507177435/0001193125-07-177435-index.htm,https://www.sec.gov/Archives/edgar/data/1086222/000119312507177435/d10q.htm
0,2007-03-31,AKAM,2007-05-10,2007-05-10 16:16:45,Q1,139300000,34500000,104800000,0.7523330940416367,10600000,64200000,36749000,37292000,77600000,112100000,772000.0,14800000,47272000,0.339354,27200000,0.195262,-200000.0,31700000,0.227566,12500000,19200000,0.137832,0.1048,0.1048,183200000,183200000,https://www.sec.gov/Archives/edgar/data/1086222/000095013507003075/0000950135-07-003075-index.htm,https://www.sec.gov/Archives/edgar/data/1086222/000095013507001307/b63630ate10vk.htm
0,2006-12-31,AKAM,2007-03-01,2007-03-01 16:01:53,Q4,125700000,28600000,97100000,0.7724741447891806,9100000.0,59500000,34258000,30652000,70699999.99999999,99299999.99999999,770000.0,11800000,43870000,0.349006,26400000,0.210024,400000.0,31300000,0.249006,10700000,20600000,0.163882,0.11502,0.11502,179100000,179100000,https://www.sec.gov/Archives/edgar/data/1086222/000095013507001307/0000950135-07-001307-index.htm,https://www.sec.gov/Archives/edgar/data/1086222/000095013507001307/b63630ate10vk.htm
0,2006-09-30,AKAM,2006-11-09,2006-11-09 16:06:16,Q3,111500000,25000000,86500000,0.7757847533632287,8900000.0,53900000,29416000,26927000,64700000,89700000,856000.0,10500000,36656000,0.328753,21800000,0.195516,-400000.0,25300000,0.226906,11300000,14000000,0.125561,0.07905,0.07905,177100000,177100000,https://www.sec.gov/Archives/edgar/data/1086222/000095013506006834/0000950135-06-006834-index.htm,https://www.sec.gov/Archives/edgar/data/1086222/000095013506006834/b62603ate10vq.htm
0,2006-06-30,AKAM,2006-08-09,2006-08-09 14:51:32,Q2,100600000,21200000,79400000,0.7892644135188867,8400000.0,51600000,29720000,23393000,62200000,83400000,773000.0,9600000.000000002,31473000,0.312853,17300000,0.171968,500000.0,21100000,0.209742,9800000.0,11300000,0.112326,0.06435,0.06435,175600000,175600000,https://www.sec.gov/Archives/edgar/data/1086222/000095013506004880/0000950135-06-004880-index.htm,https://www.sec.gov/Archives/edgar/data/1086222/000095013506004880/b61530ate10vq.htm
0,2006-03-31,AKAM,2006-05-10,2006-05-10 13:40:40,Q1,90800000,19300000,71500000,0.7874449339207048,6700000.0,44800000,26295000,21612000,53900000.00000001,73200000,772000.0,8700000.0,30272000,0.333392,17600000,0.193833,200000.0,20800000,0.229075,9300000.0,11500000,0.126652,0.06617,0.06617,173800000,173800000,https://www.sec.gov/Archives/edgar/data/1086222/000095013506003350/0000950135-06-003350-index.htm,https://www.sec.gov/Archives/edgar/data/1086222/000095013506001650/b58056ate10vk.htm
0,2005-12-31,AKAM,2006-03-16,2006-03-16 14:34:07,Q4,82700000,16100000,66600000,0.8053204353083434,5000000.0,38200000,22965000,18380000,45500000,61600000,762000.0,8000000.0,31362000,0.379226,21100000,0.255139,200000.0,22600000,0.273277,-3200000.0,25800000,0.311971,0.1515,0.1515,170300000,170300000,https://www.sec.gov/Archives/edgar/data/1086222/000095013506001650/0000950135-06-001650-index.htm,https://www.sec.gov/Archives/edgar/data/1086222/000095013506001650/b58056ate10vk.htm
0,2005-09-30,AKAM,2005-11-09,2005-11-09 16:06:16,Q3,75700000,15300000,60400000,0.797886393659181,5000000.0,34400000,54911000,42399000,43000000,58300000,4568000.0,7500000.0,28868000,0.381347,17400000,0.229855,-100000.0,16800000,0.221929,-255500000,272300000,3.597094,1.69763,1.69763,160400000,160400000,https://www.sec.gov/Archives/edgar/data/1086222/000095013505006344/0000950135-05-006344-index.htm,https://www.sec.gov/Archives/edgar/data/1086222/000095013505006344/b57397ate10vq.htm
0,2005-06-30,AKAM,2005-08-09,2005-08-09 16:01:45,Q2,64600000,12800000,51800000,0.8018575851393189,4500000.0,29700000,18363000,13272000,34700000,47500000,1574000.0,4600000.0,22674000,0.350991,17200000,0.266254,100000.0,16500000,0.255418,600000.0,15900000,0.24613,0.106,0.106,150000000,150000000,https://www.sec.gov/Archives/edgar/data/1086222/000095013505004601/0000950135-05-004601-index.htm,https://www.sec.gov/Archives/edgar/data/1086222/000095013505004601/b55524ate10vq.htm
0,2005-03-31,AKAM,2005-05-10,2005-05-10 16:02:03,Q1,60100000,11500000,48600000,0.8086522462562395,3600000.0,28600000,16745000,11536000,32200000,43700000,1611000.0,4100000.0,20311000,0.337953,16300000,0.271215,-700000.0,14600000,0.242928,500000.0,14100000,0.234609,0.09572,0.09572,147300000,147300000,https://www.sec.gov/Archives/edgar/data/1086222/000095013505002767/0000950135-05-002767-index.htm,https://www.sec.gov/Archives/edgar/data/1086222/000095013505001475/b53269ate10vk.htm
0,2004-12-31,AKAM,2005-03-16,2005-03-16 14:24:47,Q4,57600000,11200000,46400000,0.8055555555555556,3300000.0,28500000,15017000,11185000,32700000,43900000,1922000.0,3700000.000000001,19222000,0.333715,13700000,0.237847,1200000.0,13600000,0.236111,200000.0,13400000,0.232639,0.09097,0.09097,147300000,147300000,https://www.sec.gov/Archives/edgar/data/1086222/000095013505001475/0000950135-05-001475-index.htm,https://www.sec.gov/Archives/edgar/data/1086222/000095013505001475/b53269ate10vk.htm
0,2004-09-30,AKAM,2004-11-09,2004-11-09 16:17:43,Q3,53300000,11700000,41600000,0.7804878048780488,3200000.0,24800000,12965000,11623000,28800000,40500000,2040000.0,4199999.999999999,17540000,0.329081,12800000,0.24015,100000.0,11300000,0.212008,100000.0,11200000,0.210131,0.07604,0.07604,147300000,147300000,https://www.sec.gov/Archives/edgar/data/1086222/000095013504005247/0000950135-04-005247-index.htm,https://www.sec.gov/Archives/edgar/data/1086222/000095013504005247/b52052ate10vq.htm
0,2004-06-30,AKAM,2004-08-09,2004-08-09 16:27:32,Q2,50800000,11100000,39700000,0.781496062992126,2900000.0,24200000,13671000,11163000,30299999.999999996,41400000,2495000.0,4400000.0,14095000,0.277461,9400000.0,0.185039,-1100000.0,7200000.0,0.141732,400000.0,6800000.0,0.133858,0.04301,0.04301,158100000,158100000,https://www.sec.gov/Archives/edgar/data/1086222/000095013504003886/0000950135-04-003886-index.htm,https://www.sec.gov/Archives/edgar/data/1086222/000095013504003886/b51102ate10vq.htm
0,2004-03-31,AKAM,2004-05-10,2004-05-10 16:00:34,Q1,48400000,12100000,36300000,0.75,2700000.0,25200000,14010000,12227000,30000000,42100000,3756000.0,6500000.0,13256000,0.273884,6300000.0,0.130165,-100000.0,3000000.0,0.061983,100000.0,2900000.0,0.059917,0.02167,0.02167,133800000,133800000,https://www.sec.gov/Archives/edgar/data/1086222/000095013504002541/0000950135-04-002541-index.htm,https://www.sec.gov/Archives/edgar/data/1086222/000095013504001174/b48973ate10vk.htm
0,2003-12-31,AKAM,2004-03-10,2004-03-10 09:03:00,Q4,45200000,4600000.0,40600000,0.8982300884955752,4700000.0,31400000,12658000,13135000,38199999.99999999,42799999.99999999,5485000.0,6900000.000000006,10685000.000000006,0.236394,2300000.0,0.050885,100000.0,-1700000.0,-0.037611,400000.0,-2100000.0,-0.04646,-0.01747,-0.01747,120200000,120200000,https://www.sec.gov/Archives/edgar/data/1086222/000095013504001174/0000950135-04-001174-index.htm,https://www.sec.gov/Archives/edgar/data/1086222/000095013504001174/b48973ate10vk.htm
0,2003-09-30,AKAM,2003-11-13,2003-11-13 17:06:43,Q3,41800000,14200000,27600000,0.6602870813397129,3600000.0,25100000,11787000,14287000,28700000,42900000,4343000.0,11299999.999999996,11842999.999999996,0.283325,-1200000.0,-0.028708,0.0,-3800000.0,-0.090909,100000.0,-3900000.0,-0.093301,-0.03288,-0.03288,118600000,118600000,https://www.sec.gov/Archives/edgar/data/1086222/000095013503005654/0000950135-03-005654-index.htm,https://www.sec.gov/Archives/edgar/data/1086222/000095013503005654/b48016ate10vq.htm
0,2003-06-30,AKAM,2003-08-14,2003-08-14 13:01:11,Q2,37800000,19900000,17900000,0.47354497354497355,2200000.0,24600000,12049000,17143000,28200000.000000004,48100000,4268000.0,13700000,3468000.0,0.091746,-10300000,-0.272487,100000.0,-14500000,-0.383598,100000.0,-14600000,-0.386243,-0.12468,-0.12468,117100000,117100000,https://www.sec.gov/Archives/edgar/data/1086222/000095013503004409/0000950135-03-004409-index.htm,https://www.sec.gov/Archives/edgar/data/1086222/000095013503004409/b47128ate10vq.htm
0,2003-03-31,AKAM,2003-05-15,2003-05-15 11:58:15,Q1,36600000,22100000,14500000,0.39617486338797814,2400000.0,23700000,11089000,10263000,18500000,40600000,4228000.0,17800000,13528000,0.369617,-4000000.0,-0.10929,-300000.0,-8600000.0,-0.234973,100000.0,-8600000.0,-0.234973,-0.07388,-0.07388,116400000,116400000,https://www.sec.gov/Archives/edgar/data/1086222/000095013503003086/0000950135-03-003086-index.htm,https://www.sec.gov/Archives/edgar/data/1086222/000095013503002051/b45644ake10vk.htm
0,2002-12-31,AKAM,2003-03-28,2003-03-28 15:40:00,Q4,35400000,6600000.0,28800000,0.8135593220338984,2800000.0,30200000,19194000,5462000.0,80500000,87100000,7100000.0,14100000.00000001,-34299999.99999999,-0.968927,-51700000,-1.460452,0.0,-55500000,-1.567797,100000.0,-55600000,-1.570621,-0.4839,-0.4839,114900000,114900000,https://www.sec.gov/Archives/edgar/data/1086222/000095013503002051/0000950135-03-002051-index.htm,https://www.sec.gov/Archives/edgar/data/1086222/000095013503002051/b45644ake10vk.htm
0,2002-09-30,AKAM,2002-11-14,2002-11-14 18:41:31,Q3,35400000,21600000,13800000,0.3898305084745763,6100000.0,41400000,15632000,43300000,55900000,77500000,3950000.0,25000000,-18450000,-0.521186,-42100000,-1.189266,0.0,-47400000,-1.338983,100000.0,-47500000,-1.341808,-0.41557,-0.41557,114300000,114300000,https://www.sec.gov/Archives/edgar/data/1086222/000095012302010980/0000950123-02-010980-index.htm,https://www.sec.gov/Archives/edgar/data/1086222/000095012302010980/b44455ate10vq.htm
0,2002-06-30,AKAM,2002-08-13,2002-08-13 14:24:48,Q2,36300000,23000000,13300000,0.36639118457300274,5200000.0,42900000,29939000,94296000,50900000.00000001,73900000,7307000.0,24499999.999999996,-10293000.000000004,-0.283554,-37600000,-1.035813,0.0,-42100000,-1.15978,100000.0,-42200000,-1.162534,-0.37578,-0.37578,112300000,112300000,https://www.sec.gov/Archives/edgar/data/1086222/000095013502003694/0000950135-02-003694-index.htm,https://www.sec.gov/Archives/edgar/data/1086222/000095013502003694/b43655ate10vq.htm
0,2002-03-31,AKAM,2002-05-14 00:00:00,2002-05-14 16:30:01,Q1,37900000,23000000,14900000,0.39314,4900000.0,35200000,0.0,0.0,66000000,89000000,-7900000.0,26800000,-40100000,-1.058047,-51000000,-1.345646,0.0,-58900000,-1.55409,100000.0,-59100000,-1.559367,-0.53874,-0.53874,109700000,109700000,https://www.sec.gov/Archives/edgar/data/1086222/000095013502002681/0000950135-02-002681-index.html,https://www.sec.gov/Archives/edgar/data/1086222/000095013502002681/b43007ate10-q.htm
0,2001-12-31,AKAM,,Not found...,Q4,37100000,26100000,11000000,0.296496,6600000.0,47300000,0.0,0.0,72199999.99999999,98299999.99999999,-3300000.0,-1894200000.0000002,-1962000000.0000002,-52.884097,-61200000,-1.649596,0.0,-64500000,-1.738544,300000.0,-64800000,-1.746631,-0.59779,-0.59779,108400000,108400000,,
0,2001-09-30,AKAM,2001-10-22 00:00:00,2001-10-22 00:00:00,Q3,42800000,26900000,15900000,0.371495,7600000.0,46400000,0.0,0.0,69500000,96400000,-2400000.0,1944700000.0000002,1887200000.0000002,44.093458,-53700000,-1.254673,1000000.0,-55100000,-1.287383,300000.0,-55400000,-1.294393,-0.53167,-0.53167,104200000,104200000,https://www.sec.gov/Archives/edgar/data/1086222/000095013501503139/0000950135-01-503139-index.html,https://www.sec.gov/Archives/edgar/data/1086222/000095013501503139/b40794ate10-q.htm
0,2001-06-30,AKAM,2001-07-24 00:00:00,2001-07-24 00:00:00,Q2,43100000,26700000,16400000,0.38051,9600000.0,56700000,0.0,0.0,105899999.99999999,132599999.99999999,-2800000.0,23700000.00000002,-71399999.99999999,-1.656613,-89500000,-2.076566,0.0,-92300000,-2.141531,300000.0,-92600000,-2.148492,-0.91142,-0.91142,101600000,101600000,https://www.sec.gov/Archives/edgar/data/1086222/000095013501502140/0000950135-01-502140-index.html,https://www.sec.gov/Archives/edgar/data/1086222/000095013501502140/b39895ake10-q.htm
0,2001-03-31,AKAM,2001-05-15 00:00:00,2001-05-15 00:00:00,Q1,40200000,28100000,12100000,0.300995,11300000,51500000,0.0,0.0,2221700000.0000005,2249800000.0000005,-13000000,255400000,-1980200000,-49.258706,-2209600000,-54.965174,0.0,-2222600000,-55.288557,200000.0,-2222800000,-55.293532,-22.49798,-22.49798,98800000,98800000,https://www.sec.gov/Archives/edgar/data/1086222/000095013501501291/0000950135-01-501291-index.html,https://www.sec.gov/Archives/edgar/data/1086222/000095013501501291/b39177ate10-q.htm
0,2000-12-31,AKAM,2001-02-12 00:00:00,2001-02-12 00:00:00,Q4,37200000,16300000,21000000,0.564516,17400000,56200000,0.0,0.0,326900000,343200000,2900000.0,253300000.00000006,-46799999.99999993,-1.258065,-306000000,-8.225806,0.0,-303000000,-8.145161,100000.0,-303100000,-8.147849,-3.15729,-3.15729,96000000,96000000,https://www.sec.gov/Archives/edgar/data/1086222/000095013501000445/0000950135-01-000445-index.html,https://www.sec.gov/Archives/edgar/data/1086222/000095013501000445/b37716ate10-k.htm
0,2000-09-30,AKAM,2000-11-14 00:00:00,2000-11-14 00:00:00,Q3,27200000,12100000,15100000,0.555147,18400000,54500000,0.0,0.0,322700000,334800000,3600000.0,249999999.99999997,-50500000.00000003,-1.856618,-307700000,-11.3125,0.0,-304100000,-11.180147,0.0,-304100000,-11.180147,-3.26638,-3.26638,93100000,93100000,https://www.sec.gov/Archives/edgar/data/1086222/000095013500005091/0000950135-00-005091-index.html,https://www.sec.gov/Archives/edgar/data/1086222/000095013500005091/b36897ake10-q.txt
0,2000-06-30,AKAM,2000-08-14 00:00:00,2000-08-14 00:00:00,Q2,18100000,8600000.0,9500000.0,0.524862,12900000,45800000,0.0,0.0,256500000,265100000,3800000.0,196300000,-43000000,-2.375691,-247000000,-13.646409,0.0,-243200000,-13.436464,100000.0,-243200000,-13.436464,-2.78261,-2.78261,87400000,87400000,https://www.sec.gov/Archives/edgar/data/1086222/000095013500004045/0000950135-00-004045-index.html,https://www.sec.gov/Archives/edgar/data/1086222/000095013500004045/e10-q.txt
0,2000-03-31,AKAM,2000-05-15 00:00:00,2000-05-15 00:00:00,Q1,7200000.0,5000000.0,2200000.0,0.305556,6900000.0,22200000,0.0,0.0,41200000,46200000,3600000.0,12100000,-19700000,-2.736111,-39000000,-5.416667,0.0,-35400000,-4.916667,0.0,-35400000,-4.916667,-0.472,-0.472,75000000,75000000,https://www.sec.gov/Archives/edgar/data/1086222/000095013500002888/0000950135-00-002888-index.html,https://www.sec.gov/Archives/edgar/data/1086222/0000950135-00-002888.txt
