,date,symbol,fillingDate,acceptedDate,period,revenue,costOfRevenue,grossProfit,grossProfitRatio,researchAndDevelopmentExpenses,generalAndAdministrativeExpenses,sellingAndMarketingExpenses,otherExpenses,operatingExpenses,costAndExpenses,interestExpense,depreciationAndAmortization,ebitda,ebitdaratio,operatingIncome,operatingIncomeRatio,totalOtherIncomeExpensesNet,incomeBeforeTax,incomeBeforeTaxRatio,incomeTaxExpense,netIncome,netIncomeRatio,eps,epsdiluted,weightedAverageShsOut,weightedAverageShsOutDil,link,finalLink
0,2019-09-31,ECONB.BR,,2019-09-31,Q3,731650000,614825000,116825000,6.262786218703188,0.0,39525000,0.0,0.0,125000.0,699775000,8275000.0,12675000,51000000,14.346078431372549,31875000,22.953725490196078,0.0,20050000,36.49127182044888,5575000.0,11175000,65.47203579418344,0.049,0.04725,227816144,253915235,,
0,2019-06-31,ECONB.BR,,2019-06-31,Q2,731650000,614825000,116825000,6.262786218703188,0.0,39525000,0.0,0.0,125000.0,699775000,8275000.0,12675000,51000000,14.346078431372549,31875000,22.953725490196078,0.0,20050000,36.49127182044888,5575000.0,11175000,65.47203579418344,0.049,0.04725,227816144,253915235,,
0,2019-03-31,ECONB.BR,,2019-03-31,Q1,731650000,614825000,116825000,6.262786218703188,0.0,39525000,0.0,0.0,125000.0,699775000,8275000.0,12675000,51000000,14.346078431372549,31875000,22.953725490196078,0.0,20050000,36.49127182044888,5575000.0,11175000,65.47203579418344,0.049,0.04725,227816144,253915235,,
0,2019-01-31,ECONB.BR,,2019-01-31,Q1,731650000,614825000,116825000,6.262786218703188,0.0,39525000,0.0,0.0,125000.0,699775000,8275000.0,12675000,51000000,14.346078431372549,31875000,22.953725490196078,0.0,20050000,36.49127182044888,5575000.0,11175000,65.47203579418344,0.049,0.04725,227816144,253915235,,
0,2018-09-31,ECONB.BR,,2018-09-31,Q3,711475000,616225000,95250000,7.469553805774278,0.0,54200000,0.0,0.0,1550000.0,680225000,6900000.0,8250000.0,42725000,16.652428320655353,31250000,22.7672,0.0,16450000,43.25075987841945,5300000.0,9850000.0,72.23096446700508,0.0425,0.04,234888774,257148693,,
0,2018-06-31,ECONB.BR,,2018-06-31,Q2,711475000,616225000,95250000,7.469553805774278,0.0,54200000,0.0,0.0,1550000.0,680225000,6900000.0,8250000.0,42725000,16.652428320655353,31250000,22.7672,0.0,16450000,43.25075987841945,5300000.0,9850000.0,72.23096446700508,0.0425,0.04,234888774,257148693,,
0,2018-03-31,ECONB.BR,,2018-03-31,Q1,711475000,616225000,95250000,7.469553805774278,0.0,54200000,0.0,0.0,1550000.0,680225000,6900000.0,8250000.0,42725000,16.652428320655353,31250000,22.7672,0.0,16450000,43.25075987841945,5300000.0,9850000.0,72.23096446700508,0.0425,0.04,234888774,257148693,,
0,2018-01-31,ECONB.BR,,2018-01-31,Q1,711475000,616225000,95250000,7.469553805774278,0.0,54200000,0.0,0.0,1550000.0,680225000,6900000.0,8250000.0,42725000,16.652428320655353,31250000,22.7672,0.0,16450000,43.25075987841945,5300000.0,9850000.0,72.23096446700508,0.0425,0.04,234888774,257148693,,
0,2017-09-31,ECONB.BR,,2017-09-31,Q3,744925000,649800000,95125000,7.831011826544021,0.0,48625000,0.0,0.0,875000.0,705875000,4525000.0,6575000.0,47225000,15.77395447326628,39050000,19.07618437900128,0.0,30475000,24.44380639868745,7800000.0,21600000,34.48726851851852,0.0925,0.09,232763830,236954545,,
0,2017-06-31,ECONB.BR,,2017-06-31,Q2,744925000,649800000,95125000,7.831011826544021,0.0,48625000,0.0,0.0,875000.0,705875000,4525000.0,6575000.0,47225000,15.77395447326628,39050000,19.07618437900128,0.0,30475000,24.44380639868745,7800000.0,21600000,34.48726851851852,0.0925,0.09,232763830,236954545,,
0,2017-03-31,ECONB.BR,,2017-03-31,Q1,744925000,649800000,95125000,7.831011826544021,0.0,48625000,0.0,0.0,875000.0,705875000,4525000.0,6575000.0,47225000,15.77395447326628,39050000,19.07618437900128,0.0,30475000,24.44380639868745,7800000.0,21600000,34.48726851851852,0.0925,0.09,232763830,236954545,,
0,2017-01-31,ECONB.BR,,2017-01-31,Q1,744925000,649800000,95125000,7.831011826544021,0.0,48625000,0.0,0.0,875000.0,705875000,4525000.0,6575000.0,47225000,15.77395447326628,39050000,19.07618437900128,0.0,30475000,24.44380639868745,7800000.0,21600000,34.48726851851852,0.0925,0.09,232763830,236954545,,
0,2016-09-31,ECONB.BR,,2016-09-31,Q3,634050000,554300000,79750000,7.950470219435736,0.0,42775000,0.0,0.0,-1600000.0,600875000,2975000.0,5400000.0,38200000,16.598167539267017,33175000,19.11228334589299,0.0,18525000,34.22672064777328,8925000.0,9900000.0,64.04545454545455,0.04625,0.045,215443594,219506192,,
0,2016-06-31,ECONB.BR,,2016-06-31,Q2,634050000,554300000,79750000,7.950470219435736,0.0,42775000,0.0,0.0,-1600000.0,600875000,2975000.0,5400000.0,38200000,16.598167539267017,33175000,19.11228334589299,0.0,18525000,34.22672064777328,8925000.0,9900000.0,64.04545454545455,0.04625,0.045,215443594,219506192,,
0,2016-03-31,ECONB.BR,,2016-03-31,Q1,634050000,554300000,79750000,7.950470219435736,0.0,42775000,0.0,0.0,-1600000.0,600875000,2975000.0,5400000.0,38200000,16.598167539267017,33175000,19.11228334589299,0.0,18525000,34.22672064777328,8925000.0,9900000.0,64.04545454545455,0.04625,0.045,215443594,219506192,,
0,2016-01-31,ECONB.BR,,2016-01-31,Q1,634050000,554300000,79750000,7.950470219435736,0.0,42775000,0.0,0.0,-1600000.0,600875000,2975000.0,5400000.0,38200000,16.598167539267017,33175000,19.11228334589299,0.0,18525000,34.22672064777328,8925000.0,9900000.0,64.04545454545455,0.04625,0.045,215443594,219506192,,
0,2015-09-31,ECONB.BR,,2015-09-31,Q3,579025000,505275000,73750000,7.851186440677966,0.0,41225000,0.0,0.0,-725000.0,550425000,4750000.0,4650000.0,35825000,16.162595952547104,28600000,20.24562937062937,0.0,22400000,25.849330357142858,7675000.0,14450000,40.07093425605537,0.06625,0.065,217017790,222530914,,
0,2015-06-31,ECONB.BR,,2015-06-31,Q2,579025000,505275000,73750000,7.851186440677966,0.0,41225000,0.0,0.0,-725000.0,550425000,4750000.0,4650000.0,35825000,16.162595952547104,28600000,20.24562937062937,0.0,22400000,25.849330357142858,7675000.0,14450000,40.07093425605537,0.06625,0.065,217017790,222530914,,
0,2015-03-31,ECONB.BR,,2015-03-31,Q1,579025000,505275000,73750000,7.851186440677966,0.0,41225000,0.0,0.0,-725000.0,550425000,4750000.0,4650000.0,35825000,16.162595952547104,28600000,20.24562937062937,0.0,22400000,25.849330357142858,7675000.0,14450000,40.07093425605537,0.06625,0.065,217017790,222530914,,
0,2015-01-31,ECONB.BR,,2015-01-31,Q1,579025000,505275000,73750000,7.851186440677966,0.0,41225000,0.0,0.0,-725000.0,550425000,4750000.0,4650000.0,35825000,16.162595952547104,28600000,20.24562937062937,0.0,22400000,25.849330357142858,7675000.0,14450000,40.07093425605537,0.06625,0.065,217017790,222530914,,
0,2014-09-31,ECONB.BR,,2014-09-31,Q3,523153000,456788000,66365000,7.882965418518798,0.0,38965250,0.0,0.0,1290750.0,500641000,5195250.0,3632500.0,28872250,18.119578487994527,22512000,23.23885039090263,0.0,13884750,37.67824411674679,5251000.0,7719750.0,67.7681272061919,0.035,0.03,219876782,258645586,,
0,2014-06-31,ECONB.BR,,2014-06-31,Q2,523153000,456788000,66365000,7.882965418518798,0.0,38965250,0.0,0.0,1290750.0,500641000,5195250.0,3632500.0,28872250,18.119578487994527,22512000,23.23885039090263,0.0,13884750,37.67824411674679,5251000.0,7719750.0,67.7681272061919,0.035,0.03,219876782,258645586,,
0,2014-03-31,ECONB.BR,,2014-03-31,Q1,523153000,456788000,66365000,7.882965418518798,0.0,38965250,0.0,0.0,1290750.0,500641000,5195250.0,3632500.0,28872250,18.119578487994527,22512000,23.23885039090263,0.0,13884750,37.67824411674679,5251000.0,7719750.0,67.7681272061919,0.035,0.03,219876782,258645586,,
0,2014-01-31,ECONB.BR,,2014-01-31,Q1,523153000,456788000,66365000,7.882965418518798,0.0,38965250,0.0,0.0,1290750.0,500641000,5195250.0,3632500.0,28872250,18.119578487994527,22512000,23.23885039090263,0.0,13884750,37.67824411674679,5251000.0,7719750.0,67.7681272061919,0.035,0.03,219876782,258645586,,
0,2013-09-31,ECONB.BR,,2013-09-31,Q3,443145750,384825250,58320500,7.598455946022411,0.0,32082750,0.0,0.0,544250.0,419995750,3580000.0,2618000.0,27016000,16.403085208765177,23150000,19.142365010799136,0.0,16730000,26.488090257023313,5713500.0,11034500,40.16002084371743,0.0575,0.05125,191880800,230273264,,
0,2013-06-31,ECONB.BR,,2013-06-31,Q2,443145750,384825250,58320500,7.598455946022411,0.0,32082750,0.0,0.0,544250.0,419995750,3580000.0,2618000.0,27016000,16.403085208765177,23150000,19.142365010799136,0.0,16730000,26.488090257023313,5713500.0,11034500,40.16002084371743,0.0575,0.05125,191880800,230273264,,
0,2013-03-31,ECONB.BR,,2013-03-31,Q1,443145750,384825250,58320500,7.598455946022411,0.0,32082750,0.0,0.0,544250.0,419995750,3580000.0,2618000.0,27016000,16.403085208765177,23150000,19.142365010799136,0.0,16730000,26.488090257023313,5713500.0,11034500,40.16002084371743,0.0575,0.05125,191880800,230273264,,
0,2013-01-31,ECONB.BR,,2013-01-31,Q1,443145750,384825250,58320500,7.598455946022411,0.0,32082750,0.0,0.0,544250.0,419995750,3580000.0,2618000.0,27016000,16.403085208765177,23150000,19.142365010799136,0.0,16730000,26.488090257023313,5713500.0,11034500,40.16002084371743,0.0575,0.05125,191880800,230273264,,
0,2012-09-31,ECONB.BR,,2012-09-31,Q3,384585000,334671250,49913750,7.704991109664171,0.0,26043250,0.0,-2250.0,1793750.0,362339750,2632000.0,2398250.0,25147250,15.293322331467655,22245250,17.288409885256403,0.0,15988250,24.054227323190467,4102750.0,11862000,32.42159838138594,0.061625,0.055,192483040,229463490,,
0,2012-06-31,ECONB.BR,,2012-06-31,Q2,384585000,334671250,49913750,7.704991109664171,0.0,26043250,0.0,-2250.0,1793750.0,362339750,2632000.0,2398250.0,25147250,15.293322331467655,22245250,17.288409885256403,0.0,15988250,24.054227323190467,4102750.0,11862000,32.42159838138594,0.061625,0.055,192483040,229463490,,
0,2012-03-31,ECONB.BR,,2012-03-31,Q1,384585000,334671250,49913750,7.704991109664171,0.0,26043250,0.0,-2250.0,1793750.0,362339750,2632000.0,2398250.0,25147250,15.293322331467655,22245250,17.288409885256403,0.0,15988250,24.054227323190467,4102750.0,11862000,32.42159838138594,0.061625,0.055,192483040,229463490,,
0,2012-01-31,ECONB.BR,,2012-01-31,Q1,384585000,334671250,49913750,7.704991109664171,0.0,26043250,0.0,-2250.0,1793750.0,362339750,2632000.0,2398250.0,25147250,15.293322331467655,22245250,17.288409885256403,0.0,15988250,24.054227323190467,4102750.0,11862000,32.42159838138594,0.061625,0.055,192483040,229463490,,
0,2011-09-31,ECONB.BR,,2011-09-31,Q3,396072250,295595250,100477000,3.9419195437761876,0.0,27156000,0.0,0.0,-809000.0,379060000,0.0,2911500.0,24570750,16.119664641901448,17012250,23.28159120633661,0.0,8526250.0,46.45327664565313,3211750.0,5378000.0,73.6467552993678,0.0268125,0.02615625,200563336,222348240,,
0,2011-06-31,ECONB.BR,,2011-06-31,Q2,396072250,295595250,100477000,3.9419195437761876,0.0,27156000,0.0,0.0,-809000.0,379060000,0.0,2911500.0,24570750,16.119664641901448,17012250,23.28159120633661,0.0,8526250.0,46.45327664565313,3211750.0,5378000.0,73.6467552993678,0.0268125,0.02615625,200563336,222348240,,
0,2011-03-31,ECONB.BR,,2011-03-31,Q1,396072250,295595250,100477000,3.9419195437761876,0.0,27156000,0.0,0.0,-809000.0,379060000,0.0,2911500.0,24570750,16.119664641901448,17012250,23.28159120633661,0.0,8526250.0,46.45327664565313,3211750.0,5378000.0,73.6467552993678,0.0268125,0.02615625,200563336,222348240,,
0,2011-01-31,ECONB.BR,,2011-01-31,Q1,396072250,295595250,100477000,3.9419195437761876,0.0,27156000,0.0,0.0,-809000.0,379060000,0.0,2911500.0,24570750,16.119664641901448,17012250,23.28159120633661,0.0,8526250.0,46.45327664565313,3211750.0,5378000.0,73.6467552993678,0.0268125,0.02615625,200563336,222348240,,
0,2010-09-31,ECONB.BR,,2010-09-31,Q3,255340000,186558750,68781250,3.7123489323034984,0.0,18428750,0.0,0.0,3474250.0,245195250,0.0,1679250.0,11824000,21.595060893098783,10144750,25.169669040636784,0.0,10279500,24.839729558830683,3087500.0,7192000.0,35.50333704115684,0.03846875,0.03834375,187001896,187531672,,
0,2010-06-31,ECONB.BR,,2010-06-31,Q2,255340000,186558750,68781250,3.7123489323034984,0.0,18428750,0.0,0.0,3474250.0,245195250,0.0,1679250.0,11824000,21.595060893098783,10144750,25.169669040636784,0.0,10279500,24.839729558830683,3087500.0,7192000.0,35.50333704115684,0.03846875,0.03834375,187001896,187531672,,
0,2010-03-31,ECONB.BR,,2010-03-31,Q1,255340000,186558750,68781250,3.7123489323034984,0.0,18428750,0.0,0.0,3474250.0,245195250,0.0,1679250.0,11824000,21.595060893098783,10144750,25.169669040636784,0.0,10279500,24.839729558830683,3087500.0,7192000.0,35.50333704115684,0.03846875,0.03834375,187001896,187531672,,
0,2010-01-31,ECONB.BR,,2010-01-31,Q1,255340000,186558750,68781250,3.7123489323034984,0.0,18428750,0.0,0.0,3474250.0,245195250,0.0,1679250.0,11824000,21.595060893098783,10144750,25.169669040636784,0.0,10279500,24.839729558830683,3087500.0,7192000.0,35.50333704115684,0.03846875,0.03834375,187001896,187531672,,
0,2009-09-31,ECONB.BR,,2009-09-31,Q3,189822500,136829500,52993000,3.582029702036118,0.0,15837500,0.0,0.0,1299750.0,182603250,153000.0,1243750.0,8467000.0,22.419097673319946,7219250.0,26.293936350728952,0.0,7021000.0,27.036390827517447,1939000.0,5082000.0,37.35192837465565,0.026875,0.0265625,189815152,190512848,,
0,2009-06-31,ECONB.BR,,2009-06-31,Q2,189822500,136829500,52993000,3.582029702036118,0.0,15837500,0.0,0.0,1299750.0,182603250,153000.0,1243750.0,8467000.0,22.419097673319946,7219250.0,26.293936350728952,0.0,7021000.0,27.036390827517447,1939000.0,5082000.0,37.35192837465565,0.026875,0.0265625,189815152,190512848,,
0,2009-03-31,ECONB.BR,,2009-03-31,Q1,189822500,136829500,52993000,3.582029702036118,0.0,15837500,0.0,0.0,1299750.0,182603250,153000.0,1243750.0,8467000.0,22.419097673319946,7219250.0,26.293936350728952,0.0,7021000.0,27.036390827517447,1939000.0,5082000.0,37.35192837465565,0.026875,0.0265625,189815152,190512848,,
0,2009-01-31,ECONB.BR,,2009-01-31,Q1,189822500,136829500,52993000,3.582029702036118,0.0,15837500,0.0,0.0,1299750.0,182603250,153000.0,1243750.0,8467000.0,22.419097673319946,7219250.0,26.293936350728952,0.0,7021000.0,27.036390827517447,1939000.0,5082000.0,37.35192837465565,0.026875,0.0265625,189815152,190512848,,
0,2008-09-31,ECONB.BR,,2008-09-31,Q3,179221500,126072500,53149000,3.372057799770457,0.0,27546500,0.0,0.0,17945000,172167000,180000.0,603000.0,7007750.0,25.57475651956762,7054500.0,25.405273229853286,0.0,6174750.0,29.024899793513907,1460750.0,4705250.0,38.089687051697574,0.0228125,0.0228125,202868432,204209536,,
0,2008-06-31,ECONB.BR,,2008-06-31,Q2,179221500,126072500,53149000,3.372057799770457,0.0,27546500,0.0,0.0,17945000,172167000,180000.0,603000.0,7007750.0,25.57475651956762,7054500.0,25.405273229853286,0.0,6174750.0,29.024899793513907,1460750.0,4705250.0,38.089687051697574,0.0228125,0.0228125,202868432,204209536,,
0,2008-03-31,ECONB.BR,,2008-03-31,Q1,179221500,126072500,53149000,3.372057799770457,0.0,27546500,0.0,0.0,17945000,172167000,180000.0,603000.0,7007750.0,25.57475651956762,7054500.0,25.405273229853286,0.0,6174750.0,29.024899793513907,1460750.0,4705250.0,38.089687051697574,0.0228125,0.0228125,202868432,204209536,,
0,2008-01-31,ECONB.BR,,2008-01-31,Q1,179221500,126072500,53149000,3.372057799770457,0.0,27546500,0.0,0.0,17945000,172167000,180000.0,603000.0,7007750.0,25.57475651956762,7054500.0,25.405273229853286,0.0,6174750.0,29.024899793513907,1460750.0,4705250.0,38.089687051697574,0.0228125,0.0228125,202868432,204209536,,
0,2007-09-31,ECONB.BR,,2007-09-31,Q3,175166000,124354750,50811250,3.4473861595611206,0.0,15661250,0.0,0.0,903500.0,168279000,0.0,546250.0,8676250.0,20.189137011957932,6887000.0,25.434296500653407,0.0,5887000.0,29.75471377611687,1303750.0,4509750.0,38.84162093242419,0.02115625,0.02096875,212703102,214605067,,
0,2007-06-31,ECONB.BR,,2007-06-31,Q2,175166000,124354750,50811250,3.4473861595611206,0.0,15661250,0.0,0.0,903500.0,168279000,0.0,546250.0,8676250.0,20.189137011957932,6887000.0,25.434296500653407,0.0,5887000.0,29.75471377611687,1303750.0,4509750.0,38.84162093242419,0.02115625,0.02096875,212703102,214605067,,
0,2007-03-31,ECONB.BR,,2007-03-31,Q1,175166000,124354750,50811250,3.4473861595611206,0.0,15661250,0.0,0.0,903500.0,168279000,0.0,546250.0,8676250.0,20.189137011957932,6887000.0,25.434296500653407,0.0,5887000.0,29.75471377611687,1303750.0,4509750.0,38.84162093242419,0.02115625,0.02096875,212703102,214605067,,
0,2007-01-31,ECONB.BR,,2007-01-31,Q1,175166000,124354750,50811250,3.4473861595611206,0.0,15661250,0.0,0.0,903500.0,168279000,0.0,546250.0,8676250.0,20.189137011957932,6887000.0,25.434296500653407,0.0,5887000.0,29.75471377611687,1303750.0,4509750.0,38.84162093242419,0.02115625,0.02096875,212703102,214605067,,
0,2006-09-31,ECONB.BR,,2006-09-31,Q3,147451250,108423500,39027750,3.7781130093331026,0.0,2914250.0,4833750.0,0.0,11287000,143469500,0.0,1304500.0,5353750.0,27.5416763950502,3981750.0,37.0317699503987,0.0,3621750.0,40.712707945054184,1104500.0,2542500.0,57.99459193706981,0.01109375,0.0110625,228860184,230142920,,
0,2006-06-31,ECONB.BR,,2006-06-31,Q2,147451250,108423500,39027750,3.7781130093331026,0.0,2914250.0,4833750.0,0.0,11287000,143469500,0.0,1304500.0,5353750.0,27.5416763950502,3981750.0,37.0317699503987,0.0,3621750.0,40.712707945054184,1104500.0,2542500.0,57.99459193706981,0.01109375,0.0110625,228860184,230142920,,
0,2006-03-31,ECONB.BR,,2006-03-31,Q1,147451250,108423500,39027750,3.7781130093331026,0.0,2914250.0,4833750.0,0.0,11287000,143469500,0.0,1304500.0,5353750.0,27.5416763950502,3981750.0,37.0317699503987,0.0,3621750.0,40.712707945054184,1104500.0,2542500.0,57.99459193706981,0.01109375,0.0110625,228860184,230142920,,
0,2006-01-31,ECONB.BR,,2006-01-31,Q1,147451250,108423500,39027750,3.7781130093331026,0.0,2914250.0,4833750.0,0.0,11287000,143469500,0.0,1304500.0,5353750.0,27.5416763950502,3981750.0,37.0317699503987,0.0,3621750.0,40.712707945054184,1104500.0,2542500.0,57.99459193706981,0.01109375,0.0110625,228860184,230142920,,
0,2005-09-31,ECONB.BR,,2005-09-31,Q3,137736000,98103250,39632750,3.475307668531707,0.0,2946250.0,3954750.0,0.0,9332250.0,132803750,0.0,2925250.0,8188500.0,16.82066312511449,4932250.0,27.92559176846267,0.0,4757250.0,28.952861422040044,1292000.0,3544250.0,38.86181843831558,0.01509375,0.0149375,233325728,236177184,,
0,2005-06-31,ECONB.BR,,2005-06-31,Q2,137736000,98103250,39632750,3.475307668531707,0.0,2946250.0,3954750.0,0.0,9332250.0,132803750,0.0,2925250.0,8188500.0,16.82066312511449,4932250.0,27.92559176846267,0.0,4757250.0,28.952861422040044,1292000.0,3544250.0,38.86181843831558,0.01509375,0.0149375,233325728,236177184,,
0,2005-03-31,ECONB.BR,,2005-03-31,Q1,137736000,98103250,39632750,3.475307668531707,0.0,2946250.0,3954750.0,0.0,9332250.0,132803750,0.0,2925250.0,8188500.0,16.82066312511449,4932250.0,27.92559176846267,0.0,4757250.0,28.952861422040044,1292000.0,3544250.0,38.86181843831558,0.01509375,0.0149375,233325728,236177184,,
0,2005-01-31,ECONB.BR,,2005-01-31,Q1,137736000,98103250,39632750,3.475307668531707,0.0,2946250.0,3954750.0,0.0,9332250.0,132803750,0.0,2925250.0,8188500.0,16.82066312511449,4932250.0,27.92559176846267,0.0,4757250.0,28.952861422040044,1292000.0,3544250.0,38.86181843831558,0.01509375,0.0149375,233325728,236177184,,
0,2004-09-31,ECONB.BR,,2004-09-31,Q3,205934250,180497000,25437250,8.095774897050585,0.0,0.0,0.0,0.0,17826250,201033750,734000.0,2710500.0,8097500.0,25.431830811979005,4900500.0,42.02310988674625,0.0,4653000.0,44.258381689232756,1144500.0,3538500.0,58.19817719372615,0.015,0.015,240000000,240000000,,
0,2004-06-31,ECONB.BR,,2004-06-31,Q2,205934250,180497000,25437250,8.095774897050585,0.0,0.0,0.0,0.0,17826250,201033750,734000.0,2710500.0,8097500.0,25.431830811979005,4900500.0,42.02310988674625,0.0,4653000.0,44.258381689232756,1144500.0,3538500.0,58.19817719372615,0.015,0.015,240000000,240000000,,
0,2004-03-31,ECONB.BR,,2004-03-31,Q1,205934250,180497000,25437250,8.095774897050585,0.0,0.0,0.0,0.0,17826250,201033750,734000.0,2710500.0,8097500.0,25.431830811979005,4900500.0,42.02310988674625,0.0,4653000.0,44.258381689232756,1144500.0,3538500.0,58.19817719372615,0.015,0.015,240000000,240000000,,
0,2004-01-31,ECONB.BR,,2004-01-31,Q1,205934250,180497000,25437250,8.095774897050585,0.0,0.0,0.0,0.0,17826250,201033750,734000.0,2710500.0,8097500.0,25.431830811979005,4900500.0,42.02310988674625,0.0,4653000.0,44.258381689232756,1144500.0,3538500.0,58.19817719372615,0.015,0.015,240000000,240000000,,
0,2003-09-31,ECONB.BR,,2003-09-31,Q3,259569500,221271000,38298500,6.777536979255062,0.0,0.0,0.0,0.0,30812500,256770000,820250.0,4686500.0,7003250.0,37.06414878806269,2799500.0,92.71994999106984,0.0,-819250.0,-316.8379615501984,1045500.0,-1871500.0,-138.69596580283195,-0.0075,-0.0075,252000000,252000000,,
0,2003-06-31,ECONB.BR,,2003-06-31,Q2,259569500,221271000,38298500,6.777536979255062,0.0,0.0,0.0,0.0,30812500,256770000,820250.0,4686500.0,7003250.0,37.06414878806269,2799500.0,92.71994999106984,0.0,-819250.0,-316.8379615501984,1045500.0,-1871500.0,-138.69596580283195,-0.0075,-0.0075,252000000,252000000,,
0,2003-03-31,ECONB.BR,,2003-03-31,Q1,259569500,221271000,38298500,6.777536979255062,0.0,0.0,0.0,0.0,30812500,256770000,820250.0,4686500.0,7003250.0,37.06414878806269,2799500.0,92.71994999106984,0.0,-819250.0,-316.8379615501984,1045500.0,-1871500.0,-138.69596580283195,-0.0075,-0.0075,252000000,252000000,,
0,2003-01-31,ECONB.BR,,2003-01-31,Q1,259569500,221271000,38298500,6.777536979255062,0.0,0.0,0.0,0.0,30812500,256770000,820250.0,4686500.0,7003250.0,37.06414878806269,2799500.0,92.71994999106984,0.0,-819250.0,-316.8379615501984,1045500.0,-1871500.0,-138.69596580283195,-0.0075,-0.0075,252000000,252000000,,
0,2002-09-31,ECONB.BR,,2002-09-31,Q3,242917500,207982000,34935500,6.953313964305649,0.0,0.0,0.0,0.0,25089500,237512250,1180250.0,4440750.0,10986750,22.11004164106765,5405250.0,44.941029554599695,0.0,4520750.0,53.73389371232649,1870750.0,2633250.0,92.25007120478496,0.0103125,0.0103125,252000000,252000000,,
0,2002-06-31,ECONB.BR,,2002-06-31,Q2,242917500,207982000,34935500,6.953313964305649,0.0,0.0,0.0,0.0,25089500,237512250,1180250.0,4440750.0,10986750,22.11004164106765,5405250.0,44.941029554599695,0.0,4520750.0,53.73389371232649,1870750.0,2633250.0,92.25007120478496,0.0103125,0.0103125,252000000,252000000,,
0,2002-03-31,ECONB.BR,,2002-03-31,Q1,242917500,207982000,34935500,6.953313964305649,0.0,0.0,0.0,0.0,25089500,237512250,1180250.0,4440750.0,10986750,22.11004164106765,5405250.0,44.941029554599695,0.0,4520750.0,53.73389371232649,1870750.0,2633250.0,92.25007120478496,0.0103125,0.0103125,252000000,252000000,,
0,2002-01-31,ECONB.BR,,2002-01-31,Q1,242917500,207982000,34935500,6.953313964305649,0.0,0.0,0.0,0.0,25089500,237512250,1180250.0,4440750.0,10986750,22.11004164106765,5405250.0,44.941029554599695,0.0,4520750.0,53.73389371232649,1870750.0,2633250.0,92.25007120478496,0.0103125,0.0103125,252000000,252000000,,
0,2001-09-31,ECONB.BR,,2001-09-31,Q3,241433000,210774750,30658250,7.8749765560656595,0.0,0.0,0.0,0.0,23580750,235912500,952000.0,1557000.0,8771250.0,27.525495225880007,5520500.0,43.733900914772214,0.0,5502250.0,43.87895860784224,1514000.0,4007250.0,60.24904859941356,0.0153125,0.0153125,260771360,260771360,,
0,2001-06-31,ECONB.BR,,2001-06-31,Q2,241433000,210774750,30658250,7.8749765560656595,0.0,0.0,0.0,0.0,23580750,235912500,952000.0,1557000.0,8771250.0,27.525495225880007,5520500.0,43.733900914772214,0.0,5502250.0,43.87895860784224,1514000.0,4007250.0,60.24904859941356,0.0153125,0.0153125,260771360,260771360,,
0,2001-03-31,ECONB.BR,,2001-03-31,Q1,241433000,210774750,30658250,7.8749765560656595,0.0,0.0,0.0,0.0,23580750,235912500,952000.0,1557000.0,8771250.0,27.525495225880007,5520500.0,43.733900914772214,0.0,5502250.0,43.87895860784224,1514000.0,4007250.0,60.24904859941356,0.0153125,0.0153125,260771360,260771360,,
0,2001-01-31,ECONB.BR,,2001-01-31,Q1,241433000,210774750,30658250,7.8749765560656595,0.0,0.0,0.0,0.0,23580750,235912500,952000.0,1557000.0,8771250.0,27.525495225880007,5520500.0,43.733900914772214,0.0,5502250.0,43.87895860784224,1514000.0,4007250.0,60.24904859941356,0.0153125,0.0153125,260771360,260771360,,
