,date,symbol,fillingDate,acceptedDate,period,revenue,costOfRevenue,grossProfit,grossProfitRatio,researchAndDevelopmentExpenses,generalAndAdministrativeExpenses,sellingAndMarketingExpenses,otherExpenses,operatingExpenses,costAndExpenses,interestExpense,depreciationAndAmortization,ebitda,ebitdaratio,operatingIncome,operatingIncomeRatio,totalOtherIncomeExpensesNet,incomeBeforeTax,incomeBeforeTaxRatio,incomeTaxExpense,netIncome,netIncomeRatio,eps,epsdiluted,weightedAverageShsOut,weightedAverageShsOutDil,link,finalLink
0,2019-09-31,ITL.PA,,2019-09-31,Q3,13276250,9104000.0,4172250.0,3.1820360716639704,0.0,2765250.0,0.0,-12500.0,229250.0,12377500,37250.0,279000.0,1177500.0,11.274946921443737,898750.0,14.771905424200279,0.0,837500.0,15.85223880597015,193500.0,642500.0,20.663424124513618,0.3925,0.375,1636943.0,1713333.0,https://www.infogreffe.com/recherche-entreprise-dirigeants/resultats-entreprise-dirigeants.html?ga_cat=globale&ga_q=I.T.L#phrase=I.T.L,https://www.infogreffe.com/recherche-entreprise-dirigeants/resultats-entreprise-dirigeants.html?ga_cat=globale&ga_q=I.T.L#phrase=I.T.L
0,2019-06-31,ITL.PA,,2019-06-31,Q2,13276250,9104000.0,4172250.0,3.1820360716639704,0.0,2765250.0,0.0,-12500.0,229250.0,12377500,37250.0,279000.0,1177500.0,11.274946921443737,898750.0,14.771905424200279,0.0,837500.0,15.85223880597015,193500.0,642500.0,20.663424124513618,0.3925,0.375,1636943.0,1713333.0,https://www.infogreffe.com/recherche-entreprise-dirigeants/resultats-entreprise-dirigeants.html?ga_cat=globale&ga_q=I.T.L#phrase=I.T.L,https://www.infogreffe.com/recherche-entreprise-dirigeants/resultats-entreprise-dirigeants.html?ga_cat=globale&ga_q=I.T.L#phrase=I.T.L
0,2019-03-31,ITL.PA,,2019-03-31,Q1,13276250,9104000.0,4172250.0,3.1820360716639704,0.0,2765250.0,0.0,-12500.0,229250.0,12377500,37250.0,279000.0,1177500.0,11.274946921443737,898750.0,14.771905424200279,0.0,837500.0,15.85223880597015,193500.0,642500.0,20.663424124513618,0.3925,0.375,1636943.0,1713333.0,https://www.infogreffe.com/recherche-entreprise-dirigeants/resultats-entreprise-dirigeants.html?ga_cat=globale&ga_q=I.T.L#phrase=I.T.L,https://www.infogreffe.com/recherche-entreprise-dirigeants/resultats-entreprise-dirigeants.html?ga_cat=globale&ga_q=I.T.L#phrase=I.T.L
0,2019-01-31,ITL.PA,,2019-01-31,Q1,13276250,9104000.0,4172250.0,3.1820360716639704,0.0,2765250.0,0.0,-12500.0,229250.0,12377500,37250.0,279000.0,1177500.0,11.274946921443737,898750.0,14.771905424200279,0.0,837500.0,15.85223880597015,193500.0,642500.0,20.663424124513618,0.3925,0.375,1636943.0,1713333.0,https://www.infogreffe.com/recherche-entreprise-dirigeants/resultats-entreprise-dirigeants.html?ga_cat=globale&ga_q=I.T.L#phrase=I.T.L,https://www.infogreffe.com/recherche-entreprise-dirigeants/resultats-entreprise-dirigeants.html?ga_cat=globale&ga_q=I.T.L#phrase=I.T.L
0,2018-09-31,ITL.PA,,2018-09-31,Q3,11254000,7709000.0,3545000.0,3.174612129760226,0.0,2576750.0,0.0,-14000.0,308500.0,10704750,37500.0,110500.0,690000.0,16.310144927536232,549250.0,20.48975876194811,0.0,479250.0,23.482524778299425,141000.0,336750.0,33.41945063103192,0.2075,0.1975,1622892.0,1705063.0,https://www.infogreffe.com/recherche-entreprise-dirigeants/resultats-entreprise-dirigeants.html?ga_cat=globale&ga_q=I.T.L#phrase=I.T.L,https://www.infogreffe.com/recherche-entreprise-dirigeants/resultats-entreprise-dirigeants.html?ga_cat=globale&ga_q=I.T.L#phrase=I.T.L
0,2018-06-31,ITL.PA,,2018-06-31,Q2,11254000,7709000.0,3545000.0,3.174612129760226,0.0,2576750.0,0.0,-14000.0,308500.0,10704750,37500.0,110500.0,690000.0,16.310144927536232,549250.0,20.48975876194811,0.0,479250.0,23.482524778299425,141000.0,336750.0,33.41945063103192,0.2075,0.1975,1622892.0,1705063.0,https://www.infogreffe.com/recherche-entreprise-dirigeants/resultats-entreprise-dirigeants.html?ga_cat=globale&ga_q=I.T.L#phrase=I.T.L,https://www.infogreffe.com/recherche-entreprise-dirigeants/resultats-entreprise-dirigeants.html?ga_cat=globale&ga_q=I.T.L#phrase=I.T.L
0,2018-03-31,ITL.PA,,2018-03-31,Q1,11254000,7709000.0,3545000.0,3.174612129760226,0.0,2576750.0,0.0,-14000.0,308500.0,10704750,37500.0,110500.0,690000.0,16.310144927536232,549250.0,20.48975876194811,0.0,479250.0,23.482524778299425,141000.0,336750.0,33.41945063103192,0.2075,0.1975,1622892.0,1705063.0,https://www.infogreffe.com/recherche-entreprise-dirigeants/resultats-entreprise-dirigeants.html?ga_cat=globale&ga_q=I.T.L#phrase=I.T.L,https://www.infogreffe.com/recherche-entreprise-dirigeants/resultats-entreprise-dirigeants.html?ga_cat=globale&ga_q=I.T.L#phrase=I.T.L
0,2018-01-31,ITL.PA,,2018-01-31,Q1,11254000,7709000.0,3545000.0,3.174612129760226,0.0,2576750.0,0.0,-14000.0,308500.0,10704750,37500.0,110500.0,690000.0,16.310144927536232,549250.0,20.48975876194811,0.0,479250.0,23.482524778299425,141000.0,336750.0,33.41945063103192,0.2075,0.1975,1622892.0,1705063.0,https://www.infogreffe.com/recherche-entreprise-dirigeants/resultats-entreprise-dirigeants.html?ga_cat=globale&ga_q=I.T.L#phrase=I.T.L,https://www.infogreffe.com/recherche-entreprise-dirigeants/resultats-entreprise-dirigeants.html?ga_cat=globale&ga_q=I.T.L#phrase=I.T.L
0,2017-09-31,ITL.PA,,2017-09-31,Q3,11171250,7625750.0,3545500.0,3.1508249894232123,0.0,2842000.0,0.0,0.0,231000.0,10801000,25000.0,102250.0,491000.0,22.7520366598778,370250.0,30.172180958811612,0.0,363750.0,30.711340206185568,116250.0,246250.0,45.36548223350254,0.1425,0.1425,1728070.0,1728070.0,https://www.infogreffe.com/recherche-entreprise-dirigeants/resultats-entreprise-dirigeants.html?ga_cat=globale&ga_q=I.T.L#phrase=I.T.L,https://www.infogreffe.com/recherche-entreprise-dirigeants/resultats-entreprise-dirigeants.html?ga_cat=globale&ga_q=I.T.L#phrase=I.T.L
0,2017-06-31,ITL.PA,,2017-06-31,Q2,11171250,7625750.0,3545500.0,3.1508249894232123,0.0,2842000.0,0.0,0.0,231000.0,10801000,25000.0,102250.0,491000.0,22.7520366598778,370250.0,30.172180958811612,0.0,363750.0,30.711340206185568,116250.0,246250.0,45.36548223350254,0.1425,0.1425,1728070.0,1728070.0,https://www.infogreffe.com/recherche-entreprise-dirigeants/resultats-entreprise-dirigeants.html?ga_cat=globale&ga_q=I.T.L#phrase=I.T.L,https://www.infogreffe.com/recherche-entreprise-dirigeants/resultats-entreprise-dirigeants.html?ga_cat=globale&ga_q=I.T.L#phrase=I.T.L
0,2017-03-31,ITL.PA,,2017-03-31,Q1,11171250,7625750.0,3545500.0,3.1508249894232123,0.0,2842000.0,0.0,0.0,231000.0,10801000,25000.0,102250.0,491000.0,22.7520366598778,370250.0,30.172180958811612,0.0,363750.0,30.711340206185568,116250.0,246250.0,45.36548223350254,0.1425,0.1425,1728070.0,1728070.0,https://www.infogreffe.com/recherche-entreprise-dirigeants/resultats-entreprise-dirigeants.html?ga_cat=globale&ga_q=I.T.L#phrase=I.T.L,https://www.infogreffe.com/recherche-entreprise-dirigeants/resultats-entreprise-dirigeants.html?ga_cat=globale&ga_q=I.T.L#phrase=I.T.L
0,2017-01-31,ITL.PA,,2017-01-31,Q1,11171250,7625750.0,3545500.0,3.1508249894232123,0.0,2842000.0,0.0,0.0,231000.0,10801000,25000.0,102250.0,491000.0,22.7520366598778,370250.0,30.172180958811612,0.0,363750.0,30.711340206185568,116250.0,246250.0,45.36548223350254,0.1425,0.1425,1728070.0,1728070.0,https://www.infogreffe.com/recherche-entreprise-dirigeants/resultats-entreprise-dirigeants.html?ga_cat=globale&ga_q=I.T.L#phrase=I.T.L,https://www.infogreffe.com/recherche-entreprise-dirigeants/resultats-entreprise-dirigeants.html?ga_cat=globale&ga_q=I.T.L#phrase=I.T.L
0,2016-09-31,ITL.PA,,2016-09-31,Q3,10766000,7339250.0,3426750.0,3.1417523892901436,0.0,2471750.0,0.0,0.0,196000.0,10126000,21500.0,119000.0,768000.0,14.018229166666666,640000.0,16.821875,0.0,627500.0,17.156972111553785,1500.0,624750.0,17.23249299719888,0.36,0.36,1735417.0,1735417.0,https://www.infogreffe.com/recherche-entreprise-dirigeants/resultats-entreprise-dirigeants.html?ga_cat=globale&ga_q=I.T.L#phrase=I.T.L,https://www.infogreffe.com/recherche-entreprise-dirigeants/resultats-entreprise-dirigeants.html?ga_cat=globale&ga_q=I.T.L#phrase=I.T.L
0,2016-06-31,ITL.PA,,2016-06-31,Q2,10766000,7339250.0,3426750.0,3.1417523892901436,0.0,2471750.0,0.0,0.0,196000.0,10126000,21500.0,119000.0,768000.0,14.018229166666666,640000.0,16.821875,0.0,627500.0,17.156972111553785,1500.0,624750.0,17.23249299719888,0.36,0.36,1735417.0,1735417.0,https://www.infogreffe.com/recherche-entreprise-dirigeants/resultats-entreprise-dirigeants.html?ga_cat=globale&ga_q=I.T.L#phrase=I.T.L,https://www.infogreffe.com/recherche-entreprise-dirigeants/resultats-entreprise-dirigeants.html?ga_cat=globale&ga_q=I.T.L#phrase=I.T.L
0,2016-03-31,ITL.PA,,2016-03-31,Q1,10766000,7339250.0,3426750.0,3.1417523892901436,0.0,2471750.0,0.0,0.0,196000.0,10126000,21500.0,119000.0,768000.0,14.018229166666666,640000.0,16.821875,0.0,627500.0,17.156972111553785,1500.0,624750.0,17.23249299719888,0.36,0.36,1735417.0,1735417.0,https://www.infogreffe.com/recherche-entreprise-dirigeants/resultats-entreprise-dirigeants.html?ga_cat=globale&ga_q=I.T.L#phrase=I.T.L,https://www.infogreffe.com/recherche-entreprise-dirigeants/resultats-entreprise-dirigeants.html?ga_cat=globale&ga_q=I.T.L#phrase=I.T.L
0,2016-01-31,ITL.PA,,2016-01-31,Q1,10766000,7339250.0,3426750.0,3.1417523892901436,0.0,2471750.0,0.0,0.0,196000.0,10126000,21500.0,119000.0,768000.0,14.018229166666666,640000.0,16.821875,0.0,627500.0,17.156972111553785,1500.0,624750.0,17.23249299719888,0.36,0.36,1735417.0,1735417.0,https://www.infogreffe.com/recherche-entreprise-dirigeants/resultats-entreprise-dirigeants.html?ga_cat=globale&ga_q=I.T.L#phrase=I.T.L,https://www.infogreffe.com/recherche-entreprise-dirigeants/resultats-entreprise-dirigeants.html?ga_cat=globale&ga_q=I.T.L#phrase=I.T.L
0,2015-09-31,ITL.PA,,2015-09-31,Q3,10145250,6982250.0,3163000.0,3.207477078722732,0.0,2131250.0,0.0,0.0,156250.0,9365750.0,20750.0,96000.0,877750.0,11.558245514098548,779500.0,13.015073765234124,0.0,761000.0,13.331471747700395,97500.0,661000.0,15.348335854765507,0.37,0.37,1786486.0,1786486.0,https://www.infogreffe.com/recherche-entreprise-dirigeants/resultats-entreprise-dirigeants.html?ga_cat=globale&ga_q=I.T.L#phrase=I.T.L,https://www.infogreffe.com/recherche-entreprise-dirigeants/resultats-entreprise-dirigeants.html?ga_cat=globale&ga_q=I.T.L#phrase=I.T.L
0,2015-06-31,ITL.PA,,2015-06-31,Q2,10145250,6982250.0,3163000.0,3.207477078722732,0.0,2131250.0,0.0,0.0,156250.0,9365750.0,20750.0,96000.0,877750.0,11.558245514098548,779500.0,13.015073765234124,0.0,761000.0,13.331471747700395,97500.0,661000.0,15.348335854765507,0.37,0.37,1786486.0,1786486.0,https://www.infogreffe.com/recherche-entreprise-dirigeants/resultats-entreprise-dirigeants.html?ga_cat=globale&ga_q=I.T.L#phrase=I.T.L,https://www.infogreffe.com/recherche-entreprise-dirigeants/resultats-entreprise-dirigeants.html?ga_cat=globale&ga_q=I.T.L#phrase=I.T.L
0,2015-03-31,ITL.PA,,2015-03-31,Q1,10145250,6982250.0,3163000.0,3.207477078722732,0.0,2131250.0,0.0,0.0,156250.0,9365750.0,20750.0,96000.0,877750.0,11.558245514098548,779500.0,13.015073765234124,0.0,761000.0,13.331471747700395,97500.0,661000.0,15.348335854765507,0.37,0.37,1786486.0,1786486.0,https://www.infogreffe.com/recherche-entreprise-dirigeants/resultats-entreprise-dirigeants.html?ga_cat=globale&ga_q=I.T.L#phrase=I.T.L,https://www.infogreffe.com/recherche-entreprise-dirigeants/resultats-entreprise-dirigeants.html?ga_cat=globale&ga_q=I.T.L#phrase=I.T.L
0,2015-01-31,ITL.PA,,2015-01-31,Q1,10145250,6982250.0,3163000.0,3.207477078722732,0.0,2131250.0,0.0,0.0,156250.0,9365750.0,20750.0,96000.0,877750.0,11.558245514098548,779500.0,13.015073765234124,0.0,761000.0,13.331471747700395,97500.0,661000.0,15.348335854765507,0.37,0.37,1786486.0,1786486.0,https://www.infogreffe.com/recherche-entreprise-dirigeants/resultats-entreprise-dirigeants.html?ga_cat=globale&ga_q=I.T.L#phrase=I.T.L,https://www.infogreffe.com/recherche-entreprise-dirigeants/resultats-entreprise-dirigeants.html?ga_cat=globale&ga_q=I.T.L#phrase=I.T.L
0,2014-09-31,ITL.PA,,2014-09-31,Q3,8296000.0,5984000.0,2312000.0,3.588235294117647,0.0,1608750.0,0.0,0.0,169750.0,7984000.0,0.0,221500.0,533500.0,15.550140581068415,312000.0,26.58974358974359,0.0,294500.0,28.169779286926996,102000.0,191750.0,43.264667535853974,0.11,0.11,1743182.0,1743182.0,https://www.infogreffe.com/recherche-entreprise-dirigeants/resultats-entreprise-dirigeants.html?ga_cat=globale&ga_q=I.T.L#phrase=I.T.L,https://www.infogreffe.com/recherche-entreprise-dirigeants/resultats-entreprise-dirigeants.html?ga_cat=globale&ga_q=I.T.L#phrase=I.T.L
0,2014-06-31,ITL.PA,,2014-06-31,Q2,8296000.0,5984000.0,2312000.0,3.588235294117647,0.0,1608750.0,0.0,0.0,169750.0,7984000.0,0.0,221500.0,533500.0,15.550140581068415,312000.0,26.58974358974359,0.0,294500.0,28.169779286926996,102000.0,191750.0,43.264667535853974,0.11,0.11,1743182.0,1743182.0,https://www.infogreffe.com/recherche-entreprise-dirigeants/resultats-entreprise-dirigeants.html?ga_cat=globale&ga_q=I.T.L#phrase=I.T.L,https://www.infogreffe.com/recherche-entreprise-dirigeants/resultats-entreprise-dirigeants.html?ga_cat=globale&ga_q=I.T.L#phrase=I.T.L
0,2014-03-31,ITL.PA,,2014-03-31,Q1,8296000.0,5984000.0,2312000.0,3.588235294117647,0.0,1608750.0,0.0,0.0,169750.0,7984000.0,0.0,221500.0,533500.0,15.550140581068415,312000.0,26.58974358974359,0.0,294500.0,28.169779286926996,102000.0,191750.0,43.264667535853974,0.11,0.11,1743182.0,1743182.0,https://www.infogreffe.com/recherche-entreprise-dirigeants/resultats-entreprise-dirigeants.html?ga_cat=globale&ga_q=I.T.L#phrase=I.T.L,https://www.infogreffe.com/recherche-entreprise-dirigeants/resultats-entreprise-dirigeants.html?ga_cat=globale&ga_q=I.T.L#phrase=I.T.L
0,2014-01-31,ITL.PA,,2014-01-31,Q1,8296000.0,5984000.0,2312000.0,3.588235294117647,0.0,1608750.0,0.0,0.0,169750.0,7984000.0,0.0,221500.0,533500.0,15.550140581068415,312000.0,26.58974358974359,0.0,294500.0,28.169779286926996,102000.0,191750.0,43.264667535853974,0.11,0.11,1743182.0,1743182.0,https://www.infogreffe.com/recherche-entreprise-dirigeants/resultats-entreprise-dirigeants.html?ga_cat=globale&ga_q=I.T.L#phrase=I.T.L,https://www.infogreffe.com/recherche-entreprise-dirigeants/resultats-entreprise-dirigeants.html?ga_cat=globale&ga_q=I.T.L#phrase=I.T.L
0,2013-09-31,ITL.PA,,2013-09-31,Q3,7663000.0,5926750.0,1736250.0,4.413534917206624,0.0,1126500.0,0.0,0.0,172750.0,7446750.0,0.0,220750.0,437000.0,17.53546910755149,216250.0,35.435838150289015,0.0,207750.0,36.88567990373045,81750.0,125750.0,60.938369781312126,0.0725,0.07,1734483.0,1796429.0,https://www.infogreffe.com/recherche-entreprise-dirigeants/resultats-entreprise-dirigeants.html?ga_cat=globale&ga_q=I.T.L#phrase=I.T.L,https://www.infogreffe.com/recherche-entreprise-dirigeants/resultats-entreprise-dirigeants.html?ga_cat=globale&ga_q=I.T.L#phrase=I.T.L
0,2013-06-31,ITL.PA,,2013-06-31,Q2,7663000.0,5926750.0,1736250.0,4.413534917206624,0.0,1126500.0,0.0,0.0,172750.0,7446750.0,0.0,220750.0,437000.0,17.53546910755149,216250.0,35.435838150289015,0.0,207750.0,36.88567990373045,81750.0,125750.0,60.938369781312126,0.0725,0.07,1734483.0,1796429.0,https://www.infogreffe.com/recherche-entreprise-dirigeants/resultats-entreprise-dirigeants.html?ga_cat=globale&ga_q=I.T.L#phrase=I.T.L,https://www.infogreffe.com/recherche-entreprise-dirigeants/resultats-entreprise-dirigeants.html?ga_cat=globale&ga_q=I.T.L#phrase=I.T.L
0,2013-03-31,ITL.PA,,2013-03-31,Q1,7663000.0,5926750.0,1736250.0,4.413534917206624,0.0,1126500.0,0.0,0.0,172750.0,7446750.0,0.0,220750.0,437000.0,17.53546910755149,216250.0,35.435838150289015,0.0,207750.0,36.88567990373045,81750.0,125750.0,60.938369781312126,0.0725,0.07,1734483.0,1796429.0,https://www.infogreffe.com/recherche-entreprise-dirigeants/resultats-entreprise-dirigeants.html?ga_cat=globale&ga_q=I.T.L#phrase=I.T.L,https://www.infogreffe.com/recherche-entreprise-dirigeants/resultats-entreprise-dirigeants.html?ga_cat=globale&ga_q=I.T.L#phrase=I.T.L
0,2013-01-31,ITL.PA,,2013-01-31,Q1,7663000.0,5926750.0,1736250.0,4.413534917206624,0.0,1126500.0,0.0,0.0,172750.0,7446750.0,0.0,220750.0,437000.0,17.53546910755149,216250.0,35.435838150289015,0.0,207750.0,36.88567990373045,81750.0,125750.0,60.938369781312126,0.0725,0.07,1734483.0,1796429.0,https://www.infogreffe.com/recherche-entreprise-dirigeants/resultats-entreprise-dirigeants.html?ga_cat=globale&ga_q=I.T.L#phrase=I.T.L,https://www.infogreffe.com/recherche-entreprise-dirigeants/resultats-entreprise-dirigeants.html?ga_cat=globale&ga_q=I.T.L#phrase=I.T.L
0,2012-09-31,ITL.PA,,2012-09-31,Q3,7467000.0,6355000.0,1112000.0,6.714928057553957,0.0,0.0,0.0,0.0,1144750.0,7659500.0,0.0,159750.0,-32750.0,-228.0,-192500.0,-38.78961038961039,0.0,-196250.0,-38.0484076433121,112000.0,-307750.0,-24.263200649878147,-0.1775,-0.1775,1733803.0,1784058.0,https://www.infogreffe.com/recherche-entreprise-dirigeants/resultats-entreprise-dirigeants.html?ga_cat=globale&ga_q=I.T.L#phrase=I.T.L,https://www.infogreffe.com/recherche-entreprise-dirigeants/resultats-entreprise-dirigeants.html?ga_cat=globale&ga_q=I.T.L#phrase=I.T.L
0,2012-06-31,ITL.PA,,2012-06-31,Q2,7467000.0,6355000.0,1112000.0,6.714928057553957,0.0,0.0,0.0,0.0,1144750.0,7659500.0,0.0,159750.0,-32750.0,-228.0,-192500.0,-38.78961038961039,0.0,-196250.0,-38.0484076433121,112000.0,-307750.0,-24.263200649878147,-0.1775,-0.1775,1733803.0,1784058.0,https://www.infogreffe.com/recherche-entreprise-dirigeants/resultats-entreprise-dirigeants.html?ga_cat=globale&ga_q=I.T.L#phrase=I.T.L,https://www.infogreffe.com/recherche-entreprise-dirigeants/resultats-entreprise-dirigeants.html?ga_cat=globale&ga_q=I.T.L#phrase=I.T.L
0,2012-03-31,ITL.PA,,2012-03-31,Q1,7467000.0,6355000.0,1112000.0,6.714928057553957,0.0,0.0,0.0,0.0,1144750.0,7659500.0,0.0,159750.0,-32750.0,-228.0,-192500.0,-38.78961038961039,0.0,-196250.0,-38.0484076433121,112000.0,-307750.0,-24.263200649878147,-0.1775,-0.1775,1733803.0,1784058.0,https://www.infogreffe.com/recherche-entreprise-dirigeants/resultats-entreprise-dirigeants.html?ga_cat=globale&ga_q=I.T.L#phrase=I.T.L,https://www.infogreffe.com/recherche-entreprise-dirigeants/resultats-entreprise-dirigeants.html?ga_cat=globale&ga_q=I.T.L#phrase=I.T.L
0,2012-01-31,ITL.PA,,2012-01-31,Q1,7467000.0,6355000.0,1112000.0,6.714928057553957,0.0,0.0,0.0,0.0,1144750.0,7659500.0,0.0,159750.0,-32750.0,-228.0,-192500.0,-38.78961038961039,0.0,-196250.0,-38.0484076433121,112000.0,-307750.0,-24.263200649878147,-0.1775,-0.1775,1733803.0,1784058.0,https://www.infogreffe.com/recherche-entreprise-dirigeants/resultats-entreprise-dirigeants.html?ga_cat=globale&ga_q=I.T.L#phrase=I.T.L,https://www.infogreffe.com/recherche-entreprise-dirigeants/resultats-entreprise-dirigeants.html?ga_cat=globale&ga_q=I.T.L#phrase=I.T.L
0,2011-09-31,ITL.PA,,2011-09-31,Q3,7387250.0,0.0,0.0,0.0,0.0,800250.0,800250.0,0.0,174500.0,6993250.0,10500.0,111000.0,506750.0,14.577701036013814,394000.0,18.749365482233504,0.0,385250.0,19.17521090201168,147000.0,238250.0,31.00629590766002,0.1375,0.1325,1727273.0,1792453.0,https://www.infogreffe.com/recherche-entreprise-dirigeants/resultats-entreprise-dirigeants.html?ga_cat=globale&ga_q=I.T.L#phrase=I.T.L,https://www.infogreffe.com/recherche-entreprise-dirigeants/resultats-entreprise-dirigeants.html?ga_cat=globale&ga_q=I.T.L#phrase=I.T.L
0,2011-06-31,ITL.PA,,2011-06-31,Q2,7387250.0,0.0,0.0,0.0,0.0,800250.0,800250.0,0.0,174500.0,6993250.0,10500.0,111000.0,506750.0,14.577701036013814,394000.0,18.749365482233504,0.0,385250.0,19.17521090201168,147000.0,238250.0,31.00629590766002,0.1375,0.1325,1727273.0,1792453.0,https://www.infogreffe.com/recherche-entreprise-dirigeants/resultats-entreprise-dirigeants.html?ga_cat=globale&ga_q=I.T.L#phrase=I.T.L,https://www.infogreffe.com/recherche-entreprise-dirigeants/resultats-entreprise-dirigeants.html?ga_cat=globale&ga_q=I.T.L#phrase=I.T.L
0,2011-03-31,ITL.PA,,2011-03-31,Q1,7387250.0,0.0,0.0,0.0,0.0,800250.0,800250.0,0.0,174500.0,6993250.0,10500.0,111000.0,506750.0,14.577701036013814,394000.0,18.749365482233504,0.0,385250.0,19.17521090201168,147000.0,238250.0,31.00629590766002,0.1375,0.1325,1727273.0,1792453.0,https://www.infogreffe.com/recherche-entreprise-dirigeants/resultats-entreprise-dirigeants.html?ga_cat=globale&ga_q=I.T.L#phrase=I.T.L,https://www.infogreffe.com/recherche-entreprise-dirigeants/resultats-entreprise-dirigeants.html?ga_cat=globale&ga_q=I.T.L#phrase=I.T.L
0,2011-01-31,ITL.PA,,2011-01-31,Q1,7387250.0,0.0,0.0,0.0,0.0,800250.0,800250.0,0.0,174500.0,6993250.0,10500.0,111000.0,506750.0,14.577701036013814,394000.0,18.749365482233504,0.0,385250.0,19.17521090201168,147000.0,238250.0,31.00629590766002,0.1375,0.1325,1727273.0,1792453.0,https://www.infogreffe.com/recherche-entreprise-dirigeants/resultats-entreprise-dirigeants.html?ga_cat=globale&ga_q=I.T.L#phrase=I.T.L,https://www.infogreffe.com/recherche-entreprise-dirigeants/resultats-entreprise-dirigeants.html?ga_cat=globale&ga_q=I.T.L#phrase=I.T.L
0,2010-09-31,ITL.PA,,2010-09-31,Q3,6500500.0,0.0,0.0,0.0,0.0,725250.0,725250.0,0.0,160750.0,6193500.0,12750.0,90000.0,397500.0,16.353459119496854,307000.0,21.1742671009772,0.0,294750.0,22.054283290924513,81750.0,213000.0,30.518779342723004,0.1225,0.1175,1728571.0,1802128.0,https://www.infogreffe.com/recherche-entreprise-dirigeants/resultats-entreprise-dirigeants.html?ga_cat=globale&ga_q=I.T.L#phrase=I.T.L,https://www.infogreffe.com/recherche-entreprise-dirigeants/resultats-entreprise-dirigeants.html?ga_cat=globale&ga_q=I.T.L#phrase=I.T.L
0,2010-06-31,ITL.PA,,2010-06-31,Q2,6500500.0,0.0,0.0,0.0,0.0,725250.0,725250.0,0.0,160750.0,6193500.0,12750.0,90000.0,397500.0,16.353459119496854,307000.0,21.1742671009772,0.0,294750.0,22.054283290924513,81750.0,213000.0,30.518779342723004,0.1225,0.1175,1728571.0,1802128.0,https://www.infogreffe.com/recherche-entreprise-dirigeants/resultats-entreprise-dirigeants.html?ga_cat=globale&ga_q=I.T.L#phrase=I.T.L,https://www.infogreffe.com/recherche-entreprise-dirigeants/resultats-entreprise-dirigeants.html?ga_cat=globale&ga_q=I.T.L#phrase=I.T.L
0,2010-03-31,ITL.PA,,2010-03-31,Q1,6500500.0,0.0,0.0,0.0,0.0,725250.0,725250.0,0.0,160750.0,6193500.0,12750.0,90000.0,397500.0,16.353459119496854,307000.0,21.1742671009772,0.0,294750.0,22.054283290924513,81750.0,213000.0,30.518779342723004,0.1225,0.1175,1728571.0,1802128.0,https://www.infogreffe.com/recherche-entreprise-dirigeants/resultats-entreprise-dirigeants.html?ga_cat=globale&ga_q=I.T.L#phrase=I.T.L,https://www.infogreffe.com/recherche-entreprise-dirigeants/resultats-entreprise-dirigeants.html?ga_cat=globale&ga_q=I.T.L#phrase=I.T.L
0,2010-01-31,ITL.PA,,2010-01-31,Q1,6500500.0,0.0,0.0,0.0,0.0,725250.0,725250.0,0.0,160750.0,6193500.0,12750.0,90000.0,397500.0,16.353459119496854,307000.0,21.1742671009772,0.0,294750.0,22.054283290924513,81750.0,213000.0,30.518779342723004,0.1225,0.1175,1728571.0,1802128.0,https://www.infogreffe.com/recherche-entreprise-dirigeants/resultats-entreprise-dirigeants.html?ga_cat=globale&ga_q=I.T.L#phrase=I.T.L,https://www.infogreffe.com/recherche-entreprise-dirigeants/resultats-entreprise-dirigeants.html?ga_cat=globale&ga_q=I.T.L#phrase=I.T.L
0,2009-09-31,ITL.PA,,2009-09-31,Q3,5729750.0,0.0,0.0,0.0,0.0,653250.0,653250.0,0.0,220500.0,5770500.0,16750.0,52750.0,12750.0,449.3921568627451,-40750.0,-140.6073619631902,0.0,-56750.0,-100.9647577092511,29500.0,-86250.0,-66.43188405797102,-0.05,-0.05,1720000.0,1810526.0,https://www.infogreffe.com/recherche-entreprise-dirigeants/resultats-entreprise-dirigeants.html?ga_cat=globale&ga_q=I.T.L#phrase=I.T.L,https://www.infogreffe.com/recherche-entreprise-dirigeants/resultats-entreprise-dirigeants.html?ga_cat=globale&ga_q=I.T.L#phrase=I.T.L
0,2009-06-31,ITL.PA,,2009-06-31,Q2,5729750.0,0.0,0.0,0.0,0.0,653250.0,653250.0,0.0,220500.0,5770500.0,16750.0,52750.0,12750.0,449.3921568627451,-40750.0,-140.6073619631902,0.0,-56750.0,-100.9647577092511,29500.0,-86250.0,-66.43188405797102,-0.05,-0.05,1720000.0,1810526.0,https://www.infogreffe.com/recherche-entreprise-dirigeants/resultats-entreprise-dirigeants.html?ga_cat=globale&ga_q=I.T.L#phrase=I.T.L,https://www.infogreffe.com/recherche-entreprise-dirigeants/resultats-entreprise-dirigeants.html?ga_cat=globale&ga_q=I.T.L#phrase=I.T.L
0,2009-03-31,ITL.PA,,2009-03-31,Q1,5729750.0,0.0,0.0,0.0,0.0,653250.0,653250.0,0.0,220500.0,5770500.0,16750.0,52750.0,12750.0,449.3921568627451,-40750.0,-140.6073619631902,0.0,-56750.0,-100.9647577092511,29500.0,-86250.0,-66.43188405797102,-0.05,-0.05,1720000.0,1810526.0,https://www.infogreffe.com/recherche-entreprise-dirigeants/resultats-entreprise-dirigeants.html?ga_cat=globale&ga_q=I.T.L#phrase=I.T.L,https://www.infogreffe.com/recherche-entreprise-dirigeants/resultats-entreprise-dirigeants.html?ga_cat=globale&ga_q=I.T.L#phrase=I.T.L
0,2009-01-31,ITL.PA,,2009-01-31,Q1,5729750.0,0.0,0.0,0.0,0.0,653250.0,653250.0,0.0,220500.0,5770500.0,16750.0,52750.0,12750.0,449.3921568627451,-40750.0,-140.6073619631902,0.0,-56750.0,-100.9647577092511,29500.0,-86250.0,-66.43188405797102,-0.05,-0.05,1720000.0,1810526.0,https://www.infogreffe.com/recherche-entreprise-dirigeants/resultats-entreprise-dirigeants.html?ga_cat=globale&ga_q=I.T.L#phrase=I.T.L,https://www.infogreffe.com/recherche-entreprise-dirigeants/resultats-entreprise-dirigeants.html?ga_cat=globale&ga_q=I.T.L#phrase=I.T.L
