,date,symbol,fillingDate,acceptedDate,period,revenue,costOfRevenue,grossProfit,grossProfitRatio,researchAndDevelopmentExpenses,generalAndAdministrativeExpenses,sellingAndMarketingExpenses,otherExpenses,operatingExpenses,costAndExpenses,interestExpense,depreciationAndAmortization,ebitda,ebitdaratio,operatingIncome,operatingIncomeRatio,totalOtherIncomeExpensesNet,incomeBeforeTax,incomeBeforeTaxRatio,incomeTaxExpense,netIncome,netIncomeRatio,eps,epsdiluted,weightedAverageShsOut,weightedAverageShsOutDil,link,finalLink
0,2020-09-30,LLNW,2020-10-23,2020-10-23 15:26:32,Q3,59243000,37506000,21737000,0.36691254662998163,5425000.0,7751000.0,10456000,384000.0,24016000,61522000,1674000.0,6767000.0,4488000.0,0.0757557854936,-2279000.0,-0.038468679844,-1640000.0,-3919000.0,-0.0661512752561,66000.0,-3985000.0,-0.0672653309252,-0.03,-0.03,120519000,120519000,https://www.sec.gov/Archives/edgar/data/1391127/000139112720000242/0001391127-20-000242-index.htm,https://www.sec.gov/Archives/edgar/data/1391127/000139112720000242/llnw-20200930.htm
0,2020-06-30,LLNW,2020-07-20,2020-07-20 17:01:48,Q2,58546000,34749000,23797000,0.40646670993748507,5572000.0,19116000,10929000,324000.0,25010999.999999996,59759999.99999999,72000.0,5684000.000000001,4165000.000000001,0.071141,-1214000.0,-0.020736,-312000.0,-1591000.0,-0.027175,136000.0,-1727000.0,-0.029498,-0.01436,-0.01436,120230000,120230000,https://www.sec.gov/Archives/edgar/data/1391127/000139112720000178/0001391127-20-000178-index.htm,https://www.sec.gov/Archives/edgar/data/1391127/000139112720000178/llnw-20200630.htm
0,2020-03-31,LLNW,2020-04-24,2020-04-24 14:14:28,Q1,57012000,36263000,20749000,0.3639409247176033,5618000.0,19776000,11894000,341000.0,25735000,61998000,10000.0,5491000.0,420000.0,0.007367,-4986000.0,-0.087455,-110000.0,-5081000.0,-0.089122,176000.0,-5257000.0,-0.092209,-0.04419,-0.04419,118964000,118964000,https://www.sec.gov/Archives/edgar/data/1391127/000139112720000071/0001391127-20-000071-index.htm,https://www.sec.gov/Archives/edgar/data/1391127/000139112720000015/llnw-12312019x10k.htm
0,2019-12-31,LLNW,2020-01-30,2020-01-30 15:45:45,Q4,60129000,33874000,26255000,0.4366445475560877,5459000.0,17953000,10399000,327000.0,23738999.999999996,57613000,46000.0,5615000.000000002,5890000.000000002,0.097956,2516000.0,0.041843,169000.0,2664000.0,0.044305,-2229000.0,2458000.0,0.040879,0.0209,0.0209,117606000,117606000,https://www.sec.gov/Archives/edgar/data/1391127/000139112720000015/0001391127-20-000015-index.htm,https://www.sec.gov/Archives/edgar/data/1391127/000139112720000015/llnw-12312019x10k.htm
0,2019-09-30,LLNW,2019-10-17,2019-10-17 14:42:10,Q3,51321000,30563000,20758000,0.40447380214726913,5160000.0,18069000,10713000,173000.0,23401000,53964000,10000.0,5133999.999999999,2558999.999999999,0.049863,-2643000.0,-0.051499,-13000.0,-2585000.0,-0.050369,166000.0,-2751000.0,-0.053604,-0.02366,-0.02366,116270000,116270000,https://www.sec.gov/Archives/edgar/data/1391127/000139112719000170/0001391127-19-000170-index.htm,https://www.sec.gov/Archives/edgar/data/1391127/000139112719000170/llnw-9302019x10q.htm
0,2019-06-30,LLNW,2019-07-18,2019-07-18 14:13:56,Q2,45904000,27397000,18507000,0.4031674799581736,6013000.0,19334000,10994000,127000.0,25474000.000000004,52871000.00000001,10000.0,4754000.0,-2172999.9999999995,-0.047338,-6967000.0,-0.151773,-70000.0,-6937000.0,-0.15112,255000.0,-7192000.0,-0.156675,-0.06239,-0.06239,115275000,115275000,https://www.sec.gov/Archives/edgar/data/1391127/000139112719000130/0001391127-19-000130-index.htm,https://www.sec.gov/Archives/edgar/data/1391127/000139112719000130/llnw-6302019x10q.htm
0,2019-03-31,LLNW,2019-04-18,2019-04-18 14:16:15,Q1,43280000,27258000,16022000,0.37019408502772644,5901000.0,18507000,10972000,245000.0,24653000.000000004,51911000,10000.0,4562000.0,-3863000.0,-0.089256,-8631000.0,-0.199422,-6000.0,-8435000.0,-0.194894,124000.0,-8559000.0,-0.197759,-0.07481,-0.07481,114410000,114410000,https://www.sec.gov/Archives/edgar/data/1391127/000139112719000065/0001391127-19-000065-index.htm,https://www.sec.gov/Archives/edgar/data/1391127/000139112719000016/llnw-12312018x10k.htm
0,2018-12-31,LLNW,2019-02-01,2019-01-31 17:57:46,Q4,43992000,26081000,17911000,0.40714220767412257,5781000.0,16964000,9485000.0,476000.0,23224000,49305000,10000.0,4420000.0,1273000.0,0.028937,-5313000.0,-0.120772,91000.0,-5002000.0,-0.113702,2036000.0,-5193000.0,-0.118044,-0.04572,-0.04572,113578000,113578000,https://www.sec.gov/Archives/edgar/data/1391127/000139112719000016/0001391127-19-000016-index.htm,https://www.sec.gov/Archives/edgar/data/1391127/000139112719000016/llnw-12312018x10k.htm
0,2018-09-30,LLNW,2018-10-19,2018-10-19 15:09:51,Q3,49320000,25280000,24040000,0.48742903487429035,5880000.0,17600000,9766000.0,616000.0,24119999.999999996,49400000,10000.0,4369999.999999999,4219999.999999999,0.085564,-80000.0,-0.001622,-250000.0,-160000.0,-0.003244,110000.0,-270000.0,-0.005474,-0.00239,-0.00239,112760000,112760000,https://www.sec.gov/Archives/edgar/data/1391127/000139112718000179/0001391127-18-000179-index.htm,https://www.sec.gov/Archives/edgar/data/1391127/000139112718000179/llnw-9302018x10q.htm
0,2018-06-30,LLNW,2018-07-20,2018-07-20 13:43:26,Q2,50250000,25400000,24850000,0.4945273631840796,6070000.0,17320000,10022000,633000.0,9350000.000000002,34750000,7000.0,4830000.000000001,20247000,0.402925,15500000,0.308458,-220000.0,15410000,0.306667,250000.0,15160000,0.301692,0.1263,0.1263,120030000,120030000,https://www.sec.gov/Archives/edgar/data/1391127/000139112718000136/0001391127-18-000136-index.htm,https://www.sec.gov/Archives/edgar/data/1391127/000139112718000136/llnw-6302018x10q.htm
0,2018-03-31,LLNW,2018-04-20,2018-04-20 16:08:46,Q1,52110000,25430000,26680000,0.5119938591441182,6340000.0,17130000,10280000,588000.0,26729999.999999996,52160000,59000.0,4970000.0,5159000.0,0.099002,-50000.0,-0.00096,110000.0,130000.0,0.002495,-20000.0,150000.0,0.002879,0.00126,0.00126,118910000,118910000,https://www.sec.gov/Archives/edgar/data/1391127/000139112718000062/0001391127-18-000062-index.htm,https://www.sec.gov/Archives/edgar/data/1391127/000139112718000016/llnw-12312017x10k.htm
0,2017-12-31,LLNW,2018-02-08,2018-02-08 16:41:39,Q4,48190000,25210000,22980000,0.4768624195891264,5970000.0,16180000,8998000.0,587000.0,24210000,49420000,38000.0,5130000.000000001,2758000.000000001,0.057232,-1230000.0,-0.025524,200000.0,-930000.0,-0.019299,-1500000.0,-910000.0,-0.018884,-0.00826,-0.00826,110130000,110130000,https://www.sec.gov/Archives/edgar/data/1391127/000139112718000016/0001391127-18-000016-index.htm,https://www.sec.gov/Archives/edgar/data/1391127/000139112718000016/llnw-12312017x10k.htm
0,2017-09-30,LLNW,2017-10-19,2017-10-19 14:15:54,Q3,46070000,23790000,22280000,0.48361189494247886,6440000.0,16050000,8835000.0,603000.0,23960000,47750000,18000.0,5110000.000000001,3558000.000000001,0.07723,-1690000.0,-0.036683,10000.0,-1570000.0,-0.034079,190000.0,-1760000.0,-0.038203,-0.0161,-0.0161,109340000,109340000,https://www.sec.gov/Archives/edgar/data/1391127/000139112717000138/0001391127-17-000138-index.htm,https://www.sec.gov/Archives/edgar/data/1391127/000139112717000138/llnw-9302017x10q.htm
0,2017-06-30,LLNW,2017-07-27,2017-07-27 14:32:21,Q2,45370000,24000000,21370000,0.47101608992726474,6720000.0,14530000,8998000.0,597000.0,23110000,47110000,10000.0,5119999.999999999,3649999.999999999,0.08045,-1740000.0,-0.038351,150000.0,-1470000.0,-0.0324,150000.0,-1630000.0,-0.035927,-0.01503,-0.01503,108420000,108420000,https://www.sec.gov/Archives/edgar/data/1391127/000139112717000117/0001391127-17-000117-index.htm,https://www.sec.gov/Archives/edgar/data/1391127/000139112717000117/llnw-6302017x10q.htm
0,2017-03-31,LLNW,2017-04-25,2017-04-25 13:50:38,Q1,44740000,23560000,21180000,0.4734018775145284,6220000.0,17780000,9267000.0,589000.0,24590000,48150000,14000.0,5150000.0,1934000.0,0.043228,-3420000.0,-0.076442,90000.0,-3230000.0,-0.072195,110000.0,-3340000.0,-0.074654,-0.03111,-0.03111,107360000,107360000,https://www.sec.gov/Archives/edgar/data/1391127/000139112717000075/0001391127-17-000075-index.htm,https://www.sec.gov/Archives/edgar/data/1391127/000139112717000035/llnw-12312016x10k.htm
0,2016-12-31,LLNW,2017-02-17,2017-02-17 12:57:00,Q4,43780000,24120000,19660000,0.4490634993147556,6090000.0,16180000,8215000.0,590000.0,22859999.999999996,46979999.99999999,53000.0,5060000.000000001,1393000.0000000005,0.031818,-3200000.0,-0.073093,-570000.0,-3720000.0,-0.08497,200000.0,-3920000.0,-0.089539,-0.037,-0.037,105940000,105940000,https://www.sec.gov/Archives/edgar/data/1391127/000139112717000035/0001391127-17-000035-index.htm,https://www.sec.gov/Archives/edgar/data/1391127/000139112717000035/llnw-12312016x10k.htm
0,2016-09-30,LLNW,2016-10-27,2016-10-27 14:12:59,Q3,39470000,23240000,16230000,0.4111983785153281,5630000.0,15740000,7710000.0,613000.0,21980000,45220000,406000.0,5010000.0,-574000.0,-0.014543,-5750000.0,-0.14568,150000.0,-5990000.0,-0.151761,130000.0,-6120000.0,-0.155054,-0.05836,-0.05836,104860000,104860000,https://www.sec.gov/Archives/edgar/data/1391127/000139112716000306/0001391127-16-000306-index.htm,https://www.sec.gov/Archives/edgar/data/1391127/000139112716000306/llnw-9302016x10q.htm
0,2016-06-30,LLNW,2016-08-03,2016-08-03 13:10:28,Q2,43560000,24760000,18800000,0.4315886134067952,6290000.0,15360000,8117000.0,54626000,76270000,101030000,280000.0,5120000.0,-52420000,-1.203398,-57470000,-1.31933,-80000.0,-57820000,-1.327365,120000.0,-57940000,-1.330119,-0.55765,-0.55765,103900000,103900000,https://www.sec.gov/Archives/edgar/data/1391127/000139112716000280/0001391127-16-000280-index.htm,https://www.sec.gov/Archives/edgar/data/1391127/000139112716000280/llnw-6302016x10q.htm
0,2016-03-31,LLNW,2016-04-28,2016-04-28 15:23:19,Q1,41420000,24780000,16640000,0.4017382906808305,6330000.0,15710000,8903000.0,623000.0,22659999.999999996,47440000,179000.0,5290000.0,-321000.0,-0.00775,-6020000.0,-0.14534,400000.0,-5790000.0,-0.139788,160000.0,-5950000.0,-0.14365,-0.05794,-0.05794,102690000,102690000,https://www.sec.gov/Archives/edgar/data/1391127/000139112716000214/0001391127-16-000214-index.htm,https://www.sec.gov/Archives/edgar/data/1391127/000139112716000172/llnw-12312015x10k.htm
0,2015-12-31,LLNW,2016-02-11,2016-02-11 10:47:16,Q4,42740000,25200000,17540000,0.41038839494618623,6680000.0,13610000,8101000.0,1005000.0,21290000.000000004,46490000,25000.0,5809999.999999999,1734999.999999999,0.040594,-3750000.0,-0.08774,-410000.0,-4100000.0,-0.095929,50000.0,-4150000.0,-0.097099,-0.04093,-0.04093,101390000,101390000,https://www.sec.gov/Archives/edgar/data/1391127/000139112716000172/0001391127-16-000172-index.htm,https://www.sec.gov/Archives/edgar/data/1391127/000139112716000172/llnw-12312015x10k.htm
0,2015-09-30,LLNW,2015-11-04,2015-11-04 13:10:44,Q3,42050000,26140000,15910000,0.378359096313912,7430000.0,16080000,9489000.0,648000.0,24150000,50290000,80000.0,5289999.999999999,-2310000.000000001,-0.054935,-8240000.0,-0.195957,470000.0,-7690000.0,-0.182878,80000.0,-7760000.0,-0.184542,-0.07718,-0.07718,100550000,100550000,https://www.sec.gov/Archives/edgar/data/1391127/000139112715000119/0001391127-15-000119-index.htm,https://www.sec.gov/Archives/edgar/data/1391127/000139112715000119/llnw-9302015x10q.htm
0,2015-06-30,LLNW,2015-08-04,2015-08-04 13:46:17,Q2,43800000,25650000,18150000,0.4143835616438356,7650000.0,16080000,10002000,636000.0,24360000,50010000,80000.0,5010000.000000001,-1179999.999999999,-0.026941,-6220000.0,-0.142009,-130000.0,-6270000.0,-0.143151,90000.0,-6360000.0,-0.145205,-0.0637,-0.0637,99840000,99840000,https://www.sec.gov/Archives/edgar/data/1391127/000139112715000097/0001391127-15-000097-index.htm,https://www.sec.gov/Archives/edgar/data/1391127/000139112715000097/llnw-6302015x10q.htm
0,2015-03-31,LLNW,2015-05-01,2015-05-01 14:14:37,Q1,42330000,25810000,16520000,0.3902669501535554,6260000.0,17130000,10276000,640000.0,24030000.000000004,49840000.00000001,4000.0,4790000.0,-826000.0,-0.019513,-7510000.0,-0.177416,1810000.0,-5630000.0,-0.133003,60000.0,-5680000.0,-0.134184,-0.05758,-0.05758,98640000,98640000,https://www.sec.gov/Archives/edgar/data/1391127/000139112715000058/0001391127-15-000058-index.htm,https://www.sec.gov/Archives/edgar/data/1391127/000139112715000010/llnw-12312014x10k.htm
0,2014-12-31,LLNW,2015-02-17,2015-02-17 13:36:37,Q4,40730000,24600000,16130000,0.3960225877731402,6010000.0,15310000,9102000.0,661000.0,21990000.000000004,46590000,6000.0,4639999.999999999,-344000.000000001,-0.008446,-5860000.0,-0.143874,810000.0,-4990000.0,-0.122514,20000.0,-5010000.0,-0.123005,-0.05079,-0.05079,98640000,98640000,https://www.sec.gov/Archives/edgar/data/1391127/000139112715000010/0001391127-15-000010-index.htm,https://www.sec.gov/Archives/edgar/data/1391127/000139112715000010/llnw-12312014x10k.htm
0,2014-09-30,LLNW,2014-11-10,2014-11-10 16:45:45,Q3,39020000,22880000,16140000,0.41363403382880576,5510000.0,16030000,9680000.0,825000.0,22360000.000000004,45240000,7000.0,5040000.000000001,67000.000000001,0.001717,-6220000.0,-0.159405,1190000.0,-4970000.0,-0.127371,100000.0,-5080000.0,-0.13019,-0.05159,-0.05159,98460000,98460000,https://www.sec.gov/Archives/edgar/data/1391127/000139112714000102/0001391127-14-000102-index.htm,https://www.sec.gov/Archives/edgar/data/1391127/000139112714000102/llnw-9302014x10q.htm
0,2014-06-30,LLNW,2014-08-05,2014-08-05 13:22:40,Q2,41340000,25470000,15870000,0.3838896952104499,4860000.0,17010000,8951000.0,977000.0,22850000,48320000,7000.0,5119999.999999999,-1713000.000000001,-0.041437,-6980000.0,-0.168844,-200000.0,-7110000.0,-0.171988,30000.0,-6870000.0,-0.166183,-0.0698,-0.0698,98420000,98420000,https://www.sec.gov/Archives/edgar/data/1391127/000139112714000087/0001391127-14-000087-index.htm,https://www.sec.gov/Archives/edgar/data/1391127/000139112714000087/llnw-6302014x10q.htm
0,2014-03-31,LLNW,2014-05-07,2014-05-07 12:20:21,Q1,41170000,25900000,15270000,0.37090114160796694,4580000.0,17280000,9725000.0,1066000.0,22930000,48830000,12000.0,5400000.0,-2168000.0,-0.05266,-7660000.0,-0.186058,20000.0,-7580000.0,-0.184115,60000.0,-7640000.0,-0.185572,-0.078,-0.078,97950000,97950000,https://www.sec.gov/Archives/edgar/data/1391127/000139112714000058/0001391127-14-000058-index.htm,https://www.sec.gov/Archives/edgar/data/1391127/000139112714000023/llnw-12312013x10k.htm
0,2013-12-31,LLNW,2014-02-20,2014-02-20 16:37:38,Q4,42200000,27950000,14250000,0.33767772511848343,5190000.0,10100000,9929000.0,6690000.0,23459999.999999996,51410000,12000.0,6350000.000000001,1312000.000000001,0.03109,-9200000.0,-0.218009,4490000.0,-4640000.0,-0.109953,60000.0,-5110000.0,-0.12109,-0.05247,-0.05247,97380000,97380000,https://www.sec.gov/Archives/edgar/data/1391127/000139112714000023/0001391127-14-000023-index.htm,https://www.sec.gov/Archives/edgar/data/1391127/000139112714000023/llnw-12312013x10k.htm
0,2013-09-30,LLNW,2013-11-06,2013-11-06 06:08:47,Q3,42660000,27420000,15240000,0.35724331926863573,5420000.0,18610000,10362000,1433000.0,25460000,52880000,16000.0,6709999.999999999,-3994000.000000001,-0.093624,-10220000,-0.239569,-560000.0,-10710000,-0.251055,200000.0,-10920000,-0.255977,-0.11264,-0.11264,96950000,96950000,https://www.sec.gov/Archives/edgar/data/1391127/000119312513428833/0001193125-13-428833-index.htm,https://www.sec.gov/Archives/edgar/data/1391127/000119312513428833/d597754d10q.htm
0,2013-06-30,LLNW,2013-08-08,2013-08-08 13:11:31,Q2,42760000,28350000,14410000,0.3369971936389149,5650000.0,18710000,10699000,1442000.0,25799999.999999996,54150000,21000.0,7559999.999999999,-3599000.000000001,-0.084167,-11380000,-0.266137,140000.0,-11180000,-0.261459,50000.0,-11230000,-0.262629,-0.11666,-0.11666,96260000,96260000,https://www.sec.gov/Archives/edgar/data/1391127/000119312513326305/0001193125-13-326305-index.htm,https://www.sec.gov/Archives/edgar/data/1391127/000119312513326305/d550458d10q.htm
0,2013-03-31,LLNW,2013-05-10,2013-05-10 06:16:19,Q1,45810000,29040000,16770000,0.3660772757039948,5740000.0,18250000,10484000,1450000.0,25439999.999999996,54480000,27000.0,8130000.0,97000.0,0.002117,-8670000.0,-0.18926,570000.0,-8060000.0,-0.175944,80000.0,-8140000.0,-0.17769,-0.08407,-0.08407,96820000,96820000,https://www.sec.gov/Archives/edgar/data/1391127/000119312513212377/0001193125-13-212377-index.htm,https://www.sec.gov/Archives/edgar/data/1391127/000119312513086661/d449287d10k.htm
0,2012-12-31,LLNW,2013-03-01,2013-03-01 11:20:35,Q4,46470000,30040000,16430000,0.35356143748655045,5070000.0,65040000,10613000,-45050000,26570000,56610000,41000.0,8530000.000000006,-3488999.999999995,-0.075081,-10140000,-0.218205,-20000.0,-10120000,-0.217775,170000.0,-12230000,-0.263181,-0.12075,-0.12075,101280000,101280000,https://www.sec.gov/Archives/edgar/data/1391127/000119312513086661/0001193125-13-086661-index.htm,https://www.sec.gov/Archives/edgar/data/1391127/000119312513086661/d449287d10k.htm
0,2012-09-30,LLNW,2012-11-05,2012-11-05 16:35:27,Q3,45000000,28280000,16720000,0.37155555555555553,4960000.0,18190000,11037000,1500000.0,26229999.999999996,54510000,40000.0,8450000.0,7670000.0,0.170444,-9510000.0,-0.211333,-550000.0,-600000.0,-0.013333,10000.0,-830000.0,-0.018444,-0.00835,-0.00835,99360000,99360000,https://www.sec.gov/Archives/edgar/data/1391127/000119312512451928/0001193125-12-451928-index.htm,https://www.sec.gov/Archives/edgar/data/1391127/000119312512451928/d433364d10q.htm
0,2012-06-30,LLNW,2012-08-07,2012-08-07 15:56:20,Q2,44450000,27560000,16890000,0.3799775028121485,4990000.0,18020000,11762000,1700000.0,26260000,53820000,46000.0,8629999.999999998,-994000.000000001,-0.022362,-9370000.0,-0.210799,60000.0,-9280000.0,-0.208774,160000.0,-9830000.0,-0.221147,-0.09213,-0.09213,106700000,106700000,https://www.sec.gov/Archives/edgar/data/1391127/000119312512340804/0001193125-12-340804-index.htm,https://www.sec.gov/Archives/edgar/data/1391127/000119312512340804/d351766d10q.htm
0,2012-03-31,LLNW,2012-05-08,2012-05-08 13:27:05,Q1,44320000,27330000,16990000,0.38334837545126355,5170000.0,18450000,11632000,1500000.0,26520000.000000004,53850000,50000.0,8230000.0,-1590000.0,-0.035875,-9530000.0,-0.215027,-90000.0,-9560000.0,-0.215704,140000.0,-10010000,-0.225857,-0.09604,-0.09604,104230000,104230000,https://www.sec.gov/Archives/edgar/data/1391127/000119312512217729/0001193125-12-217729-index.htm,https://www.sec.gov/Archives/edgar/data/1391127/000119312512094571/d270302d10k.htm
0,2011-12-31,LLNW,2012-03-02,2012-03-02 16:38:55,Q4,45980000,27670000,18310000,0.3982166159199652,4590000.0,20350000,10178000,1533000.0,28229999.999999996,55900000,74000.0,8559999.999999998,-2116000.000000001,-0.04602,-9920000.0,-0.215746,-330000.0,-10190000,-0.221618,-910000.0,-9840000.0,-0.214006,-0.09261,-0.09261,106250000,106250000,https://www.sec.gov/Archives/edgar/data/1391127/000119312512094571/0001193125-12-094571-index.htm,https://www.sec.gov/Archives/edgar/data/1391127/000119312512094571/d270302d10k.htm
0,2011-09-30,LLNW,2011-11-09,2011-11-09 16:40:44,Q3,42350000,27280000,15070000,0.35584415584415585,4360000.0,15990000,2987000.0,1100000.0,23449999.999999996,50729999.99999999,78000.0,8530000.000000002,11728000.000000002,0.27693,-8380000.0,-0.197875,-20000.0,-8300000.0,-0.195986,-1900000.0,5020000.0,0.118536,0.04417,0.04417,113660000,113660000,https://www.sec.gov/Archives/edgar/data/1391127/000119312511304670/0001193125-11-304670-index.htm,https://www.sec.gov/Archives/edgar/data/1391127/000119312511304670/d237139d10q.htm
0,2011-06-30,LLNW,2011-08-09,2011-08-09 14:39:45,Q2,41560000,28380000,13180000,0.3171318575553417,6280000.0,16510000,26916000,-1200000.0,24099999.999999996,52480000,147000.0,8520000.0,-4843000.0,-0.11653,-10930000,-0.262993,30000.0,-10740000,-0.258422,430000.0,-13940000,-0.335419,-0.12574,-0.12574,110860000,110860000,https://www.sec.gov/Archives/edgar/data/1391127/000119312511216241/0001193125-11-216241-index.htm,https://www.sec.gov/Archives/edgar/data/1391127/000119312511216241/d10q.htm
0,2011-03-31,LLNW,2011-05-06,2011-05-06 13:28:43,Q1,41400000,26270000,15130000,0.36545893719806766,5618000.0,20700000,13894000,100000.0,21650000.000000004,47920000,42000.0,7210000.0,-2428000.0,-0.058647,-6510000.0,-0.157246,30000.0,-6360000.0,-0.153623,140000.0,-9820000.0,-0.237198,-0.0945,-0.0945,103920000,103920000,https://www.sec.gov/Archives/edgar/data/1391127/000119312511130287/0001193125-11-130287-index.htm,https://www.sec.gov/Archives/edgar/data/1391127/000119312511064135/d10k.htm
0,2010-12-31,LLNW,2011-03-11,2011-03-11 16:56:59,Q4,43020000,26670000,16350000,0.3800557880055788,3350000.0,15880000,13323000,1955000.0,20989999.999999996,47659999.99999999,64000.0,6850000.000000001,184000.000000001,0.004277,-4640000.0,-0.107857,-90000.0,-4640000.0,-0.107857,-380000.0,-6350000.0,-0.147606,-0.06378,-0.06378,99560000,99560000,https://www.sec.gov/Archives/edgar/data/1391127/000119312511064135/0001193125-11-064135-index.htm,https://www.sec.gov/Archives/edgar/data/1391127/000119312511064135/d10k.htm
0,2010-09-30,LLNW,2010-11-05,2010-11-05 15:44:12,Q3,39950000,24980000,14970000,0.37471839799749684,2910000.0,16350000,12723000,2034000.0,19950000,44930000,5000.0,5359999.999999998,-175000.000000002,-0.00438,-4980000.0,-0.124656,-150000.0,-4920000.0,-0.123154,410000.0,-5950000.0,-0.148936,-0.06033,-0.06033,98630000,98630000,https://www.sec.gov/Archives/edgar/data/1391127/000119312510250010/0001193125-10-250010-index.htm,https://www.sec.gov/Archives/edgar/data/1391127/000119312510250010/d10q.htm
0,2010-06-30,LLNW,2010-08-06,2010-08-06 12:51:52,Q2,42200000,23830000,18370000,0.43530805687203794,3480000.0,20930000,11319000,1604000.0,26000000,49830000,7000.0,6930000.000000001,-432999.999999999,-0.010261,-7640000.0,-0.181043,30000.0,-7360000.0,-0.174408,-5100000.0,-2270000.0,-0.053791,-0.02418,-0.02418,93890000,93890000,https://www.sec.gov/Archives/edgar/data/1391127/000119312510180912/0001193125-10-180912-index.htm,https://www.sec.gov/Archives/edgar/data/1391127/000119312510180912/d10q.htm
0,2010-03-31,LLNW,2010-05-07,2010-05-07 13:23:28,Q1,36090000,20980000,15110000,0.41867553338875035,2650000.0,17510000,9387000.0,766000.0,20929999.999999996,41909999.99999999,1000.0,5540000.0,-9000.0,-0.000249,-5820000.0,-0.161264,-30000.0,-5550000.0,-0.153782,240000.0,-5790000.0,-0.160432,-0.06802,-0.06802,85120000,85120000,https://www.sec.gov/Archives/edgar/data/1391127/000119312510112494/0001193125-10-112494-index.htm,https://www.sec.gov/Archives/edgar/data/1391127/000119312510055072/d10k.htm
0,2009-12-31,LLNW,2010-03-12,2010-03-12 13:39:01,Q4,33630000,22170000,11460000,0.3407671721677074,2060000.0,18090000,25000.0,1000.0,20790000,42960000,290000.0,6000000.0,-2910000.0,-0.08653,-9340000.0,-0.277728,-150000.0,-9200000.0,-0.273565,530000.0,-9730000.0,-0.289325,-0.11478,-0.11478,84770000,84770000,https://www.sec.gov/Archives/edgar/data/1391127/000119312510055072/0001193125-10-055072-index.htm,https://www.sec.gov/Archives/edgar/data/1391127/000119312510055072/d10k.htm
0,2009-09-30,LLNW,2009-11-06,2009-11-06 16:17:46,Q3,32530000,20910000,11620000,0.3572087304027052,2020000.0,14170000,8060000.0,15000.0,17110000.000000004,38020000,11000.0,6649999.999999999,1500999.999999999,0.046142,-5490000.0,-0.168767,20000.0,-5160000.0,-0.158623,60000.0,-5220000.0,-0.160467,-0.06178,-0.06178,84490000,84490000,https://www.sec.gov/Archives/edgar/data/1391127/000119312509227555/0001193125-09-227555-index.htm,https://www.sec.gov/Archives/edgar/data/1391127/000119312509227555/d10q.htm
0,2009-06-30,LLNW,2009-08-07,2009-08-07 11:46:10,Q2,32330000,21080000,11250000,0.34797401793999383,1940000.0,14120000,7716000.0,-483000.0,16600000,37680000,11000.0,6660000.0,1541000.0,0.047665,-5340000.0,-0.165172,-110000.0,-5130000.0,-0.158676,170000.0,-5300000.0,-0.163934,-0.06307,-0.06307,84030000,84030000,https://www.sec.gov/Archives/edgar/data/1391127/000119312509168574/0001193125-09-168574-index.htm,https://www.sec.gov/Archives/edgar/data/1391127/000119312509168574/d10q.htm
0,2009-03-31,LLNW,2009-05-08,2009-05-08 14:37:48,Q1,33180000,21470000,11710000,0.3529234478601567,1910000.0,20040000,8139000.0,599000.0,-43150000,-21680000,11000.0,7090000.0,62561000,1.885503,54860000,1.653406,230000.0,55460000,1.671489,320000.0,55140000,1.661844,0.64139,0.64139,85970000,85970000,https://www.sec.gov/Archives/edgar/data/1391127/000119312509105139/0001193125-09-105139-index.htm,https://www.sec.gov/Archives/edgar/data/1391127/000119312509053785/d10k.htm
0,2008-12-31,LLNW,2009-03-13,2009-03-13 15:49:29,Q4,35900000,21430000,14470000,0.4030640668523677,2070000.0,24780000,9232000.0,1750000.0,28600000,50030000,12000.0,7320000.0,-6518000.0,-0.18156,-14130000,-0.393593,-380000.0,-13850000,-0.385794,90000.0,-13940000,-0.388301,-0.16757,-0.16757,83190000,83190000,https://www.sec.gov/Archives/edgar/data/1391127/000119312509053785/0001193125-09-053785-index.htm,https://www.sec.gov/Archives/edgar/data/1391127/000119312509053785/d10k.htm
0,2008-09-30,LLNW,2008-11-13,2008-11-13 16:15:59,Q3,33120000,21560000,11560000,0.34903381642512077,2010000.0,15590000,8577000.0,2686000.0,28380000,49940000,10000.0,6950000.000000001,-8259999.999999999,-0.249396,-16820000,-0.50785,410000.0,-15220000,-0.459541,130000.0,-15350000,-0.463466,-0.1849,-0.1849,83020000,83020000,https://www.sec.gov/Archives/edgar/data/1391127/000095015308001938/0000950153-08-001938-index.htm,https://www.sec.gov/Archives/edgar/data/1391127/000095015308001938/p13536e10vq.htm
0,2008-06-30,LLNW,2008-08-14,2008-08-14 12:54:08,Q2,30310000,19750000,10560000,0.348399868030353,1690000.0,18120000,8965000.0,7054000.0,26869999.999999996,46620000,12000.0,6500000.0,-8848000.0,-0.291917,-16300000,-0.537776,-380000.0,-15360000,-0.506763,-30000.0,-15330000,-0.505774,-0.18494,-0.18494,82890000,82890000,https://www.sec.gov/Archives/edgar/data/1391127/000095015308001471/0000950153-08-001471-index.htm,https://www.sec.gov/Archives/edgar/data/1391127/000095015308001471/p76147e10vq.htm
0,2008-03-31,LLNW,2008-05-14,2008-05-14 17:18:58,Q1,30200000,20670000,9530000.0,0.31556291390728475,1590000.0,21220000,8142000.0,7381000.0,30199999.999999996,50869999.99999999,21000.0,6260000.0,-12339000,-0.408576,-20670000,-0.684437,170000.0,-18630000,-0.616887,-180000.0,-18440000,-0.610596,-0.22319,-0.22319,82620000,82620000,https://www.sec.gov/Archives/edgar/data/1391127/000095015308000985/0000950153-08-000985-index.htm,https://www.sec.gov/Archives/edgar/data/1391127/000095015308000564/p75142e10vk.htm
0,2007-12-31,LLNW,2008-03-25,2008-03-25 16:22:48,Q4,29130000,18160000,10970000,0.3765877102643323,1390000.0,16580000,8619000.0,48408000,66370000,84530000,6000.0,5710000.000000001,-47834000,-1.642087,-55400000,-1.901819,-180000.0,-53550000,-1.838311,1800000.0,-55350000,-1.900103,-0.68418,-0.68418,80900000,80900000,https://www.sec.gov/Archives/edgar/data/1391127/000095015308000564/0000950153-08-000564-index.htm,https://www.sec.gov/Archives/edgar/data/1391127/000095015308000564/p75142e10vk.htm
0,2007-09-30,LLNW,2007-11-14,2007-11-14 15:12:25,Q3,29190000,17510000,11680000,0.40013703323055844,1290000.0,15540000,7421000.0,268000.0,17099999.999999996,34610000,-28000.0,5870000.000000001,2892000.000000001,0.099075,-5420000.0,-0.18568,30000.0,-2940000.0,-0.100719,180000.0,-3130000.0,-0.107229,-0.03895,-0.03895,80350000,80350000,https://www.sec.gov/Archives/edgar/data/1391127/000095015307002418/0000950153-07-002418-index.htm,https://www.sec.gov/Archives/edgar/data/1391127/000095015307002418/p74619e10vq.htm
