,date,symbol,fillingDate,acceptedDate,period,revenue,costOfRevenue,grossProfit,grossProfitRatio,researchAndDevelopmentExpenses,generalAndAdministrativeExpenses,sellingAndMarketingExpenses,otherExpenses,operatingExpenses,costAndExpenses,interestExpense,depreciationAndAmortization,ebitda,ebitdaratio,operatingIncome,operatingIncomeRatio,totalOtherIncomeExpensesNet,incomeBeforeTax,incomeBeforeTaxRatio,incomeTaxExpense,netIncome,netIncomeRatio,eps,epsdiluted,weightedAverageShsOut,weightedAverageShsOutDil,link,finalLink
0,2020-09-30,LORL,2020-11-05,2020-11-05 16:44:09,Q3,152081000,0.0,152081000,1.0,0.0,0.0,0.0,-26000.0,-26000.0,-26000.0,37715000,0.0,73845000,0.4855636141266825,73845000,0.4855636141266825,1524000.0,68737000,0.4519762494986224,-9053000.0,77790000,0.5115037381395441,2.5079794951155816,2.5079794951155816,31017000,31017000,https://www.sec.gov/Archives/edgar/data/1006269/000155837020012913/0001558370-20-012913-index.htm,https://www.sec.gov/Archives/edgar/data/1006269/000155837020012913/lorl-20200930x10q.htm
0,2020-06-30,LORL,2020-08-07,2020-08-06 20:58:31,Q2,149761000,0.0,149761000,1.0,0.0,1801000.0,0.0,11000.0,1801000.0,1801000.0,6000.0,1000.0,72104000,-0.5160288726704549,-1801000.0,-0.5160355499762955,-2703000.0,-4418000.0,-0.519267366003165,-1469000.0,73566000,-0.4515728393907626,2.3718,2.3718,31017000,31017000,https://www.sec.gov/Archives/edgar/data/1006269/000155837020009772/0001558370-20-009772-index.htm,https://www.sec.gov/Archives/edgar/data/1006269/000155837020009772/lorl-20200630x10q.htm
0,2020-03-31,LORL,2020-05-08,2020-05-07 18:01:22,Q1,158565000,0.0,158565000,1.0,0.0,1648000.0,0.0,-167000.0,1648000.0,1648000.0,5000.0,1000.0,-119221000,0.48639989909500836,-1648000.0,0.48639989909500836,-1437000.0,-2153000.0,0.004301075268817204,2116000.0,-121343000,0.0,-3.92277,-3.92277,30933000,30933000,https://www.sec.gov/Archives/edgar/data/1006269/000155837020005809/0001558370-20-005809-index.htm,https://www.sec.gov/Archives/edgar/data/1006269/000155837020002499/lorl-20191231x10k.htm
0,2019-12-31,LORL,2020-03-12,2020-03-12 13:32:23,Q4,393181000,0.0,393181000,1.0,0.0,1497000.0,0.0,-752000.0,1497000.0,1497000.0,9000.0,6000.0,7432000.0,0.6160368888628901,-1497000.0,-0.0019126051360569304,-1567000.0,-1920000.0,0.18951322673272614,652000.0,6765000.0,0.16495710626912288,0.21817,0.21817,31008000,31008000,https://www.sec.gov/Archives/edgar/data/1006269/000155837020002499/0001558370-20-002499-index.htm,https://www.sec.gov/Archives/edgar/data/1006269/000155837020002499/lorl-20191231x10k.htm
0,2019-09-30,LORL,2019-11-12,2019-11-08 18:02:08,Q3,180180000,0.0,180180000,1.0,0.0,1615000.0,0.0,-45000.0,1615000.0,1615000.0,5000.0,999.9999999999992,7528000.0,-0.9124708624708625,-1615000.0,-0.9124708624708625,-1048000.0,-1262000.0,-0.01635031635031635,1275000.0,6247000.0,0.06994116994116995,0.20146,0.20146,31008000,31008000,https://www.sec.gov/Archives/edgar/data/1006269/000155837019010637/0001558370-19-010637-index.htm,https://www.sec.gov/Archives/edgar/data/1006269/000155837019010637/lorl-20190930x10q.htm
0,2019-06-30,LORL,2019-08-06,2019-08-06 17:06:42,Q2,172995000,0.0,172995000,1.0,0.0,1697000.0,0.0,-10000.0,1697000.0,1697000.0,5000.0,2000.0,40394000,0.9500505794965173,-1697000.0,0.9500505794965173,-755000.0,-891000.0,0.33520043931905547,2160000.0,38227000,0.37266394982513945,1.23281,1.23281,31008000,31008000,https://www.sec.gov/Archives/edgar/data/1006269/000155837019007282/0001558370-19-007282-index.htm,https://www.sec.gov/Archives/edgar/data/1006269/000155837019007282/lorl-20190630x10q.htm
0,2019-03-31,LORL,2019-05-09,2019-05-09 16:16:36,Q1,167644000,0.0,167644000,1.0,0.0,1803000.0,0.0,-55000.0,1803000.0,1803000.0,5000.0,6000.0,40593000,-0.0003280761613896113,-1803000.0,-0.0003280761613896113,-1216000.0,-1422000.0,0.36416453914246855,2066000.0,38516000,0.39133521032664453,1.24213,1.24213,31008000,31008000,https://www.sec.gov/Archives/edgar/data/1006269/000155837019004684/0001558370-19-004684-index.htm,https://www.sec.gov/Archives/edgar/data/1006269/000155837019002187/lorl-20181231x10k.htm
0,2018-12-31,LORL,2019-03-18,2019-03-15 19:40:04,Q4,379942000,0.0,379942000,1.0,0.0,1425000.0,0.0,-92000.0,1425000.0,1425000.0,9000.0,9999.999999999998,-83206000,0.5915613435734928,-1425000.0,-0.00024214222170752377,-508000.0,-536000.0,-0.28630159340109806,-41904000,-41321000,-0.23514904906538367,-1.33582,-1.33582,30933000,30933000,https://www.sec.gov/Archives/edgar/data/1006269/000155837019002187/0001558370-19-002187-index.htm,https://www.sec.gov/Archives/edgar/data/1006269/000155837019002187/lorl-20181231x10k.htm
0,2018-09-30,LORL,2018-11-07,2018-11-07 16:39:10,Q3,78748000,0.0,78748000,1.0,0.0,1715000.0,0.0,-5008000.0,1715000.0,1715000.0,6000.0,16000.0,52885000,-3.1358637679687105,-1715000.0,-3.1358637679687105,-1749000.0,-2207000.0,1.147457713211764,6669000.0,46194000,1.1345430995072892,1.48974,1.48974,31008000,31008000,https://www.sec.gov/Archives/edgar/data/1006269/000114420418057995/0001144204-18-057995-index.htm,https://www.sec.gov/Archives/edgar/data/1006269/000114420418057995/tv504448_10q.htm
0,2018-06-30,LORL,2018-08-08,2018-08-07 17:34:00,Q2,259376000,0.0,259376000,1.0,0.0,1800000.0,0.0,5843000.0,1800000.0,1800000.0,6000.0,0.0,-4694000.0,0.547514033680834,-1800000.0,0.547514033680834,-600000.0,-1100000.0,-0.09270325704768367,-5100000.0,400000.0,-0.029331935105792364,0.0129,0.0129,31000000,31000000,https://www.sec.gov/Archives/edgar/data/1006269/000114420418042494/0001144204-18-042494-index.htm,https://www.sec.gov/Archives/edgar/data/1006269/000114420418042494/tv498018_10q.htm
0,2018-03-31,LORL,2018-05-10,2018-05-10 16:25:07,Q1,184866000,0.0,184866000,1.0,0.0,1600000.0,0.0,0.0,1600000.0,1600000.0,5000.0,0.0,3705000.0,0.5721225103588545,-1600000.0,0.5721225103588545,-600000.0,-1400000.0,-0.08742548656864972,-600000.0,4300000.0,0.04115413326409399,0.13871,0.13871,31000000,31000000,https://www.sec.gov/Archives/edgar/data/1006269/000114420418027153/0001144204-18-027153-index.htm,https://www.sec.gov/Archives/edgar/data/1006269/000114420418014926/tv488080_10k.htm
0,2017-12-31,LORL,2018-03-15,2018-03-15 16:28:56,Q4,412971000,0.0,412971000,1.0,0.0,1700000.0,0.0,0.0,1700000.0,1700000.0,5000.0,221058000,-1695000.0,1.0861343774744474,-1700000.0,0.5508473960641304,-700000.0,-1600000.0,0.2892454918141952,-42400000,40700000,0.3747430206963685,1.3129,1.3129,31000000,31000000,https://www.sec.gov/Archives/edgar/data/1006269/000114420418014926/0001144204-18-014926-index.htm,https://www.sec.gov/Archives/edgar/data/1006269/000114420418014926/tv488080_10k.htm
0,2017-09-30,LORL,2017-11-14,2017-11-14 16:20:15,Q3,170151000,0.0,170151000,1.0,0.0,1800000.0,0.0,852000.0,1800000.0,1800000.0,11000.0,0.0,41111000,0.5079958389900735,-1800000.0,0.5079958389900735,-1200000.0,-2300000.0,0.6703692602453115,16600000,24500000,0.7650733760013165,0.79032,0.79032,31000000,31000000,https://www.sec.gov/Archives/edgar/data/1006269/000114420417059041/0001144204-17-059041-index.htm,https://www.sec.gov/Archives/edgar/data/1006269/000114420417059041/v476592_10q.htm
0,2017-06-30,LORL,2017-08-08,2017-08-08 16:13:13,Q2,167538000,0.0,167538000,1.0,0.0,1700000.0,0.0,-852000.0,1700000.0,1700000.0,6000.0,0.0,-2594000.0,0.49795270326731844,-1700000.0,0.49795270326731844,-1500000.0,-2600000.0,0.5438348315009133,-400000.0,-2200000.0,0.6012486719430815,-0.0712,-0.0712,30900000,30900000,https://www.sec.gov/Archives/edgar/data/1006269/000114420417041214/0001144204-17-041214-index.htm,https://www.sec.gov/Archives/edgar/data/1006269/000114420417041214/v471126_10q.htm
0,2017-03-31,LORL,2017-05-09,2017-05-08 18:38:34,Q1,177111000,0.0,177111000,1.0,0.0,1900000.0,0.0,0.0,1900000.0,1900000.0,5000.0,0.0,137505000,0.49078826272789383,-1900000.0,0.49078826272789383,-800000.0,-2300000.0,0.25316327049138676,66100000,71400000,0.3087103567819051,2.30323,2.30323,31000000,31000000,https://www.sec.gov/Archives/edgar/data/1006269/000114420417025362/0001144204-17-025362-index.htm,https://www.sec.gov/Archives/edgar/data/1006269/000114420417013033/v457711_10k.htm
0,2016-12-31,LORL,2017-03-07,2017-03-06 18:16:42,Q4,408252000,0.0,408252000,1.0,0.0,1800000.0,0.0,0.0,1800000.0,1800000.0,5000.0,224773000,-14695000,1.0751692582032666,-1800000.0,0.5245951030246024,-100000.0,-1900000.0,0.02844811537971645,-2600000.0,-12100000,0.12202267227104828,-0.39159,-0.39159,30900000,30900000,https://www.sec.gov/Archives/edgar/data/1006269/000114420417013033/0001144204-17-013033-index.htm,https://www.sec.gov/Archives/edgar/data/1006269/000114420417013033/v457711_10k.htm
0,2016-09-30,LORL,2016-11-04,2016-11-04 16:11:12,Q3,172336000,0.0,172336000,1.0,0.0,1700000.0,0.0,0.0,1700000.0,1700000.0,6000.0,0.0,5006000.0,0.5099050691672082,-1700000.0,0.5099050691672082,-200000.0,-1900000.0,-0.01788366911150311,8900000.0,-3900000.0,0.060776622412032306,-0.12621,-0.12621,30900000,30900000,https://www.sec.gov/Archives/edgar/data/1006269/000114420416131730/0001144204-16-131730-index.htm,https://www.sec.gov/Archives/edgar/data/1006269/000114420416131730/v451018_10q.htm
0,2016-06-30,LORL,2016-08-09,2016-08-08 21:36:14,Q2,180012000,0.0,180012000,1.0,0.0,1700000.0,0.0,0.0,1700000.0,1700000.0,4000.0,0.0,41104000,0.5215207875030553,-1700000.0,0.5215207875030553,-600000.0,-2200000.0,0.3032686709774904,8500000.0,32600000,0.3868686532008977,1.05161,1.05161,31000000,31000000,https://www.sec.gov/Archives/edgar/data/1006269/000114420416117404/0001144204-16-117404-index.htm,https://www.sec.gov/Archives/edgar/data/1006269/000114420416117404/v445575_10q.htm
0,2016-03-31,LORL,2016-05-06,2016-05-06 16:14:02,Q1,170501000,0.0,170501000,1.0,0.0,1500000.0,0.0,0.0,1500000.0,1500000.0,5000.0,0.0,44405000,0.5225893103266257,-1500000.0,0.5225893103266257,-500000.0,-2000000.0,0.9149741057237201,13700000,30700000,0.9796071577292802,0.99032,0.99032,31000000,31000000,https://www.sec.gov/Archives/edgar/data/1006269/000114420416099603/0001144204-16-099603-index.htm,https://www.sec.gov/Archives/edgar/data/1006269/000114420416084790/v429664_10k.htm
0,2015-12-31,LORL,2016-02-29,2016-02-29 09:20:43,Q4,396844000,0.0,396844000,1.0,0.0,1200000.0,0.0,0.0,1200000.0,1200000.0,4000.0,0.0,-16496000,0.5639243632258519,-1200000.0,0.5639243632258519,-500000.0,-1700000.0,0.3437648043059741,-14600000,-1900000.0,0.44489018354819526,-0.06149,-0.06149,30900000,30900000,https://www.sec.gov/Archives/edgar/data/1006269/000114420416084790/0001144204-16-084790-index.htm,https://www.sec.gov/Archives/edgar/data/1006269/000114420416084790/v429664_10k.htm
0,2015-09-30,LORL,2015-11-09,2015-11-09 16:15:54,Q3,187937000,0.0,187937000,1.0,0.0,1700000.0,0.0,0.0,1700000.0,1700000.0,5000.0,0.0,-40495000,2.2366963397308672,-1700000.0,2.2366963397308672,-200000.0,-1800000.0,-0.6377775531162039,-36900000,-3600000.0,-0.5511048915328008,-0.1165,-0.1165,30900000,30900000,https://www.sec.gov/Archives/edgar/data/1006269/000114420415063755/0001144204-15-063755-index.htm,https://www.sec.gov/Archives/edgar/data/1006269/000114420415063755/v421676_10q.htm
0,2015-06-30,LORL,2015-08-07,2015-08-07 16:09:10,Q2,183133000,0.0,183133000,1.0,0.0,2100000.0,0.0,0.0,2100000.0,2100000.0,5000.0,0.0,20105000,-1.1602387335979862,-2100000.0,-1.1602387335979862,-2700000.0,-4800000.0,0.38453473704902996,2300000.0,17800000,0.4856525039179176,0.57419,0.57419,31000000,31000000,https://www.sec.gov/Archives/edgar/data/1006269/000114420415047322/0001144204-15-047322-index.htm,https://www.sec.gov/Archives/edgar/data/1006269/000114420415047322/v413173_10q.htm
0,2015-03-31,LORL,2015-05-08,2015-05-08 16:07:18,Q1,186243000,0.0,186243000,1.0,0.0,1600000.0,0.0,0.0,1600000.0,1600000.0,3000.0,0.0,-78797000,0.544557379337747,-1600000.0,0.544557379337747,-400000.0,-1900000.0,-0.9744205151334547,3800000.0,-82600000,-0.8693910643621505,-2.67314,-2.67314,30900000,30900000,https://www.sec.gov/Archives/edgar/data/1006269/000114420415028790/0001144204-15-028790-index.htm,https://www.sec.gov/Archives/edgar/data/1006269/000114420415013290/v403256_10k.htm
0,2014-12-31,LORL,2015-03-02,2015-03-02 16:16:12,Q4,226971000,0.0,226971000,1.0,0.0,1400000.0,0.0,0.0,1400000.0,1400000.0,5000.0,216496000,-64895000,1.4775323719770368,-1400000.0,0.5236836424036551,-1200000.0,-2500000.0,-0.246930224566134,-33200000,-31700000,-0.17562596102585792,-1.02589,-1.02589,30900000,30900000,https://www.sec.gov/Archives/edgar/data/1006269/000114420415013290/0001144204-15-013290-index.htm,https://www.sec.gov/Archives/edgar/data/1006269/000114420415013290/v403256_10k.htm
0,2014-09-30,LORL,2014-11-05,2014-11-05 16:23:02,Q3,267496000,0.0,267496000,1.0,0.0,1300000.0,0.0,0.0,1300000.0,1300000.0,3000.0,0.0,-27297000,0.5184339205072226,-1300000.0,0.5184339205072226,-500000.0,-1600000.0,-0.1180428866226037,5000000.0,-32300000,-0.07435999042976343,-1.04531,-1.04531,30900000,30900000,https://www.sec.gov/Archives/edgar/data/1006269/000114420414065305/0001144204-14-065305-index.htm,https://www.sec.gov/Archives/edgar/data/1006269/000114420414065305/v393244_10q.htm
0,2014-06-30,LORL,2014-08-06,2014-08-06 16:56:09,Q2,205790000,0.0,205790000,1.0,0.0,1300000.0,0.0,0.0,1300000.0,1300000.0,4000.0,0.0,62504000,0.5260945624179989,-1300000.0,0.5260945624179989,-700000.0,-1900000.0,0.4269546625200447,9500000.0,53000000,0.5144564847660236,1.70968,1.70968,31000000,31000000,https://www.sec.gov/Archives/edgar/data/1006269/000114420414047403/0001144204-14-047403-index.htm,https://www.sec.gov/Archives/edgar/data/1006269/000114420414047403/v385704_10q.htm
0,2014-03-31,LORL,2014-05-12,2014-05-12 16:10:13,Q1,220599000,0.0,220599000,1.0,0.0,1300000.0,0.0,0.0,1300000.0,1300000.0,3000.0,0.0,-4097000.0,0.5518112049465319,-1300000.0,0.5518112049465319,-900000.0,-2000000.0,-0.09856798988209375,10700000,-14800000,-0.0026972017098898906,-0.47896,-0.47896,30900000,30900000,https://www.sec.gov/Archives/edgar/data/1006269/000114420414029546/0001144204-14-029546-index.htm,https://www.sec.gov/Archives/edgar/data/1006269/000114420414012911/v370282_10k.htm
0,2013-12-31,LORL,2014-03-03,2014-03-03 16:13:44,Q4,892000.0,0.0,892000.0,1.0,0.0,5500000.0,0.0,0.0,5500000.0,5500000.0,4000.0,211151000,6704000.0,237.21748878923768,-5500000.0,0.5011210762331838,-100000.0,-5300000.0,0.06614349775784753,4400000.0,2300000.0,0.1109865470852018,0.07419,0.07419,31000000,31000000,https://www.sec.gov/Archives/edgar/data/1006269/000114420414012911/0001144204-14-012911-index.htm,https://www.sec.gov/Archives/edgar/data/1006269/000114420414012911/v370282_10k.htm
0,2013-09-30,LORL,2013-11-12,2013-11-12 10:31:10,Q3,226907000,0.0,226907000,1.0,0.0,3500000.0,0.0,0.0,3500000.0,3500000.0,5000.0,0.0,28005000,0.5209623325855968,-3500000.0,0.5209623325855968,-200000.0,-3400000.0,0.28438523271648736,-7600000.0,35600000,0.36585032634515463,1.14839,1.14839,31000000,31000000,https://www.sec.gov/Archives/edgar/data/1006269/000114420413060308/0001144204-13-060308-index.htm,https://www.sec.gov/Archives/edgar/data/1006269/000114420413060308/v359757_10q.htm
0,2013-06-30,LORL,2013-08-08,2013-08-08 14:32:03,Q2,210038000,0.0,210038000,1.0,0.0,3400000.0,0.0,0.0,3400000.0,3400000.0,5000.0,0.0,-5695000.0,0.48090821660842326,-3400000.0,0.48090821660842326,-300000.0,-3400000.0,-0.12948133194945677,2200000.0,-7900000.0,-0.038302592864148395,-0.25649,-0.25649,30800000,30800000,https://www.sec.gov/Archives/edgar/data/1006269/000114420413043902/0001144204-13-043902-index.htm,https://www.sec.gov/Archives/edgar/data/1006269/000114420413043902/v352142_10q.htm
0,2013-03-31,LORL,2013-05-09,2013-05-09 17:05:24,Q1,217468000,0.0,217468000,1.0,0.0,3700000.0,0.0,0.0,3700000.0,3700000.0,3000.0,0.0,-10697000,0.5056376110508213,-3700000.0,0.5056376110508213,383000.0,-3500000.0,-0.03606047786340979,2800000.0,-13500000,0.0,-0.43831,-0.43831,30800000,30800000,https://www.sec.gov/Archives/edgar/data/1006269/000114420413027481/0001144204-13-027481-index.htm,https://www.sec.gov/Archives/edgar/data/1006269/000114420413012427/v336370_10k.htm
0,2012-12-31,LORL,2013-03-01,2013-03-01 16:32:12,Q4,229912000,0.0,229912000,1.0,0.0,9600000.0,0.0,1362000.0,9600000.0,9600000.0,19000.0,244650000,294419000,1.544856292842479,-9600000.0,0.4807535056891332,3200000.0,-5800000.0,0.10158234454921883,-54200000,348600000,0.394214686301,11.24516,11.24516,31000000,31000000,https://www.sec.gov/Archives/edgar/data/1006269/000114420413012427/0001144204-13-012427-index.htm,https://www.sec.gov/Archives/edgar/data/1006269/000114420413012427/v336370_10k.htm
0,2012-09-30,LORL,2012-11-14,2012-11-14 16:07:25,Q3,220361000,0.0,220361000,1.0,0.0,10300000,0.0,0.0,10300000,10300000,87000.0,100000.0,33487000,0.4748798562359038,-10300000,0.4748798562359038,-2900000.0,-12800000,0.083340518512804,-36600000,69900000,7.33910761155,2.25484,2.25484,31000000,31000000,https://www.sec.gov/Archives/edgar/data/1006269/000119312512470579/0001193125-12-470579-index.htm,https://www.sec.gov/Archives/edgar/data/1006269/000119312512470579/d405751d10q.htm
0,2012-06-30,LORL,2012-08-09,2012-08-09 17:23:12,Q2,109162000,259870000,-150708000,-1.380590315311189,0.0,4300000.0,0.0,360000.0,4300000.0,4300000.0,400000.0,-7900000.0,-18100000,0.100733255835,-4300000.0,0.100733255835,-200000.0,-4100000.0,-0.10672211941884538,-5800000.0,-4800000.0,-0.06978618933328448,-0.15635,-0.15635,30700000,30700000,https://www.sec.gov/Archives/edgar/data/1006269/000119312512347995/0001193125-12-347995-index.htm,https://www.sec.gov/Archives/edgar/data/1006269/000119312512347995/d365377d10q.htm
0,2012-03-31,LORL,2012-05-09,2012-05-09 17:10:19,Q1,286713000,259870000,26843000,0.09362323996470338,0.0,4600000.0,0.0,-360000.0,4600000.0,4600000.0,500000.0,7900000.0,19200000,-0.00785803224827615,-4600000.0,-0.00785803224827615,-400000.0,-4500000.0,0.302721228889,3200000.0,7600000.0,0.315109220795,0.24837,0.24837,30600000,30600000,https://www.sec.gov/Archives/edgar/data/1006269/000119312512222397/0001193125-12-222397-index.htm,https://www.sec.gov/Archives/edgar/data/1006269/000119312512086547/d267078d10k.htm
0,2011-12-31,LORL,2012-02-29,2012-02-28 21:57:41,Q4,306199000,236931000,69268000,0.22621889686119157,0.0,5500000.0,0.0,-2208000.0,5500000.0,5500000.0,400000.0,239647000,121300000,0.663768177717,-5500000.0,0.663768177717,-2200000.0,-7300000.0,0.781384312639,14000000,106900000,0.899931089846,3.27914,3.27914,32600000,32600000,https://www.sec.gov/Archives/edgar/data/1006269/000119312512086547/0001193125-12-086547-index.htm,https://www.sec.gov/Archives/edgar/data/1006269/000119312512086547/d267078d10k.htm
0,2011-09-30,LORL,2011-11-09,2011-11-09 16:56:16,Q3,268845000,226579000,42266000,0.15721326414848705,0.0,4100000.0,0.0,-996000.0,4100000.0,4100000.0,200000.0,0.0,-61800000,0.053454592795104984,-4100000.0,0.053454592795104984,-1000000.0,-4900000.0,0.0639364689691086,15400000,-77400000,0.13313247410217782,-2.52117,-2.52117,30700000,30700000,https://www.sec.gov/Archives/edgar/data/1006269/000095012311097090/0000950123-11-097090-index.htm,https://www.sec.gov/Archives/edgar/data/1006269/000095012311097090/c24154e10vq.htm
0,2011-06-30,LORL,2011-08-09,2011-08-09 16:23:52,Q2,252422000,213684000,38738000,0.15346522886277741,0.0,3700000.0,0.0,-1486000.0,-1500000.0,-1500000.0,400000.0,-7600000.000000001,31600000,0.09303468001996656,1500000.0,0.09303468001996656,-1500000.0,400000.0,0.10341808558683474,9500000.0,29300000,0.11736694899810635,0.94212,0.94212,31100000,31100000,https://www.sec.gov/Archives/edgar/data/1006269/000095012311075108/0000950123-11-075108-index.htm,https://www.sec.gov/Archives/edgar/data/1006269/000095012311075108/c18523e10vq.htm
0,2011-03-31,LORL,2011-05-09,2011-05-09 17:15:55,Q1,279899000,231521000,48378000,0.17284091761671175,0.0,5100000.0,0.0,-1951000.0,600000.0,600000.0,632000.0,7700000.0,78632000,0.09807823536347039,-600000.0,0.09807823536347039,-2000000.0,-600000.0,0.1318761410365882,2500000.0,67800000,0.2422123694618416,2.16613,2.16613,31300000,31300000,https://www.sec.gov/Archives/edgar/data/1006269/000095012311047514/0000950123-11-047514-index.htm,https://www.sec.gov/Archives/edgar/data/1006269/000095012311025650/c14080e10vk.htm
0,2010-12-31,LORL,2011-03-15,2011-03-15 17:31:13,Q4,326700000,276200000,50500000,0.15457606366697277,0.0,16300000,0.0,-2665000.0,11300000.000000011,287500000,1346000.0,-26400000.000000004,58746000,0.179816,39200000,0.119988,-2600000.0,39000000,0.119376,-320900000,404700000,1.238751,12.97115,12.97115,31200000,31200000,https://www.sec.gov/Archives/edgar/data/1006269/000095012311025650/0000950123-11-025650-index.htm,https://www.sec.gov/Archives/edgar/data/1006269/000095012311025650/c14080e10vk.htm
0,2010-09-30,LORL,2010-11-04,2010-11-04 17:31:31,Q3,323400000,263400000,60000000,0.18552875695732837,0.0,20400000,0.0,-1168000.0,20400000.000000034,283800000.00000006,593000.0,9000000.0,91093000,0.281673,39600000,0.122449,-1200000.0,41500000,0.128324,9100000.0,72400000,0.223871,2.32051,2.32051,31200000,31200000,https://www.sec.gov/Archives/edgar/data/1006269/000095012310101061/0000950123-10-101061-index.htm,https://www.sec.gov/Archives/edgar/data/1006269/000095012310101061/c07732e10vq.htm
0,2010-06-30,LORL,2010-08-09,2010-08-09 17:08:43,Q2,280000000,236700000,43300000,0.15464285714285714,0.0,20200000,0.0,1005000.0,20199999.99999999,256900000,581000.0,8900000.000000002,-8618999.999999998,-0.030782,23100000,0.0825,1000000.0,26400000,0.094286,1600000.0,-19700000,-0.070357,-0.65667,-0.65667,30000000,30000000,https://www.sec.gov/Archives/edgar/data/1006269/000136231010000026/0001362310-10-000026-index.htm,https://www.sec.gov/Archives/edgar/data/1006269/000136231010000026/c04362e10vq.htm
0,2010-03-31,LORL,2010-05-10,2010-05-10 16:56:38,Q1,228900000,210400000,18500000,0.08082131935342944,0.0,34800000,0.0,-93000.0,34799999.99999998,245199999.99999997,623000.0,8700000.0,40223000,0.175723,-16300000,-0.07121,-100000.0,-13700000,-0.059851,1500000.0,29400000,0.12844,0.96711,0.96711,30400000,30400000,https://www.sec.gov/Archives/edgar/data/1006269/000095012310047280/0000950123-10-047280-index.htm,https://www.sec.gov/Archives/edgar/data/1006269/000095012310024702/c97441e10vk.htm
0,2009-12-31,LORL,2010-03-15,2010-03-15 16:25:36,Q4,260200000,217100000,43100000,0.16564181398923905,0.0,24600000,0.0,493043000,24599999.999999993,241700000,272814000,10199999.999999996,341314000,1.311737,18500000,0.071099,31859000,20700000,0.079554,-1500000.0,59800000,0.229823,1.9736,1.9736,30300000,30300000,https://www.sec.gov/Archives/edgar/data/1006269/000095012310024702/0000950123-10-024702-index.htm,https://www.sec.gov/Archives/edgar/data/1006269/000095012310024702/c97441e10vk.htm
0,2009-09-30,LORL,2009-11-09,2009-11-09 16:44:24,Q3,249200000,212000000,37200000,0.1492776886035313,0.0,22400000,0.0,-7000.0,22400000.000000007,234400000,707000.0,10300000,120107000,0.48197,14800000,0.05939,0.0,16000000,0.064205,700000.0,108400000,0.434992,3.61333,3.61333,30000000,30000000,https://www.sec.gov/Archives/edgar/data/1006269/000095012309060231/0000950123-09-060231-index.htm,https://www.sec.gov/Archives/edgar/data/1006269/000095012309060231/c92187e10vq.htm
0,2009-06-30,LORL,2009-08-10,2009-08-10 16:48:59,Q2,271400000,254200000,17200000,0.06337509211495947,0.0,24900000,0.0,-12000.0,24900000.000000034,279100000.00000006,-1219000.0,10000000,89481000,0.329702,-7700000.0,-0.028371,0.0,-4600000.0,-0.016949,6400000.0,74300000,0.273766,2.48495,2.48495,29900000,29900000,https://www.sec.gov/Archives/edgar/data/1006269/000095012309032977/0000950123-09-032977-index.htm,https://www.sec.gov/Archives/edgar/data/1006269/000095012309032977/y78696e10vq.htm
0,2009-03-31,LORL,2009-05-11,2009-05-11 17:06:10,Q1,212500000,197200000,15300000,0.072,0.0,20800000,0.0,-87000.0,20800000.00000001,218000000,1266000.0,9300000.0,-234000.0,-0.001101,-5500000.0,-0.025882,-100000.0,-5200000.0,-0.024471,20000.0,-10800000,-0.050824,-0.36364,-0.36364,29700000,29700000,https://www.sec.gov/Archives/edgar/data/1006269/000095012309008555/0000950123-09-008555-index.htm,https://www.sec.gov/Archives/edgar/data/1006269/000095012309004762/y75162e10vk.htm
0,2008-12-31,LORL,2009-03-16,2009-03-16 17:18:14,Q4,230300000,201900000,28400000,0.12331741207121147,0.0,25500000,0.0,227000.0,231100000,433000000,1089000.0,10099999.999999998,-585311000,-2.541515,-202700000,-0.880156,200000.0,-201900000,-0.876683,32900000,-629400000,-2.732957,-30.85294,-30.85294,20400000,20400000,https://www.sec.gov/Archives/edgar/data/1006269/000095012309004762/0000950123-09-004762-index.htm,https://www.sec.gov/Archives/edgar/data/1006269/000095012309004762/y75162e10vk.htm
0,2008-09-30,LORL,2008-11-10,2008-11-10 17:07:14,Q3,212500000,194700000,17800000,0.08376470588235294,0.0,23600000,0.0,-66000000,24600000.000000022,219300000.00000003,523000000,9900000.000000002,488100000,2.296941,-6800000.0,-0.032,-100000.0,-5400000.0,-0.025412,-600000.0,-44200000,-0.208,-2.18812,-2.18812,20200000,20200000,https://www.sec.gov/Archives/edgar/data/1006269/000095012308014937/0000950123-08-014937-index.htm,https://www.sec.gov/Archives/edgar/data/1006269/000095012308014937/y72473e10vq.htm
0,2008-06-30,LORL,2008-08-11,2008-08-11 16:39:45,Q2,208100000,184100000,24000000,0.11532916866890917,0.0,25600000,0.0,-223000000,-35400000.00000001,148700000,305000000,8200000.0,376800000,1.810668,59300000,0.284959,-200000.0,60800000,0.292167,11600000,52000000,0.24988,2.40741,2.40741,21600000,21600000,https://www.sec.gov/Archives/edgar/data/1006269/000095012308009304/0000950123-08-009304-index.htm,https://www.sec.gov/Archives/edgar/data/1006269/000095012308009304/y65128e10vq.htm
0,2008-03-31,LORL,2008-05-19,2008-04-29 17:31:13,Q1,218500000,207000000,11500000,0.05263157894736842,0.0,22300000,0.0,-73000000,22300000.00000001,229300000,351000000,8200000.0,289800000,1.326316,-10800000,-0.049428,-100000.0,-4900000.0,-0.022426,1800000.0,-71200000,-0.325858,-3.52475,-3.52475,20200000,20200000,https://www.sec.gov/Archives/edgar/data/1006269/000095012308005865/0000950123-08-005865-index.htm,https://www.sec.gov/Archives/edgar/data/1006269/000095012308004856/y52600e10vk.htm
0,2007-12-31,LORL,2008-04-29,2008-04-29 17:31:13,Q4,200300000,177200000,23100000,0.11532700948577135,0.0,55900000,0.0,2354000.0,-49000000,128200000,1249000.0,14200000.000000004,43949000,0.219416,72100000,0.35996,-5200000.0,48400000,0.241638,28600000,-100000.0,-0.000499,-0.00498,-0.00498,20100000,20100000,https://www.sec.gov/Archives/edgar/data/1006269/000095012308004856/0000950123-08-004856-index.htm,https://www.sec.gov/Archives/edgar/data/1006269/000095012308004856/y52600e10vk.htm
0,2007-09-30,LORL,2007-11-09,2007-11-09 17:02:08,Q3,235600000,200400000,35200000,0.1494057724957555,0.0,35200000,0.0,-261000000,51299999.99999998,251699999.99999997,-3983000000,22100000,-3911900000,-16.60399,-16100000,-0.068336,3400000.0,58400000,0.247878,23100000,25900000,0.109932,1.18265,1.18265,21900000,21900000,https://www.sec.gov/Archives/edgar/data/1006269/000095012307015259/0000950123-07-015259-index.htm,https://www.sec.gov/Archives/edgar/data/1006269/000095012307015259/y42235e10vq.htm
0,2007-06-30,LORL,2007-08-09,2007-08-09 16:51:48,Q2,226000000,198600000,27400000,0.12123893805309735,0.0,42500000,0.0,261000000,42500000,241100000,2233000000,21500000,2303500000,10.192478,-15100000,-0.066814,200000.0,55000000,0.243363,28400000,20600000,0.09115,0.6732,0.6732,30600000,30600000,https://www.sec.gov/Archives/edgar/data/1006269/000095012307011197/0000950123-07-011197-index.htm,https://www.sec.gov/Archives/edgar/data/1006269/000095012307011197/y38163e10vq.htm
0,2007-03-31,LORL,2007-05-10,2007-05-10 15:46:57,Q1,220500000,199100000,21400000,0.09705215419501134,0.0,33300000,0.0,0.0,33200000.00000002,232300000.00000003,2813000000,19100000,2818700000,12.78322,-11800000,-0.053515,100000.0,-4000000.0,-0.018141,3400000.0,-16800000,-0.07619,-0.84,-0.84,20000000,20000000,https://www.sec.gov/Archives/edgar/data/1006269/000095012307007207/0000950123-07-007207-index.htm,https://www.sec.gov/Archives/edgar/data/1006269/000095012307003927/y31806e10vk.htm
0,2006-12-31,LORL,2007-03-15,2007-03-15 17:25:19,Q4,205700000,150800000,54900000,0.26689353427321344,0.0,35900000,0.0,-8772000.0,35899999.99999998,186699999.99999997,4744000.0,17299999.999999996,34844000,0.169392,19000000,0.092368,-8800000.0,20600000,0.100146,9500000.0,3300000.0,0.016043,0.165,0.165,20000000,20000000,https://www.sec.gov/Archives/edgar/data/1006269/000095012307003927/0000950123-07-003927-index.htm,https://www.sec.gov/Archives/edgar/data/1006269/000095012307003927/y31806e10vk.htm
0,2006-09-30,LORL,2006-11-13,2006-11-13 16:34:19,Q3,226800000,187200000,39600000,0.1746031746031746,0.0,31000000,0.0,68000000,22000000,209200000,8042000000,17900000,8067400000,35.570547,17600000,0.077601,100000.0,16500000,0.072751,6300000.0,1200000.0,0.005291,0.06,0.06,20000000,20000000,https://www.sec.gov/Archives/edgar/data/1006269/000095012306014020/0000950123-06-014020-index.htm,https://www.sec.gov/Archives/edgar/data/1006269/000095012306014020/y27074e10vq.htm
0,2006-06-30,LORL,2006-08-07,2006-08-07 17:21:51,Q2,192900000,161700000,31200000,0.16174183514774496,0.0,31700000,0.0,-88000000,31700000.00000002,193400000.00000003,5495000000,16800000,5502800000,28.526698,-500000.0,-0.002592,-100000.0,-1100000.0,-0.005702,2400000.0,-11400000,-0.059098,-0.57,-0.57,20000000,20000000,https://www.sec.gov/Archives/edgar/data/1006269/000095012306010034/0000950123-06-010034-index.htm,https://www.sec.gov/Archives/edgar/data/1006269/000095012306010034/y23884e10vq.htm
0,2006-03-31,LORL,2006-05-09,2006-05-08 19:14:21,Q1,172000000,149800000,22200000,0.12906976744186047,0.0,28400000,0.0,1014000000,28399999.999999978,178199999.99999997,5168000000,16300000,5171100000,30.064535,-6200000.0,-0.036047,1000000.0,-5800000.0,-0.033721,2600000.0,-15800000,-0.09186,-0.79,-0.79,20000000,20000000,https://www.sec.gov/Archives/edgar/data/1006269/000095012306005899/0000950123-06-005899-index.htm,https://www.sec.gov/Archives/edgar/data/1006269/000095012306003801/y18173e10vk.htm
0,2005-12-31,LORL,2006-03-28,2006-03-28 17:03:22,Q4,197200000,165300000,31900000,0.16176470588235295,0.0,36800000,0.0,-170000.0,36799999.99999998,202099999.99999997,4408000.0,16000000,1095108000,5.553286,-4900000.0,-0.024848,1100900000,1082800000,5.490872,-13700000,1088400000,5.51927,24.68027,24.68027,44100000,44100000,https://www.sec.gov/Archives/edgar/data/1006269/000095012306003801/0000950123-06-003801-index.htm,https://www.sec.gov/Archives/edgar/data/1006269/000095012306003801/y18173e10vk.htm
0,2005-09-30,LORL,2005-11-09,2005-11-09 16:40:05,Q3,160000000,144700000,15300000,0.095625,0.0,23100000,0.0,35000000,41700000.00000002,186400000.00000003,1534000000,17699999.999999996,1527600000,9.5475,-26400000,-0.165,-931000000,-25600000,-0.16,1100000.0,-25200000,-0.1575,-0.57143,-0.57143,44100000,44100000,https://www.sec.gov/Archives/edgar/data/1006269/000095012305013366/0000950123-05-013366-index.htm,https://www.sec.gov/Archives/edgar/data/1006269/000095012305013366/y14403e10vq.htm
0,2005-06-30,LORL,2005-08-08,2005-08-08 17:38:30,Q2,136800000,117500000,19300000,0.14108187134502925,0.0,29000000,0.0,-966000000,36000000,153500000,2448000000,20100000,2462500000,18.000731,-16700000,-0.122076,0.0,-16200000,-0.118421,1800000.0,-7400000.0,-0.054094,-0.1678,-0.1678,44100000,44100000,https://www.sec.gov/Archives/edgar/data/1006269/000095012305009578/0000950123-05-009578-index.htm,https://www.sec.gov/Archives/edgar/data/1006269/000095012305009578/y11521e10vq.htm
0,2005-03-31,LORL,2005-05-09,2005-05-09 17:29:27,Q1,132400000,123400000,9000000.0,0.06797583081570997,0.0,27300000,0.0,0.0,32900000.000000007,156300000,800000.0,23500000,-200000.0,-0.001511,-24000000,-0.181269,-600000.0,-23800000,-0.179758,1700000.0,-26200000,-0.197885,-0.5941,-0.5941,44100000,44100000,https://www.sec.gov/Archives/edgar/data/1006269/000095012305005922/0000950123-05-005922-index.htm,https://www.sec.gov/Archives/edgar/data/1006269/000095012305003066/y064111e10vk.htm
0,2004-12-31,LORL,2005-03-14,2005-03-14 15:11:55,Q4,106100000,126400000,-20300000,-0.19132893496701225,0.0,29300000,0.0,1562000.0,32400000.000000007,158800000,2179000.0,29300000.00000001,-10220999.99999999,-0.096334,-52700000,-0.496701,-600000.0,-50700000,-0.477851,1300000.0,-43000000,-0.405278,-0.97506,-0.97506,44100000,44100000,https://www.sec.gov/Archives/edgar/data/1006269/000095012305003066/0000950123-05-003066-index.htm,https://www.sec.gov/Archives/edgar/data/1006269/000095012305003066/y064111e10vk.htm
0,2004-09-30,LORL,2004-11-09,2004-11-09 13:21:51,Q3,198600000,197100000,1500000.0,0.0075528700906344415,0.0,27200000,0.0,-2075000000,36599999.99999999,233700000,-3065000000,21400000.000000007,-3075200000,-15.484391,-35100000,-0.176737,1900000.0,-31800000,-0.160121,-200000.0,-31400000,-0.158107,-0.71202,-0.71202,44100000,44100000,https://www.sec.gov/Archives/edgar/data/1006269/000095012304013264/0000950123-04-013264-index.htm,https://www.sec.gov/Archives/edgar/data/1006269/000095012304013264/y68295e10vq.htm
0,2004-06-30,LORL,2004-08-05,2004-08-05 17:37:37,Q2,113700000,131800000,-18100000,-0.15919085312225154,0.0,30800000,0.0,0.0,40399999.99999998,172199999.99999997,1846000000,42899999.99999999,1878200000,16.518909,-58500000,-0.514512,-1500000.0,-57900000,-0.509235,12000000,-22700000,-0.199648,-0.51474,-0.51474,44100000,44100000,https://www.sec.gov/Archives/edgar/data/1006269/000095012304009317/0000950123-04-009317-index.htm,https://www.sec.gov/Archives/edgar/data/1006269/000095012304009317/y99710e10vq.htm
0,2004-03-31,LORL,2004-05-10,2004-05-10 16:05:15,Q1,103700000,131900000,-28200000,-0.2719382835101254,0.0,31600000,0.0,0.0,39900000.00000001,171800000,1987000000,41200000,1948800000,18.792671,-68100000,-0.656702,-2000000.0,-67500000,-0.650916,200000.0,-79600000,-0.767599,-1.80499,-1.80499,44100000,44100000,https://www.sec.gov/Archives/edgar/data/1006269/000095012304006061/0000950123-04-006061-index.htm,https://www.sec.gov/Archives/edgar/data/1006269/000095012304003337/y94860e10vk.htm
0,2003-12-31,LORL,2004-03-15,2004-03-15 17:19:08,Q4,112900000,180000000,-67100000,-0.5943312666076174,0.0,35700000,0.0,0.0,52300000.00000001,232300000,16099000,46299999.99999998,-47501000.00000002,-0.420735,-119400000,-1.057573,3000000.0,-112700000,-0.998229,1000000.0,-110900000,-0.982285,-2.51474,-2.51474,44100000,44100000,https://www.sec.gov/Archives/edgar/data/1006269/000095012304003337/0000950123-04-003337-index.htm,https://www.sec.gov/Archives/edgar/data/1006269/000095012304003337/y94860e10vk.htm
0,2003-09-30,LORL,2003-11-14,2003-11-14 16:02:28,Q3,13700000,56800000,-43100000,-3.145985401459854,0.0,39600000,0.0,0.0,48400000.00000001,105200000,9931000.0,28800000.000000004,-89769000,-6.552482,-91400000,-6.671533,1000000.0,-89900000,-6.562044,-600000.0,-127900000,-9.335766,-2.90023,-2.90023,44100000,44100000,https://www.sec.gov/Archives/edgar/data/1006269/000095012303012768/0000950123-03-012768-index.htm,https://www.sec.gov/Archives/edgar/data/1006269/000095012303012768/y91688e10vq.htm
0,2003-06-30,LORL,2003-08-14,2003-08-14 16:31:57,Q2,110000000,200300000,-90300000,-0.8209090909090909,0.0,34700000,0.0,0.0,34699999.99999999,235000000,24816000,29600000,-44384000,-0.403491,-125000000,-1.136364,0.0,-112300000,-1.020909,-3000000.0,-95800000,-0.870909,-2.18223,-2.18223,43900000,43900000,https://www.sec.gov/Archives/edgar/data/1006269/000095013303002934/0000950133-03-002934-index.htm,https://www.sec.gov/Archives/edgar/data/1006269/000095013303002934/y89149e10vq.htm
0,2003-03-31,LORL,2003-05-15,2003-05-15 16:29:40,Q1,155400000,177000000,-21600000,-0.138996138996139,0.0,31500000,0.0,0.0,31500000,208500000,10917000,30000000,-11083000,-0.071319,-53100000,-0.341699,0.0,-53400000,-0.343629,-3800000.0,-48200000,-0.310167,-1.11574,-1.11574,43200000,43200000,https://www.sec.gov/Archives/edgar/data/1006269/000095012303006114/0000950123-03-006114-index.htm,https://www.sec.gov/Archives/edgar/data/1006269/000095012303003715/y84833e10vk.htm
0,2002-12-31,LORL,2003-03-31,2003-03-31 17:31:23,Q4,262900000,322900000,-60000000,-0.2282236591860023,0.0,29600000,0.0,89006000,29600000.000000022,352500000,-46523000,-12299999.999999983,-207222999.99999997,-0.78822,-89600000,-0.340814,0.0,-109400000,-0.416128,353200000,-501600000,-1.90795,-11.88626,-11.88626,42200000,42200000,https://www.sec.gov/Archives/edgar/data/1006269/000095012303003715/0000950123-03-003715-index.htm,https://www.sec.gov/Archives/edgar/data/1006269/000095012303003715/y84833e10vk.htm
0,2002-09-30,LORL,2002-11-14 00:00:00,2002-11-14 16:44:08,Q3,211000000,189700000,21200000,0.100474,0.0,37000000,0.0,0.0,37100000.00000002,226800000.00000003,-18400000,46399999.99999999,-28400000.00000001,-0.134597,-15800000,-0.074882,0.0,-34200000,-0.162085,-7700000.0,-48700000,-0.230806,-1.30214,-1.30214,37400000,37400000,https://www.sec.gov/Archives/edgar/data/1006269/000095012302010949/0000950123-02-010949-index.html,https://www.sec.gov/Archives/edgar/data/1006269/000095012302010949/y65280e10vq.txt
0,2002-06-30,LORL,2002-08-14 00:00:00,2002-08-14 14:04:33,Q2,316400000,265300000,51000000,0.161188,0.0,42400000,0.0,0.0,42399999.99999998,307700000,-13900000,48100000,15600000,0.049305,8700000.0,0.027497,0.0,-5300000.0,-0.016751,4000000.0,-22600000,-0.071429,-0.63128,-0.63128,35800000,35800000,https://www.sec.gov/Archives/edgar/data/1006269/000095012302007992/0000950123-02-007992-index.html,https://www.sec.gov/Archives/edgar/data/1006269/000095012302007992/y63215e10vq.txt
0,2002-03-31,LORL,2002-05-15 00:00:00,2002-05-15 14:24:43,Q1,308200000,252700000,55500000,0.180078,0.0,40700000,0.0,0.0,40800000.00000001,293500000,-13200000,47100000,-857000000,-2.780662,14700000,0.047696,0.0,1500000.0,0.004867,5500000.0,-896400000,-2.908501,-26.59941,-26.59941,33700000,33700000,https://www.sec.gov/Archives/edgar/data/1006269/000095012302005279/0000950123-02-005279-index.html,https://www.sec.gov/Archives/edgar/data/1006269/000095012302005279/y60584e10-q.txt
0,2001-12-31,LORL,2002-03-29 00:00:00,2002-03-29 00:00:00,Q4,272500000,242200000,30400000,0.11156,0.0,39400000,0.0,0.0,39300000.00000001,281500000,-28300000,61700000.00000002,1000000.00000002,0.00367,-9000000.0,-0.033028,0.0,-43200000,-0.158532,-1900000.0,-30500000,-0.111927,-0.90774,-0.90774,33600000,33600000,https://www.sec.gov/Archives/edgar/data/1006269/000095012302003213/0000950123-02-003213-index.html,https://www.sec.gov/Archives/edgar/data/1006269/000095012302003213/y58173e10-k.txt
0,2001-09-30,LORL,2001-11-14 00:00:00,2001-11-14 00:00:00,Q3,261100000,214400000,46700000,0.178859,0.0,53700000,0.0,0.0,53599999.99999999,268000000,-38700000,56399999.99999999,-40400000.00000001,-0.15473,-7000000.0,-0.02681,0.0,-45700000,-0.175029,-5800000.0,-52300000,-0.200306,-1.56587,-1.56587,33400000,33400000,https://www.sec.gov/Archives/edgar/data/1006269/000095012301508413/0000950123-01-508413-index.html,https://www.sec.gov/Archives/edgar/data/1006269/000095012301508413/y54389e10-q.htm
0,2001-06-30,LORL,2001-08-10 00:00:00,2001-08-10 00:00:00,Q2,274900000,212300000,62500000,0.227355,0.0,55700000,0.0,0.0,55800000.00000001,268100000,-40100000,55400000.00000001,-39399999.99999999,-0.143325,6800000.0,0.024736,0.0,-33300000,-0.121135,0.0,-54700000,-0.198981,-1.67278,-1.67278,32700000,32700000,https://www.sec.gov/Archives/edgar/data/1006269/000095012301505254/0000950123-01-505254-index.html,https://www.sec.gov/Archives/edgar/data/1006269/000095012301505254/y52014e10-q.txt
0,2001-03-31,LORL,2001-04-02 00:00:00,2001-04-02 00:00:00,Q1,261100000,202600000,58600000,0.224435,0.0,54700000,0.0,0.0,54599999.99999999,257200000,-42000000,54300000,-48600000,-0.186136,3900000.0,0.014937,0.0,-38100000,-0.145921,-1900000.0,-59000000,-0.225967,-1.97324,-1.97324,29900000,29900000,https://www.sec.gov/Archives/edgar/data/1006269/000095012301002993/0000950123-01-002993-index.html,https://www.sec.gov/Archives/edgar/data/1006269/000095012301002993/y46196e10-k.txt
0,2000-12-31,LORL,2001-04-02 00:00:00,2001-04-02 00:00:00,Q4,289200000,265600000,23600000,0.081604,0.0,82700000,0.0,0.0,82799999.99999996,348399999.99999994,-59400000,55700000.00000002,-1185800000,-4.100277,-59100000,-0.204357,0.0,-67000000,-0.231674,-10100000,-1172000000,-4.052559,-39.32886,-39.32886,29800000,29800000,https://www.sec.gov/Archives/edgar/data/1006269/000095012301002993/0000950123-01-002993-index.html,https://www.sec.gov/Archives/edgar/data/1006269/000095012301002993/y46196e10-k.txt
0,2000-09-30,LORL,2000-11-14 00:00:00,2000-11-14 00:00:00,Q3,292500000,247500000,45100000,0.154188,0.0,56200000,0.0,0.0,56100000.00000002,303600000,-21700000,53300000,-44800000,-0.153162,-11100000,-0.037949,0.0,-1500000.0,-0.005128,4300000.0,-80700000,-0.275897,-2.71717,-2.71717,29700000,29700000,https://www.sec.gov/Archives/edgar/data/1006269/000095012300010590/0000950123-00-010590-index.html,https://www.sec.gov/Archives/edgar/data/1006269/000095012300010590/y42356e10-q.txt
0,2000-06-30,LORL,2000-08-11 00:00:00,2000-08-11 00:00:00,Q2,324300000,274300000,50000000,0.154178,0.0,59800000,0.0,0.0,59800000.00000001,334100000,-11100000,54199999.99999999,-45900000.00000001,-0.141536,-9900000.0,-0.030527,0.0,16600000,0.051187,4900000.0,-93900000,-0.289547,-3.1723,-3.1723,29600000,29600000,https://www.sec.gov/Archives/edgar/data/1006269/000095012300007460/0000950123-00-007460-index.html,https://www.sec.gov/Archives/edgar/data/1006269/000095012300007460/e10-q.txt
0,2000-03-31,LORL,2000-05-15 00:00:00,2000-05-15 00:00:00,Q1,318100000,269800000,48300000,0.151839,0.0,54300000,0.0,0.0,54300000.00000001,324100000,-14100000,53100000,-73700000,-0.231688,-6000000.0,-0.018862,0.0,-4900000.0,-0.015404,10300000,-123000000,-0.386671,-4.19795,-4.19795,29300000,29300000,https://www.sec.gov/Archives/edgar/data/1006269/000095012300005096/0000950123-00-005096-index.html,https://www.sec.gov/Archives/edgar/data/1006269/0000950123-00-005096.txt
0,1999-12-31,LORL,2000-03-30 00:00:00,2000-03-30 00:00:00,Q4,426200000,410300000,15900000,0.037306,0.0,70500000,0.0,0.0,70500000,480800000,-22100000,51100000.00000001,-88499999.99999999,-0.207649,-54600000,-0.128109,0.0,-46500000,-0.109104,-4600000.0,-112900000,-0.264899,-3.87973,-3.87973,29100000,29100000,https://www.sec.gov/Archives/edgar/data/1006269/000095012300003001/0000950123-00-003001-index.html,https://www.sec.gov/Archives/edgar/data/1006269/0000950123-00-003001.txt
0,1999-09-30,LORL,1999-11-15 00:00:00,1999-11-15 00:00:00,Q3,347200000,302900000,44300000,0.127592,0.0,52900000,0.0,0.0,52800000.00000001,355700000,-25400000,44500000,-21100000,-0.060772,-8600000.0,-0.02477,0.0,-8300000.0,-0.023906,-27700000,-12500000,-0.036002,-0.43103,-0.43103,29000000,29000000,https://www.sec.gov/Archives/edgar/data/1006269/000095012399010256/0000950123-99-010256-index.html,https://www.sec.gov/Archives/edgar/data/1006269/0000950123-99-010256.txt
0,1999-06-30,LORL,1999-08-16 00:00:00,1999-08-16 00:00:00,Q2,378400000,323500000,54900000,0.145085,0.0,52900000,0.0,0.0,52899999.99999998,376400000,-24000000,41500000,-23200000,-0.061311,2100000.0,0.00555,0.0,-3100000.0,-0.008192,-2600000.0,-38100000,-0.100687,-1.31379,-1.31379,29000000,29000000,https://www.sec.gov/Archives/edgar/data/1006269/000095012399007703/0000950123-99-007703-index.html,https://www.sec.gov/Archives/edgar/data/1006269/0000950123-99-007703.txt
0,1999-03-31,LORL,1999-05-17 00:00:00,1999-05-17 00:00:00,Q1,305900000,260300000,45700000,0.149395,0.0,46800000,0.0,0.0,46800000.00000001,307100000,-3000000.0,37800000,-1300000.0,-0.00425,-1200000.0,-0.003923,0.0,-4200000.0,-0.01373,2400000.0,-38500000,-0.125858,-1.32759,-1.32759,29000000,29000000,https://www.sec.gov/Archives/edgar/data/1006269/000095012399004810/0000950123-99-004810-index.html,https://www.sec.gov/Archives/edgar/data/1006269/0000950123-99-004810.txt
0,1998-12-31,LORL,1999-03-31 00:00:00,1999-03-31 00:00:00,Q4,468600000,396800000,71900000,0.153436,0.0,60900000,0.0,0.0,60800000.00000001,457600000,-13100000,39700000,-20400000,-0.043534,11000000,0.023474,0.0,-18300000,-0.039052,6700000.0,-53700000,-0.114597,-1.85813,-1.85813,28900000,28900000,https://www.sec.gov/Archives/edgar/data/1006269/000095012399002897/0000950123-99-002897-index.html,https://www.sec.gov/Archives/edgar/data/1006269/0000950123-99-002897.txt
0,1998-09-30,LORL,1998-11-16 00:00:00,1998-11-16 00:00:00,Q3,289600000,250400000,39200000,0.135359,0.0,58700000,0.0,0.0,58700000.00000002,309100000,-14800000,39400000,10000000,0.03453,-19500000,-0.067334,0.0,16100000,0.055594,-3900000.0,-10700000,-0.036948,-0.37024,-0.37024,28900000,28900000,https://www.sec.gov/Archives/edgar/data/1006269/000095012398009997/0000950123-98-009997-index.html,https://www.sec.gov/Archives/edgar/data/1006269/0000950123-98-009997.txt
0,1998-06-30,LORL,1998-08-14 00:00:00,1998-08-14 00:00:00,Q2,248300000,223300000,25000000,0.100685,0.0,51200000,0.0,0.0,51199999.99999999,274500000,-21600000,38500000,-51800000,-0.208619,-26300000,-0.10592,0.0,-31300000,-0.126057,-9700000.0,-59000000,-0.237616,-2.21805,-2.21805,26600000,26600000,https://www.sec.gov/Archives/edgar/data/1006269/000095012398007660/0000950123-98-007660-index.html,https://www.sec.gov/Archives/edgar/data/1006269/0000950123-98-007660.txt
0,1998-03-31,LORL,1998-05-15 00:00:00,1998-05-15 00:00:00,Q1,295200000,259400000,35800000,0.121274,0.0,34800000,0.0,0.0,34800000.00000001,294200000,-1700000.0,17400000,3400000.0,0.011518,1000000.0,0.003388,0.0,7900000.0,0.026762,3100000.0,-15400000,-0.052168,-0.61847,-0.61847,24900000,24900000,https://www.sec.gov/Archives/edgar/data/1006269/000095012398005179/0000950123-98-005179-index.html,https://www.sec.gov/Archives/edgar/data/1006269/0000950123-98-005179.txt
0,1997-12-31,LORL,1998-03-31 00:00:00,1998-03-31 00:00:00,Q4,310000000,0.0,0.0,0.0,0.0,127100000,0.0,178500000,305600000,305600000,-4500000.0,20099999.999999993,87600000,0.282581,4400000.0,0.014194,0.0,94700000,0.305484,17300000,54700000,0.176452,2.16206,2.16206,25300000,25300000,https://www.sec.gov/Archives/edgar/data/1006269/000095012398003250/0000950123-98-003250-index.html,https://www.sec.gov/Archives/edgar/data/1006269/0000950123-98-003250.txt
0,1997-09-30,LORL,1997-11-14 00:00:00,1997-11-14 00:00:00,Q3,371100000,0.0,0.0,0.0,0.0,0.0,0.0,368800000,368800000,368800000,-700000.0,18600000,18500000,0.049852,2300000.0,0.006198,0.0,9700000.0,0.026139,4600000.0,-4000000.0,-0.010779,-0.1626,-0.1626,24600000,24600000,https://www.sec.gov/Archives/edgar/data/1006269/000095012397009673/0000950123-97-009673-index.html,https://www.sec.gov/Archives/edgar/data/1006269/0000950123-97-009673.txt
0,1997-06-30,LORL,1997-08-14 00:00:00,1997-08-14 00:00:00,Q2,291100000,0.0,0.0,0.0,0.0,0.0,0.0,293700000,293700000,293700000,-5400000.0,14500000.000000002,2400000.000000002,0.008245,-2500000.0,-0.008588,0.0,3100000.0,0.010649,3600000.0,-10300000,-0.035383,-0.43277,-0.43277,23800000,23800000,https://www.sec.gov/Archives/edgar/data/1006269/000095012397006952/0000950123-97-006952-index.html,https://www.sec.gov/Archives/edgar/data/1006269/0000950123-97-006952.txt
0,1997-03-31,LORL,1997-05-15 00:00:00,1997-05-15 00:00:00,Q1,340400000,0.0,0.0,0.0,0.0,0.0,0.0,331000000,331000000,331000000,-10000000,9600000.0,8500000.0,0.024971,9300000.0,0.027321,0.0,19500000,0.057286,9300000.0,-400000.0,-0.001175,-0.01688,-0.01688,23700000,23700000,https://www.sec.gov/Archives/edgar/data/1006269/000095012397004436/0000950123-97-004436-index.html,https://www.sec.gov/Archives/edgar/data/1006269/0000950123-97-004436.txt
0,1996-12-31,LORL,1997-03-31 00:00:00,1997-03-31 00:00:00,Q4,1700000.0,0.0,0.0,0.0,0.0,0.0,0.0,6200000.0,6200000.0,6200000.0,-6000000.0,500000.0000000001,400000.0000000001,0.235294,-4500000.0,-2.647059,0.0,6100000.0,3.588235,1300000.0,4600000.0,2.705882,0.19409,0.19409,23700000,23700000,https://www.sec.gov/Archives/edgar/data/1006269/000095012397002853/0000950123-97-002853-index.html,https://www.sec.gov/Archives/edgar/data/1006269/0000950123-97-002853.txt
0,1996-09-30,LORL,1996-10-31 00:00:00,1996-10-31 00:00:00,Q3,1800000.0,0.0,0.0,0.0,0.0,0.0,0.0,7400000.0,7400000.0,7400000.0,0.0,99999.99999999999,4000000.0,2.222222,-5600000.0,-3.111111,0.0,4400000.0,2.444444,900000.0,3000000.0,1.666667,0.12821,0.12821,23400000,23400000,https://www.sec.gov/Archives/edgar/data/1006269/000095012396006108/0000950123-96-006108-index.html,https://www.sec.gov/Archives/edgar/data/1006269/0000950123-96-006108.txt
