,date,symbol,fillingDate,acceptedDate,period,revenue,costOfRevenue,grossProfit,grossProfitRatio,researchAndDevelopmentExpenses,generalAndAdministrativeExpenses,sellingAndMarketingExpenses,otherExpenses,operatingExpenses,costAndExpenses,interestExpense,depreciationAndAmortization,ebitda,ebitdaratio,operatingIncome,operatingIncomeRatio,totalOtherIncomeExpensesNet,incomeBeforeTax,incomeBeforeTaxRatio,incomeTaxExpense,netIncome,netIncomeRatio,eps,epsdiluted,weightedAverageShsOut,weightedAverageShsOutDil,link,finalLink
0,2020-09-30,FICO,2020-11-12,2020-11-10 17:45:30,Q4,980831000,272573000,708258000,0.7220999336277095,125088000,321098000,0.0,321547000,767733000,1040306000,30954000,6818000.0,219916000,0.2242139573484117,213098000,0.2172627088662573,-1352000.0,180792000,0.18432533229475823,8457000.0,172335000,0.1757030517999533,5.793941635287789,5.793941635287789,29744000,29744000,https://www.sec.gov/Archives/edgar/data/814547/000081454720000012/0000814547-20-000012-index.htm,https://www.sec.gov/Archives/edgar/data/814547/000081454720000012/fico10-k2020.htm
0,2020-06-30,FICO,2020-07-29,2020-07-29 17:26:32,Q3,313731000,88569000,225162000,0.717691270547061,41411000,99832000,0.0,274616000,142291000,230860000,11223000,8014000.0,95445000,0.304226,82871000,0.264147,4560000.0,76208000,0.242909,12132000,64076000,0.204239,2.15425,2.15425,29744000,29744000,https://www.sec.gov/Archives/edgar/data/814547/000081454720000009/0000814547-20-000009-index.htm,https://www.sec.gov/Archives/edgar/data/814547/000081454720000009/fico10-qq32020.htm
0,2020-03-31,FICO,2020-04-29 00:00:00,2020-04-29 16:50:00,Q2,307971000,88139000,219832000,0.713807,39439000,103465000,0.0,89341000,144106000,232245000,11254000,7679000.0,81397000,0.264301,75726000,0.245887,-2008000.0,62464000,0.202824,4176000.0,58288000,0.189265,1.94391,1.94391,29985000,29985000,https://www.sec.gov/Archives/edgar/data/814547/000081454720000006/0000814547-20-000006-index.html,https://www.sec.gov/Archives/edgar/data/814547/000081454720000006/fico10-qq22020.htm
0,2019-12-31,FICO,2020-01-30 00:00:00,2020-01-30 16:25:10,Q1,298504000,90758000,207746000,0.695957,38943000,112021000,0.0,95658000,155864000.00000003,246622000.00000003,9768000.0,7856000.0,59519000,0.199391,51882000,0.173807,-1364000.0,41895000,0.14035,-13026000,54921000,0.183987,1.82044,1.82044,30169000,30169000,https://www.sec.gov/Archives/edgar/data/814547/000081454720000003/0000814547-20-000003-index.html,https://www.sec.gov/Archives/edgar/data/814547/000081454720000003/fico10-qq12020.htm
0,2019-09-30,FICO,2019-11-08 00:00:00,2019-11-08 15:20:24,Q4,305344000,87996000,217348000,0.711814,39396000,105992000,0.0,89669000,147060999.99999997,235056999.99999997,9957000.0,7877999.999999997,78723000,0.257817,70287000,0.23019,558000.0,60888000,0.199408,6304000.0,54584000,0.178762,1.80199,1.80199,30291000,30291000,https://www.sec.gov/Archives/edgar/data/814547/000081454719000016/0000814547-19-000016-index.html,https://www.sec.gov/Archives/edgar/data/814547/000081454719000016/fico10-k2019.htm
0,2019-06-30,FICO,2019-07-31 00:00:00,2019-07-31 16:32:37,Q3,314249000,87215000,227034000,0.722465,36972000,102906000,0.0,88663000,141326000,228541000,10111000,7948000.000000002,96113000,0.30585,85708000,0.272739,3385000.0,78054000,0.248383,13902000,64152000,0.204144,2.11779,2.11779,30292000,30292000,https://www.sec.gov/Archives/edgar/data/814547/000081454719000012/0000814547-19-000012-index.html,https://www.sec.gov/Archives/edgar/data/814547/000081454719000012/fico10-qq32019.htm
0,2019-03-31,FICO,2019-04-30 00:00:00,2019-04-30 16:31:38,Q2,278234000,85568000,192666000,0.69246,37684000,104930000,0.0,87071000,144117000.00000003,229685000.00000003,10008000,7819000.0,57801000,0.207742,48549000,0.17449,713000.0,39974000,0.14367,6593000.0,33381000,0.119975,1.10318,1.10318,30259000,30259000,https://www.sec.gov/Archives/edgar/data/814547/000081454719000008/0000814547-19-000008-index.html,https://www.sec.gov/Archives/edgar/data/814547/000081454719000008/fico10-qq22019.htm
0,2018-12-31,FICO,2019-01-30 00:00:00,2019-01-30 16:35:47,Q1,262256000,76066000,186190000,0.709955,35426000,100258000,0.0,77568000,137186000,213252000,9676000.0,7967000.0,54799000,0.208952,49004000,0.186856,-1768000.0,37156000,0.141678,-2851000.0,40007000,0.152549,1.3188,1.3188,30336000,30336000,https://www.sec.gov/Archives/edgar/data/814547/000081454719000003/0000814547-19-000003-index.html,https://www.sec.gov/Archives/edgar/data/814547/000081454719000003/fico10-qq12019.htm
0,2018-09-30,FICO,2018-11-09 00:00:00,2018-11-09 15:45:21,Q4,256500000,80000000,176600000,0.688499,34400000,93100000,0.0,80982000,129000000,209000000,9512000.0,7899999.999999999,49712000,0.193809,47600000,0.185575,10900000,49000000,0.191033,-400000.0,32700000,0.127485,1.06515,1.06515,30700000,30700000,https://www.sec.gov/Archives/edgar/data/814547/000081454718000010/0000814547-18-000010-index.html,https://www.sec.gov/Archives/edgar/data/814547/000081454718000010/fico10-k2018.htm
0,2018-06-30,FICO,2018-07-26 00:00:00,2018-07-26 16:28:38,Q3,255000000,79000000,176000000,0.690196,32500000,97400000,0.0,79961000,131500000,210500000,8223000.0,7200000.000000001,53323000,0.20911,44500000,0.17451,2500000.0,37900000,0.148627,8200000.0,29700000,0.116471,0.95192,0.95192,31200000,31200000,https://www.sec.gov/Archives/edgar/data/814547/000081454718000006/0000814547-18-000006-index.html,https://www.sec.gov/Archives/edgar/data/814547/000081454718000006/fico10-qq32018.htm
0,2018-03-31,FICO,2018-04-26 00:00:00,2018-04-26 16:33:55,Q2,256300000,79500000,176800000,0.689817,32500000,96100000,0.0,80203000,130300000,209800000,7116000.0,7399999.999999999,53716000,0.209583,46400000,0.181038,-900000.0,39200000,0.152946,8000000.0,31200000,0.121732,1.04,1.04,30000000,30000000,https://www.sec.gov/Archives/edgar/data/814547/000081454718000004/0000814547-18-000004-index.html,https://www.sec.gov/Archives/edgar/data/814547/000081454718000004/fico10-qq22018.htm
0,2017-12-31,FICO,2018-01-25 00:00:00,2018-01-25 16:27:44,Q1,232400000,74400000,157900000,0.679432,29000000,90300000,0.0,76147000,121100000,195500000,6460000.0,7700000.0,45060000,0.19389,36800000,0.158348,300000.0,30900000,0.13296,-2000000.0,32900000,0.141566,1.04114,1.04114,31600000,31600000,https://www.sec.gov/Archives/edgar/data/814547/000162828018000591/0001628280-18-000591-index.html,https://www.sec.gov/Archives/edgar/data/814547/000162828018000591/fico10-qq12018.htm
0,2017-09-30,FICO,2017-11-09 00:00:00,2017-11-09 15:34:39,Q4,253200000,75200000,178000000,0.703002,30200000,84300000,0.0,77914000,117200000,192400000,6387000.0,8800000.000000004,69387000,0.27404,60800000,0.240126,-200000.0,54200000,0.21406,14200000,40000000,0.157978,1.25,1.25,32000000,32000000,https://www.sec.gov/Archives/edgar/data/814547/000081454717000014/0000814547-17-000014-index.html,https://www.sec.gov/Archives/edgar/data/814547/000081454717000014/fico10-k2017.htm
0,2017-06-30,FICO,2017-07-31 00:00:00,2017-07-31 16:25:04,Q3,231000000,69800000,161200000,0.697835,27800000,84100000,0.0,77629000,119800000,189600000,6653000.0,9200000.0,51153000,0.221442,41400000,0.179221,600000.0,35300000,0.152814,10100000,25200000,0.109091,0.78261,0.78261,32200000,32200000,https://www.sec.gov/Archives/edgar/data/814547/000081454717000011/0000814547-17-000011-index.html,https://www.sec.gov/Archives/edgar/data/814547/000081454717000011/fico10-qq32017.htm
0,2017-03-31,FICO,2017-04-27 00:00:00,2017-04-27 16:34:23,Q2,228400000,72100000,156200000,0.683888,26700000,86200000,0.0,75443000,116200000.00000001,188300000.00000003,6578000.0,9100000.0,48878000,0.214002,40000000,0.175131,-300000.0,33100000,0.144921,8100000.0,25100000,0.109895,0.77709,0.77709,32300000,32300000,https://www.sec.gov/Archives/edgar/data/814547/000081454717000008/0000814547-17-000008-index.html,https://www.sec.gov/Archives/edgar/data/814547/000081454717000008/fico10-qq22017.htm
0,2016-12-31,FICO,2017-01-31 00:00:00,2017-01-31 16:44:05,Q1,219600000,70000000,149600000,0.681239,26100000,85200000,0.0,73317000,114699999.99999999,184700000,6172000.0,9100000.0,43972000,0.200237,34900000,0.158925,-100000.0,28700000,0.130692,-9200000.0,37900000,0.172587,1.16615,1.16615,32500000,32500000,https://www.sec.gov/Archives/edgar/data/814547/000081454717000005/0000814547-17-000005-index.html,https://www.sec.gov/Archives/edgar/data/814547/000081454717000005/fico10-qq12017.htm
0,2016-09-30,FICO,2016-11-10 00:00:00,2016-11-10 15:27:57,Q4,235800000,74300000,161500000,0.684902,27800000,85400000,0.0,77707000,116600000.00000001,190900000,6313000.0,8500000.0,53213000,0.22567,44900000,0.190416,-200000.0,38400000,0.16285,6300000.0,32100000,0.136132,0.99689,0.99689,32200000,32200000,https://www.sec.gov/Archives/edgar/data/814547/000081454716000035/0000814547-16-000035-index.html,https://www.sec.gov/Archives/edgar/data/814547/000081454716000035/fico10-k2016.htm
0,2016-06-30,FICO,2016-07-28 00:00:00,2016-07-28 16:25:48,Q3,238800000,66400000,172400000,0.721943,26400000,87200000,0.0,69870000,117100000,183500000,6781000.0,7900000.000000002,64981000,0.272115,55300000,0.231575,1800000.0,50300000,0.210637,15300000,35000000,0.146566,1.08359,1.08359,32300000,32300000,https://www.sec.gov/Archives/edgar/data/814547/000081454716000031/0000814547-16-000031-index.html,https://www.sec.gov/Archives/edgar/data/814547/000081454716000031/fico10-qq32016.htm
0,2016-03-31,FICO,2016-05-04 00:00:00,2016-05-04 16:39:41,Q2,206700000,62300000,144400000,0.698597,24800000,77500000,0.0,65805000,105899999.99999999,168200000,6815000.0,7799999.999999999,46715000,0.226004,38500000,0.18626,400000.0,32100000,0.155298,9000000.0,23100000,0.111756,0.71517,0.71517,32300000,32300000,https://www.sec.gov/Archives/edgar/data/814547/000081454716000027/0000814547-16-000027-index.html,https://www.sec.gov/Archives/edgar/data/814547/000081454716000027/fico10-qq22016.htm
0,2015-12-31,FICO,2016-01-28 00:00:00,2016-01-28 17:00:20,Q1,200100000,62200000,137900000,0.689155,24600000,78800000,0.0,65773000,106999999.99999999,169200000,6724000.0,7400000.0,37824000,0.189025,30800000,0.153923,-300000.0,23800000,0.118941,4500000.0,19200000,0.095952,0.59259,0.59259,32400000,32400000,https://www.sec.gov/Archives/edgar/data/814547/000081454716000023/0000814547-16-000023-index.html,https://www.sec.gov/Archives/edgar/data/814547/000081454716000023/fico10-qq12016.htm
0,2015-09-30,FICO,2015-11-10 00:00:00,2015-11-10 15:09:45,Q4,232800000,67000000,165700000,0.71177,26200000,78700000,0.0,86655000,124600000,191600000,6867000.0,7799999.999999997,49067000,0.210769,41200000,0.176976,100000.0,34400000,0.147766,1100000.0,33300000,0.143041,1.02462,1.02462,32500000,32500000,https://www.sec.gov/Archives/edgar/data/814547/000081454715000019/0000814547-15-000019-index.html,https://www.sec.gov/Archives/edgar/data/814547/000081454715000019/fico10-k2015.htm
0,2015-06-30,FICO,2015-07-30 00:00:00,2015-07-30 12:32:14,Q3,209400000,66200000,143200000,0.683859,25600000,74600000,0.0,72057000,106100000.00000001,172300000,7360000.0,9100000.000000002,46960000,0.22426,37100000,0.177173,800000.0,30500000,0.145654,10600000,19900000,0.095033,0.6142,0.6142,32400000,32400000,https://www.sec.gov/Archives/edgar/data/814547/000081454715000014/0000814547-15-000014-index.html,https://www.sec.gov/Archives/edgar/data/814547/000081454715000014/fico10-qq32015.htm
0,2015-03-31,FICO,2015-04-27 00:00:00,2015-04-27 14:01:31,Q2,207100000,71000000,136100000,0.65717,24300000,73900000,0.0,74506000,101699999.99999999,172700000,7718000.0,8900000.0,42718000,0.206268,34400000,0.166103,-600000.0,26000000,0.125543,7200000.0,18900000,0.09126,0.58333,0.58333,32400000,32400000,https://www.sec.gov/Archives/edgar/data/814547/000081454715000010/0000814547-15-000010-index.html,https://www.sec.gov/Archives/edgar/data/814547/000081454715000010/fico10-qq22015.htm
0,2014-12-31,FICO,2015-01-29,2015-01-29 16:08:57,Q1,189600000,66300000,123300000,0.650316,22600000,72800000,0.0,69232000,98399999.99999999,164700000,7205000.0,8100000.0,33605000,0.177242,24900000,0.131329,600000.0,18300000,0.096519,3900000.0,14400000,0.075949,0.43505,0.43505,33100000,33100000,https://www.sec.gov/Archives/edgar/data/814547/000081454714000011/fico10-k2014.htm,https://www.sec.gov/Archives/edgar/data/814547/000081454714000011/fico10-k2014.htm
0,2014-09-30,FICO,2014-11-10 00:00:00,2014-11-10 16:08:06,Q4,221600000,71000000,150500000,0.679152,22400000,73700000,0.0,74004000,99100000,170100000,7245000.0,8400000.000000002,60045000,0.270961,51400000,0.231949,-7100000.0,44400000,0.200361,7800000.0,36600000,0.165162,1.10241,1.10241,33200000,33200000,https://www.sec.gov/Archives/edgar/data/814547/000081454714000011/0000814547-14-000011-index.html,https://www.sec.gov/Archives/edgar/data/814547/000081454714000011/fico10-k2014.htm
0,2014-06-30,FICO,2014-07-28 00:00:00,2014-07-28 12:25:34,Q3,197600000,62800000,134900000,0.682692,23200000,71600000,0.0,66392000,98399999.99999999,161200000,7064000.0,8200000.0,45564000,0.230587,36400000,0.184211,900000.0,30300000,0.15334,9800000.0,20500000,0.103745,0.58239,0.58239,35200000,35200000,https://www.sec.gov/Archives/edgar/data/814547/000081454714000006/0000814547-14-000006-index.html,https://www.sec.gov/Archives/edgar/data/814547/000081454714000006/fico10-qq32014.htm
0,2014-03-31,FICO,2014-04-28 00:00:00,2014-04-28 13:04:15,Q2,185500000,58200000,127300000,0.686253,19700000,65900000,0.0,61091000,88499999.99999999,146700000,7109000.0,7800000.000000001,46209000,0.249105,38700000,0.208625,-400000.0,31300000,0.168733,10500000,20800000,0.112129,0.58924,0.58924,35300000,35300000,https://www.sec.gov/Archives/edgar/data/814547/000119312514162153/0001193125-14-162153-index.html,https://www.sec.gov/Archives/edgar/data/814547/000119312514162153/d699139d10q.htm
0,2013-12-31,FICO,2014-01-28,2014-01-28 14:23:59,Q1,184300000,57300000,127000000,0.689094,18100000,67000000,0.0,63992000,91800000,149100000,7132000.0,8200000.0,42532000,0.230776,35300000,0.191536,-1000000.0,27200000,0.147585,10200000,17000000,0.092241,0.47486,0.47486,35800000,35800000,https://www.sec.gov/Archives/edgar/data/814547/000119312513438562/d591009d10k.htm,https://www.sec.gov/Archives/edgar/data/814547/000119312513438562/d591009d10k.htm
0,2013-09-30,FICO,2013-11-12 00:00:00,2013-11-12 17:27:36,Q4,190300000,56800000,133500000,0.701524,17800000,62400000,0.0,59891000,83300000,140100000,7114000.0,8000000.000000004,58114000.00000001,0.305381,50200000,0.263794,-100000.0,42900000,0.225434,14400000,28600000,0.150289,0.79224,0.79224,36100000,36100000,https://www.sec.gov/Archives/edgar/data/814547/000119312513438562/0001193125-13-438562-index.html,https://www.sec.gov/Archives/edgar/data/814547/000119312513438562/d591009d10k.htm
0,2013-06-30,FICO,2013-07-30 00:00:00,2013-07-30 16:12:22,Q3,183800000,57700000,126100000,0.686072,18600000,68700000,0.0,61329000,90899999.99999999,148600000,7432000.0,8800000.0,44832000,0.243917,35200000,0.191513,800000.0,28600000,0.155604,9000000.0,19600000,0.106638,0.53846,0.53846,36400000,36400000,https://www.sec.gov/Archives/edgar/data/814547/000119312513310195/0001193125-13-310195-index.html,https://www.sec.gov/Archives/edgar/data/814547/000119312513310195/d548974d10q.htm
0,2013-03-31,FICO,2013-04-29 00:00:00,2013-04-29 12:26:40,Q2,179300000,58900000,120500000,0.672058,16000000,67600000,0.0,62460000,87199999.99999999,146100000,7855000.0,8399999.999999998,41655000,0.23232,33200000,0.185165,0.0,25400000,0.141662,6900000.0,18500000,0.103179,0.50685,0.50685,36500000,36500000,https://www.sec.gov/Archives/edgar/data/814547/000119312513180832/0001193125-13-180832-index.html,https://www.sec.gov/Archives/edgar/data/814547/000119312513180832/d500480d10q.htm
0,2012-12-31,FICO,2013-01-30 00:00:00,2013-01-30 16:08:25,Q1,190000000,56100000,133900000,0.704737,14600000,69700000,0.0,62809000,90900000,147000000,7880000.0,8000000.0,50880000,0.267789,43000000,0.226316,-100000.0,35000000,0.184211,11600000,23400000,0.123158,0.64641,0.64641,36200000,36200000,https://www.sec.gov/Archives/edgar/data/814547/000119312513029957/0001193125-13-029957-index.html,https://www.sec.gov/Archives/edgar/data/814547/000119312513029957/d453682d10q.htm
0,2012-09-30,FICO,2012-11-16 00:00:00,2012-11-16 10:32:42,Q4,186100000,55300000,130700000,0.702311,17600000,65000000,0.0,62511000,89899999.99999999,145200000,7856000.0,6900000.0,47356000,0.254465,40900000,0.219774,-400000.0,32700000,0.175712,11400000,21200000,0.113917,0.59718,0.59718,35500000,35500000,https://www.sec.gov/Archives/edgar/data/814547/000119312512473516/0001193125-12-473516-index.html,https://www.sec.gov/Archives/edgar/data/814547/000119312512473516/d411764d10k.htm
0,2012-06-30,FICO,2012-07-30 00:00:00,2012-07-30 11:26:48,Q3,160500000,47800000,112600000,0.701558,14900000,59100000,0.0,49297000,75500000,123300000,7907000.0,4600000.0,42707000,0.266087,37200000,0.231776,900000.0,30300000,0.188785,9500000.0,20700000,0.128972,0.5864,0.5864,35300000,35300000,https://www.sec.gov/Archives/edgar/data/814547/000119312512321641/0001193125-12-321641-index.html,https://www.sec.gov/Archives/edgar/data/814547/000119312512321641/d356883d10q.htm
0,2012-03-31,FICO,2012-04-30,2012-04-30 15:19:06,Q2,159500000,48800000,110700000,0.694044,14000000,57000000,0.0,50304000,72500000,121300000,7984000.0,4500000.0,42184000,0.264476,38200000,0.239498,-600000.0,29700000,0.186207,9700000.0,20000000,0.125392,0.54645,0.54645,36600000,36600000,https://www.sec.gov/Archives/edgar/data/814547/000119312512195607/d338746d10q.htm,https://www.sec.gov/Archives/edgar/data/814547/000119312512195607/d338746d10q.htm
0,2011-12-31,FICO,2012-02-02 00:00:00,2012-02-02 08:47:45,Q1,170300000,46000000,124400000,0.730476,13000000,57300000,0.0,47904000,72300000,118300000,7987000.0,5500000.0,57087000,0.335214,52100000,0.305931,-500000.0,43600000,0.256019,13600000,30000000,0.17616,0.81301,0.81301,36900000,36900000,https://www.sec.gov/Archives/edgar/data/814547/000119312512035674/0001193125-12-035674-index.html,https://www.sec.gov/Archives/edgar/data/814547/000119312512035674/d272770d10q.htm
0,2011-09-30,FICO,2011-11-18 00:00:00,2011-11-18 16:38:25,Q4,160200000,48800000,111500000,0.696005,13600000,54900000,0.0,50700000,70300000,119100000,7963000.0,5599999.999999998,46563000,0.290655,41100000,0.256554,-200000.0,33100000,0.206617,8400000.0,24600000,0.153558,0.63566,0.63566,38700000,38700000,https://www.sec.gov/Archives/edgar/data/814547/000119312511317245/0001193125-11-317245-index.html,https://www.sec.gov/Archives/edgar/data/814547/000119312511317245/d240549d10k.htm
0,2011-06-30,FICO,2011-08-08 00:00:00,2011-08-08 14:51:23,Q3,150700000,43400000,107300000,0.712011,14300000,53600000,0.0,45340000,69900000,113300000,24401000,5800000.000000001,62101000,0.412084,37400000,0.248175,600000.0,31900000,0.211679,8700000.0,23200000,0.153948,0.57711,0.57711,40200000,40200000,https://www.sec.gov/Archives/edgar/data/814547/000119312511214037/0001193125-11-214037-index.html,https://www.sec.gov/Archives/edgar/data/814547/000119312511214037/d10q.htm
0,2011-03-31,FICO,2011-05-10 00:00:00,2011-05-10 16:00:33,Q2,152800000,48500000,104300000,0.682592,16200000,55400000,0.0,61961000,85100000,133600000,-8100000.0,6300000.000000001,9200000.000000002,0.060209,19200000,0.125654,-100000.0,11000000,0.07199,3300000.0,7700000.0,0.050393,0.18966,0.18966,40600000,40600000,https://www.sec.gov/Archives/edgar/data/814547/000095012311048280/0000950123-11-048280-index.html,https://www.sec.gov/Archives/edgar/data/814547/000095012311048280/c63395e10vq.htm
0,2010-12-31,FICO,2011-02-09,2011-02-09 15:41:35,Q1,155900000,45800000,110100000,0.706222,18100000,59600000,0.0,48601000,80500000,126300000,-8100000.0,6500000.0,19800000,0.127004,29600000,0.189865,-100000.0,21400000,0.137267,5400000.0,16000000,0.10263,0.39604,0.39604,40400000,40400000,https://www.sec.gov/Archives/edgar/data/814547/000095012310108284/c59621e10vk.htm,https://www.sec.gov/Archives/edgar/data/814547/000095012310108284/c59621e10vk.htm
0,2010-09-30,FICO,2010-11-23 00:00:00,2010-11-23 17:11:08,Q4,155100000,48500000,106600000,0.687299,16200000,59300000,0.0,52056000,79000000,127500000,-7600000.0,7099999.999999998,19499999.999999996,0.125725,27600000,0.17795,0.0,20000000,0.128949,4200000.0,15800000,0.10187,0.37981,0.37981,41600000,41600000,https://www.sec.gov/Archives/edgar/data/814547/000095012310108284/0000950123-10-108284-index.html,https://www.sec.gov/Archives/edgar/data/814547/000095012310108284/c59621e10vk.htm
0,2010-06-30,FICO,2010-08-06 00:00:00,2010-08-06 16:26:13,Q3,155300000,45300000,110000000,0.708307,19200000,57100000,0.0,47999000,79000000,124300000,-5100000.0,7699999.999999999,29300000,0.188667,31100000,0.200258,700000.0,26700000,0.171925,8800000.0,17900000,0.115261,0.39866,0.39866,44900000,44900000,https://www.sec.gov/Archives/edgar/data/814547/000095012310074342/0000950123-10-074342-index.html,https://www.sec.gov/Archives/edgar/data/814547/000095012310074342/c58327e10vq.htm
0,2010-03-31,FICO,2010-05-07 00:00:00,2010-05-07 12:05:41,Q2,143700000,44600000,99100000,0.689631,19300000,53700000,0.0,47711000,76100000,120700000,5423000.0,8000000.000000002,32623000.000000004,0.227022,23100000,0.160752,1000000.0,19200000,0.133612,6200000.0,13000000,0.090466,0.27719,0.27719,46900000,46900000,https://www.sec.gov/Archives/edgar/data/814547/000095012310046116/0000950123-10-046116-index.html,https://www.sec.gov/Archives/edgar/data/814547/000095012310046116/c58030e10vq.htm
0,2009-12-31,FICO,2010-02-08 00:00:00,2010-02-08 17:04:55,Q1,151500000,42500000,109000000,0.719472,19000000,55200000,0.0,45684000,77400000,119900000,5408000.0,8100000.0,39908000,0.263419,31600000,0.208581,-400000.0,26400000,0.174257,8700000.0,17700000,0.116832,0.36952,0.36952,47900000,47900000,https://www.sec.gov/Archives/edgar/data/814547/000095012310009970/0000950123-10-009970-index.html,https://www.sec.gov/Archives/edgar/data/814547/000095012310009970/c56194e10vq.htm
0,2009-09-30,FICO,2009-11-24 00:00:00,2009-11-24 17:08:26,Q4,151900000,45800000,106100000,0.698486,18200000,51800000,0.0,49062000,73300000,119100000,5710000.0,9299999.999999996,42910000,0.282488,32800000,0.215932,-100000.0,28000000,0.184332,10800000,17100000,0.112574,0.35041,0.35041,48800000,48800000,https://www.sec.gov/Archives/edgar/data/814547/000095012309065746/0000950123-09-065746-index.html,https://www.sec.gov/Archives/edgar/data/814547/000095012309065746/c54808e10vk.htm
0,2009-06-30,FICO,2009-08-06 00:00:00,2009-08-06 17:22:57,Q3,156000000,48200000,107900000,0.691667,18400000,50300000,0.0,54135000,74600000,122800000,6086000.0,9700000.000000004,44286000,0.283885,33200000,0.212821,500000.0,28600000,0.183333,10400000,18100000,0.116026,0.36939,0.36939,49000000,49000000,https://www.sec.gov/Archives/edgar/data/814547/000095012309031346/0000950123-09-031346-index.html,https://www.sec.gov/Archives/edgar/data/814547/000095012309031346/c52895e10vq.htm
0,2009-03-31,FICO,2009-05-07 00:00:00,2009-05-07 16:55:33,Q2,159300000,53500000,105900000,0.664783,18900000,52500000,0.0,57502000,75400000,128900000,6527000.0,9799999.999999998,40827000,0.25629,30400000,0.190835,-300000.0,24900000,0.156309,6800000.0,17700000,0.111111,0.3627,0.3627,48800000,48800000,https://www.sec.gov/Archives/edgar/data/814547/000095013709003714/0000950137-09-003714-index.html,https://www.sec.gov/Archives/edgar/data/814547/000095013709003714/c51085e10vq.htm
0,2008-12-31,FICO,2009-02-06 00:00:00,2009-02-06 16:32:26,Q1,163500000,59000000,104400000,0.638532,18100000,54800000,0.0,70344000,84199999.99999999,143200000,7158000.0,9600000.0,32958000,0.201578,20200000,0.123547,1400000.0,16200000,0.099083,4100000.0,12100000,0.074006,0.24948,0.24948,48500000,48500000,https://www.sec.gov/Archives/edgar/data/814547/000095013709000848/0000950137-09-000848-index.html,https://www.sec.gov/Archives/edgar/data/814547/000095013709000848/c49207e10vq.htm
0,2008-09-30,FICO,2008-11-26 00:00:00,2008-11-26 16:35:27,Q4,178200000,66300000,111900000,0.627946,18900000,57800000,0.0,72163000,82500000.00000001,148800000,6874000.0,9700000.0,42074000,0.236105,29400000,0.164983,200000.0,25500000,0.143098,1700000.0,23800000,0.133558,0.48971,0.48971,48600000,48600000,https://www.sec.gov/Archives/edgar/data/814547/000095013708014107/0000950137-08-014107-index.html,https://www.sec.gov/Archives/edgar/data/814547/000095013708014107/c47904e10vk.htm
0,2008-06-30,FICO,2008-08-05 00:00:00,2008-08-05 16:51:21,Q3,183300000,68700000,114600000,0.625205,18800000,59700000,0.0,74682000,84499999.99999999,153200000,5203000.0,9900000.000000002,50903000,0.277703,30100000,0.164212,1500000.0,28100000,0.153301,9300000.0,26500000,0.144572,0.54415,0.54415,48700000,48700000,https://www.sec.gov/Archives/edgar/data/814547/000095013708010207/0000950137-08-010207-index.html,https://www.sec.gov/Archives/edgar/data/814547/000095013708010207/c34237e10vq.htm
0,2008-03-31,FICO,2008-05-08 00:00:00,2008-05-08 16:18:09,Q2,193200000,72900000,120300000,0.622671,20700000,61400000,0.0,73240000,91799999.99999999,164699999.99999997,3837000.0,10200000,37037000,0.191703,28500000,0.147516,900000.0,27200000,0.140787,9500000.0,13500000,0.069876,0.27551,0.27551,49000000,49000000,https://www.sec.gov/Archives/edgar/data/814547/000095013708007059/0000950137-08-007059-index.html,https://www.sec.gov/Archives/edgar/data/814547/000095013708007059/c26587e10vq.htm
0,2007-12-31,FICO,2008-02-08,2008-02-08 12:41:38,Q1,190100000,67000000,123100000,0.647554,19500000,66800000,0.0,79041000,88800000.00000001,155800000,4421000.0,9700000.0,45621000,0.239984,34300000,0.180431,-300000.0,32200000,0.169385,11300000,20200000,0.10626,0.39453,0.39453,51200000,51200000,https://www.sec.gov/Archives/edgar/data/814547/000095013707017904/c21843e10vk.htm,https://www.sec.gov/Archives/edgar/data/814547/000095013707017904/c21843e10vk.htm
0,2007-09-30,FICO,2007-11-28 00:00:00,2007-11-28 15:20:14,Q4,198700000,66600000,132100000,0.664821,17600000,70000000,0.0,81913000,94000000,160600000,3620000.0,11000000,48420000,0.243684,38100000,0.191746,300000.0,38100000,0.191746,5600000.0,28200000,0.141922,0.51554,0.51554,54700000,54700000,https://www.sec.gov/Archives/edgar/data/814547/000095013707017904/0000950137-07-017904-index.html,https://www.sec.gov/Archives/edgar/data/814547/000095013707017904/c21843e10vk.htm
0,2007-06-30,FICO,2007-08-06 00:00:00,2007-08-06 13:59:04,Q3,196600000,65300000,131300000,0.667854,16900000,69500000,0.0,79767000,91200000,156500000,3240000.0,12300000.000000004,53540000.00000001,0.27233,40100000,0.203967,0.0,40300000,0.204985,14200000,23800000,0.121058,0.41828,0.41828,56900000,56900000,https://www.sec.gov/Archives/edgar/data/814547/000095013707011364/0000950137-07-011364-index.html,https://www.sec.gov/Archives/edgar/data/814547/000095013707011364/c17416e10vq.htm
0,2007-03-31,FICO,2007-05-07 00:00:00,2007-05-07 14:29:16,Q2,190700000,65200000,125400000,0.657577,17400000,67100000,0.0,78983000,88899999.99999999,154100000,3230000.0,13399999.999999998,53530000,0.280703,36500000,0.1914,500000.0,37100000,0.194546,15500000,21400000,0.112218,0.36457,0.36457,58700000,58700000,https://www.sec.gov/Archives/edgar/data/814547/000095013707006893/0000950137-07-006893-index.html,https://www.sec.gov/Archives/edgar/data/814547/000095013707006893/c14930e10vq.htm
0,2006-12-31,FICO,2007-02-07,2007-02-07 14:32:31,Q1,198200000,62300000,135900000,0.685671,17400000,67100000,0.0,76959000,90300000,152600000,2676000.0,13500000,61776000,0.311685,45500000,0.229566,-500000.0,46000000,0.232089,14400000,31200000,0.157417,0.52,0.52,60000000,60000000,https://www.sec.gov/Archives/edgar/data/814547/000095013706013419/c10450e10vk.htm,https://www.sec.gov/Archives/edgar/data/814547/000095013706013419/c10450e10vk.htm
0,2006-09-30,FICO,2006-12-08,2006-12-08 17:14:16,Q4,207300000,70300000,137000000,0.660878,19200000,67000000,0.0,89519000,105399999.99999999,175700000,2136000.0,12299999.999999996,47536000,0.22931,31600000,0.152436,-400000.0,33000000,0.15919,11000000,22100000,0.106609,0.3536,0.3536,62500000,62500000,https://www.sec.gov/Archives/edgar/data/814547/000095013706013419/c10450e10vk.htm,https://www.sec.gov/Archives/edgar/data/814547/000095013706013419/c10450e10vk.htm
0,2006-06-30,FICO,2006-08-08,2006-08-08 14:51:26,Q3,207100000,71500000,135600000,0.654756,21400000,66300000,0.0,83089000,99300000.00000001,170800000,2155000.0,12300000,53455000,0.258112,36300000,0.175278,600000.0,39000000,0.188315,13000000,26000000,0.125543,0.4,0.4,65000000,65000000,https://www.sec.gov/Archives/edgar/data/814547/000095013406015246/c07555e10vq.htm,https://www.sec.gov/Archives/edgar/data/814547/000095013406015246/c07555e10vq.htm
0,2006-03-31,FICO,2006-05-09,2006-05-09 16:15:10,Q2,208200000,73100000,135000000,0.648415,21700000,64200000,0.0,81588000,94300000.00000001,167400000,2143000.0,12100000,56443000,0.2711,40700000,0.195485,-300000.0,42200000,0.20269,15200000,27000000,0.129683,0.40419,0.40419,66800000,66800000,https://www.sec.gov/Archives/edgar/data/814547/000095013406009254/c05118e10vq.htm,https://www.sec.gov/Archives/edgar/data/814547/000095013406009254/c05118e10vq.htm
0,2005-12-31,FICO,2006-02-08,2006-02-08 16:04:45,Q1,202800000,67000000,135700000,0.669132,22700000,63400000,0.0,72634000,91699999.99999999,158700000,2135000.0,12100000,59135000,0.291593,44000000,0.216963,-100000.0,44900000,0.2214,16400000,28500000,0.140533,0.43051,0.43051,66200000,66200000,https://www.sec.gov/Archives/edgar/data/814547/000095013405023081/c00522e10vk.htm,https://www.sec.gov/Archives/edgar/data/814547/000095013405023081/c00522e10vk.htm
0,2005-09-30,FICO,2005-12-14,2005-12-13 17:41:20,Q4,203300000,67300000,136000000,0.668962,21000000,55600000,0.0,73568000,82899999.99999999,150200000,2141000.0,12200000.000000004,68441000,0.33665,53100000,0.26119,700000.0,54200000,0.266601,18400000,35700000,0.175603,0.52967,0.52967,67400000,67400000,https://www.sec.gov/Archives/edgar/data/814547/000095013405023081/c00522e10vk.htm,https://www.sec.gov/Archives/edgar/data/814547/000095013405023081/c00522e10vk.htm
0,2005-06-30,FICO,2005-08-08,2005-08-08 15:39:59,Q3,203800000,68300000,135500000,0.664868,21200000,59100000,0.0,74659000,86700000,155000000,2142000.0,12799999.999999996,63942000,0.313749,48800000,0.23945,0.0,49000000,0.240432,12400000,36600000,0.179588,0.53431,0.53431,68500000,68500000,https://www.sec.gov/Archives/edgar/data/814547/000095013405015153/c97482e10vq.htm,https://www.sec.gov/Archives/edgar/data/814547/000095013405015153/c97482e10vq.htm
0,2005-03-31,FICO,2005-05-09,2005-05-09 14:52:32,Q2,196000000,69600000,126400000,0.644898,18100000,55100000,0.0,76184000,79800000.00000001,149400000,2031000.0,13000000,61131000,0.311893,46600000,0.237755,-300000.0,46100000,0.235204,11800000,34300000,0.175,0.4375,0.4375,78400000,78400000,https://www.sec.gov/Archives/edgar/data/814547/000095013405009425/c95005e10vq.htm,https://www.sec.gov/Archives/edgar/data/814547/000095013405009425/c95005e10vq.htm
0,2004-12-31,FICO,2005-02-08,2005-02-08 12:29:43,Q1,195500000,69800000,125800000,0.643478,21000000,53600000,0.0,76554000,81300000,151100000,2033000.0,13500000,60333000,0.308609,44400000,0.22711,700000.0,44800000,0.229156,16900000,27900000,0.142711,0.34831,0.34831,80100000,80100000,https://www.sec.gov/Archives/edgar/data/814547/000095013704011008/a03859e10vk.htm,https://www.sec.gov/Archives/edgar/data/814547/000095013704011008/a03859e10vk.htm
0,2004-09-30,FICO,2004-12-14,2004-12-14 11:08:42,Q4,190400000,68400000,122000000,0.640756,21300000,54700000,0.0,75220000,82799999.99999999,151199999.99999997,3789000.0,12699999.999999996,42788999.99999999,0.224732,39200000,0.205882,-10900000,26300000,0.13813,11900000,14400000,0.07563,0.1791,0.1791,80400000,80400000,https://www.sec.gov/Archives/edgar/data/814547/000095013704011008/a03859e10vk.htm,https://www.sec.gov/Archives/edgar/data/814547/000095013704011008/a03859e10vk.htm
0,2004-06-30,FICO,2004-08-11,2004-08-10 21:31:20,Q3,173200000,61400000,111800000,0.645497,19100000,45400000,0.0,66709000,69799999.99999999,131199999.99999999,4393000.0,11600000.000000002,62393000,0.360237,42000000,0.242494,5600000.0,46400000,0.267898,17600000,28800000,0.166282,0.35036,0.35036,82200000,82200000,https://www.sec.gov/Archives/edgar/data/814547/000095013704006542/a01054e10vq.htm,https://www.sec.gov/Archives/edgar/data/814547/000095013704006542/a01054e10vq.htm
0,2004-03-31,FICO,2004-05-07,2004-05-07 15:11:50,Q2,173200000,63300000,110000000,0.635104,14300000,40500000,0.0,67347000,58900000.00000001,122200000,4382000.0,11300000,65582000,0.378649,51100000,0.295035,600000.0,49900000,0.288106,19100000,30800000,0.177829,0.37064,0.37064,83100000,83100000,https://www.sec.gov/Archives/edgar/data/814547/000093639204000478/a98773e10vq.htm,https://www.sec.gov/Archives/edgar/data/814547/000093639204000478/a98773e10vq.htm
0,2003-12-31,FICO,2004-02-13,2004-02-12 19:53:47,Q1,169300000,59500000,109800000,0.648553,16400000,41800000,0.0,63602000,62300000,121800000,4378000.0,11300000,61878000,0.365493,47600000,0.281158,600000.0,46200000,0.272888,17400000,28800000,0.170112,0.34783,0.34783,82800000,82800000,https://www.sec.gov/Archives/edgar/data/814547/000093639203001666/a94662e10vk.htm,https://www.sec.gov/Archives/edgar/data/814547/000093639203001666/a94662e10vk.htm
0,2003-09-30,FICO,2003-12-12,2003-12-12 17:18:18,Q4,161000000,59700000,101300000,0.629193,16200000,29500000,0.0,63260000,49300000,109000000,3624000.0,11000000,65024000,0.403876,52000000,0.322981,400000.0,50400000,0.313043,18700000,31700000,0.196894,0.40331,0.40331,78600000,78600000,https://www.sec.gov/Archives/edgar/data/814547/000093639203001666/a94662e10vk.htm,https://www.sec.gov/Archives/edgar/data/814547/000093639203001666/a94662e10vk.htm
0,2003-06-30,FICO,2003-07-25,2003-07-25 13:04:50,Q3,163000000,62200000,100800000,0.618405,17000000,31300000,0.0,65634000,51700000,113900000,2333000.0,10799999.999999996,61533000,0.377503,49100000,0.301227,100000.0,48400000,0.296933,18400000,30000000,0.184049,0.37783,0.37783,79400000,79400000,https://www.sec.gov/Archives/edgar/data/814547/000093639203000992/a91620e10vq.htm,https://www.sec.gov/Archives/edgar/data/814547/000093639203000992/a91620e10vq.htm
0,2003-03-31,FICO,2003-04-25,2003-04-25 10:59:07,Q2,158600000,64000000,94600000,0.596469,17100000,31700000,0.0,68066000,52900000.00000001,116900000,2326000.0,11500000.000000002,54926000,0.346318,41700000,0.262926,0.0,41100000,0.259142,15500000,25600000,0.161412,0.33818,0.33818,75700000,75700000,https://www.sec.gov/Archives/edgar/data/814547/000093639203000542/a89008e10vq.htm,https://www.sec.gov/Archives/edgar/data/814547/000093639203000542/a89008e10vq.htm
0,2002-12-31,FICO,2003-02-12,2003-02-12 15:02:04,Q1,146700000,60700000,86100000,0.586912,17200000,32200000,0.0,65926000,54700000,115400000,2322000.0,11600000,46122000,0.314397,31400000,0.214042,500000.0,32200000,0.219496,12400000,19800000,0.134969,0.2532,0.2532,78200000,78200000,https://www.sec.gov/Archives/edgar/data/814547/000093639203000127/a87506e10vq.htm,https://www.sec.gov/Archives/edgar/data/814547/000093639203000127/a87506e10vq.htm
0,2002-09-30,FICO,,,Q4,129300000,57600000,71700000,0.554524,12200000,26600000,0.0,0.0,88900000,146500000,0.0,10500000,-5100000.0,-0.039443,-17200000,-0.133024,1500000.0,-15600000,-0.12065,8600000.0,-24200000,-0.187162,-0.3689,-0.3689,65600000,65600000,,
0,2002-06-30,FICO,2002-08-14 00:00:00,2002-08-14 16:02:17,Q3,91000000,40700000,50300000,0.552747,6900000.0,20300000,0.0,0.0,27899999.99999999,68599999.99999999,1100000.0,6900000.0,31100000,0.341758,22400000,0.246154,-400000.0,23100000,0.253846,8700000.0,14400000,0.158242,0.27273,0.27273,52800000,52800000,https://www.sec.gov/Archives/edgar/data/814547/000095000502000856/0000950005-02-000856-index.html,https://www.sec.gov/Archives/edgar/data/814547/000095000502000856/p15915_10q.txt
0,2002-03-31,FICO,,,Q2,87100000,39100000,47900000,0.549943,7300000.0,18700000,0.0,0.0,26699999.999999996,65799999.99999999,1600000.0,6899999.999999999,31800000,0.365098,21300000,0.244546,300000.0,23300000,0.267509,9100000.0,14200000,0.163031,0.26103,0.26103,54400000,54400000,,
0,2001-12-31,FICO,,,Q1,85100000,38600000,46500000,0.546416,7500000.0,17900000,0.0,0.0,25900000,64500000,1800000.0,6700000.0,30800000,0.361927,20500000,0.240893,100000.0,22400000,0.26322,8800000.0,13500000,0.158637,0.25046,0.25046,53900000,53900000,,
0,2001-09-30,FICO,2001-12-28 00:00:00,2001-12-28 00:00:00,Q4,86500000,37800000,48600000,0.56185,6700000.0,19700000,0.0,0.0,27000000,64800000,0.0,6500000.0,29600000,0.342197,21700000,0.250867,1400000.0,23100000,0.267052,8800000.0,14300000,0.165318,0.26629,0.26629,53700000,53700000,https://www.sec.gov/Archives/edgar/data/814547/000095000501500749/0000950005-01-500749-index.html,https://www.sec.gov/Archives/edgar/data/814547/000095000501500749/p14775_10k.txt
0,2001-06-30,FICO,2001-08-14 00:00:00,2001-08-14 00:00:00,Q3,84200000,38000000,46200000,0.548694,7000000.0,19300000,0.0,0.0,26799999.999999996,64800000,0.0,6600000.000000001,27200000,0.32304,19500000,0.231591,1100000.0,20600000,0.244656,8200000.0,12400000,0.147268,0.23664,0.23664,52400000,52400000,https://www.sec.gov/Archives/edgar/data/814547/000095000501500444/0000950005-01-500444-index.html,https://www.sec.gov/Archives/edgar/data/814547/000095000501500444/p14234_10q.txt
0,2001-03-31,FICO,2001-05-15 00:00:00,2001-05-15 00:00:00,Q2,81300000,37500000,43900000,0.539975,7400000.0,18900000,0.0,0.0,26799999.999999996,64300000,0.0,6100000.0,24300000,0.298893,17100000,0.210332,1100000.0,18200000,0.223862,7500000.0,10700000,0.131611,0.20939,0.20939,51100000,51100000,https://www.sec.gov/Archives/edgar/data/814547/000095000501500142/0000950005-01-500142-index.html,https://www.sec.gov/Archives/edgar/data/814547/000095000501500142/p1368210q.txt
0,2000-12-31,FICO,,,Q1,77100000,35300000,41900000,0.54345,7300000.0,20100000,0.0,0.0,28000000,63300000,0.0,5900000.0,20900000,0.271077,13900000,0.180285,1100000.0,15000000,0.194553,6200000.0,8800000.0,0.114137,0.17635,0.17635,49900000,49900000,,
0,2000-09-30,FICO,2000-12-29 00:00:00,2000-12-29 00:00:00,Q4,78800000,34500000,44300000,0.562183,6500000.0,23600000,0.0,0.0,30799999.999999996,65300000,0.0,6500000.0,19800000,0.251269,13600000,0.172589,-200000.0,13400000,0.170051,5500000.0,7800000.0,0.098985,0.15569,0.15569,50100000,50100000,https://www.sec.gov/Archives/edgar/data/814547/000095000500001222/0000950005-00-001222-index.html,https://www.sec.gov/Archives/edgar/data/814547/000095000500001222/0000950005-00-001222-0001.txt
0,2000-06-30,FICO,2000-08-14 00:00:00,2000-08-14 00:00:00,Q3,76100000,34100000,42000000,0.551905,6300000.0,22800000,0.0,0.0,29900000,64000000,0.0,5300000.000000001,18400000,0.241787,12200000,0.160315,1000000.0,13100000,0.172142,5400000.0,7700000.0,0.101183,0.15619,0.15619,49300000,49300000,https://www.sec.gov/Archives/edgar/data/814547/000095000500000919/0000950005-00-000919-index.html,https://www.sec.gov/Archives/edgar/data/814547/000095000500000919/0000950005-00-000919-0001.txt
0,2000-03-31,FICO,2000-05-15 00:00:00,2000-05-15 00:00:00,Q2,73600000,30500000,43000000,0.584239,7300000.0,22900000,0.0,0.0,31700000.000000004,62200000,0.0,5100000.0,17200000,0.233696,11300000,0.153533,900000.0,12200000,0.165761,5000000.0,7100000.0,0.096467,0.14372,0.14372,49400000,49400000,https://www.sec.gov/Archives/edgar/data/814547/000095000500000676/0000950005-00-000676-index.html,https://www.sec.gov/Archives/edgar/data/814547/0000950005-00-000676.txt
0,1999-12-31,FICO,,,Q1,70100000,29800000,40300000,0.574893,9600000.0,21000000,0.0,0.0,32800000,62600000,0.0,4600000.0,13000000,0.185449,7500000.0,0.10699,900000.0,8400000.0,0.119829,3500000.0,4900000.0,0.0699,0.10082,0.10082,48600000,48600000,,
0,1999-09-30,FICO,,,Q4,72800000,28200000,44600000,0.612637,6800000.0,25100000,0.0,0.0,32400000.000000007,60600000.00000001,0.0,4799999.999999999,18700000,0.256868,12200000,0.167582,1700000.0,13900000,0.190934,5400000.0,8500000.0,0.116758,0.17708,0.17708,48000000,48000000,,
0,1999-06-30,FICO,,,Q3,67200000,25200000,42000000,0.625,7400000.0,23100000,0.0,0.0,30900000.000000004,56100000,0.0,4199999.999999999,15899999.999999998,0.236607,11100000,0.165179,600000.0,11700000,0.174107,4700000.0,7000000.0,0.104167,0.14493,0.14493,48300000,48300000,,
0,1999-03-31,FICO,,,Q2,68900000,26900000,41900000,0.608128,7800000.0,22100000,0.0,0.0,30400000,57300000,0.0,4200000.0,17100000,0.248186,11600000,0.16836,1300000.0,12900000,0.187228,5400000.0,7500000.0,0.108853,0.15244,0.15244,49200000,49200000,,
0,1998-12-31,FICO,,,Q1,68000000,25100000,42900000,0.630882,7700000.0,23300000,0.0,0.0,31400000,56500000,0.0,4200000.0,16300000,0.239706,11500000,0.169118,700000.0,12200000,0.179412,5100000.0,7000000.0,0.102941,0.14463,0.14463,48400000,48400000,,
0,1998-09-30,FICO,,,Q4,67700000,22000000,45800000,0.676514,8200000.0,23400000,0.0,0.0,32000000,54000000,0.0,3800000.000000001,18700000,0.276219,13700000,0.202363,1200000.0,14900000,0.220089,6400000.0,8500000.0,0.125554,0.17418,0.17418,48800000,48800000,,
0,1998-06-30,FICO,,,Q3,64600000,21900000,42700000,0.660991,6900000.0,24200000,0.0,0.0,31600000,53500000,0.0,3899999.9999999995,15100000,0.233746,11200000,0.173375,0.0,11200000,0.173375,4800000.0,6400000.0,0.099071,0.13196,0.13196,48500000,48500000,,
0,1998-03-31,FICO,,,Q2,59700000,21200000,38400000,0.643216,7400000.0,21900000,0.0,0.0,29500000.000000004,50700000.00000001,0.0,3700000.0,13200000,0.221106,9000000.0,0.150754,500000.0,9500000.0,0.159129,4000000.0,5500000.0,0.092127,0.11387,0.11387,48300000,48300000,,
0,1997-12-31,FICO,,,Q1,53500000,19900000,33600000,0.628037,6600000.0,20100000,0.0,0.0,27000000,46900000,0.0,3500000.0,10100000,0.188785,6600000.0,0.123364,0.0,6600000.0,0.123364,2600000.0,4000000.0,0.074766,0.08264,0.08264,48400000,48400000,,
0,1997-09-30,FICO,,,Q4,56200000,19700000,36600000,0.651246,4800000.0,18800000,0.0,0.0,23900000.000000004,43600000,0.0,3000000.0,14600000,0.259786,12600000,0.224199,-1000000.0,11600000,0.206406,5300000.0,6300000.0,0.1121,0.1291,0.1291,48800000,48800000,,
0,1997-06-30,FICO,1997-08-14 00:00:00,1997-08-14 00:00:00,Q3,51100000,18700000,32400000,0.634051,5000000.0,18800000,0.0,0.0,24099999.999999996,42800000,0.0,3200000.000000001,10600000.000000002,0.207436,8200000.0,0.16047,-900000.0,7300000.0,0.142857,3100000.0,4300000.0,0.084149,0.08903,0.08903,48300000,48300000,https://www.sec.gov/Archives/edgar/data/814547/000095000597000716/0000950005-97-000716-index.html,https://www.sec.gov/Archives/edgar/data/814547/0000950005-97-000716.txt
0,1997-03-31,FICO,1997-05-15 00:00:00,1997-05-15 00:00:00,Q2,48400000,17800000,30500000,0.630165,4200000.0,16700000,0.0,0.0,21300000,39100000,0.0,2999999.9999999995,11900000,0.245868,9300000.0,0.192149,-400000.0,8900000.0,0.183884,3500000.0,5400000.0,0.11157,0.1125,0.1125,48000000,48000000,https://www.sec.gov/Archives/edgar/data/814547/000095000597000543/0000950005-97-000543-index.html,https://www.sec.gov/Archives/edgar/data/814547/0000950005-97-000543.txt
0,1996-12-31,FICO,,,Q1,43300000,16400000,27000000,0.623557,3500000.0,15500000,0.0,0.0,19300000.000000004,35700000.00000001,0.0,2600000.0,10300000,0.237875,7600000.0,0.17552,100000.0,7700000.0,0.177829,3000000.0,4700000.0,0.108545,0.09833,0.09833,47800000,47800000,,
0,1996-09-30,FICO,1996-12-30 00:00:00,1996-12-30 00:00:00,Q4,43700000,15400000,28300000,0.647597,2600000.0,17800000,0.0,0.0,20400000,35800000,0.0,1000000.0,7700000.0,0.176201,7900000.0,0.180778,-1200000.0,6700000.0,0.153318,2700000.0,4000000.0,0.091533,0.09324,0.09324,42900000,42900000,https://www.sec.gov/Archives/edgar/data/814547/000095000596001002/0000950005-96-001002-index.html,https://www.sec.gov/Archives/edgar/data/814547/0000950005-96-001002.txt
0,1996-06-30,FICO,1996-08-13 00:00:00,1996-08-13 00:00:00,Q3,37100000,14300000,22800000,0.614555,2200000.0,13400000,0.0,0.0,15700000,30000000,0.0,3100000.0000000005,10200000,0.274933,7100000.0,0.191375,100000.0,7100000.0,0.191375,2800000.0,4300000.0,0.115903,0.1,0.1,43000000,43000000,https://www.sec.gov/Archives/edgar/data/814547/000095000596000589/0000950005-96-000589-index.html,https://www.sec.gov/Archives/edgar/data/814547/0000950005-96-000589.txt
0,1996-03-31,FICO,1996-05-14 00:00:00,1996-05-14 00:00:00,Q2,35300000,13500000,21700000,0.614731,2200000.0,11800000,0.0,0.0,14399999.999999998,27900000,0.0,1799999.9999999998,9200000.0,0.260623,7400000.0,0.209632,0.0,7400000.0,0.209632,3000000.0,4400000.0,0.124646,0.10185,0.10185,43200000,43200000,https://www.sec.gov/Archives/edgar/data/814547/000095000596000255/0000950005-96-000255-index.html,https://www.sec.gov/Archives/edgar/data/814547/0000950005-96-000255.txt
0,1995-12-31,FICO,1996-02-13 00:00:00,1996-02-13 00:00:00,Q1,32600000,13200000,19500000,0.59816,800000.0,12800000,0.0,0.0,13800000,27000000,0.0,2000000.0,7900000.0,0.242331,5700000.0,0.174847,300000.0,6000000.0,0.184049,2400000.0,3500000.0,0.107362,0.08121,0.08121,43100000,43100000,https://www.sec.gov/Archives/edgar/data/814547/000095000596000076/0000950005-96-000076-index.html,https://www.sec.gov/Archives/edgar/data/814547/0000950005-96-000076.txt
0,1995-09-30,FICO,1995-12-27 00:00:00,1995-12-27 00:00:00,Q4,33200000,12300000,20900000,0.629518,800000.0,13500000,0.0,0.0,14599999.999999998,26899999.999999996,0.0,1900000.0000000005,8500000.0,0.256024,6300000.0,0.189759,300000.0,6600000.0,0.198795,2800000.0,3800000.0,0.114458,0.08817,0.08817,43100000,43100000,https://www.sec.gov/Archives/edgar/data/814547/000095000595000341/0000950005-95-000341-index.html,https://www.sec.gov/Archives/edgar/data/814547/0000950005-95-000341.txt
0,1995-06-30,FICO,1995-08-11 00:00:00,1995-08-11 00:00:00,Q3,28700000,10800000,17900000,0.623693,1000000.0,11900000,0.0,0.0,13099999.999999998,23899999.999999996,0.0,1500000.0,6600000.0,0.229965,4800000.0,0.167247,300000.0,5200000.0,0.181185,2000000.0,3100000.0,0.108014,0.07209,0.07209,43000000,43000000,https://www.sec.gov/Archives/edgar/data/814547/000095000595000169/0000950005-95-000169-index.html,https://www.sec.gov/Archives/edgar/data/814547/0000950005-95-000169.txt
