,date,symbol,fillingDate,acceptedDate,period,revenue,costOfRevenue,grossProfit,grossProfitRatio,researchAndDevelopmentExpenses,generalAndAdministrativeExpenses,sellingAndMarketingExpenses,otherExpenses,operatingExpenses,costAndExpenses,interestExpense,depreciationAndAmortization,ebitda,ebitdaratio,operatingIncome,operatingIncomeRatio,totalOtherIncomeExpensesNet,incomeBeforeTax,incomeBeforeTaxRatio,incomeTaxExpense,netIncome,netIncomeRatio,eps,epsdiluted,weightedAverageShsOut,weightedAverageShsOutDil,link,finalLink
0,2020-09-30,SYKE,2020-11-05,2020-11-05 16:08:01,Q3,431727000,0.0,431727000,1.0,0.0,107053000,0.0,326774000,433827000,433827000,355000.0,13154000,11054000,0.025604143359113513,-2100000.0,-0.004864185005802278,1903000.0,-415000.0,-0.0009612556082894977,0.0,-5091000.0,-0.011792174221209236,-0.13,-0.13,39994000,39994000,https://www.sec.gov/Archives/edgar/data/1010612/000156459020051303/0001564590-20-051303-index.htm,https://www.sec.gov/Archives/edgar/data/1010612/000156459020051303/syke-10q_20200930.htm
0,2020-06-30,SYKE,2020-08-04,2020-08-04 16:07:53,Q2,416833000,268433000,148400000,0.35601787766323684,0.0,102664000,0.0,570481000,121187000.00000001,389620000,560000.0,16780000,45955000,0.110248,27213000,0.065285,97000.0,28615000,0.068649,6385000.0,22230000,0.053331,0.55052,0.55052,40380000,40380000,https://www.sec.gov/Archives/edgar/data/1010612/000156459020036112/0001564590-20-036112-index.htm,https://www.sec.gov/Archives/edgar/data/1010612/000156459020036112/syke-10q_20200630.htm
0,2020-03-31,SYKE,2020-05-05 00:00:00,2020-05-05 16:10:05,Q1,411166000,256255000,154911000,0.37676,0.0,100057000,0.0,0.0,130517000,386772000,720000.0,16637999.999999998,36502000,0.088777,24394000,0.059329,-884000.0,19144000,0.04656,5226000.0,13918000,0.03385,0.33672,0.33672,41334000,41334000,https://www.sec.gov/Archives/edgar/data/1010612/000156459020021248/0001564590-20-021248-index.html,https://www.sec.gov/Archives/edgar/data/1010612/000156459020021248/syke-10q_20200331.htm
0,2019-12-31,SYKE,2020-02-27 00:00:00,2020-02-27 16:08:10,Q4,425284000,274683000,150601000,0.354119,0.0,100873000,0.0,291372000,117514000.00000001,392197000,861000.0,16698000,49584000,0.11659,33087000,0.0778,565000.0,32025000,0.075303,9005000.0,23020000,0.054129,0.55491,0.55491,41484000,41484000,https://www.sec.gov/Archives/edgar/data/1010612/000156459020007363/0001564590-20-007363-index.html,https://www.sec.gov/Archives/edgar/data/1010612/000156459020007363/syke-10k_20191231.htm
0,2019-09-30,SYKE,2019-11-05 00:00:00,2019-11-05 17:30:11,Q3,397547000,253632000,143915000,0.362008,0.0,102657000,0.0,270221000,119209000,372841000,1091000.0,16610999.999999996,41496000,0.10438,24706000,0.062146,-122000.0,23794000,0.059852,5689000.0,18105000,0.045542,0.4383,0.4383,41307000,41307000,https://www.sec.gov/Archives/edgar/data/1010612/000156459019040493/0001564590-19-040493-index.html,https://www.sec.gov/Archives/edgar/data/1010612/000156459019040493/syke-10q_20190930.htm
0,2019-06-30,SYKE,2019-08-02,2019-08-02 16:07:12,Q2,389006000,252106000,136900000,0.351923,0.0,104337000,0.0,269469000,121644999.99999999,373751000,1179000.0,17235999.999999996,32149999.999999996,0.082647,15255000,0.039215,260000.0,13735000,0.035308,2466000.0,11269000,0.028969,0.26771,0.26771,42094000,42094000,https://www.sec.gov/Archives/edgar/data/1010612/000156459019028364/syke-10q_20190630.htm,https://www.sec.gov/Archives/edgar/data/1010612/000156459019028364/syke-10q_20190630.htm
0,2019-03-31,SYKE,2019-05-07 00:00:00,2019-05-07 16:07:12,Q1,402925000,261651000,141274000,0.350621,0.0,104757000,0.0,281493000,124521999.99999999,386173000,1178000.0,18243000.000000004,35790000,0.088825,16752000,0.041576,819000.0,16369000,0.040625,4682000.0,11687000,0.029005,0.27629,0.27629,42299000,42299000,https://www.sec.gov/Archives/edgar/data/1010612/000156459019016495/0001564590-19-016495-index.html,https://www.sec.gov/Archives/edgar/data/1010612/000156459019016495/syke-10q_20190331.htm
0,2018-12-31,SYKE,2019-02-26 00:00:00,2019-02-26 16:07:28,Q4,415198000,271437000,143761000,0.346247,0.0,97660000,0.0,289526000,115748999.99999997,387185999.99999994,1220000.0,18027000,42248000,0.101754,28012000,0.067467,-1715000.0,24184000,0.058247,5953000.0,17048000,0.04106,0.40226,0.40226,42381000,42381000,https://www.sec.gov/Archives/edgar/data/1010612/000156459019004457/0001564590-19-004457-index.html,https://www.sec.gov/Archives/edgar/data/1010612/000156459019004457/syke-10k_20181231.htm
0,2018-09-30,SYKE,2018-11-06 00:00:00,2018-11-06 16:02:20,Q3,399333000,261474000,137859000,0.345223,0.0,105148000,0.0,279739000,123413000.00000001,384887000,1168000.0,17831999.999999996,33680000,0.084341,14446000,0.036175,233000.0,14380000,0.03601,928000.0,13752000,0.034437,0.32585,0.32585,42204000,42204000,https://www.sec.gov/Archives/edgar/data/1010612/000156459018027382/0001564590-18-027382-index.html,https://www.sec.gov/Archives/edgar/data/1010612/000156459018027382/syke-10q_20180930.htm
0,2018-06-30,SYKE,2018-08-07 00:00:00,2018-08-07 16:07:48,Q2,396800000,264900000,131900000,0.332409,0.0,102000000,0.0,288288000,125400000.00000003,390300000.00000006,1149000.0,18299999.999999996,24948999.999999996,0.062876,6500000.0,0.016381,-800000.0,4900000.0,0.012349,-1700000.0,7200000.0,0.018145,0.17062,0.17062,42200000,42200000,https://www.sec.gov/Archives/edgar/data/1010612/000119312518241061/0001193125-18-241061-index.html,https://www.sec.gov/Archives/edgar/data/1010612/000119312518241061/d591747d10q.htm
0,2018-03-31,SYKE,2018-05-08 00:00:00,2018-05-08 16:06:47,Q1,414400000,275100000,139300000,0.336149,0.0,102400000,0.0,297647000,125000000,400100000,1206000.0,19200000,34406000,0.083026,14300000,0.034508,-200000.0,13400000,0.032336,3100000.0,10900000,0.026303,0.25829,0.25829,42200000,42200000,https://www.sec.gov/Archives/edgar/data/1010612/000119312518155968/0001193125-18-155968-index.html,https://www.sec.gov/Archives/edgar/data/1010612/000119312518155968/d556290d10q.htm
0,2017-12-31,SYKE,2018-03-01 00:00:00,2018-03-01 16:11:50,Q4,419200000,276400000,142900000,0.340887,0.0,99200000,0.0,296690000,119300000.00000001,395700000,2104000.0,20000000.000000004,10604000.000000004,0.025296,23500000,0.056059,400000.0,21100000,0.050334,5500000.0,-17000000,-0.040553,-0.40573,-0.40573,41900000,41900000,https://www.sec.gov/Archives/edgar/data/1010612/000119312518067150/0001193125-18-067150-index.html,https://www.sec.gov/Archives/edgar/data/1010612/000119312518067150/d448583d10k.htm
0,2017-09-30,SYKE,2017-11-09 00:00:00,2017-11-09 16:07:56,Q3,407300000,267500000,139800000,0.343236,0.0,93400000,0.0,287716000,113600000.00000001,381100000,2021000.0,19700000,46121000,0.113236,26200000,0.064326,700000.0,24400000,0.059907,2700000.0,21700000,0.053278,0.51667,0.51667,42000000,42000000,https://www.sec.gov/Archives/edgar/data/1010612/000119312517338758/0001193125-17-338758-index.html,https://www.sec.gov/Archives/edgar/data/1010612/000119312517338758/d439784d10q.htm
0,2017-06-30,SYKE,2017-08-09 00:00:00,2017-08-09 16:12:17,Q2,375400000,248600000,126800000,0.337773,0.0,92200000,0.0,272104000,115500000.00000003,364100000.00000006,1865000.0,19200000,31465000,0.083817,11300000,0.030101,300000.0,10400000,0.027704,1600000.0,8800000.0,0.023442,0.21002,0.21002,41900000,41900000,https://www.sec.gov/Archives/edgar/data/1010612/000119312517252780/0001193125-17-252780-index.html,https://www.sec.gov/Archives/edgar/data/1010612/000119312517252780/d398934d10q.htm
0,2017-03-31,SYKE,2017-05-10 00:00:00,2017-05-10 16:06:50,Q1,384000000,247200000,136800000,0.35625,0.0,92300000,0.0,265744000,110800000.00000001,358000000,1699000.0,18700000,45699000,0.119008,26000000,0.067708,400000.0,25300000,0.065885,6600000.0,18700000,0.048698,0.4463,0.4463,41900000,41900000,https://www.sec.gov/Archives/edgar/data/1010612/000119312517165837/0001193125-17-165837-index.html,https://www.sec.gov/Archives/edgar/data/1010612/000119312517165837/d338760d10q.htm
0,2016-12-31,SYKE,2017-03-01 00:00:00,2017-03-01 16:07:38,Q4,389100000,252700000,136400000,0.350553,0.0,88900000,0.0,271633000,107400000.00000003,360100000.00000006,1603000.0,18699999.999999996,46802999.99999999,0.120285,29000000,0.074531,-100000.0,26500000,0.068106,8500000.0,18000000,0.046261,0.42553,0.42553,42300000,42300000,https://www.sec.gov/Archives/edgar/data/1010612/000119312517065696/0001193125-17-065696-index.html,https://www.sec.gov/Archives/edgar/data/1010612/000119312517065696/d341887d10k.htm
0,2016-09-30,SYKE,2016-11-01 00:00:00,2016-11-01 16:07:24,Q3,385700000,249900000,135900000,0.352346,0.0,87800000,0.0,268117000,106200000.00000001,356100000,1578000.0,18300000,49078000,0.127244,29700000,0.077003,300000.0,29200000,0.075707,7900000.0,21300000,0.055224,0.50474,0.50474,42200000,42200000,https://www.sec.gov/Archives/edgar/data/1010612/000119312516755312/0001193125-16-755312-index.html,https://www.sec.gov/Archives/edgar/data/1010612/000119312516755312/d239512d10q.htm
0,2016-06-30,SYKE,2016-08-02 00:00:00,2016-08-02 16:03:26,Q2,364400000,239400000,125000000,0.34303,0.0,91400000,0.0,256665000,111600000,351000000,1581000.0,17400000.000000004,31981000.000000004,0.087763,13400000,0.036773,200000.0,13000000,0.035675,3900000.0,9100000.0,0.024973,0.21615,0.21615,42100000,42100000,https://www.sec.gov/Archives/edgar/data/1010612/000119312516668307/0001193125-16-668307-index.html,https://www.sec.gov/Archives/edgar/data/1010612/000119312516668307/d207342d10q.htm
0,2016-03-31,SYKE,2016-05-03 00:00:00,2016-05-03 16:22:22,Q1,320700000,205600000,115200000,0.359214,0.0,79100000,0.0,219966000,94900000,300500000,808000.0,14600000,35608000,0.111032,20300000,0.063299,-100000.0,20200000,0.062987,6200000.0,14000000,0.043655,0.33333,0.33333,42000000,42000000,https://www.sec.gov/Archives/edgar/data/1010612/000119312516575011/0001193125-16-575011-index.html,https://www.sec.gov/Archives/edgar/data/1010612/000119312516575011/d150241d10q.htm
0,2015-12-31,SYKE,2016-02-29 00:00:00,2016-02-29 16:08:09,Q4,337300000,214300000,123000000,0.364661,0.0,79200000,0.0,229102000,94599999.99999997,308899999.99999994,938000.0,14599999.999999998,43138000,0.127892,28400000,0.084198,300000.0,27600000,0.081826,7600000.0,20000000,0.059294,0.46729,0.46729,42800000,42800000,https://www.sec.gov/Archives/edgar/data/1010612/000119312516485321/0001193125-16-485321-index.html,https://www.sec.gov/Archives/edgar/data/1010612/000119312516485321/d62359d10k.htm
0,2015-09-30,SYKE,2015-11-03 00:00:00,2015-11-03 16:06:48,Q3,317900000,206100000,111800000,0.351683,0.0,72700000,0.0,220715000,87299999.99999999,293400000,478000.0,14700000.000000002,38478000,0.121038,24500000,0.077068,-700000.0,23300000,0.073293,3300000.0,20000000,0.062913,0.47506,0.47506,42100000,42100000,https://www.sec.gov/Archives/edgar/data/1010612/000119312515364281/0001193125-15-364281-index.html,https://www.sec.gov/Archives/edgar/data/1010612/000119312515364281/d31590d10q.htm
0,2015-06-30,SYKE,2015-08-04 00:00:00,2015-08-04 16:07:52,Q2,307500000,202100000,105300000,0.342439,0.0,72700000,0.0,216585000,87100000,289200000,610000.0,14700000,32910000,0.107024,18200000,0.059187,-100000.0,17600000,0.057236,4700000.0,12900000,0.041951,0.30569,0.30569,42200000,42200000,https://www.sec.gov/Archives/edgar/data/1010612/000119312515276530/0001193125-15-276530-index.html,https://www.sec.gov/Archives/edgar/data/1010612/000119312515276530/d945232d10q.htm
0,2015-03-31,SYKE,2015-05-05 00:00:00,2015-05-05 16:10:30,Q1,323700000,213900000,109800000,0.339203,0.0,72700000,0.0,228417000,87200000.00000001,301100000,439000.0,14700000.000000002,36539000,0.112879,22500000,0.069509,300000.0,21400000,0.066111,5800000.0,15600000,0.048193,0.36792,0.36792,42400000,42400000,https://www.sec.gov/Archives/edgar/data/1010612/000119312515172058/0001193125-15-172058-index.html,https://www.sec.gov/Archives/edgar/data/1010612/000119312515172058/d884209d10q.htm
0,2014-12-31,SYKE,2015-02-19,2015-02-19 16:40:46,Q4,349900000,227800000,122100000,0.348957,0.0,76800000,0.0,240577000,89599999.99999997,317399999.99999994,496000.0,15000000,46596000,0.133169,32600000,0.093169,200000.0,31100000,0.088883,8600000.0,22500000,0.064304,0.52693,0.52693,42700000,42700000,https://www.sec.gov/Archives/edgar/data/1010612/000119312515054298/d849538d10k.htm,https://www.sec.gov/Archives/edgar/data/1010612/000119312515054298/d849538d10k.htm
0,2014-09-30,SYKE,2014-11-04 00:00:00,2014-11-04 16:06:26,Q3,332700000,221600000,111100000,0.333934,0.0,73900000,0.0,709087000,89000000.00000003,310600000.00000006,464000.0,15299999.999999996,37164000,0.111704,22100000,0.066426,0.0,21500000,0.064623,4800000.0,16600000,0.049895,0.38785,0.38785,42800000,42800000,https://www.sec.gov/Archives/edgar/data/1010612/000119312514396207/0001193125-14-396207-index.html,https://www.sec.gov/Archives/edgar/data/1010612/000119312514396207/d769773d10q.htm
0,2014-06-30,SYKE,2014-08-05 00:00:00,2014-08-05 16:09:14,Q2,320500000,221100000,99400000,0.31014,0.0,74000000,0.0,-236310000,89000000.00000003,310100000.00000006,552000.0,15200000.000000002,25452000,0.079413,10400000,0.032449,200000.0,9700000.0,0.030265,1400000.0,8300000.0,0.025897,0.19393,0.19393,42800000,42800000,https://www.sec.gov/Archives/edgar/data/1010612/000119312514295752/0001193125-14-295752-index.html,https://www.sec.gov/Archives/edgar/data/1010612/000119312514295752/d739072d10q.htm
0,2014-03-31,SYKE,2014-05-06 00:00:00,2014-05-06 16:06:31,Q1,324400000,221600000,102800000,0.316893,0.0,73400000,0.0,236574000,88400000,310000000,499000.0,15200000,30599000,0.094325,14500000,0.044698,100000.0,14900000,0.045931,4600000.0,10300000,0.031751,0.24065,0.24065,42800000,42800000,https://www.sec.gov/Archives/edgar/data/1010612/000119312514184828/0001193125-14-184828-index.html,https://www.sec.gov/Archives/edgar/data/1010612/000119312514184828/d692898d10q.htm
0,2013-12-31,SYKE,2014-02-20,2014-02-20 16:13:06,Q4,335300000,226400000,108900000,0.324784,0.0,74600000,0.0,241532000,89700000.00000001,316100000,591000.0,15200000.000000002,33791000,0.100778,19300000,0.05756,400000.0,18000000,0.053683,7000000.0,11000000,0.032806,0.25641,0.25641,42900000,42900000,https://www.sec.gov/Archives/edgar/data/1010612/000119312514060701/d644385d10k.htm,https://www.sec.gov/Archives/edgar/data/1010612/000119312514060701/d644385d10k.htm
0,2013-09-30,SYKE,2013-11-05 00:00:00,2013-11-05 14:22:06,Q3,322100000,215000000,107100000,0.332505,0.0,73900000,0.0,229377000,88399999.99999999,303400000,630000.0,14500000,33830000,0.105029,18800000,0.058367,300000.0,18700000,0.058057,4600000.0,14100000,0.043775,0.32944,0.32944,42800000,42800000,https://www.sec.gov/Archives/edgar/data/1010612/000119312513427362/0001193125-13-427362-index.html,https://www.sec.gov/Archives/edgar/data/1010612/000119312513427362/d591844d10q.htm
0,2013-06-30,SYKE,2013-08-06 00:00:00,2013-08-06 12:48:12,Q2,304700000,209600000,95100000,0.31211,0.0,74400000,0.0,223871000,89500000.00000003,299100000.00000006,578000.0,14100000.000000002,19578000,0.064253,5600000.0,0.018379,-100000.0,4900000.0,0.016081,-700000.0,5600000.0,0.018379,0.13023,0.13023,43000000,43000000,https://www.sec.gov/Archives/edgar/data/1010612/000119312513320982/0001193125-13-320982-index.html,https://www.sec.gov/Archives/edgar/data/1010612/000119312513320982/d546069d10q.htm
0,2013-03-31,SYKE,2013-05-10 00:00:00,2013-05-10 09:29:59,Q1,301200000,203700000,97500000,0.323705,0.0,73000000,0.0,217634000,87699999.99999999,291400000,508000.0,14200000,24408000,0.081036,9900000.0,0.032869,100000.0,9700000.0,0.032205,3200000.0,6500000.0,0.02158,0.15081,0.15081,43100000,43100000,https://www.sec.gov/Archives/edgar/data/1010612/000119312513212762/0001193125-13-212762-index.html,https://www.sec.gov/Archives/edgar/data/1010612/000119312513212762/d517829d10q.htm
0,2012-12-31,SYKE,2013-03-01 00:00:00,2013-03-01 16:18:06,Q4,304300000,201200000,103100000,0.33881,0.0,87000000,0.0,201453000,87900000.00000003,289100000.00000006,498000.0,19999999.999999996,35397999.99999999,0.116326,15100000,0.049622,200000.0,14900000,0.048965,1600000.0,13300000,0.043707,0.30858,0.30858,43100000,43100000,https://www.sec.gov/Archives/edgar/data/1010612/000119312513087726/0001193125-13-087726-index.html,https://www.sec.gov/Archives/edgar/data/1010612/000119312513087726/d450431d10k.htm
0,2012-09-30,SYKE,2012-11-09 00:00:00,2012-11-09 16:31:17,Q3,280500000,183600000,96900000,0.345455,0.0,72000000,0.0,183949000,88299999.99999999,271900000,1049000.0,13100000,21949000,0.07825,8700000.0,0.031016,300000.0,7800000.0,0.027807,-300000.0,8100000.0,0.028877,0.18837,0.18837,43000000,43000000,https://www.sec.gov/Archives/edgar/data/1010612/000119312512463412/0001193125-12-463412-index.html,https://www.sec.gov/Archives/edgar/data/1010612/000119312512463412/d409917d10q.htm
0,2012-06-30,SYKE,2012-08-09 00:00:00,2012-08-09 16:06:48,Q2,264800000,174600000,90200000,0.340634,0.0,81500000,0.0,174514000,81500000.00000003,256100000.00000003,-600000.0,13700000.000000002,21300000,0.080438,8700000.0,0.032855,200000.0,8300000.0,0.031344,500000.0,7700000.0,0.029079,0.17865,0.17865,43100000,43100000,https://www.sec.gov/Archives/edgar/data/1010612/000119312512347494/0001193125-12-347494-index.html,https://www.sec.gov/Archives/edgar/data/1010612/000119312512347494/d358892d10q.htm
0,2012-03-31,SYKE,2012-05-10,2012-05-10 16:07:12,Q1,278100000,178500000,99600000,0.358145,0.0,72300000,0.0,178649000,84899999.99999999,263399999.99999997,0.0,12500000,15100000,0.054297,14700000,0.052859,-600000.0,14100000,0.050701,3400000.0,-800000.0,-0.002877,-0.01848,-0.01848,43300000,43300000,https://www.sec.gov/Archives/edgar/data/1010612/000119312512089157/d274012d10k.htm,https://www.sec.gov/Archives/edgar/data/1010612/000119312512089157/d274012d10k.htm
0,2011-12-31,SYKE,2012-02-29 00:00:00,2012-02-29 16:13:55,Q4,276200000,182000000,94300000,0.341419,0.0,82100000,0.0,155361000,83399999.99999999,265399999.99999997,-100000.0,11899999.999999998,22000000,0.079652,10800000,0.039102,300000.0,11100000,0.040188,5100000.0,5100000.0,0.018465,0.1167,0.1167,43700000,43700000,https://www.sec.gov/Archives/edgar/data/1010612/000119312512089157/0001193125-12-089157-index.html,https://www.sec.gov/Archives/edgar/data/1010612/000119312512089157/d274012d10k.htm
0,2011-09-30,SYKE,2011-11-08 00:00:00,2011-11-08 11:26:40,Q3,293300000,189100000,104200000,0.355268,0.0,82600000,0.0,197513000,82100000,271200000,300000.0,13300000,34700000,0.118309,22100000,0.075349,-600000.0,21800000,0.074327,3000000.0,18100000,0.061712,0.39606,0.39606,45700000,45700000,https://www.sec.gov/Archives/edgar/data/1010612/000095012311096284/0000950123-11-096284-index.html,https://www.sec.gov/Archives/edgar/data/1010612/000095012311096284/b87829e10vq.htm
0,2011-06-30,SYKE,2011-08-09 00:00:00,2011-08-09 12:02:47,Q2,300300000,198800000,101500000,0.337995,0.0,88400000,0.0,409272000,84699999.99999999,283500000,-4309000.0,14100000.000000002,24491000,0.081555,16700000,0.055611,100000.0,16400000,0.054612,2700000.0,12000000,0.03996,0.25918,0.25918,46300000,46300000,https://www.sec.gov/Archives/edgar/data/1010612/000095012311074837/0000950123-11-074837-index.html,https://www.sec.gov/Archives/edgar/data/1010612/000095012311074837/b85763e10vq.htm
0,2011-03-31,SYKE,2011-05-05 00:00:00,2011-05-05 16:57:44,Q1,299500000,194100000,105400000,0.35192,0.0,88600000,0.0,204415000,89400000,283500000,407000.0,14200000,28407000,0.094848,15900000,0.053088,300000.0,14400000,0.04808,600000.0,13200000,0.044073,0.28326,0.28326,46600000,46600000,https://www.sec.gov/Archives/edgar/data/1010612/000095012311045728/0000950123-11-045728-index.html,https://www.sec.gov/Archives/edgar/data/1010612/000095012311045728/b86126e10vq.htm
0,2010-12-31,SYKE,2011-03-08 00:00:00,2011-03-08 17:02:24,Q4,300400000,191500000,108900000,0.362517,0.0,95000000,0.0,173066000,93300000.00000001,284800000,178000.0,14699999.999999996,1877999.999999996,0.006252,15600000,0.051931,-300000.0,15400000,0.051265,4000000.0,-17000000,-0.056591,-0.36481,-0.36481,46600000,46600000,https://www.sec.gov/Archives/edgar/data/1010612/000095012311023188/0000950123-11-023188-index.html,https://www.sec.gov/Archives/edgar/data/1010612/000095012311023188/b84685e10vk.htm
0,2010-09-30,SYKE,2010-11-02 00:00:00,2010-11-02 16:22:12,Q3,286500000,182800000,103700000,0.361955,0.0,85300000,0.0,203892000,88800000.00000001,271600000,1451000.0,15200000.000000004,27951000.000000004,0.09756,14900000,0.052007,-600000.0,13400000,0.046771,-2300000.0,13600000,0.047469,0.29185,0.29185,46600000,46600000,https://www.sec.gov/Archives/edgar/data/1010612/000095012310099460/0000950123-10-099460-index.html,https://www.sec.gov/Archives/edgar/data/1010612/000095012310099460/g25078e10vq.htm
0,2010-06-30,SYKE,2010-08-04 00:00:00,2010-08-04 16:16:59,Q2,280400000,180100000,100300000,0.357703,0.0,88200000,0.0,197244000,88299999.99999999,268399999.99999997,1586000.0,15200000,20286000,0.072347,12000000,0.042796,-3600000.0,7400000.0,0.026391,1000000.0,2500000.0,0.008916,0.05365,0.05365,46600000,46600000,https://www.sec.gov/Archives/edgar/data/1010612/000095012310072494/0000950123-10-072494-index.html,https://www.sec.gov/Archives/edgar/data/1010612/000095012310072494/g23506e10vq.htm
0,2010-03-31,SYKE,2010-05-04 00:00:00,2010-05-04 16:57:00,Q1,254600000,161100000,93500000,0.367243,0.0,98100000,0.0,178521000,98100000,259200000,2412000.0,12800000,5212000.0,0.020471,-4600000.0,-0.018068,-1400000.0,-7900000.0,-0.031029,-500000.0,-9500000.0,-0.037313,-0.213,-0.213,44600000,44600000,https://www.sec.gov/Archives/edgar/data/1010612/000095012310043636/0000950123-10-043636-index.html,https://www.sec.gov/Archives/edgar/data/1010612/000095012310043636/g23225e10vq.htm
0,2009-12-31,SYKE,2010-03-01 00:00:00,2010-03-01 17:26:43,Q4,213300000,136800000,76500000,0.35865,0.0,60400000,0.0,142540000,60500000,197300000,503000.0,7400000.000000002,21403000.000000004,0.100342,16100000,0.075481,-1200000.0,14900000,0.069855,18200000,-4700000.0,-0.022035,-0.1152,-0.1152,40800000,40800000,https://www.sec.gov/Archives/edgar/data/1010612/000095012310019499/0000950123-10-019499-index.html,https://www.sec.gov/Archives/edgar/data/1010612/000095012310019499/g21309e10vk.htm
0,2009-09-30,SYKE,2009-11-03 00:00:00,2009-11-03 14:25:34,Q3,188200000,115600000,72500000,0.385228,0.0,49800000,0.0,134753000,50099999.99999999,165700000,139000.0,6999999.999999998,28338999.999999996,0.150579,22400000,0.119022,1400000.0,22700000,0.120616,2400000.0,18800000,0.099894,0.44656,0.44656,42100000,42100000,https://www.sec.gov/Archives/edgar/data/1010612/000095012309056796/0000950123-09-056796-index.html,https://www.sec.gov/Archives/edgar/data/1010612/000095012309056796/g21025e10vq.htm
0,2009-06-30,SYKE,2009-08-05 00:00:00,2009-08-05 16:46:47,Q2,208800000,133700000,75100000,0.359674,0.0,56500000,0.0,135311000,60200000.00000002,193900000.00000003,237000.0,7100000.000000001,22937000,0.109852,15000000,0.071839,300000.0,15600000,0.074713,1300000.0,14300000,0.068487,0.34878,0.34878,41000000,41000000,https://www.sec.gov/Archives/edgar/data/1010612/000095012309030348/0000950123-09-030348-index.html,https://www.sec.gov/Archives/edgar/data/1010612/000095012309030348/g19887e10vq.htm
0,2009-03-31,SYKE,2009-05-06 00:00:00,2009-05-06 12:49:34,Q1,203200000,130300000,73000000,0.359252,0.0,55500000,0.0,130253000,55399999.99999998,185699999.99999997,114000.0,6800000.0,26014000,0.128022,17500000,0.086122,800000.0,19100000,0.093996,4300000.0,14800000,0.072835,0.36098,0.36098,41000000,41000000,https://www.sec.gov/Archives/edgar/data/1010612/000095014409003948/0000950144-09-003948-index.html,https://www.sec.gov/Archives/edgar/data/1010612/000095014409003948/g18923e10vq.htm
0,2008-12-31,SYKE,2009-03-10 00:00:00,2009-03-10 16:16:35,Q4,200800000,128900000,71800000,0.35757,0.0,57900000,0.0,129258000,58299999.99999998,187199999.99999997,159000.0,6899999.999999999,25759000,0.128282,13600000,0.067729,4300000.0,18800000,0.093625,11100000,7600000.0,0.037849,0.18491,0.18491,41100000,41100000,https://www.sec.gov/Archives/edgar/data/1010612/000095014409002048/0000950144-09-002048-index.html,https://www.sec.gov/Archives/edgar/data/1010612/000095014409002048/g17759e10vk.htm
0,2008-09-30,SYKE,2008-11-05 00:00:00,2008-11-05 16:35:12,Q3,207100000,130500000,76600000,0.36987,0.0,57300000,0.0,130509000,57300000.00000001,187800000,47000.0,6900000.000000002,30147000.000000004,0.145567,19300000,0.093192,2700000.0,23200000,0.112023,3700000.0,19500000,0.094157,0.47445,0.47445,41100000,41100000,https://www.sec.gov/Archives/edgar/data/1010612/000095014408008167/0000950144-08-008167-index.html,https://www.sec.gov/Archives/edgar/data/1010612/000095014408008167/g16393e10vq.htm
0,2008-06-30,SYKE,2008-08-06 00:00:00,2008-08-06 16:37:46,Q2,207600000,133700000,73900000,0.355973,0.0,57400000,0.0,133708000,57400000.00000001,191100000,125000.0,7199999.999999999,28725000,0.138367,16600000,0.079961,3700000.0,21400000,0.103083,3700000.0,17700000,0.08526,0.43171,0.43171,41000000,41000000,https://www.sec.gov/Archives/edgar/data/1010612/000095014408006092/0000950144-08-006092-index.html,https://www.sec.gov/Archives/edgar/data/1010612/000095014408006092/g14530ae10vq.htm
0,2008-03-31,SYKE,2008-05-07 00:00:00,2008-05-07 16:41:32,Q1,203700000,131000000,72700000,0.356897,0.0,56400000,0.0,130980000,56400000.00000001,187400000,102000.0,7000000.0,25702000,0.126176,16300000,0.08002,500000.0,18600000,0.091311,2900000.0,15700000,0.077074,0.3848,0.3848,40800000,40800000,https://www.sec.gov/Archives/edgar/data/1010612/000095014408003747/0000950144-08-003747-index.html,https://www.sec.gov/Archives/edgar/data/1010612/000095014408003747/g13269e10vq.htm
0,2007-12-31,SYKE,2008-03-13,2008-03-13 16:26:41,Q4,197700000,124200000,73500000,0.371775,0.0,56600000,0.0,-329658000,58300000,182500000,265000.0,6899999.999999999,22665000,0.114643,15300000,0.07739,-1400000.0,15400000,0.077896,6000000.0,9500000.0,0.048053,0.23227,0.23227,40900000,40900000,https://www.sec.gov/Archives/edgar/data/1010612/000095014408001903/g12247e10vk.htm,https://www.sec.gov/Archives/edgar/data/1010612/000095014408001903/g12247e10vk.htm
0,2007-09-30,SYKE,2007-11-06 00:00:00,2007-11-06 16:24:49,Q3,176100000,110800000,65300000,0.370812,0.0,50500000,0.0,110740000,50399999.99999999,161200000,230000.0,6300000.000000001,22630000,0.128507,14900000,0.084611,-200000.0,16000000,0.090857,3800000.0,12300000,0.069847,0.30221,0.30221,40700000,40700000,https://www.sec.gov/Archives/edgar/data/1010612/000095014407009949/0000950144-07-009949-index.html,https://www.sec.gov/Archives/edgar/data/1010612/000095014407009949/g10370e10vq.htm
0,2007-06-30,SYKE,2007-08-09 00:00:00,2007-08-09 16:11:37,Q2,168300000,110500000,57800000,0.343434,0.0,50400000,0.0,110464000,50300000.00000001,160800000,155000.0,6000000.0,14255000,0.0847,7500000.0,0.044563,-600000.0,8100000.0,0.048128,1800000.0,6300000.0,0.037433,0.15479,0.15479,40700000,40700000,https://www.sec.gov/Archives/edgar/data/1010612/000095014407007587/0000950144-07-007587-index.html,https://www.sec.gov/Archives/edgar/data/1010612/000095014407007587/g08900e10vq.htm
0,2007-03-31,SYKE,2007-05-10 00:00:00,2007-05-10 16:14:42,Q1,168000000,105900000,62100000,0.369643,0.0,48600000,0.0,105871000,48500000,154400000,153000.0,6000000.0,20653000,0.122935,13600000,0.080952,-300000.0,14500000,0.08631,2700000.0,11800000,0.070238,0.29064,0.29064,40600000,40600000,https://www.sec.gov/Archives/edgar/data/1010612/000095014407004605/0000950144-07-004605-index.html,https://www.sec.gov/Archives/edgar/data/1010612/000095014407004605/g07326e10vq.htm
0,2006-12-31,SYKE,2007-03-13,2007-03-13 17:16:12,Q4,158600000,102200000,56400000,0.355612,0.0,46100000,0.0,102365000,46300000,148500000,211000.0,6500000.0,17611000,0.11104,10200000,0.064313,-700000.0,10900000,0.068726,2800000.0,8100000.0,0.051072,0.19951,0.19951,40600000,40600000,https://www.sec.gov/Archives/edgar/data/1010612/000095014407002129/g04918e10vk.htm,https://www.sec.gov/Archives/edgar/data/1010612/000095014407002129/g04918e10vk.htm
0,2006-09-30,SYKE,2006-11-07 00:00:00,2006-11-07 17:17:06,Q3,149300000,94000000,55300000,0.370395,0.0,47300000,0.0,80209000,33500000,127500000,187000.0,6299999.999999999,29587000,0.198171,21800000,0.146015,100000.0,23100000,0.154722,6600000.0,16500000,0.110516,0.40741,0.40741,40500000,40500000,https://www.sec.gov/Archives/edgar/data/1010612/000095014406010415/0000950144-06-010415-index.html,https://www.sec.gov/Archives/edgar/data/1010612/000095014406010415/g04150e10vq.htm
0,2006-06-30,SYKE,2006-08-08,2006-08-08 15:42:41,Q2,135200000,86400000,48800000,0.360947,0.0,42300000,0.0,86383000,42299999.99999998,128699999.99999999,183000.0,5800000.000000001,15783000.000000002,0.116738,6500000.0,0.048077,600000.0,9800000.0,0.072485,-2000000.0,11800000,0.087278,0.2928,0.2928,40300000,40300000,https://www.sec.gov/Archives/edgar/data/1010612/000095014406007526/g02780e10vq.htm,https://www.sec.gov/Archives/edgar/data/1010612/000095014406007526/g02780e10vq.htm
0,2006-03-31,SYKE,2006-05-10,2006-05-10 14:10:38,Q1,131100000,83000000,48100000,0.366895,0.0,41000000,0.0,83407000,41400000.00000001,124400000,93000.0,6100000.0,13893000,0.105973,6700000.0,0.051106,100000.0,7700000.0,0.058734,1800000.0,5900000.0,0.045004,0.14824,0.14824,39800000,39800000,https://www.sec.gov/Archives/edgar/data/1010612/000095014406002231/g00152e10vk.htm,https://www.sec.gov/Archives/edgar/data/1010612/000095014406002231/g00152e10vk.htm
0,2005-12-31,SYKE,2006-03-14,2006-03-14 17:18:25,Q4,128800000,80900000,47900000,0.371894,0.0,38800000,0.0,80867000,38800000,119700000,667000.0,6000000.0,16367000,0.127073,9100000.0,0.070652,-200000.0,9700000.0,0.075311,1100000.0,8600000.0,0.06677,0.21662,0.21662,39700000,39700000,https://www.sec.gov/Archives/edgar/data/1010612/000095014406002231/g00152e10vk.htm,https://www.sec.gov/Archives/edgar/data/1010612/000095014406002231/g00152e10vk.htm
0,2005-09-30,SYKE,2005-11-23,2005-11-23 16:07:56,Q3,122600000,75200000,47300000,0.385808,0.0,40400000,0.0,75805000,41000000,116200000,600000.0,6599999.999999998,14899999.999999998,0.121533,6400000.0,0.052202,700000.0,7700000.0,0.062806,800000.0,6900000.0,0.056281,0.17424,0.17424,39600000,39600000,https://www.sec.gov/Archives/edgar/data/1010612/000095014405012189/g98222e10vq.htm,https://www.sec.gov/Archives/edgar/data/1010612/000095014405012189/g98222e10vq.htm
0,2005-06-30,SYKE,2005-08-09,2005-08-09 16:06:01,Q2,122200000,76000000,46200000,0.378069,0.0,41400000,0.0,74343000,39700000,115700000,100000.0,6200000.000000001,13700000.000000002,0.112111,6500000.0,0.053191,800000.0,7400000.0,0.060556,2400000.0,5000000.0,0.040917,0.1269,0.1269,39400000,39400000,https://www.sec.gov/Archives/edgar/data/1010612/000095014405008475/g96795e10vq.htm,https://www.sec.gov/Archives/edgar/data/1010612/000095014405008475/g96795e10vq.htm
0,2005-03-31,SYKE,2005-05-09 00:00:00,2005-05-09 16:32:24,Q1,121400000,77400000,43900000,0.361614,0.0,39900000,0.0,77102000,39599999.99999999,117000000,400000.0,7100000.0,11900000,0.098023,4400000.0,0.036244,-400000.0,4300000.0,0.03542,1400000.0,3000000.0,0.024712,0.07634,0.07634,39300000,39300000,https://www.sec.gov/Archives/edgar/data/1010612/000095014405005126/0000950144-05-005126-index.html,https://www.sec.gov/Archives/edgar/data/1010612/000095014405005126/g95166e10vq.htm
0,2004-12-31,SYKE,2005-03-23 00:00:00,2005-03-22 19:39:57,Q4,120700000,72800000,47900000,0.396852,0.0,41300000,0.0,68059000,36600000.00000001,109400000.00000001,300000.0,7000000.0,18800000,0.155758,11400000,0.094449,-100000.0,11500000,0.095278,3100000.0,8400000.0,0.069594,0.21374,0.21374,39300000,39300000,https://www.sec.gov/Archives/edgar/data/1010612/000095014405002959/0000950144-05-002959-index.html,https://www.sec.gov/Archives/edgar/data/1010612/000095014405002959/g93791e10vk.htm
0,2004-09-30,SYKE,2004-11-09 00:00:00,2004-11-09 14:11:51,Q3,111500000,70600000,40900000,0.366816,0.0,41300000,0.0,67704000,38400000.00000001,109000000,100000.0,7399999.999999999,9999999.999999998,0.089686,2500000.0,0.022422,-100000.0,2500000.0,0.022422,1400000.0,1100000.0,0.009865,0.02799,0.02799,39300000,39300000,https://www.sec.gov/Archives/edgar/data/1010612/000095014404010729/0000950144-04-010729-index.html,https://www.sec.gov/Archives/edgar/data/1010612/000095014404010729/g91720e10vq.htm
0,2004-06-30,SYKE,2004-08-09 00:00:00,2004-08-09 16:06:25,Q2,113500000,73900000,39600000,0.348899,0.0,41300000,0.0,72473000,39899999.99999999,113799999.99999999,900000.0,7900000.0,10400000,0.09163,-300000.0,-0.002643,1000000.0,1600000.0,0.014097,500000.0,1100000.0,0.009692,0.0275,0.0275,40000000,40000000,https://www.sec.gov/Archives/edgar/data/1010612/000095014404007965/0000950144-04-007965-index.html,https://www.sec.gov/Archives/edgar/data/1010612/000095014404007965/g90301e10vq.htm
0,2004-03-31,SYKE,2004-05-05 00:00:00,2004-05-05 11:42:42,Q1,121000000,83400000,37700000,0.31157,0.0,41300000,0.0,80648000,38500000,121900000,400000.0,7900000.0,8600000.0,0.071074,-900000.0,-0.007438,800000.0,300000.0,0.002479,100000.0,200000.0,0.001653,0.00495,0.00495,40400000,40400000,https://www.sec.gov/Archives/edgar/data/1010612/000095014404004851/0000950144-04-004851-index.html,https://www.sec.gov/Archives/edgar/data/1010612/000095014404004851/g88881e10vq.htm
0,2003-12-31,SYKE,2004-03-10 00:00:00,2004-03-10 15:37:43,Q4,124200000,79100000,45100000,0.363124,0.0,43100000,0.0,78626000,42600000.00000001,121700000.00000001,300000.0,7100000.000000001,11200000.000000002,0.090177,2500000.0,0.020129,1100000.0,3800000.0,0.030596,1200000.0,2600000.0,0.020934,0.06436,0.06436,40400000,40400000,https://www.sec.gov/Archives/edgar/data/1010612/000095014404002242/0000950144-04-002242-index.html,https://www.sec.gov/Archives/edgar/data/1010612/000095014404002242/g87438e10vk.htm
0,2003-09-30,SYKE,2003-11-10 00:00:00,2003-11-10 16:17:17,Q3,119900000,76500000,43400000,0.361968,0.0,39900000,0.0,74758000,37900000.00000001,114400000,300000.0,6800000.000000001,13000000.000000002,0.108424,5500000.0,0.045872,200000.0,6000000.0,0.050042,2000000.0,3900000.0,0.032527,0.0963,0.0963,40500000,40500000,https://www.sec.gov/Archives/edgar/data/1010612/000095014403012504/0000950144-03-012504-index.html,https://www.sec.gov/Archives/edgar/data/1010612/000095014403012504/g85713e10vq.htm
0,2003-06-30,SYKE,2003-08-11 00:00:00,2003-08-11 15:17:50,Q2,118900000,76500000,42400000,0.356602,0.0,38900000,0.0,76508000,39000000,115500000,400000.0,7299999.999999999,11599999.999999998,0.097561,3400000.0,0.028595,100000.0,3900000.0,0.032801,1300000.0,2600000.0,0.021867,0.06373,0.06373,40800000,40800000,https://www.sec.gov/Archives/edgar/data/1010612/000095014403009653/0000950144-03-009653-index.html,https://www.sec.gov/Archives/edgar/data/1010612/000095014403009653/g84322e10vq.htm
0,2003-03-31,SYKE,2003-05-12 00:00:00,2003-05-12 17:20:51,Q1,117300000,77400000,39900000,0.340153,0.0,39900000,0.0,77356000,39899999.99999999,117299999.99999999,300000.0,8900000.0,9500000.0,0.080989,0.0,0.0,0.0,300000.0,0.002558,100000.0,200000.0,0.001705,0.00495,0.00495,40400000,40400000,https://www.sec.gov/Archives/edgar/data/1010612/000095014403006457/0000950144-03-006457-index.html,https://www.sec.gov/Archives/edgar/data/1010612/000095014403006457/g82655e10vq.htm
0,2002-12-31,SYKE,2003-03-24 00:00:00,2003-03-24 16:45:31,Q4,113500000,74400000,39200000,0.345374,0.0,40600000,0.0,96642000,62799999.99999998,137199999.99999997,0.0,9199999.999999996,-14100000.000000004,-0.124229,-23700000,-0.208811,300000.0,-23300000,-0.205286,-5400000.0,-17900000,-0.157709,-0.44307,-0.44307,40400000,40400000,https://www.sec.gov/Archives/edgar/data/1010612/000095014403003631/0000950144-03-003631-index.html,https://www.sec.gov/Archives/edgar/data/1010612/000095014403003631/g81313e10vk.htm
0,2002-09-30,SYKE,2002-11-14 00:00:00,2002-11-14 13:31:01,Q3,109700000,69900000,39700000,0.361896,0.0,37600000,0.0,69910000,50199999.99999999,120099999.99999999,300000.0,8900000.000000002,-899999.999999998,-0.008204,-10400000,-0.094804,0.0,-10100000,-0.092069,-3400000.0,-6700000.0,-0.061076,-0.16584,-0.16584,40400000,40400000,https://www.sec.gov/Archives/edgar/data/1010612/000095014402011829/0000950144-02-011829-index.html,https://www.sec.gov/Archives/edgar/data/1010612/000095014402011829/g79235e10vq.htm
0,2002-06-30,SYKE,2002-08-12 00:00:00,2002-08-12 17:08:38,Q2,112800000,70200000,42700000,0.378546,0.0,38000000,0.0,0.0,38200000,108400000,0.0,8200000.0,12400000,0.109929,4400000.0,0.039007,-100000.0,4300000.0,0.038121,1500000.0,2700000.0,0.023936,0.06618,0.06618,40800000,40800000,https://www.sec.gov/Archives/edgar/data/1010612/000095014402008288/0000950144-02-008288-index.html,https://www.sec.gov/Archives/edgar/data/1010612/000095014402008288/g77695e10vq.htm
0,2002-03-31,SYKE,2002-05-10 00:00:00,2002-05-09 21:43:08,Q1,116700000,72700000,44000000,0.377035,0.0,39400000,0.0,0.0,39399999.99999999,112099999.99999999,100000.0,8000000.0,12800000,0.109683,4600000.0,0.039417,0.0,4700000.0,0.040274,1500000.0,3200000.0,0.027421,0.07882,0.07882,40600000,40600000,https://www.sec.gov/Archives/edgar/data/1010612/000095014402004999/0000950144-02-004999-index.html,https://www.sec.gov/Archives/edgar/data/1010612/000095014402004999/g76080e10-q.htm
0,2001-12-31,SYKE,,,Q4,120300000,76700000,43600000,0.362427,0.0,41400000,0.0,0.0,57499999.999999985,134199999.99999999,200000.0,8299999.999999997,-5200000.000000003,-0.043225,-13900000,-0.115544,-100000.0,-13800000,-0.114713,-4400000.0,-9300000.0,-0.077307,-0.23134,-0.23134,40200000,40200000,,
0,2001-09-30,SYKE,2001-11-14 00:00:00,2001-11-14 00:00:00,Q3,112700000,71300000,41400000,0.367347,0.0,40500000,0.0,0.0,40500000,111800000,100000.0,8300000.0,9400000.0,0.083407,900000.0,0.007986,100000.0,1000000.0,0.008873,-700000.0,1700000.0,0.015084,0.04198,0.04198,40500000,40500000,https://www.sec.gov/Archives/edgar/data/1010612/000095014401509255/0000950144-01-509255-index.html,https://www.sec.gov/Archives/edgar/data/1010612/000095014401509255/g72666e10-q.txt
0,2001-06-30,SYKE,2001-08-14 00:00:00,2001-08-14 00:00:00,Q2,123300000,78400000,44800000,0.363341,0.0,40200000,0.0,0.0,40199999.99999999,118599999.99999999,100000.0,9400000.0,14300000,0.115977,4600000.0,0.037307,0.0,4800000.0,0.038929,1800000.0,3000000.0,0.024331,0.07407,0.07407,40500000,40500000,https://www.sec.gov/Archives/edgar/data/1010612/000095014401505929/0000950144-01-505929-index.html,https://www.sec.gov/Archives/edgar/data/1010612/000095014401505929/g71020e10-q.txt
0,2001-03-31,SYKE,2001-05-07 00:00:00,2001-05-07 00:00:00,Q1,140400000,88700000,51700000,0.368234,0.0,43200000,0.0,0.0,43300000,132000000,0.0,8900000.0,17000000,0.121083,8500000.0,0.060541,-400000.0,8100000.0,0.057692,3100000.0,5000000.0,0.035613,0.12407,0.12407,40300000,40300000,https://www.sec.gov/Archives/edgar/data/1010612/000095014401501588/0000950144-01-501588-index.html,https://www.sec.gov/Archives/edgar/data/1010612/000095014401501588/g69039e10-q.txt
0,2000-12-31,SYKE,2001-03-27 00:00:00,2001-03-27 00:00:00,Q4,148100000,94000000,54100000,0.365294,0.0,48600000,0.0,0.0,69400000,163400000,-200000.0,9299999.999999996,-5400000.000000003,-0.036462,-15300000,-0.103309,1000000.0,-14500000,-0.097907,-3800000.0,-10700000,-0.072248,-0.26485,-0.26485,40400000,40400000,https://www.sec.gov/Archives/edgar/data/1010612/000095014401004050/0000950144-01-004050-index.html,https://www.sec.gov/Archives/edgar/data/1010612/000095014401004050/g67861e10-k.txt
0,2000-09-30,SYKE,2000-11-20 00:00:00,2000-11-20 00:00:00,Q3,137000000,87900000,49000000,0.357664,0.0,52100000,0.0,0.0,52099999.99999999,140000000,-400000.0,8200000.0,3300000.0,0.024088,-3100000.0,-0.022628,-1100000.0,-4500000.0,-0.032847,-1700000.0,-2800000.0,-0.020438,-0.06813,-0.06813,41100000,41100000,https://www.sec.gov/Archives/edgar/data/1010612/000095014400014274/0000950144-00-014274-index.html,https://www.sec.gov/Archives/edgar/data/1010612/000095014400014274/g65601e10-q.txt
0,2000-06-30,SYKE,2000-08-14 00:00:00,2000-08-14 00:00:00,Q2,155800000,98400000,57400000,0.368421,0.0,55600000,0.0,0.0,65299999.99999998,163699999.99999997,82900000,9900000.0,168000000,1.078306,-7900000.0,-0.050706,100000.0,75200000,0.48267,21700000,53500000,0.343389,1.27078,1.27078,42100000,42100000,https://www.sec.gov/Archives/edgar/data/1010612/000095014400010304/0000950144-00-010304-index.html,https://www.sec.gov/Archives/edgar/data/1010612/000095014400010304/e10-q.txt
0,2000-03-31,SYKE,2000-05-12 00:00:00,2000-05-12 00:00:00,Q1,162700000,101900000,60800000,0.373694,0.0,46900000,0.0,0.0,46900000.00000001,148800000,-1200000.0,9400000.0,19900000,0.122311,13900000,0.085433,0.0,12700000,0.078058,4900000.0,6800000.0,0.041795,0.15851,0.15851,42900000,42900000,https://www.sec.gov/Archives/edgar/data/1010612/000095014400006548/0000950144-00-006548-index.html,https://www.sec.gov/Archives/edgar/data/1010612/0000950144-00-006548.txt
0,1999-12-31,SYKE,,,Q4,159400000,105100000,54300000,0.340652,0.0,43300000,0.0,0.0,49300000.00000001,154400000,-1100000.0,11800000,14600000,0.091593,5100000.0,0.031995,0.0,4000000.0,0.025094,1500000.0,2400000.0,0.015056,0.05581,0.05581,43000000,43000000,,
0,1999-09-30,SYKE,1999-11-15 00:00:00,1999-11-15 00:00:00,Q3,141000000,92500000,48400000,0.343262,0.0,40400000,0.0,0.0,40400000.00000001,132900000,-1100000.0,9400000.000000002,15400000.000000002,0.10922,8100000.0,0.057447,100000.0,7100000.0,0.050355,2800000.0,4300000.0,0.030496,0.1,0.1,43000000,43000000,https://www.sec.gov/Archives/edgar/data/1010612/000089706999000555/0000897069-99-000555-index.html,https://www.sec.gov/Archives/edgar/data/1010612/0000897069-99-000555.txt
0,1999-06-30,SYKE,1999-08-13 00:00:00,1999-08-13 00:00:00,Q2,136000000,88900000,47000000,0.345588,0.0,37800000,0.0,0.0,37800000,126700000,-900000.0,7799999.999999999,15199999.999999998,0.111765,9300000.0,0.068382,0.0,8400000.0,0.061765,3200000.0,5100000.0,0.0375,0.11833,0.11833,43100000,43100000,https://www.sec.gov/Archives/edgar/data/1010612/000089706999000421/0000897069-99-000421-index.html,https://www.sec.gov/Archives/edgar/data/1010612/0000897069-99-000421.txt
0,1999-03-31,SYKE,1999-05-13 00:00:00,1999-05-13 00:00:00,Q1,136400000,83200000,53100000,0.389296,0.0,36300000,0.0,0.0,36300000,119500000,-700000.0,8600000.0,24200000,0.177419,16900000,0.1239,100000.0,16300000,0.119501,6300000.0,10000000,0.073314,0.23364,0.23364,42800000,42800000,https://www.sec.gov/Archives/edgar/data/1010612/000089706999000298/0000897069-99-000298-index.html,https://www.sec.gov/Archives/edgar/data/1010612/0000897069-99-000298.txt
0,1998-12-31,SYKE,,,Q4,142400000,87100000,55300000,0.388343,0.0,36700000,0.0,0.0,36700000,123800000,-800000.0,8500000.0,18200000,0.127809,18600000,0.130618,-7300000.0,10500000,0.073736,7300000.0,3200000.0,0.022472,0.07373,0.07373,43400000,43400000,,
0,1998-09-30,SYKE,1998-11-05 00:00:00,1998-11-05 00:00:00,Q3,118300000,72800000,45500000,0.384615,0.0,31300000,0.0,0.0,31299999.999999996,104100000,-500000.0,5800000.000000001,19000000,0.160609,14200000,0.120034,0.0,13700000,0.115807,5300000.0,8400000.0,0.071006,0.20339,0.20339,41300000,41300000,https://www.sec.gov/Archives/edgar/data/1010612/000089706998000536/0000897069-98-000536-index.html,https://www.sec.gov/Archives/edgar/data/1010612/0000897069-98-000536.txt
0,1998-06-30,SYKE,1998-07-28 00:00:00,1998-07-28 00:00:00,Q2,110700000,68800000,41900000,0.3785,0.0,28800000,0.0,0.0,28799999.999999996,97600000,200000.0,3300000.0,16800000,0.151762,13100000,0.118338,0.0,13300000,0.120145,5000000.0,8300000.0,0.074977,0.19668,0.19668,42200000,42200000,https://www.sec.gov/Archives/edgar/data/1010612/000089706998000393/0000897069-98-000393-index.html,https://www.sec.gov/Archives/edgar/data/1010612/0000897069-98-000393.txt
0,1998-03-31,SYKE,1998-04-28 00:00:00,1998-04-28 00:00:00,Q1,98100000,61200000,36900000,0.376147,0.0,26300000,0.0,0.0,26299999.999999996,87500000,-3800000.0,4200000.0,7200000.0,0.073394,10600000,0.108053,0.0,6800000.0,0.069317,3900000.0,2900000.0,0.029562,0.06872,0.06872,42200000,42200000,https://www.sec.gov/Archives/edgar/data/1010612/000095014498005234/0000950144-98-005234-index.html,https://www.sec.gov/Archives/edgar/data/1010612/0000950144-98-005234.txt
0,1997-12-31,SYKE,,,Q4,87600000,55400000,32200000,0.36758,0.0,24600000,0.0,0.0,24600000,80000000,0.0,6699999.999999999,10599999.999999998,0.121005,7600000.0,0.086758,-3700000.0,3900000.0,0.044521,2500000.0,1400000.0,0.015982,0.03483,0.03483,40200000,40200000,,
0,1997-09-28,SYKE,1997-11-12 00:00:00,1997-11-12 00:00:00,Q3,79800000,50800000,29000000,0.363409,0.0,21600000,0.0,0.0,21600000.00000001,72400000.00000001,-100000.0,2400000.0000000005,9800000.0,0.122807,7400000.0,0.092732,100000.0,7500000.0,0.093985,2700000.0,4800000.0,0.06015,0.11911,0.11911,40300000,40300000,https://www.sec.gov/Archives/edgar/data/1010612/000089706997000447/0000897069-97-000447-index.html,https://www.sec.gov/Archives/edgar/data/1010612/0000897069-97-000447.txt
0,1997-06-29,SYKE,1997-08-18 00:00:00,1997-08-18 00:00:00,Q2,79200000,49600000,29600000,0.373737,0.0,22200000,0.0,0.0,32600000,82200000,100000.0,3399999.9999999995,599999.9999999995,0.007576,-3000000.0,-0.037879,0.0,-2900000.0,-0.036616,2700000.0,-5600000.0,-0.070707,-0.14359,-0.14359,39000000,39000000,https://www.sec.gov/Archives/edgar/data/1010612/000089706997000357/0000897069-97-000357-index.html,https://www.sec.gov/Archives/edgar/data/1010612/0000897069-97-000357.txt
0,1997-03-30,SYKE,1997-05-08 00:00:00,1997-05-08 00:00:00,Q1,66600000,39600000,27000000,0.405405,0.0,19300000,0.0,0.0,19299999.999999996,58900000,400000.0,2700000.0,11100000,0.166667,7700000.0,0.115616,100000.0,8100000.0,0.121622,2900000.0,5100000.0,0.076577,0.12687,0.12687,40200000,40200000,https://www.sec.gov/Archives/edgar/data/1010612/000089706997000204/0000897069-97-000204-index.html,https://www.sec.gov/Archives/edgar/data/1010612/0000897069-97-000204.txt
0,1996-12-31,SYKE,,,Q4,64800000,39300000,25500000,0.393519,0.0,20500000,0.0,0.0,20500000,59800000,0.0,4500000.0,9700000.0,0.149691,5000000.0,0.07716,300000.0,5200000.0,0.080247,2000000.0,3200000.0,0.049383,0.08142,0.08142,39300000,39300000,,
0,1996-09-29,SYKE,1996-11-13 00:00:00,1996-11-13 00:00:00,Q3,52200000,32900000,19200000,0.367816,0.0,16400000,0.0,0.0,16400000,49300000,0.0,1700000.0000000002,4700000.0,0.090038,2900000.0,0.055556,100000.0,2900000.0,0.055556,1300000.0,1700000.0,0.032567,0.04521,0.04521,37600000,37600000,https://www.sec.gov/Archives/edgar/data/1010612/000089706996000378/0000897069-96-000378-index.html,https://www.sec.gov/Archives/edgar/data/1010612/0000897069-96-000378.txt
0,1996-06-30,SYKE,1996-08-14 00:00:00,1996-08-14 00:00:00,Q2,50300000,30600000,19700000,0.39165,0.0,15600000,0.0,0.0,15600000.000000002,46200000,0.0,1600000.0,5500000.0,0.109344,4000000.0,0.079523,-100000.0,3900000.0,0.077535,1800000.0,2100000.0,0.04175,0.05882,0.05882,35700000,35700000,https://www.sec.gov/Archives/edgar/data/1010612/000089706996000252/0000897069-96-000252-index.html,https://www.sec.gov/Archives/edgar/data/1010612/0000897069-96-000252.txt
