,date,symbol,fillingDate,acceptedDate,period,revenue,costOfRevenue,grossProfit,grossProfitRatio,researchAndDevelopmentExpenses,generalAndAdministrativeExpenses,sellingAndMarketingExpenses,otherExpenses,operatingExpenses,costAndExpenses,interestExpense,depreciationAndAmortization,ebitda,ebitdaratio,operatingIncome,operatingIncomeRatio,totalOtherIncomeExpensesNet,incomeBeforeTax,incomeBeforeTaxRatio,incomeTaxExpense,netIncome,netIncomeRatio,eps,epsdiluted,weightedAverageShsOut,weightedAverageShsOutDil,link,finalLink
0,2020-09-30,CTS,2020-10-29,2020-10-29 14:52:49,Q3,113777000,76871000,36906000,0.32437135800733014,5723000.0,16883000,0.0,1617000.0,22606000,99477000,857000.0,6676000.0,20912000,0.1837981314325391,14236000,0.12512194907582377,1617000.0,14236000,0.12512194907582377,3163000.0,11073000,0.09732195434929732,0.61,0.61,32331000,32331000,https://www.sec.gov/Archives/edgar/data/26058/000156459020048770/0001564590-20-048770-index.htm,https://www.sec.gov/Archives/edgar/data/26058/000156459020048770/cts-10q_20200930.htm
0,2020-06-30,CTS,2020-07-31,2020-07-31 13:36:25,Q2,84197000,57630000,26567000,0.3155338076178486,5522000.0,14668000,0.0,256000.0,20324999.999999996,77955000,909000.0,6611000.000000001,13413000.000000002,0.159305,6242000.0,0.074136,256000.0,5893000.0,0.069991,1036000.0,4857000.0,0.057686,0.14943,0.14943,32504000,32504000,https://www.sec.gov/Archives/edgar/data/26058/000002605820000051/0000026058-20-000051-index.htm,https://www.sec.gov/Archives/edgar/data/26058/000002605820000051/cts10-q063020.htm
0,2020-03-31,CTS,2020-04-24 00:00:00,2020-04-24 13:45:51,Q1,103075000,70176000,32899000,0.319175,7408000.0,16754000,0.0,-1982000.0,24406999.999999996,94583000,851000.0,6532000.0,13373000,0.12974,8492000.0,0.082387,-1982000.0,5990000.0,0.058113,2182000.0,3808000.0,0.036944,0.11612,0.11612,32793000,32793000,https://www.sec.gov/Archives/edgar/data/26058/000002605820000032/0000026058-20-000032-index.html,https://www.sec.gov/Archives/edgar/data/26058/000002605820000032/cts10-q033120.htm
0,2019-12-31,CTS,2020-02-20 00:00:00,2020-02-20 11:55:45,Q4,115040000,76340000,38700000,0.336405,6113000.0,18067000,0.0,1008000.0,26308999.999999996,102649000,903000.0,6580999.999999999,20321000,0.176643,12391000,0.10771,1008000.0,12837000,0.111587,2775000.0,10062000,0.087465,0.3056,0.3056,32925000,32925000,https://www.sec.gov/Archives/edgar/data/26058/000002605820000016/0000026058-20-000016-index.html,https://www.sec.gov/Archives/edgar/data/26058/000002605820000016/ctscorp-20191231x10xk.htm
0,2019-09-30,CTS,2019-10-24 00:00:00,2019-10-24 15:10:26,Q3,115651000,78594000,37057000,0.320421,6806000.0,17797000,0.0,-2636000.0,26933000.000000007,105527000,812000.0,6119000.0,14131000,0.122187,10124000,0.087539,-2636000.0,7200000.0,0.062256,4478000.0,2722000.0,0.023536,0.08232,0.08232,33067000,33067000,https://www.sec.gov/Archives/edgar/data/26058/000002605819000070/0000026058-19-000070-index.html,https://www.sec.gov/Archives/edgar/data/26058/000002605819000070/cts10-q093019.htm
0,2019-06-30,CTS,2019-07-25 00:00:00,2019-07-25 11:58:17,Q2,120684000,79480000,41204000,0.341421,6257000.0,17059000,0.0,-1072000.0,24120999.999999996,103601000,467000.0,5995000.0,22411000,0.1857,17083000,0.141551,-1107000.0,15949000,0.132155,4006000.0,11943000,0.098961,0.35967,0.35967,33205000,33205000,https://www.sec.gov/Archives/edgar/data/26058/000002605819000058/0000026058-19-000058-index.html,https://www.sec.gov/Archives/edgar/data/26058/000002605819000058/cts10-q063019.htm
0,2019-03-31,CTS,2019-04-25 00:00:00,2019-04-25 13:52:44,Q1,117625000,77010000,40615000,0.345292,6791000.0,17539000,0.0,62000.0,26396999.99999999,103406999.99999999,466000.0,5924000.0,20670000,0.175728,14218000,0.120876,96000.0,14280000,0.121403,2861000.0,11419000,0.09708,0.34322,0.34322,33270000,33270000,https://www.sec.gov/Archives/edgar/data/26058/000002605819000037/0000026058-19-000037-index.html,https://www.sec.gov/Archives/edgar/data/26058/000002605819000037/cts10-q033119.htm
0,2018-12-31,CTS,2019-02-22 00:00:00,2019-02-22 14:45:41,Q4,120073000,77428000,42645000,0.355159,5804000.0,18237000,0.0,-119000.0,25628000,103056000,484000.0,6213999.999999999,24160000,0.201211,17017000,0.141722,-120000.0,16873000,0.140523,-102000.0,17564000,0.146278,0.52374,0.52374,33536000,33536000,https://www.sec.gov/Archives/edgar/data/26058/000002605819000020/0000026058-19-000020-index.html,https://www.sec.gov/Archives/edgar/data/26058/000002605819000020/ctscorp-20181231x10xk.htm
0,2018-09-30,CTS,2018-10-25 00:00:00,2018-10-25 12:10:46,Q3,118900000,76800000,42100000,0.354079,6500000.0,18500000,0.0,-1687000.0,25900000.000000007,102700000,489000.0,5300000.000000001,20089000,0.168957,16100000,0.135408,-1700000.0,14400000,0.12111,4100000.0,10200000,0.085786,0.30357,0.30357,33600000,33600000,https://www.sec.gov/Archives/edgar/data/26058/000002605818000092/0000026058-18-000092-index.html,https://www.sec.gov/Archives/edgar/data/26058/000002605818000092/cts10-q093018.htm
0,2018-06-30,CTS,2018-07-26 00:00:00,2018-07-26 13:46:58,Q2,118000000,76200000,41800000,0.354237,6500000.0,19600000,0.0,-870000.0,27299999.999999996,103500000,571000.0,5500000.0,17671000,0.149754,14500000,0.122881,-2900000.0,11600000,0.098305,4400000.0,7200000.0,0.061017,0.21429,0.21429,33600000,33600000,https://www.sec.gov/Archives/edgar/data/26058/000002605818000074/0000026058-18-000074-index.html,https://www.sec.gov/Archives/edgar/data/26058/000002605818000074/cts10-q063018.htm
0,2018-03-31,CTS,2018-04-26 00:00:00,2018-04-26 12:56:34,Q1,113500000,75100000,38400000,0.338326,6500000.0,17400000,0.0,0.0,25100000.00000001,100200000.00000001,541000.0,5500000.0,21041000,0.185383,13400000,0.118062,2000000.0,15300000,0.134802,3500000.0,11500000,0.101322,0.34328,0.34328,33500000,33500000,https://www.sec.gov/Archives/edgar/data/26058/000002605818000039/0000026058-18-000039-index.html,https://www.sec.gov/Archives/edgar/data/26058/000002605818000039/cts10-q033118.htm
0,2017-12-31,CTS,2018-02-23 00:00:00,2018-02-23 13:08:32,Q4,110900000,78000000,32900000,0.296664,6700000.0,25000000,0.0,928000.0,32900000.000000007,110900000,1134000.0,5600000.0,-11066000,-0.099784,0.0,0.0,900000.0,100000.0,0.000902,-4200000.0,-13600000,-0.122633,-0.41337,-0.41337,32900000,32900000,https://www.sec.gov/Archives/edgar/data/26058/000002605818000020/0000026058-18-000020-index.html,https://www.sec.gov/Archives/edgar/data/26058/000002605818000020/ctscorp-20171231x10xk.htm
0,2017-09-30,CTS,2017-10-26 00:00:00,2017-10-26 12:24:16,Q3,106200000,68700000,37500000,0.353107,6400000.0,15900000,0.0,1258000.0,24399999.99999999,93099999.99999999,773000.0,5400000.0,20073000,0.189011,13100000,0.123352,1300000.0,14000000,0.131827,4300000.0,9600000.0,0.090395,0.28743,0.28743,33400000,33400000,https://www.sec.gov/Archives/edgar/data/26058/000002605817000078/0000026058-17-000078-index.html,https://www.sec.gov/Archives/edgar/data/26058/000002605817000078/cts10-q093017.htm
0,2017-06-30,CTS,2017-07-27 00:00:00,2017-07-27 12:45:31,Q2,105700000,69900000,35800000,0.338694,6000000.0,15800000,0.0,1171000.0,22599999.999999993,92500000,752000.0,4999999.999999999,19752000,0.186868,13200000,0.124882,1200000.0,13900000,0.131504,4000000.0,10000000,0.094607,0.2994,0.2994,33400000,33400000,https://www.sec.gov/Archives/edgar/data/26058/000002605817000067/0000026058-17-000067-index.html,https://www.sec.gov/Archives/edgar/data/26058/000002605817000067/cts10-q063017.htm
0,2017-03-31,CTS,2017-04-27 00:00:00,2017-04-27 14:55:25,Q1,100200000,65900000,34200000,0.341317,6000000.0,15200000,0.0,460000.0,22099999.999999993,88000000,684000.0,4700000.0,17584000,0.175489,12200000,0.121756,500000.0,12200000,0.121756,3700000.0,8500000.0,0.08483,0.25449,0.25449,33400000,33400000,https://www.sec.gov/Archives/edgar/data/26058/000002605817000042/0000026058-17-000042-index.html,https://www.sec.gov/Archives/edgar/data/26058/000002605817000042/cts10-q033117.htm
0,2016-12-31,CTS,2017-02-24 00:00:00,2017-02-24 12:26:54,Q4,101600000,65700000,35900000,0.353346,5600000.0,15200000,0.0,-2042000.0,21700000.000000004,87400000,956000.0,5000000.0,17356000,0.170827,14100000,0.13878,-2000000.0,11400000,0.112205,3100000.0,8300000.0,0.081693,0.2485,0.2485,33400000,33400000,https://www.sec.gov/Archives/edgar/data/26058/000002605817000026/0000026058-17-000026-index.html,https://www.sec.gov/Archives/edgar/data/26058/000002605817000026/ctscorp-20161231x10xk.htm
0,2016-09-30,CTS,2016-10-28 00:00:00,2016-10-28 11:46:14,Q3,99700000,63100000,36600000,0.367101,6300000.0,16000000,0.0,-46000.0,24100000,87200000,917000.0,5100000.0,17717000,0.177703,12500000,0.125376,0.0,11700000,0.117352,8000000.0,3700000.0,0.037111,0.11111,0.11111,33300000,33300000,https://www.sec.gov/Archives/edgar/data/26058/000002605816000117/0000026058-16-000117-index.html,https://www.sec.gov/Archives/edgar/data/26058/000002605816000117/cts10-q093016.htm
0,2016-06-30,CTS,2016-07-29 00:00:00,2016-07-29 12:14:44,Q2,98700000,64200000,34500000,0.349544,6000000.0,15800000,0.0,-1241000.0,10399999.99999999,74599999.99999999,1009000.0,4900000.0,28109000,0.284792,24100000,0.244174,-1200000.0,22200000,0.224924,7700000.0,14500000,0.14691,0.43675,0.43675,33200000,33200000,https://www.sec.gov/Archives/edgar/data/26058/000002605816000097/0000026058-16-000097-index.html,https://www.sec.gov/Archives/edgar/data/26058/000002605816000097/cts10-q063016.htm
0,2016-03-31,CTS,2016-05-03 00:00:00,2016-05-03 12:12:58,Q1,96700000,63200000,33500000,0.346432,6200000.0,14900000,0.0,-195000.0,21099999.999999993,84300000,820000.0,4000000.0,16820000,0.17394,12400000,0.128232,-200000.0,12000000,0.124095,4100000.0,7900000.0,0.081696,0.23939,0.23939,33000000,33000000,https://www.sec.gov/Archives/edgar/data/26058/000002605816000070/0000026058-16-000070-index.html,https://www.sec.gov/Archives/edgar/data/26058/000002605816000070/cts10-q033116.htm
0,2015-12-31,CTS,2016-02-24 00:00:00,2016-02-24 16:14:52,Q4,93300000,62900000,30300000,0.324759,6100000.0,13800000,0.0,-2055000.0,29500000.000000007,92400000,673000.0,4300000.000000001,4273000.000000001,0.045798,900000.0,0.009646,-1700000.0,-700000.0,-0.007503,13000000,-13700000,-0.146838,-0.42025,-0.42025,32600000,32600000,https://www.sec.gov/Archives/edgar/data/26058/000002605816000044/0000026058-16-000044-index.html,https://www.sec.gov/Archives/edgar/data/26058/000002605816000044/ctscorp-20151231x10xk.htm
0,2015-09-27,CTS,2015-10-27 00:00:00,2015-10-27 12:16:38,Q3,90600000,59000000,31600000,0.348786,5700000.0,12700000,0.0,-3073000.0,35500000,94500000,714000.0,3900000.0000000005,-2385999.9999999995,-0.026336,-3900000.0,-0.043046,-3100000.0,-6900000.0,-0.076159,-2200000.0,-4800000.0,-0.05298,-0.14634,-0.14634,32800000,32800000,https://www.sec.gov/Archives/edgar/data/26058/000002605815000014/0000026058-15-000014-index.html,https://www.sec.gov/Archives/edgar/data/26058/000002605815000014/cts-20150927x10q.htm
0,2015-06-28,CTS,2015-07-28 00:00:00,2015-07-28 12:54:22,Q2,100100000,66500000,33600000,0.335664,5500000.0,15200000,0.0,315000.0,23000000,89500000,653000.0,4000000.0,15553000,0.155375,10500000,0.104895,100000.0,10900000,0.108891,-8200000.0,19100000,0.190809,0.56845,0.56845,33600000,33600000,https://www.sec.gov/Archives/edgar/data/26058/000002605815000006/0000026058-15-000006-index.html,https://www.sec.gov/Archives/edgar/data/26058/000002605815000006/cts-20150628x10q.htm
0,2015-03-29,CTS,2015-04-28 00:00:00,2015-04-28 11:47:41,Q1,98300000,66100000,32200000,0.327569,5200000.0,15700000,0.0,-1484000.0,21700000.000000004,87800000,588000.0,4100000.0,13688000,0.139247,10500000,0.106816,-1700000.0,9000000.0,0.091556,2700000.0,6300000.0,0.06409,0.18584,0.18584,33900000,33900000,https://www.sec.gov/Archives/edgar/data/26058/000002605815000002/0000026058-15-000002-index.html,https://www.sec.gov/Archives/edgar/data/26058/000002605815000002/cts-20150329x10q.htm
0,2014-12-31,CTS,2015-02-24,2015-02-24 15:34:42,Q4,100400000,67400000,33000000,0.328685,5800000.0,15800000,0.0,0.0,22699999.99999999,90099999.99999999,563000.0,4300000.000000001,13663000.000000002,0.136086,10300000,0.10259,-1800000.0,8800000.0,0.087649,1800000.0,7000000.0,0.069721,0.20649,0.20649,33900000,33900000,https://www.sec.gov/Archives/edgar/data/26058/000104746915001116/a2223190z10-k.htm,https://www.sec.gov/Archives/edgar/data/26058/000104746915001116/a2223190z10-k.htm
0,2014-09-28,CTS,2014-10-28 00:00:00,2014-10-28 15:11:00,Q3,100000000,67500000,32500000,0.325,5800000.0,13900000,0.0,701000.0,21200000.000000004,88700000,568000.0,4299999.999999999,16767999.999999998,0.16768,11200000,0.112,600000.0,11900000,0.119,3800000.0,8100000.0,0.081,0.23754,0.23754,34100000,34100000,https://www.sec.gov/Archives/edgar/data/26058/000119312514384900/0001193125-14-384900-index.html,https://www.sec.gov/Archives/edgar/data/26058/000119312514384900/d793948d10q.htm
0,2014-06-29,CTS,2014-07-29 00:00:00,2014-07-29 14:18:10,Q2,103000000,69200000,33800000,0.328155,5300000.0,15800000,0.0,-303000.0,23799999.999999996,93000000,582000.0,4200000.0,14482000,0.140602,9900000.0,0.096117,-400000.0,9600000.0,0.093204,3300000.0,6400000.0,0.062136,0.18713,0.18713,34200000,34200000,https://www.sec.gov/Archives/edgar/data/26058/000119312514284324/0001193125-14-284324-index.html,https://www.sec.gov/Archives/edgar/data/26058/000119312514284324/d751994d10q.htm
0,2014-03-30,CTS,2014-04-29 00:00:00,2014-04-29 14:39:23,Q1,100700000,70100000,30600000,0.303873,5600000.0,13600000,0.0,-1820000.0,19800000.00000001,89900000.00000001,613000.0,4200000.0,13813000,0.13717,10800000,0.107249,-1800000.0,9000000.0,0.089374,3900000.0,5100000.0,0.050645,0.14869,0.14869,34300000,34300000,https://www.sec.gov/Archives/edgar/data/26058/000119312514166655/0001193125-14-166655-index.html,https://www.sec.gov/Archives/edgar/data/26058/000119312514166655/d705151d10q.htm
0,2013-12-31,CTS,2014-03-03,2014-03-03 16:16:17,Q4,102400000,72200000,30200000,0.294922,5500000.0,17300000,0.0,0.0,25200000.000000004,97400000,421000.0,4500000.0,4221000.0,0.041221,5000000.0,0.048828,1400000.0,6500000.0,0.063477,2300000.0,-3000000.0,-0.029297,-0.09091,-0.09091,33000000,33000000,https://www.sec.gov/Archives/edgar/data/26058/000119312514080179/d645097d10k.htm,https://www.sec.gov/Archives/edgar/data/26058/000119312514080179/d645097d10k.htm
0,2013-09-29,CTS,2013-10-29 00:00:00,2013-10-29 13:57:58,Q3,103600000,71600000,32000000,0.30888,5700000.0,17800000,0.0,299000.0,24500000,96100000,849000.0,5299999.999999999,15548999.999999998,0.150087,7600000.0,0.073359,500000.0,7700000.0,0.074324,2600000.0,6800000.0,0.065637,0.19825,0.19825,34300000,34300000,https://www.sec.gov/Archives/edgar/data/26058/000119312513415588/0001193125-13-415588-index.html,https://www.sec.gov/Archives/edgar/data/26058/000119312513415588/d587756d10q.htm
0,2013-06-30,CTS,2013-07-25 00:00:00,2013-07-25 11:35:01,Q2,105400000,73000000,32400000,0.3074,5800000.0,17200000,0.0,-943000.0,29900000.000000007,102900000,1079000.0,5500000.0,7779000.0,0.073805,2400000.0,0.02277,400000.0,2200000.0,0.020873,12500000,-11300000,-0.107211,-0.33631,-0.33631,33600000,33600000,https://www.sec.gov/Archives/edgar/data/26058/000119312513301903/0001193125-13-301903-index.html,https://www.sec.gov/Archives/edgar/data/26058/000119312513301903/d547187d10q.htm
0,2013-03-31,CTS,2013-04-25 00:00:00,2013-04-24 17:53:47,Q1,98100000,71300000,26800000,0.273191,6300000.0,17700000,0.0,-204000.0,24100000.00000001,95400000.00000001,915000.0,5900000.0,9115000.0,0.092915,2700000.0,0.027523,-500000.0,1700000.0,0.017329,-1300000.0,3600000.0,0.036697,0.10526,0.10526,34200000,34200000,https://www.sec.gov/Archives/edgar/data/26058/000119312513170887/0001193125-13-170887-index.html,https://www.sec.gov/Archives/edgar/data/26058/000119312513170887/d508007d10q.htm
0,2012-12-31,CTS,2013-02-25 00:00:00,2013-02-25 13:45:13,Q4,-134100000,-151100000,16900000,-0.126025,5300000.0,4900000.0,0.0,0.0,16299999.999999983,-134800000.00000003,695000.0,5000000.000000002,12695000.000000002,-0.094668,600000.0,-0.004474,-100000.0,200000.0,-0.001491,-1800000.0,8800000.0,-0.065623,0.25071,0.25071,35100000,35100000,https://www.sec.gov/Archives/edgar/data/26058/000119312513073546/0001193125-13-073546-index.html,https://www.sec.gov/Archives/edgar/data/26058/000119312513073546/d444052d10k.htm
0,2012-09-30,CTS,2012-10-24 00:00:00,2012-10-24 17:29:04,Q3,137400000,110800000,26600000,0.193595,4400000.0,19400000,0.0,604000.0,19799999.999999996,130600000,584000.0,5000000.0,12984000,0.094498,6800000.0,0.049491,800000.0,7400000.0,0.053857,1500000.0,5900000.0,0.04294,0.17101,0.17101,34500000,34500000,https://www.sec.gov/Archives/edgar/data/26058/000119312512433562/0001193125-12-433562-index.html,https://www.sec.gov/Archives/edgar/data/26058/000119312512433562/d398769d10q.htm
0,2012-07-01,CTS,2012-07-24 00:00:00,2012-07-24 17:00:20,Q2,154300000,128400000,25900000,0.167855,5100000.0,19400000,0.0,-835000.0,20199999.99999999,148600000,1285000.0,4800000.0,10585000,0.0686,5700000.0,0.036941,-1000000.0,4500000.0,0.029164,1200000.0,3300000.0,0.021387,0.09538,0.09538,34600000,34600000,https://www.sec.gov/Archives/edgar/data/26058/000119312512312454/0001193125-12-312454-index.html,https://www.sec.gov/Archives/edgar/data/26058/000119312512312454/d352688d10q.htm
0,2012-04-01,CTS,2012-04-25,2012-04-25 15:43:58,Q1,147000000,124900000,22000000,0.14966,6100000.0,19400000,0.0,0.0,20099999.999999993,145000000,-200000.0,4800000.0,6900000.0,0.046939,1900000.0,0.012925,600000.0,2300000.0,0.015646,0.0,2300000.0,0.015646,0.06628,0.06628,34700000,34700000,https://www.sec.gov/Archives/edgar/data/26058/000119312512076105/d267561d10k.htm,https://www.sec.gov/Archives/edgar/data/26058/000119312512076105/d267561d10k.htm
0,2011-12-31,CTS,2012-02-24 00:00:00,2012-02-23 21:36:43,Q4,-164700000,-169900000,5200000.0,-0.031573,5200000.0,-900000.0,0.0,0.0,10599999.999999994,-159300000,-100000.0,4300000.000000001,7100000.000000001,-0.043109,-5300000.0,0.03218,-1300000.0,-6800000.0,0.041287,-3000000.0,5900000.0,-0.035823,0.16714,0.16714,35300000,35300000,https://www.sec.gov/Archives/edgar/data/26058/000119312512076105/0001193125-12-076105-index.html,https://www.sec.gov/Archives/edgar/data/26058/000119312512076105/d267561d10k.htm
0,2011-10-02,CTS,2011-10-26 00:00:00,2011-10-26 14:12:40,Q3,146100000,118600000,27500000,0.188227,5200000.0,18300000,0.0,-255000.0,19700000.00000002,138300000.00000003,-200000.0,4399999.999999999,11699999.999999998,0.080082,7800000.0,0.053388,-100000.0,7500000.0,0.051335,1600000.0,5900000.0,0.040383,0.16857,0.16857,35000000,35000000,https://www.sec.gov/Archives/edgar/data/26058/000119312511281763/0001193125-11-281763-index.html,https://www.sec.gov/Archives/edgar/data/26058/000119312511281763/d239650d10q.htm
0,2011-07-03,CTS,2011-07-26 00:00:00,2011-07-26 13:46:38,Q2,146900000,119500000,27400000,0.186521,4600000.0,18400000,0.0,508000.0,22900000.000000007,142400000,-200000.0,4400000.0,9200000.0,0.062628,4500000.0,0.030633,700000.0,5000000.0,0.034037,900000.0,4100000.0,0.02791,0.11582,0.11582,35400000,35400000,https://www.sec.gov/Archives/edgar/data/26058/000095012311068241/0000950123-11-068241-index.html,https://www.sec.gov/Archives/edgar/data/26058/000095012311068241/c65291e10vq.htm
0,2011-04-03,CTS,2011-04-27 00:00:00,2011-04-27 13:05:25,Q1,151500000,122400000,29200000,0.192739,5000000.0,18400000,0.0,834000.0,23400000.000000007,145800000,492000.0,4400000.0,11492000,0.075855,5800000.0,0.038284,1100000.0,6600000.0,0.043564,1500000.0,5100000.0,0.033663,0.1453,0.1453,35100000,35100000,https://www.sec.gov/Archives/edgar/data/26058/000002605811000016/0000026058-11-000016-index.html,https://www.sec.gov/Archives/edgar/data/26058/000002605811000016/form10-q.htm
0,2010-12-31,CTS,2011-02-24,2011-02-24 14:54:49,Q4,145000000,115900000,29100000,0.20069,4300000.0,17400000,0.0,0.0,23099999.999999993,139000000,-200000.0,4400000.000000002,9900000.000000002,0.068276,6000000.0,0.041379,0.0,5700000.0,0.03931,900000.0,4800000.0,0.033103,0.13714,0.13714,35000000,35000000,https://www.sec.gov/Archives/edgar/data/26058/000002605811000011/form10-k.htm,https://www.sec.gov/Archives/edgar/data/26058/000002605811000011/form10-k.htm
0,2010-10-03,CTS,2010-10-27 00:00:00,2010-10-27 12:10:03,Q3,139400000,109400000,30000000,0.215208,5100000.0,17100000,0.0,439000.0,22199999.99999999,131599999.99999999,717000.0,4399999.999999999,14416999.999999998,0.103422,7800000.0,0.055954,1700000.0,9400000.0,0.067432,2400000.0,6900000.0,0.049498,0.19828,0.19828,34800000,34800000,https://www.sec.gov/Archives/edgar/data/26058/000002605810000023/0000026058-10-000023-index.html,https://www.sec.gov/Archives/edgar/data/26058/000002605810000023/form10q.htm
0,2010-07-04,CTS,2010-07-27 00:00:00,2010-07-27 11:48:07,Q2,138900000,108500000,30300000,0.218143,4300000.0,18300000,0.0,666000.0,22599999.999999993,131100000,-235000.0,4400000.0,11465000,0.082541,7700000.0,0.055436,-300000.0,7300000.0,0.052556,1400000.0,5900000.0,0.042477,0.16905,0.16905,34900000,34900000,https://www.sec.gov/Archives/edgar/data/26058/000002605810000019/0000026058-10-000019-index.html,https://www.sec.gov/Archives/edgar/data/26058/000002605810000019/form10q.htm
0,2010-04-04,CTS,2010-04-28 00:00:00,2010-04-28 13:20:06,Q1,129400000,98900000,30500000,0.235703,4600000.0,19500000,0.0,-666000.0,24199999.99999999,123099999.99999999,235000.0,4400000.0,10335000,0.079869,6300000.0,0.048686,-500000.0,5700000.0,0.044049,1300000.0,4400000.0,0.034003,0.1268,0.1268,34700000,34700000,https://www.sec.gov/Archives/edgar/data/26058/000002605810000013/0000026058-10-000013-index.html,https://www.sec.gov/Archives/edgar/data/26058/000002605810000013/form10q.htm
0,2009-12-31,CTS,2010-02-23 00:00:00,2010-02-23 15:22:21,Q4,133900000,102900000,30900000,0.230769,3900000.0,18800000,0.0,0.0,22699999.99999999,125599999.99999999,-200000.0,4600000.0,12300000,0.09186,8300000.0,0.061987,-100000.0,7900000.0,0.058999,3800000.0,4100000.0,0.03062,0.1185,0.1185,34600000,34600000,https://www.sec.gov/Archives/edgar/data/26058/000002605810000009/0000026058-10-000009-index.html,https://www.sec.gov/Archives/edgar/data/26058/000002605810000009/form10-k.htm
0,2009-09-27,CTS,2009-10-28 00:00:00,2009-10-28 14:00:41,Q3,126600000,100400000,26200000,0.206951,3400000.0,16500000,0.0,-629000.0,19899999.99999999,120299999.99999999,256000.0,4400000.0,10356000,0.081801,6300000.0,0.049763,-400000.0,5700000.0,0.045024,1200000.0,4500000.0,0.035545,0.13043,0.13043,34500000,34500000,https://www.sec.gov/Archives/edgar/data/26058/000002605809000035/0000026058-09-000035-index.html,https://www.sec.gov/Archives/edgar/data/26058/000002605809000035/form10q.htm
0,2009-06-28,CTS,2009-07-28 00:00:00,2009-07-28 11:50:33,Q2,120400000,98500000,21900000,0.181894,3500000.0,15200000,0.0,-465000.0,18700000.000000004,117200000,471000.0,5200000.0,8371000.0,0.069527,3200000.0,0.026578,0.0,2700000.0,0.022425,9700000.0,-7000000.0,-0.05814,-0.2071,-0.2071,33800000,33800000,https://www.sec.gov/Archives/edgar/data/26058/000002605809000022/0000026058-09-000022-index.html,https://www.sec.gov/Archives/edgar/data/26058/000002605809000022/form10q.htm
0,2009-03-29,CTS,2009-04-29 00:00:00,2009-04-29 16:45:22,Q1,118100000,98300000,19800000,0.167655,3400000.0,16600000,0.0,-1139000.0,55399999.99999999,153700000,888000.0,5300000.0,-30412000,-0.257511,-35500000,-0.300593,-300000.0,-36700000,-0.310754,-1000000.0,-35600000,-0.301439,-1.05638,-1.05638,33700000,33700000,https://www.sec.gov/Archives/edgar/data/26058/000002605809000014/0000026058-09-000014-index.html,https://www.sec.gov/Archives/edgar/data/26058/000002605809000014/form10q.htm
0,2008-12-31,CTS,2009-02-23 00:00:00,2009-02-23 16:40:08,Q4,162800000,133100000,29700000,0.182432,4700000.0,19100000,0.0,0.0,25900000.000000007,159000000,-1000000.0,5699999.999999999,7599999.999999999,0.046683,3800000.0,0.023342,100000.0,2900000.0,0.017813,-2100000.0,5000000.0,0.030713,0.13587,0.13587,36800000,36800000,https://www.sec.gov/Archives/edgar/data/26058/000002605809000010/0000026058-09-000010-index.html,https://www.sec.gov/Archives/edgar/data/26058/000002605809000010/form10-k.htm
0,2008-09-28,CTS,2008-10-29 00:00:00,2008-10-29 15:42:16,Q3,170000000,136700000,33400000,0.196471,4500000.0,20800000,0.0,-922000.0,28400000.000000007,165100000,931000.0,5699999.999999999,9930999.999999998,0.058418,4900000.0,0.028824,-300000.0,3300000.0,0.019412,-3900000.0,7200000.0,0.042353,0.18848,0.18848,38200000,38200000,https://www.sec.gov/Archives/edgar/data/26058/000002605808000032/0000026058-08-000032-index.html,https://www.sec.gov/Archives/edgar/data/26058/000002605808000032/form10-q.htm
0,2008-06-29,CTS,2008-07-30 00:00:00,2008-07-30 12:39:54,Q2,186100000,145900000,40200000,0.216013,4800000.0,21500000,0.0,-854000.0,26400000.000000007,172300000,1058000.0,6800000.000000001,19958000,0.107243,13800000,0.074154,-300000.0,12100000,0.065019,2500000.0,9600000.0,0.051585,0.25197,0.25197,38100000,38100000,https://www.sec.gov/Archives/edgar/data/26058/000002605808000025/0000026058-08-000025-index.html,https://www.sec.gov/Archives/edgar/data/26058/000002605808000025/form10-q.htm
0,2008-03-30,CTS,2008-04-30 00:00:00,2008-04-30 13:29:52,Q1,172800000,138900000,33800000,0.195602,4300000.0,21000000,0.0,0.0,25500000,164400000,1059000.0,6000000.0,14959000,0.086568,8400000.0,0.048611,700000.0,7900000.0,0.045718,1600000.0,6300000.0,0.036458,0.16449,0.16449,38300000,38300000,https://www.sec.gov/Archives/edgar/data/26058/000002605808000016/0000026058-08-000016-index.html,https://www.sec.gov/Archives/edgar/data/26058/000002605808000016/form10-q.htm
0,2007-12-31,CTS,2008-02-28,2008-02-28 08:51:53,Q4,178300000,142700000,35600000,0.199663,3600000.0,20100000,0.0,0.0,26100000.000000022,168800000.00000003,-900000.0,5800000.000000001,14900000.000000002,0.083567,9500000.0,0.053281,1400000.0,10000000,0.056085,2300000.0,7700000.0,0.043186,0.19643,0.19643,39200000,39200000,https://www.sec.gov/Archives/edgar/data/26058/000002605808000011/form10-k.htm,https://www.sec.gov/Archives/edgar/data/26058/000002605808000011/form10-k.htm
0,2007-09-30,CTS,2007-10-24 00:00:00,2007-10-24 12:14:21,Q3,174800000,141000000,33800000,0.193364,4100000.0,19800000,0.0,-52000.0,23900000.000000007,164900000,869000.0,5400000.0,16169000,0.0925,9900000.0,0.056636,300000.0,9900000.0,0.056636,2100000.0,7800000.0,0.044622,0.195,0.195,40000000,40000000,https://www.sec.gov/Archives/edgar/data/26058/000002605807000075/0000026058-07-000075-index.html,https://www.sec.gov/Archives/edgar/data/26058/000002605807000075/form10-q.htm
0,2007-07-01,CTS,2007-07-31 00:00:00,2007-07-31 15:19:41,Q2,169600000,136700000,32900000,0.193986,4100000.0,20900000,0.0,-427000.0,25000000,161700000,681000.0,5800000.0,13981000,0.082435,7900000.0,0.04658,-200000.0,7500000.0,0.044222,1600000.0,5900000.0,0.034788,0.1464,0.1464,40300000,40300000,https://www.sec.gov/Archives/edgar/data/26058/000002605807000065/0000026058-07-000065-index.html,https://www.sec.gov/Archives/edgar/data/26058/000002605807000065/form10-q.htm
0,2007-04-01,CTS,2007-05-15 00:00:00,2007-05-15 17:17:23,Q1,163300000,132900000,30300000,0.185548,4100000.0,21200000,0.0,174000.0,25400000.000000007,158300000,691000.0,5800000.0,11591000,0.07098,4900000.0,0.030006,400000.0,5100000.0,0.031231,1100000.0,4000000.0,0.024495,0.09901,0.09901,40400000,40400000,https://www.sec.gov/Archives/edgar/data/26058/000095013707007592/0000950137-07-007592-index.html,https://www.sec.gov/Archives/edgar/data/26058/000095013707007592/c13882e10vk.htm
0,2006-12-31,CTS,2007-05-15,2007-05-15 17:17:23,Q4,173500000,143600000,29900000,0.172334,3900000.0,18200000,0.0,-19000.0,20800000.00000001,164400000,706000.0,5899999.999999999,15805999.999999998,0.091101,9100000.0,0.05245,300000.0,9100000.0,0.05245,1500000.0,7700000.0,0.04438,0.19107,0.19107,40300000,40300000,https://www.sec.gov/Archives/edgar/data/26058/000095013707007592/c13882e10vk.htm,https://www.sec.gov/Archives/edgar/data/26058/000095013707007592/c13882e10vk.htm
0,2006-10-01,CTS,2006-11-03,2006-11-02 18:40:16,Q3,165700000,136600000,29100000,0.175619,3800000.0,16300000,0.0,-373000.0,20599999.999999993,157200000,803000.0,5800000.000000001,14703000.000000002,0.088733,8500000.0,0.051298,200000.0,8200000.0,0.049487,1900000.0,6200000.0,0.037417,0.15385,0.15385,40300000,40300000,https://www.sec.gov/Archives/edgar/data/26058/000002605806000056/form10-q.htm,https://www.sec.gov/Archives/edgar/data/26058/000002605806000056/form10-q.htm
0,2006-07-02,CTS,2006-07-27,2006-07-27 16:01:27,Q2,165900000,134200000,31800000,0.191682,4100000.0,19500000,0.0,-777000.0,24200000.00000002,158400000.00000003,1034000.0,6499999.999999999,14333999.999999998,0.086401,7600000.0,0.045811,100000.0,6800000.0,0.040989,1500000.0,5300000.0,0.031947,0.13217,0.13217,40100000,40100000,https://www.sec.gov/Archives/edgar/data/26058/000002605806000040/form10-q.htm,https://www.sec.gov/Archives/edgar/data/26058/000002605806000040/form10-q.htm
0,2006-04-02,CTS,2006-04-26,2006-04-26 14:00:22,Q1,150500000,120500000,30000000,0.199336,4100000.0,16900000,0.0,-983000.0,22400000.000000007,142900000,1111000.0,6700000.0,14411000,0.095754,7600000.0,0.050498,0.0,6600000.0,0.043854,1600000.0,5000000.0,0.033223,0.12438,0.12438,40200000,40200000,https://www.sec.gov/Archives/edgar/data/26058/000002605806000015/form10-k.htm,https://www.sec.gov/Archives/edgar/data/26058/000002605806000015/form10-k.htm
0,2005-12-31,CTS,2006-02-27,2006-02-27 16:20:47,Q4,154600000,123100000,31500000,0.203752,3800000.0,16500000,0.0,-1170000.0,18000000,141100000,1349000.0,7300000.000000001,20949000,0.135505,13500000,0.087322,-100000.0,12300000,0.07956,4800000.0,7500000.0,0.048512,0.18428,0.18428,40700000,40700000,https://www.sec.gov/Archives/edgar/data/26058/000002605806000015/form10-k.htm,https://www.sec.gov/Archives/edgar/data/26058/000002605806000015/form10-k.htm
0,2005-10-02,CTS,2005-10-26,2005-10-26 16:05:52,Q3,149200000,121000000,28300000,0.189678,4000000.0,16200000,0.0,-982000.0,19699999.99999999,140700000,1254000.0,6200000.000000001,14954000.000000002,0.100228,8500000.0,0.056971,0.0,7500000.0,0.050268,1600000.0,5900000.0,0.039544,0.1439,0.1439,41000000,41000000,https://www.sec.gov/Archives/edgar/data/26058/000095013705012909/c99368e10vq.htm,https://www.sec.gov/Archives/edgar/data/26058/000095013705012909/c99368e10vq.htm
0,2005-07-03,CTS,2005-07-29,2005-07-29 09:01:33,Q2,158300000,126100000,32300000,0.204043,4600000.0,17900000,0.0,-1512000.0,21900000.000000007,148000000,1582000.0,6800000.0,17182000,0.108541,10300000,0.065066,-300000.0,8800000.0,0.055591,4900000.0,3900000.0,0.024637,0.09353,0.09353,41700000,41700000,https://www.sec.gov/Archives/edgar/data/26058/000095013705009257/c97089e10vq.htm,https://www.sec.gov/Archives/edgar/data/26058/000095013705009257/c97089e10vq.htm
0,2005-04-03,CTS,2005-04-28,2005-04-28 09:00:32,Q1,155300000,127100000,28200000,0.181584,4800000.0,17800000,0.0,-1272000.0,22599999.999999993,149700000,1717000.0,6800000.0,12917000,0.083175,5700000.0,0.036703,0.0,4400000.0,0.028332,1000000.0,3400000.0,0.021893,0.08293,0.08293,41000000,41000000,https://www.sec.gov/Archives/edgar/data/26058/000002605805000006/form10k2004.htm,https://www.sec.gov/Archives/edgar/data/26058/000002605805000006/form10k2004.htm
0,2004-12-31,CTS,2005-03-04,2005-03-04 06:52:49,Q4,142500000,112600000,29900000,0.209825,4800000.0,16000000,0.0,-1142000.0,20200000.00000002,132800000.00000001,1294000.0,6400000.000000002,16294000.000000002,0.114344,9700000.0,0.06807,200000.0,8600000.0,0.060351,2000000.0,6600000.0,0.046316,0.16337,0.16337,40400000,40400000,https://www.sec.gov/Archives/edgar/data/26058/000002605805000006/form10k2004.htm,https://www.sec.gov/Archives/edgar/data/26058/000002605805000006/form10k2004.htm
0,2004-09-26,CTS,2004-10-19,2004-10-19 17:01:47,Q3,129000000,102700000,26300000,0.203876,4700000.0,16000000,0.0,-762000.0,20500000,123200000,1118000.0,5699999.999999999,11917999.999999998,0.092388,5900000.0,0.045736,200000.0,5100000.0,0.039535,1200000.0,3900000.0,0.030233,0.10714,0.10714,36400000,36400000,https://www.sec.gov/Archives/edgar/data/26058/000002605804000062/form10q-3qtr2004.htm,https://www.sec.gov/Archives/edgar/data/26058/000002605804000062/form10q-3qtr2004.htm
0,2004-06-27,CTS,2004-07-21 00:00:00,2004-07-21 17:06:04,Q2,137600000,108700000,28900000,0.210029,4700000.0,16600000,0.0,-1758000.0,18299999.999999996,127000000,1590000.0,6700000.0,17190000,0.124927,10600000,0.077035,-400000.0,8900000.0,0.06468,2000000.0,6900000.0,0.050145,0.19008,0.19008,36300000,36300000,https://www.sec.gov/Archives/edgar/data/26058/000002605804000055/0000026058-04-000055-index.html,https://www.sec.gov/Archives/edgar/data/26058/000002605804000055/form10q-2qtr2004.htm
0,2004-03-28,CTS,2004-04-23,2004-04-22 18:04:22,Q1,122100000,97500000,24600000,0.201474,4900000.0,14900000,0.0,-1549000.0,19700000.000000004,117200000,1533000.0,7300000.0,12133000,0.099369,4900000.0,0.040131,-100000.0,3400000.0,0.027846,800000.0,2500000.0,0.020475,0.06906,0.06906,36200000,36200000,https://www.sec.gov/Archives/edgar/data/26058/000002605804000016/form10k2003.htm,https://www.sec.gov/Archives/edgar/data/26058/000002605804000016/form10k2003.htm
0,2003-12-31,CTS,2004-02-20,2004-02-19 18:17:25,Q4,132000000,104600000,27500000,0.208333,5400000.0,14700000,0.0,-2106000.0,20100000.00000001,124700000.00000001,1678000.0,8100000.000000001,14978000.000000002,0.11347,7400000.0,0.056061,-600000.0,5300000.0,0.040152,1300000.0,3900000.0,0.029545,0.10894,0.10894,35800000,35800000,https://www.sec.gov/Archives/edgar/data/26058/000002605804000016/form10k2003.htm,https://www.sec.gov/Archives/edgar/data/26058/000002605804000016/form10k2003.htm
0,2003-09-28,CTS,2003-10-29,2003-10-29 09:16:41,Q3,108500000,84800000,23700000,0.218433,5100000.0,14700000,0.0,-1766000.0,24400000.000000007,109200000,2139000.0,8200000.0,7939000.0,0.073171,-700000.0,-0.006452,300000.0,-2400000.0,-0.02212,-8500000.0,6100000.0,0.056221,0.17232,0.17232,35400000,35400000,https://www.sec.gov/Archives/edgar/data/26058/000002605803000034/form10q-3qtr2003.htm,https://www.sec.gov/Archives/edgar/data/26058/000002605803000034/form10q-3qtr2003.htm
0,2003-06-29,CTS,2003-07-25,2003-07-25 11:34:43,Q2,116700000,92200000,24500000,0.20994,5400000.0,14600000,0.0,-1863000.0,20000000,112200000,1899000.0,8500000.0,13099000,0.112245,4500000.0,0.03856,-100000.0,2600000.0,0.022279,700000.0,2000000.0,0.017138,0.0578,0.0578,34600000,34600000,https://www.sec.gov/Archives/edgar/data/26058/000002605803000026/form10q-2qtr2003.htm,https://www.sec.gov/Archives/edgar/data/26058/000002605803000026/form10q-2qtr2003.htm
0,2003-03-30,CTS,2003-04-23,2003-04-23 16:32:53,Q1,105800000,84700000,21100000,0.199433,5600000.0,12800000,0.0,-1833000.0,18500000,103200000,1972000.0,8800000.0,11572000,0.109376,2600000.0,0.024575,100000.0,800000.0,0.007561,200000.0,600000.0,0.005671,0.01749,0.01749,34300000,34300000,https://www.sec.gov/Archives/edgar/data/26058/000002605803000010/form10q-1qtr2003.htm,https://www.sec.gov/Archives/edgar/data/26058/000002605803000010/form10q-1qtr2003.htm
0,2002-12-31,CTS,,,Q4,116500000,93200000,23400000,0.200858,5600000.0,14800000,0.0,0.0,20399999.99999999,113599999.99999999,-2400000.0,10000000,8300000.0,0.071245,3000000.0,0.025751,100000.0,700000.0,0.006009,200000.0,500000.0,0.004292,0.01475,0.01475,33900000,33900000,,
0,2002-09-29,CTS,2002-10-25 00:00:00,2002-10-24 17:44:45,Q3,110900000,87100000,23900000,0.215509,5400000.0,16700000,0.0,0.0,40300000.00000001,127400000.00000001,-2100000.0,10500000,-10000000,-0.090171,-16500000,-0.148783,200000.0,-18400000,-0.165915,-4600000.0,-13800000,-0.124436,-0.41071,-0.41071,33600000,33600000,https://www.sec.gov/Archives/edgar/data/26058/000095013702005556/0000950137-02-005556-index.html,https://www.sec.gov/Archives/edgar/data/26058/000095013702005556/c72559e10vq.txt
0,2002-06-30,CTS,2002-07-24 00:00:00,2002-07-24 16:21:33,Q2,117700000,96600000,21100000,0.179269,6000000.0,16600000,0.0,0.0,22600000.00000001,119200000.00000001,-2800000.0,11700000,5300000.0,0.04503,-1500000.0,-0.012744,700000.0,-3600000.0,-0.030586,-900000.0,-2700000.0,-0.02294,-0.08108,-0.08108,33300000,33300000,https://www.sec.gov/Archives/edgar/data/26058/000002605802000030/0000026058-02-000030-index.html,https://www.sec.gov/Archives/edgar/data/26058/000002605802000030/cts2ndq10q.txt
0,2002-03-31,CTS,2002-04-30 00:00:00,2002-04-30 15:55:17,Q1,112600000,89900000,22700000,0.201599,7100000.0,15300000,0.0,0.0,22500000,112400000,-2600000.0,11200000,6100000.0,0.054174,200000.0,0.001776,-200000.0,-2500000.0,-0.022202,-600000.0,-1900000.0,-0.016874,-0.05975,-0.05975,31800000,31800000,https://www.sec.gov/Archives/edgar/data/26058/000002605802000018/0000026058-02-000018-index.html,https://www.sec.gov/Archives/edgar/data/26058/000002605802000018/firstq10-qapril302002.txt
0,2001-12-31,CTS,,,Q4,125800000,106500000,19200000,0.152623,7400000.0,17800000,0.0,0.0,53000000,159500000,-3300000.0,11800000.000000004,-27499999.999999996,-0.218601,-33700000,-0.267886,1000000.0,-36000000,-0.286169,-9000000.0,-27000000,-0.214626,-0.92784,-0.92784,29100000,29100000,,
0,2001-09-30,CTS,2001-11-05 00:00:00,2001-11-05 00:00:00,Q3,131200000,102600000,28600000,0.217988,8100000.0,19700000,0.0,0.0,29400000.000000007,132000000,-2500000.0,13899999.999999998,7499999.999999999,0.057165,-900000.0,-0.00686,-500000.0,-3900000.0,-0.029726,-1000000.0,-2900000.0,-0.022104,-0.10175,-0.10175,28500000,28500000,https://www.sec.gov/Archives/edgar/data/26058/000002605801500031/0000026058-01-500031-index.html,https://www.sec.gov/Archives/edgar/data/26058/000002605801500031/edgr3rdq2001.txt
0,2001-07-01,CTS,2001-08-06 00:00:00,2001-08-06 00:00:00,Q2,143700000,120800000,22900000,0.15936,7500000.0,19300000,0.0,0.0,42600000.00000001,163400000,-3100000.0,12300000,-13700000,-0.095338,-19700000,-0.137091,-100000.0,-22900000,-0.15936,-5700000.0,-17200000,-0.119694,-0.62094,-0.62094,27700000,27700000,https://www.sec.gov/Archives/edgar/data/26058/000002605801500012/0000026058-01-500012-index.html,https://www.sec.gov/Archives/edgar/data/26058/000002605801500012/secondqtr10q.txt
0,2001-04-01,CTS,2001-04-27 00:00:00,2001-04-27 00:00:00,Q1,177000000,136400000,40600000,0.229379,9800000.0,23400000,0.0,0.0,34799999.99999998,171199999.99999997,-3200000.0,13700000,12800000,0.072316,5800000.0,0.032768,-300000.0,2300000.0,0.012994,600000.0,1700000.0,0.009605,0.05903,0.05903,28800000,28800000,https://www.sec.gov/Archives/edgar/data/26058/000002605801500003/0000026058-01-500003-index.html,https://www.sec.gov/Archives/edgar/data/26058/000002605801500003/f10q.txt
0,2000-12-31,CTS,,,Q4,233400000,162600000,70800000,0.303342,8500000.0,25500000,0.0,0.0,35400000.00000001,198000000,-3400000.0,11299999.999999996,39600000,0.169666,35400000,0.151671,-300000.0,31600000,0.13539,8900000.0,22800000,0.097686,0.79167,0.79167,28800000,28800000,,
0,2000-10-01,CTS,2000-11-14 00:00:00,2000-11-14 00:00:00,Q3,222100000,159300000,62800000,0.282756,8200000.0,21700000,0.0,0.0,31500000,190800000,-3000000.0,11700000,38300000,0.172445,31300000,0.140928,1300000.0,29600000,0.133273,8300000.0,21300000,0.095903,0.75801,0.75801,28100000,28100000,https://www.sec.gov/Archives/edgar/data/26058/000002605800000022/0000026058-00-000022-index.html,https://www.sec.gov/Archives/edgar/data/26058/000002605800000022/0000026058-00-000022-0001.txt
0,2000-07-02,CTS,2000-08-14 00:00:00,2000-08-14 00:00:00,Q2,206600000,142100000,64500000,0.312197,8000000.0,24100000,0.0,0.0,33300000.00000001,175400000,-2800000.0,11100000.000000002,36800000,0.178122,31300000,0.1515,0.0,28400000,0.137464,8000000.0,20500000,0.099226,0.71429,0.71429,28700000,28700000,https://www.sec.gov/Archives/edgar/data/26058/000002605800000017/0000026058-00-000017-index.html,https://www.sec.gov/Archives/edgar/data/26058/000002605800000017/0000026058-00-000017-0001.txt
0,2000-04-02,CTS,2000-05-15 00:00:00,2000-05-15 00:00:00,Q1,204500000,141600000,62800000,0.30709,7900000.0,23200000,0.0,0.0,32200000.00000002,173800000.00000003,-3000000.0,10200000,34100000,0.166748,30700000,0.150122,-200000.0,27500000,0.134474,7700000.0,19200000,0.093888,0.66207,0.66207,29000000,29000000,https://www.sec.gov/Archives/edgar/data/26058/000002605800000013/0000026058-00-000013-index.html,https://www.sec.gov/Archives/edgar/data/26058/0000026058-00-000013.txt
0,1999-12-31,CTS,,,Q4,198700000,138000000,60700000,0.305486,7500000.0,22100000,0.0,0.0,30800000.00000001,168800000,-2600000.0,8700000.0,33300000,0.167589,29900000,0.150478,-200000.0,27100000,0.136387,8300000.0,18900000,0.095118,0.66084,0.66084,28600000,28600000,,
0,1999-10-03,CTS,1999-11-10 00:00:00,1999-11-10 00:00:00,Q3,180200000,125200000,55000000,0.305216,6600000.0,21300000,0.0,0.0,29100000.00000001,154300000,-2700000.0,7899999.999999999,27900000,0.154828,25900000,0.143729,-400000.0,22800000,0.126526,6800000.0,15900000,0.088235,0.55594,0.55594,28600000,28600000,https://www.sec.gov/Archives/edgar/data/26058/000100547799005101/0001005477-99-005101-index.html,https://www.sec.gov/Archives/edgar/data/26058/0001005477-99-005101.txt
0,1999-07-04,CTS,1999-08-18 00:00:00,1999-08-18 00:00:00,Q2,177800000,125100000,52700000,0.2964,6600000.0,21600000,0.0,0.0,29099999.999999993,154200000,-2700000.0,11000000,29200000,0.164229,23600000,0.132733,0.0,20900000,0.117548,6400000.0,14500000,0.081552,0.50877,0.50877,28500000,28500000,https://www.sec.gov/Archives/edgar/data/26058/000002605899000019/0000026058-99-000019-index.html,https://www.sec.gov/Archives/edgar/data/26058/0000026058-99-000019.txt
0,1999-04-04,CTS,1999-05-19 00:00:00,1999-05-19 00:00:00,Q1,120300000,83200000,37200000,0.309227,4700000.0,15900000,0.0,0.0,33800000,117000000,-1000000.0,6300000.0,8600000.0,0.071488,3300000.0,0.027431,900000.0,3200000.0,0.0266,1100000.0,2200000.0,0.018288,0.07666,0.07666,28700000,28700000,https://www.sec.gov/Archives/edgar/data/26058/000002605899000017/0000026058-99-000017-index.html,https://www.sec.gov/Archives/edgar/data/26058/0000026058-99-000017.txt
0,1998-12-31,CTS,,,Q4,93300000,62700000,30700000,0.329046,3500000.0,12700000,0.0,0.0,16299999.999999996,79000000,-200000.0,7199999.999999999,21800000,0.233655,14400000,0.154341,-200000.0,13900000,0.148982,3900000.0,10900000,0.116827,0.38652,0.38652,28200000,28200000,,
0,1998-09-27,CTS,1998-11-10 00:00:00,1998-11-10 00:00:00,Q3,83800000,57400000,26300000,0.313842,3000000.0,11700000,0.0,0.0,14800000.000000004,72200000,-300000.0,4000000.0,15300000,0.182578,11500000,0.137232,-100000.0,11200000,0.133652,3400000.0,8200000.0,0.097852,0.28873,0.28873,28400000,28400000,https://www.sec.gov/Archives/edgar/data/26058/000002605898000020/0000026058-98-000020-index.html,https://www.sec.gov/Archives/edgar/data/26058/0000026058-98-000020.txt
0,1998-06-28,CTS,1998-08-12 00:00:00,1998-08-12 00:00:00,Q2,99300000,68100000,31200000,0.314199,3600000.0,14200000,0.0,0.0,17800000.00000001,85900000.00000001,-400000.0,4000000.0,17600000,0.177241,13400000,0.134945,200000.0,13200000,0.132931,4300000.0,9700000.0,0.097684,0.33219,0.33219,29200000,29200000,https://www.sec.gov/Archives/edgar/data/26058/000002605898000010/0000026058-98-000010-index.html,https://www.sec.gov/Archives/edgar/data/26058/0000026058-98-000010.txt
0,1998-03-29,CTS,1998-05-12 00:00:00,1998-05-12 00:00:00,Q1,94000000,67700000,26400000,0.280851,3300000.0,12700000,0.0,0.0,16000000,83700000,-100000.0,4000000.0,16400000,0.174468,10300000,0.109574,900000.0,11200000,0.119149,3800000.0,8700000.0,0.092553,0.27974,0.27974,31100000,31100000,https://www.sec.gov/Archives/edgar/data/26058/000002605898000007/0000026058-98-000007-index.html,https://www.sec.gov/Archives/edgar/data/26058/0000026058-98-000007.txt
0,1997-12-31,CTS,,,Q4,126400000,90100000,36300000,0.287184,4100000.0,32900000,0.0,0.0,37000000,127100000,-1200000.0,4800000.000000001,2000000.000000001,0.015823,-700000.0,-0.005538,300000.0,-1600000.0,-0.012658,-1300000.0,-300000.0,-0.002373,-0.01007,-0.01007,29800000,29800000,,
0,1997-09-28,CTS,1997-11-12 00:00:00,1997-11-12 00:00:00,Q3,90000000,64800000,25200000,0.28,3100000.0,10400000,0.0,0.0,13600000.00000001,78400000.00000001,-1000000.0,3599999.9999999995,14800000,0.164444,11600000,0.128889,1600000.0,12200000,0.135556,4500000.0,7700000.0,0.085556,0.24138,0.24138,31900000,31900000,https://www.sec.gov/Archives/edgar/data/26058/000002605897000011/0000026058-97-000011-index.html,https://www.sec.gov/Archives/edgar/data/26058/0000026058-97-000011.txt
0,1997-06-29,CTS,1997-08-12 00:00:00,1997-08-12 00:00:00,Q2,107500000,78600000,28800000,0.267907,3100000.0,12000000,0.0,0.0,15200000.000000004,93800000,-400000.0,3800000.0,16900000,0.157209,13700000,0.127442,100000.0,13400000,0.124651,5000000.0,8500000.0,0.07907,0.26814,0.26814,31700000,31700000,https://www.sec.gov/Archives/edgar/data/26058/000002605897000010/0000026058-97-000010-index.html,https://www.sec.gov/Archives/edgar/data/26058/0000026058-97-000010.txt
0,1997-03-30,CTS,1997-04-22 00:00:00,1997-04-22 00:00:00,Q1,91300000,66000000,25300000,0.277108,3000000.0,11800000,0.0,0.0,14799999.999999996,80800000,-300000.0,3800000.0,14600000,0.159912,10500000,0.115005,800000.0,11000000,0.120482,4100000.0,7000000.0,0.07667,0.22152,0.22152,31600000,31600000,https://www.sec.gov/Archives/edgar/data/26058/000002605897000003/0000026058-97-000003-index.html,https://www.sec.gov/Archives/edgar/data/26058/0000026058-97-000003.txt
0,1996-12-31,CTS,,,Q4,80800000,55700000,25100000,0.310644,3000000.0,11400000,0.0,0.0,14399999.99999999,70099999.99999999,-300000.0,2900000.0000000005,12700000,0.157178,10800000,0.133663,-400000.0,10100000,0.125,3700000.0,6400000.0,0.079208,0.20126,0.20126,31800000,31800000,,
0,1996-09-29,CTS,1996-11-12 00:00:00,1996-11-12 00:00:00,Q3,76500000,55700000,20700000,0.270588,2900000.0,10000000,0.0,0.0,12899999.99999999,68599999.99999999,-300000.0,3099999.9999999995,10900000,0.142484,7800000.0,0.101961,500000.0,8000000.0,0.104575,3000000.0,5100000.0,0.066667,0.16139,0.16139,31600000,31600000,https://www.sec.gov/Archives/edgar/data/26058/000002605896000004/0000026058-96-000004-index.html,https://www.sec.gov/Archives/edgar/data/26058/0000026058-96-000004.txt
0,1996-06-30,CTS,1996-08-07 00:00:00,1996-08-07 00:00:00,Q2,83800000,61900000,21900000,0.261337,2600000.0,11000000,0.0,0.0,13699999.999999996,75600000,-400000.0,3200000.0,11200000,0.133652,8200000.0,0.097852,600000.0,8500000.0,0.101432,3100000.0,5300000.0,0.063246,0.16825,0.16825,31500000,31500000,https://www.sec.gov/Archives/edgar/data/26058/000002605896000003/0000026058-96-000003-index.html,https://www.sec.gov/Archives/edgar/data/26058/0000026058-96-000003.txt
0,1996-03-31,CTS,1996-05-13 00:00:00,1996-05-13 00:00:00,Q1,80200000,60400000,19800000,0.246883,2300000.0,11000000,0.0,0.0,13199999.999999996,73600000,-400000.0,3300000.0,9900000.0,0.123441,6600000.0,0.082294,900000.0,7000000.0,0.087282,2600000.0,4400000.0,0.054863,0.13836,0.13836,31800000,31800000,https://www.sec.gov/Archives/edgar/data/26058/000002605896000002/0000026058-96-000002-index.html,https://www.sec.gov/Archives/edgar/data/26058/0000026058-96-000002.txt
0,1995-12-31,CTS,,,Q4,73900000,53800000,20000000,0.270636,1700000.0,9200000.0,0.0,0.0,10900000.000000006,64700000.00000001,-400000.0,2399999.9999999986,10999999.999999998,0.14885,9200000.0,0.124493,300000.0,9000000.0,0.121786,4000000.0,5000000.0,0.067659,0.15974,0.15974,31300000,31300000,,
0,1995-10-01,CTS,1995-11-13 00:00:00,1995-11-13 00:00:00,Q3,73900000,55500000,18300000,0.247632,2000000.0,10000000,0.0,0.0,12000000,67500000,-400000.0,3000000.000000001,9300000.000000002,0.125846,6400000.0,0.086604,700000.0,6700000.0,0.090663,2500000.0,4200000.0,0.056834,0.13462,0.13462,31200000,31200000,https://www.sec.gov/Archives/edgar/data/26058/000002605895000016/0000026058-95-000016-index.html,https://www.sec.gov/Archives/edgar/data/26058/0000026058-95-000016.txt
0,1995-06-30,CTS,1995-08-11 00:00:00,1995-08-11 00:00:00,Q2,76400000,57300000,19100000,0.25,2000000.0,10100000,0.0,0.0,12100000.00000001,69400000.00000001,-400000.0,3099999.9999999995,9800000.0,0.128272,7000000.0,0.091623,500000.0,7100000.0,0.092932,2500000.0,4600000.0,0.060209,0.14744,0.14744,31200000,31200000,https://www.sec.gov/Archives/edgar/data/26058/000002605895000015/0000026058-95-000015-index.html,https://www.sec.gov/Archives/edgar/data/26058/0000026058-95-000015.txt
0,1995-04-02,CTS,1995-05-12 00:00:00,1995-05-12 00:00:00,Q1,76000000,58700000,17300000,0.227632,2300000.0,10100000,0.0,0.0,12399999.99999999,71099999.99999999,-500000.0,3200000.0,7600000.0,0.1,4900000.0,0.064474,500000.0,4900000.0,0.064474,1600000.0,3300000.0,0.043421,0.10611,0.10611,31100000,31100000,https://www.sec.gov/Archives/edgar/data/26058/000002605895000006/0000026058-95-000006-index.html,https://www.sec.gov/Archives/edgar/data/26058/0000026058-95-000006.txt
0,1994-12-31,CTS,,,Q4,67800000,52600000,15200000,0.224189,1800000.0,6200000.0,0.0,0.0,8000000.0,60600000,-200000.0,2399999.9999999986,9899999.999999998,0.146018,7200000.0,0.106195,600000.0,7600000.0,0.112094,3100000.0,4600000.0,0.067847,0.14791,0.14791,31100000,31100000,,
0,1994-10-02,CTS,1994-11-14 00:00:00,1994-11-14 00:00:00,Q3,66000000,50900000,15100000,0.228788,1400000.0,9300000.0,0.0,0.0,10700000.000000004,61600000,-100000.0,2900000.0000000005,7500000.0,0.113636,4400000.0,0.066667,400000.0,4700000.0,0.071212,1700000.0,3000000.0,0.045455,0.09677,0.09677,31000000,31000000,https://www.sec.gov/Archives/edgar/data/26058/000002605894000015/0000026058-94-000015-index.html,https://www.sec.gov/Archives/edgar/data/26058/0000026058-94-000015.txt
0,1994-07-03,CTS,1994-08-09 00:00:00,1994-08-09 00:00:00,Q2,70600000,53500000,17200000,0.243626,1500000.0,10100000,0.0,0.0,11599999.999999994,65099999.99999999,-200000.0,3000000.0000000005,8400000.0,0.11898,5500000.0,0.077904,200000.0,5600000.0,0.07932,1700000.0,3900000.0,0.055241,0.12581,0.12581,31000000,31000000,https://www.sec.gov/Archives/edgar/data/26058/000002605894000012/0000026058-94-000012-index.html,https://www.sec.gov/Archives/edgar/data/26058/0000026058-94-000012.txt
0,1994-04-03,CTS,1994-05-11 00:00:00,1994-05-11 00:00:00,Q1,64400000,48800000,15600000,0.242236,1500000.0,10600000,0.0,0.0,12000000,60800000,-200000.0,2900000.0,6300000.0,0.097826,3600000.0,0.055901,200000.0,3600000.0,0.055901,1100000.0,2500000.0,0.03882,0.08065,0.08065,31000000,31000000,https://www.sec.gov/Archives/edgar/data/26058/000002605894000010/0000026058-94-000010-index.html,https://www.sec.gov/Archives/edgar/data/26058/0000026058-94-000010.txt
