,date,symbol,fillingDate,acceptedDate,period,revenue,costOfRevenue,grossProfit,grossProfitRatio,researchAndDevelopmentExpenses,generalAndAdministrativeExpenses,sellingAndMarketingExpenses,otherExpenses,operatingExpenses,costAndExpenses,interestExpense,depreciationAndAmortization,ebitda,ebitdaratio,operatingIncome,operatingIncomeRatio,totalOtherIncomeExpensesNet,incomeBeforeTax,incomeBeforeTaxRatio,incomeTaxExpense,netIncome,netIncomeRatio,eps,epsdiluted,weightedAverageShsOut,weightedAverageShsOutDil,link,finalLink
0,2020-07-31,SNPS,2020-08-21 00:00:00,2020-08-21 16:40:41,Q3,964134000,193008000,771126000,0.7998120593195551,322602000,229972000,156456000,26294000,0.0,755513000,941000.0,0.0,289773000,0.3005526202789239,208621000,0.24566502166711265,28394000,236854000,0.24566502166711265,-16057000,252911000,0.2623193456511232,1.67,1.62,151352000,155973000,https://www.sec.gov/Archives/edgar/data/883241/000088324120000012/0000883241-20-000012-index.htm,https://www.sec.gov/Archives/edgar/data/883241/000088324120000012/a073120snps10-q.htm
0,2020-04-30,SNPS,2020-05-22,2020-05-22 16:36:01,Q2,861327000,184265000,677062000,0.7860684734136977,302571000,208674000,146200000,-19801000,0.0,705760000,1846000.0,0.0,189491000,0.2199989086607061,155567000,0.12790264324698983,-44434000,110166000,0.12790264324698983,246000.0,109920000,0.12761703743177677,0.73,0.71,150597000,154379000,https://www.sec.gov/Archives/edgar/data/883241/000088324120000009/a043020snps10-q.htm,https://www.sec.gov/Archives/edgar/data/883241/000088324120000009/a043020snps10-q.htm
0,2020-01-31,SNPS,2020-02-21 00:00:00,2020-02-21 16:34:24,Q1,834381000,192868000,641513000,0.7688490030333864,314283000,221599000,152855000,12089000,0.0,738114000,1603000.0,0.0,162066000,0.1942350077482589,96267000,0.11933756880849396,3431000.0,99573000,0.11933756880849396,-4488000.0,104061000,0.12471640653370583,0.69,0.67,150244000,154504000,https://www.sec.gov/Archives/edgar/data/883241/000088324120000006/0000883241-20-000006-index.html,https://www.sec.gov/Archives/edgar/data/883241/000088324120000006/a013120snps10-q.htm
0,2019-10-31,SNPS,2019-12-20 00:00:00,2019-12-20 17:04:07,Q4,851081000,182743000,668338000,0.7852813069496323,290503000,224594000,161170000,785000.0,0.0,707920000,1051000.0,0.0,195068000,0.22920027588443403,143161000,0.1546539048574695,-12066000,131623000,0.1546539048574695,-29091000,160714000,0.18883514025104545,1.07,1.04,150367000,154532000,https://www.sec.gov/Archives/edgar/data/883241/000088324119000019/0000883241-19-000019-index.html,https://www.sec.gov/Archives/edgar/data/883241/000088324119000019/snps10311910-k.htm
0,2019-07-31,SNPS,2019-08-26,2019-08-26 16:37:14,Q3,852970000,186632000,666338000,0.7811974629822854,284804000,224491000,157109000,5046000.0,0.0,706038000,2214000.0,0.0,203059000,0.23806112758948145,146932000,0.1558214239656729,-13596000,132911000,0.1558214239656729,32982000,99929000,0.11715417892774659,0.67,0.65,150123000,154600000,https://www.sec.gov/Archives/edgar/data/883241/000088324119000015/a073119snps10-q.htm,https://www.sec.gov/Archives/edgar/data/883241/000088324119000015/a073119snps10-q.htm
0,2019-04-30,SNPS,2019-05-24 00:00:00,2019-05-24 16:33:32,Q2,836242000,190679000,645563000,0.7719810772479737,290299000,215003000,158652000,17611000,0.0,706297000,3841000.0,0.0,200494000,0.23975595581183437,129945000,0.16014144230976202,5886000.0,133917000,0.16014144230976202,15707000,118210000,0.14135860193580327,0.79,0.77,149712000,153904000,https://www.sec.gov/Archives/edgar/data/883241/000088324119000011/0000883241-19-000011-index.html,https://www.sec.gov/Archives/edgar/data/883241/000088324119000011/a043019snps10-q.htm
0,2019-01-31,SNPS,2019-02-25 00:00:00,2019-02-25 16:47:55,Q1,820401000,192892000,627509000,0.7648808326659767,271326000,198020000,155959000,3046000.0,0.0,673022000,4554000.0,0.0,203820000,0.24843948264324398,147379000,0.1792477093518901,2665000.0,147055000,0.1792477093518901,-6459000.0,153514000,0.18712068854133526,0.84,0.82,149288000,152661000,https://www.sec.gov/Archives/edgar/data/883241/000088324119000008/0000883241-19-000008-index.html,https://www.sec.gov/Archives/edgar/data/883241/000088324119000008/a013119snps10-q.htm
0,2018-10-31,SNPS,2018-12-17 00:00:00,2018-12-14 20:07:29,Q4,795082000,190582000,604500000,0.7602989377196314,290875000,230368000,167325000,-8447000.0,0.0,722529000,4326000.0,0.0,124732000,0.15687941621115808,72553000,0.0657139766715886,-17643000,52248000,0.0657139766715886,-202080000,254328000,0.3198764404174664,1.71,1.66,149148000,153038000,https://www.sec.gov/Archives/edgar/data/883241/000088324118000012/0000883241-18-000012-index.html,https://www.sec.gov/Archives/edgar/data/883241/000088324118000012/snps10311810-k.htm
0,2018-07-31,SNPS,2018-08-24 00:00:00,2018-08-24 16:38:36,Q3,779714000,185381000,594333000,0.7622448744026656,277402000,242289000,157953000,9760000.0,0.0,715723000,4558000.0,0.0,128263000,0.16450006027851238,63991000,0.09220432107157239,11364000,71893000,0.09220432107157239,-7516000.0,79409000,0.10184375296583106,0.53,0.52,148490000,152614000,https://www.sec.gov/Archives/edgar/data/883241/000088324118000008/0000883241-18-000008-index.html,https://www.sec.gov/Archives/edgar/data/883241/000088324118000008/a073118snps10-q.htm
0,2018-04-30,SNPS,2018-05-25 00:00:00,2018-05-25 16:33:36,Q2,776836000,178779000,598057000,0.7698626222265703,252134000,205997000,147188000,-5879000.0,0.0,647646000,3880000.0,0.0,177147000,0.22803654825471528,129190000,0.1535703803634229,-6938000.0,119299000,0.1535703803634229,16827000,102472000,0.13190943777064915,0.69,0.67,149034000,153167000,https://www.sec.gov/Archives/edgar/data/883241/000088324118000005/0000883241-18-000005-index.html,https://www.sec.gov/Archives/edgar/data/883241/000088324118000005/a043018snps10-q.htm
0,2018-01-31,SNPS,2018-02-23 00:00:00,2018-02-23 16:46:31,Q1,769426000,181156000,588270000,0.7645569554447081,264411000,206884000,150512000,14611000,0.0,661990000,2843000.0,0.0,167603000,0.21782861509748827,107436000,0.15609428327090585,13874000,120103000,0.15609428327090585,123794000,-3691000.0,-0.004797082500461383,-0.02,-0.02,149441000,149441000,https://www.sec.gov/Archives/edgar/data/883241/000088324118000002/0000883241-18-000002-index.html,https://www.sec.gov/Archives/edgar/data/883241/000088324118000002/a013118snps10-q.htm
0,2017-10-31,SNPS,2017-12-14 00:00:00,2017-12-13 18:49:27,Q4,696644000,166864000,529780000,0.7604745034766681,244515000,180196000,154006000,7058000.0,0.0,599383000,1816000.0,0.0,152143000,0.218394186987902,97261000,0.14343911667939435,1987000.0,99926000,0.14343911667939435,220008000,-120082000,-0.17237211545638806,-0.8,-0.8,150448000,150448000,https://www.sec.gov/Archives/edgar/data/883241/000088324117000014/0000883241-17-000014-index.html,https://www.sec.gov/Archives/edgar/data/883241/000088324117000014/snps10311710-k.htm
0,2017-07-31,SNPS,2017-08-18 00:00:00,2017-08-18 16:34:03,Q3,695381000,169546000,525835000,0.7561825819227157,228663000,177870000,131520000,7448000.0,0.0,583985000,2320000.0,0.0,167927000,0.2414891980079985,111396000,0.16220029020062382,1700000.0,112791000,0.16220029020062382,-3960000.0,116751000,0.16789501007361432,0.78,0.75,150214000,154683000,https://www.sec.gov/Archives/edgar/data/883241/000088324117000007/0000883241-17-000007-index.html,https://www.sec.gov/Archives/edgar/data/883241/000088324117000007/a073117snps10-q.htm
0,2017-04-30,SNPS,2017-05-19 00:00:00,2017-05-19 16:26:12,Q2,680069000,162028000,518041000,0.7617477050122855,223015000,220649000,137211000,9398000.0,0.0,613556000,1860000.0,0.0,124990000,0.18379017423232055,66513000,0.09119662857739436,-4132000.0,62020000,0.09119662857739436,8714000.0,53306000,0.07838322287885494,0.35,0.34,150384000,154861000,https://www.sec.gov/Archives/edgar/data/883241/000088324117000005/0000883241-17-000005-index.html,https://www.sec.gov/Archives/edgar/data/883241/000088324117000005/a043017snps10-q.htm
0,2017-01-31,SNPS,2017-02-17 00:00:00,2017-02-17 16:44:28,Q1,652786000,155746000,497040000,0.7614133881547704,212648000,167377000,126511000,8340000.0,0.0,543807000,1308000.0,0.0,168016000,0.2573829708357716,108979000,0.165997738922097,-543000.0,108361000,0.165997738922097,21773000,86588000,0.13264377606137387,0.57,0.56,150782000,154433000,https://www.sec.gov/Archives/edgar/data/883241/000088324117000003/0000883241-17-000003-index.html,https://www.sec.gov/Archives/edgar/data/883241/000088324117000003/a013117snps10-q.htm
0,2016-10-31,SNPS,2016-12-12 00:00:00,2016-12-09 19:54:04,Q4,633719000,142211000,491508000,0.7755929678611498,221954000,173658000,131494000,-631000.0,0.0,544316000,1042000.0,0.0,139206000,0.21966518283340092,89403000,0.13058153534926364,-6825000.0,82752000,0.13058153534926364,10055000,72697000,0.11471488151688682,0.48,0.47,151681000,154331000,https://www.sec.gov/Archives/edgar/data/883241/000088324116000027/0000883241-16-000027-index.html,https://www.sec.gov/Archives/edgar/data/883241/000088324116000027/snps10311610-k.htm
0,2016-07-31,SNPS,2016-08-22,2016-08-22 16:17:34,Q3,615204000,139677000,475527000,0.7729582382429243,221874000,169876000,127328000,8780000.0,0.0,538482000,1208000.0,0.0,137121000,0.22288704234692883,76722000,0.13854103679429913,8686000.0,85231000,0.13854103679429913,20513000,64718000,0.10519762550308516,0.43,0.42,151169000,153890000,https://www.sec.gov/Archives/edgar/data/883241/000088324116000022/a073116snps10-q.htm,https://www.sec.gov/Archives/edgar/data/883241/000088324116000022/a073116snps10-q.htm
0,2016-04-30,SNPS,2016-05-24 00:00:00,2016-05-24 12:29:26,Q2,605005000,131630000,473375000,0.7824315501524781,216172000,162479000,120926000,11159000,0.0,517305000,848000.0,0.0,150538000,0.2488210841232717,87700000,0.16069784547235147,9482000.0,97223000,0.16069784547235147,27847000,69376000,0.11467012669316783,0.46,0.45,152250000,154536000,https://www.sec.gov/Archives/edgar/data/883241/000088324116000020/0000883241-16-000020-index.html,https://www.sec.gov/Archives/edgar/data/883241/000088324116000020/a043016snps10-q.htm
0,2016-01-31,SNPS,2016-02-22 00:00:00,2016-02-22 17:02:39,Q1,568604000,129444000,439160000,0.7723477147540292,196705000,162317000,122620000,-7255000.0,0.0,495401000,673000.0,0.0,122964000,0.2162559531765517,73203000,0.11315783919916146,-8768000.0,64342000,0.11315783919916146,4307000.0,60035000,0.10558314749808302,0.39,0.39,152968000,155283000,https://www.sec.gov/Archives/edgar/data/883241/000088324116000017/0000883241-16-000017-index.html,https://www.sec.gov/Archives/edgar/data/883241/000088324116000017/a013116snps10-q.htm
0,2015-10-31,SNPS,2015-12-14 00:00:00,2015-12-14 16:42:14,Q4,587159000,139844000,447315000,0.7618294192884721,208305000,174514000,130671000,-2474000.0,0.0,529601000,757000.0,0.0,112915000,0.19230736478534774,57558000,0.09523485120725392,-1428000.0,55918000,0.09523485120725392,6156000.0,49762000,0.08475046793117366,0.32,0.31,155322000,158121000,https://www.sec.gov/Archives/edgar/data/883241/000088324115000014/0000883241-15-000014-index.html,https://www.sec.gov/Archives/edgar/data/883241/000088324115000014/snps10311510-k.htm
0,2015-07-31,SNPS,2015-08-24 00:00:00,2015-08-24 17:02:08,Q3,555805000,129471000,426334000,0.7670567915006162,197999000,160913000,116988000,2659000.0,0.0,494571000,599000.0,0.0,116917000,0.21035615008861022,61234000,0.1172947346641358,4018000.0,65193000,0.1172947346641358,9806000.0,55387000,0.09965185631651388,0.36,0.35,155533000,158584000,https://www.sec.gov/Archives/edgar/data/883241/000088324115000011/0000883241-15-000011-index.html,https://www.sec.gov/Archives/edgar/data/883241/000088324115000011/a073115snps10-q.htm
0,2015-04-30,SNPS,2015-05-22 00:00:00,2015-05-22 16:35:32,Q2,557204000,124972000,432232000,0.775715895794,188315000,161554000,120579000,7698000.0,0.0,481277000,804000.0,0.0,135699000,0.24353558122339394,75927000,0.15054450434670247,8209000.0,83884000,0.15054450434670247,28288000,55596000,0.09977674244980295,0.36,0.35,154515000,157483000,https://www.sec.gov/Archives/edgar/data/883241/000088324115000008/0000883241-15-000008-index.html,https://www.sec.gov/Archives/edgar/data/883241/000088324115000008/a043015snps10-q.htm
0,2015-01-31,SNPS,2015-02-24,2015-02-24 16:12:11,Q1,542043000,124633000,417410000,0.770068057331245,181610000,142523000,106169000,927000.0,0.0,455208000,653000.0,0.0,139439000,0.25724711877102,86835000,0.14134487485310207,-10715000,76615000,0.14134487485310207,11426000,65189000,0.1202653664008206,0.42,0.41,154458000,157206000,https://www.sec.gov/Archives/edgar/data/883241/000088324114000008/snps10311410-k.htm,https://www.sec.gov/Archives/edgar/data/883241/000088324114000008/snps10311410-k.htm
0,2014-10-31,SNPS,2014-12-15 00:00:00,2014-12-12 21:47:39,Q4,539012000,121421000,417591000,0.7747341432101698,190373000,163201000,120232000,4212000.0,0.0,481512000,241000.0,0.0,114115000,0.2117114275748963,57500000,0.11526273997610442,4542000.0,62128000,0.11526273997610442,-327000.0,62455000,0.11586940550488672,0.4,0.39,156385000,158477000,https://www.sec.gov/Archives/edgar/data/883241/000088324114000008/0000883241-14-000008-index.html,https://www.sec.gov/Archives/edgar/data/883241/000088324114000008/snps10311410-k.htm
0,2014-07-31,SNPS,2014-08-26 00:00:00,2014-08-25 20:46:15,Q3,521812000,115530000,406282000,0.7785984224203353,182809000,149709000,112271000,3885000.0,0.0,454585000,715000.0,0.0,120571000,0.23106214498708347,67227000,0.13562547430875488,3965000.0,70771000,0.13562547430875488,5115000.0,65656000,0.12582309337462536,0.42,0.42,155194000,157622000,https://www.sec.gov/Archives/edgar/data/883241/000088324114000005/0000883241-14-000005-index.html,https://www.sec.gov/Archives/edgar/data/883241/000088324114000005/a073114snps10-q.htm
0,2014-04-30,SNPS,2014-05-28 00:00:00,2014-05-27 20:58:33,Q2,517697000,114085000,403612000,0.7796297834447563,178043000,155359000,114784000,4602000.0,0.0,453863000,582000.0,0.0,116621000,0.22526883485900054,63834000,0.13146493025843303,4493000.0,68059000,0.13146493025843303,4742000.0,63317000,0.12230513215259119,0.41,0.4,154572000,157082000,https://www.sec.gov/Archives/edgar/data/883241/000119312514213430/0001193125-14-213430-index.html,https://www.sec.gov/Archives/edgar/data/883241/000119312514213430/d715707d10q.htm
0,2014-01-31,SNPS,2014-02-26,2014-02-26 17:05:00,Q1,478951000,105849000,373102000,0.7789982691340033,167543000,140025000,105792000,10125000,0.0,418795000,357000.0,0.0,114362000,0.23877599169852448,60156000,0.1486248071305833,11018000,71184000,0.1486248071305833,3488000.0,67696000,0.14134222498752483,0.44,0.43,154066000,156756000,https://www.sec.gov/Archives/edgar/data/883241/000119312513479653/d608014d10k.htm,https://www.sec.gov/Archives/edgar/data/883241/000119312513479653/d608014d10k.htm
0,2013-10-31,SNPS,2013-12-20 00:00:00,2013-12-19 21:47:48,Q4,504875000,119109000,385766000,0.764082198564001,175057000,154002000,114913000,8187000.0,0.0,453861000,371000.0,0.0,105177000,0.20832285219113642,51014000,0.11697350829413221,8086000.0,59057000,0.11697350829413221,2167000.0,56890000,0.11268135677147809,0.37,0.36,154369000,157039000,https://www.sec.gov/Archives/edgar/data/883241/000119312513479653/0001193125-13-479653-index.html,https://www.sec.gov/Archives/edgar/data/883241/000119312513479653/d608014d10k.htm
0,2013-07-31,SNPS,2013-08-30 00:00:00,2013-08-30 16:27:22,Q3,482945000,115647000,367298000,0.7605379494559422,166668000,139891000,105381000,3063000.0,0.0,427950000,404000.0,0.0,105961000,0.21940593649380363,54995000,0.12045263953452257,3280000.0,58172000,0.12045263953452257,5875000.0,52297000,0.10828769321558356,0.34,0.33,153915000,157056000,https://www.sec.gov/Archives/edgar/data/883241/000119312513353975/0001193125-13-353975-index.html,https://www.sec.gov/Archives/edgar/data/883241/000119312513353975/d569790d10q.htm
0,2013-04-30,SNPS,2013-05-31 00:00:00,2013-05-31 17:28:39,Q2,499257000,107733000,391524000,0.7842133410247628,169962000,136184000,103930000,5227000.0,0.0,419754000,456000.0,0.0,132748000,0.2658911141956948,79503000,0.17367207670598508,6732000.0,86707000,0.17367207670598508,18016000,68691000,0.1375864534698562,0.45,0.44,153515000,156606000,https://www.sec.gov/Archives/edgar/data/883241/000119312513243521/0001193125-13-243521-index.html,https://www.sec.gov/Archives/edgar/data/883241/000119312513243521/d522537d10q.htm
0,2013-01-31,SNPS,2013-03-04 00:00:00,2013-03-01 21:02:16,Q1,475137000,111063000,364074000,0.7662505761496158,157510000,139696000,101758000,6474000.0,0.0,414156000,464000.0,0.0,114854000,0.24172817524208806,60981000,0.1509669842592768,10878000,71730000,0.1509669842592768,1808000.0,69922000,0.1471617659748662,0.46,0.45,151477000,154531000,https://www.sec.gov/Archives/edgar/data/883241/000119312513088256/0001193125-13-088256-index.html,https://www.sec.gov/Archives/edgar/data/883241/000119312513088256/d472800d10q.htm
0,2012-10-31,SNPS,2012-12-20 00:00:00,2012-12-20 17:16:32,Q4,454213000,102524000,351689000,0.7742821099352066,153568000,153288000,111385000,0.0,0.0,414723000,0.0,0.0,91545000,0.20154641104503834,39490000,0.09407920953385306,2811000.0,42732000,0.09407920953385306,13651000,29081000,0.06402502790541002,0.0,0.0,0.0,0.0,https://www.sec.gov/Archives/edgar/data/883241/000119312512510596/0001193125-12-510596-index.html,https://www.sec.gov/Archives/edgar/data/883241/000119312512510596/d420241d10k.htm
0,2012-07-31,SNPS,2012-08-31 00:00:00,2012-08-31 16:39:18,Q3,443747000,99789000,343958000,0.7751218599787717,143955000,131773000,100004000,0.0,0.0,380352000,0.0,0.0,105269000,0.23722751928463742,63395000,0.1376572686688586,-1660000.0,61085000,0.1376572686688586,-14571000,75656000,0.1704935469986276,0.51,0.5,147801000,150644000,https://www.sec.gov/Archives/edgar/data/883241/000119312512377617/0001193125-12-377617-index.html,https://www.sec.gov/Archives/edgar/data/883241/000119312512377617/d371082d10q.htm
0,2012-04-30,SNPS,2012-06-04,2012-06-01 19:07:43,Q2,432561000,100506000,332055000,0.767648955869808,151230000,158784000,108836000,0.0,0.0,415425000,0.0,0.0,53195000,0.12297687493787003,17136000,0.05430216778673991,6838000.0,23489000,0.05430216778673991,2518000.0,20971000,0.048481023485704905,0.14,0.14,145948000,149297000,https://www.sec.gov/Archives/edgar/data/883241/000119312512257478/d335528d10q.htm,https://www.sec.gov/Archives/edgar/data/883241/000119312512257478/d335528d10q.htm
0,2012-01-31,SNPS,2012-03-06 00:00:00,2012-03-06 17:21:11,Q1,425496000,89854000,335642000,0.7888252768533665,132875000,129243000,95404000,0.0,0.0,355493000,0.0,0.0,98620000,0.23177656194182789,70003000,0.1735127944798541,3348000.0,73829000,0.1735127944798541,17135000,56694000,0.13324214563709177,0.39,0.39,143882000,147113000,https://www.sec.gov/Archives/edgar/data/883241/000119312512099331/0001193125-12-099331-index.html,https://www.sec.gov/Archives/edgar/data/883241/000119312512099331/d282956d10q.htm
0,2011-10-31,SNPS,2011-12-16 00:00:00,2011-12-16 06:10:43,Q4,390534000,85385000,305149000,0.7813634664331403,125415000,119873000,93500000,0.0,0.0,334217000,0.0,0.0,91101000,0.23327290325554242,56317000,0.13713274644461174,-3193000.0,53555000,0.13713274644461174,13613000,39942000,0.10227534606461922,0.28,0.27,143855000,146350000,https://www.sec.gov/Archives/edgar/data/883241/000119312511343034/0001193125-11-343034-index.html,https://www.sec.gov/Archives/edgar/data/883241/000119312511343034/d235768d10k.htm
0,2011-07-31,SNPS,2011-09-02 00:00:00,2011-09-02 16:33:15,Q3,386795000,84732000,302063000,0.7809382230897504,122547000,117784000,90732000,0.0,0.0,328616000,0.0,0.0,92873000,0.24010910172054964,58179000,0.14469421786734576,-2733000.0,55967000,0.14469421786734576,3885000.0,52082000,0.1346501376698251,0.36,0.35,144960000,148045000,https://www.sec.gov/Archives/edgar/data/883241/000119312511240188/0001193125-11-240188-index.html,https://www.sec.gov/Archives/edgar/data/883241/000119312511240188/d10q.htm
0,2011-04-30,SNPS,2011-05-27 00:00:00,2011-05-27 16:30:23,Q2,393670000,86028000,307642000,0.7814717910940635,123169000,129032000,99562000,0.0,0.0,341985000,0.0,0.0,80114000,0.20350547412807682,51685000,0.14544923413010896,4893000.0,57259000,0.14544923413010896,-23855000,81114000,0.20604567277161073,0.55,0.53,148461000,152593000,https://www.sec.gov/Archives/edgar/data/883241/000119312511153412/0001193125-11-153412-index.html,https://www.sec.gov/Archives/edgar/data/883241/000119312511153412/d10q.htm
0,2011-01-31,SNPS,2011-03-02,2011-03-02 16:46:10,Q1,364644000,84305000,280339000,0.7688018999352794,120740000,109189000,79324000,0.0,0.0,317982000,0.0,0.0,72668000,0.1992847818694398,46662000,0.14351531905090992,5670000.0,52332000,0.14351531905090992,4106000.0,48226000,0.13225502133587827,0.32,0.31,149016000,153640000,https://www.sec.gov/Archives/edgar/data/883241/000119312510282648/d10k.htm,https://www.sec.gov/Archives/edgar/data/883241/000119312510282648/d10k.htm
0,2010-10-31,SNPS,2010-12-17 00:00:00,2010-12-16 19:49:13,Q4,375459000,79743000,295716000,0.7876119629573403,129298000,129918000,96968000,0.0,0.0,342202000,0.0,0.0,51702000,0.13770345097600536,33257000,0.10572659065304067,10984000,39696000,0.10572659065304067,14295000,25401000,0.06765319249238931,0.0,0.0,0.0,0.0,https://www.sec.gov/Archives/edgar/data/883241/000119312510282648/0001193125-10-282648-index.html,https://www.sec.gov/Archives/edgar/data/883241/000119312510282648/d10k.htm
0,2010-07-31,SNPS,2010-09-08 00:00:00,2010-09-08 16:50:02,Q3,336929000,66743000,270186000,0.8019078203419712,105649000,111183000,83812000,0.0,0.0,286136000,0.0,0.0,76708000,0.22766814373354624,50793000,0.14171234889249665,-4361000.0,47747000,0.14171234889249665,8420000.0,39327000,0.11672192064203438,0.27,0.26,148006000,151106000,https://www.sec.gov/Archives/edgar/data/883241/000119312510206743/0001193125-10-206743-index.html,https://www.sec.gov/Archives/edgar/data/883241/000119312510206743/d10q.htm
0,2010-04-30,SNPS,2010-06-04 00:00:00,2010-06-04 16:42:57,Q2,338106000,69027000,269079000,0.7958421323490267,113050000,108076000,79363000,0.0,0.0,293138000,0.0,0.0,62131000,0.18376189715651306,44968000,0.15933760418330345,7403000.0,53873000,0.15933760418330345,14324000,39549000,0.11697219215275682,0.27,0.26,148890000,152482000,https://www.sec.gov/Archives/edgar/data/883241/000119312510133054/0001193125-10-133054-index.html,https://www.sec.gov/Archives/edgar/data/883241/000119312510133054/d10q.htm
0,2010-01-31,SNPS,2010-03-09 00:00:00,2010-03-09 16:51:01,Q1,330167000,65581000,264586000,0.8013702156787322,101232000,105469000,79616000,0.0,0.0,275075000,0.0,0.0,80222000,0.2429740101221503,55092000,0.1736757459104029,522000.0,57342000,0.1736757459104029,-75444000,132786000,0.4021782915918308,0.9,0.88,146830000,150788000,https://www.sec.gov/Archives/edgar/data/883241/000119312510051446/0001193125-10-051446-index.html,https://www.sec.gov/Archives/edgar/data/883241/000119312510051446/d10q.htm
0,2009-10-31,SNPS,2009-12-18 00:00:00,2009-12-18 06:12:12,Q4,338278000,73172000,265106000,0.7836927024518295,115316000,121739000,86247000,0.0,0.0,313356000,0.0,0.0,36115000,0.10676130283376395,24922000,0.09404395201579765,15679000,31813000,0.09404395201579765,12285000,19528000,0.05772766777620773,0.0,0.0,0.0,0.0,https://www.sec.gov/Archives/edgar/data/883241/000119312509255277/0001193125-09-255277-index.html,https://www.sec.gov/Archives/edgar/data/883241/000119312509255277/d10k.htm
0,2009-07-31,SNPS,2009-09-09 00:00:00,2009-09-09 17:10:50,Q3,345177000,70035000,275142000,0.7971040944211231,105389000,105708000,77973000,0.0,0.0,284088000,0.0,0.0,82922000,0.24023037456145688,61089000,0.1925765621695536,3020000.0,66473000,0.1925765621695536,19037000,47436000,0.13742514709844514,0.33,0.32,144138000,146063000,https://www.sec.gov/Archives/edgar/data/883241/000110465909053842/0001104659-09-053842-index.html,https://www.sec.gov/Archives/edgar/data/883241/000110465909053842/a09-25779_110q.htm
0,2009-04-30,SNPS,2009-06-10 00:00:00,2009-06-09 21:30:40,Q2,336835000,65019000,271816000,0.8069707720397227,102996000,111211000,82520000,0.0,0.0,282167000,0.0,0.0,71315000,0.21172087223714875,54668000,0.19330829634687607,7663000.0,65113000,0.19330829634687607,16825000,48288000,0.14335802395831787,0.34,0.33,143275000,145421000,https://www.sec.gov/Archives/edgar/data/883241/000110465909037483/0001104659-09-037483-index.html,https://www.sec.gov/Archives/edgar/data/883241/000110465909037483/a09-14926_110q.htm
0,2009-01-31,SNPS,2009-03-09 00:00:00,2009-03-09 17:11:13,Q1,339755000,65424000,274331000,0.8074377124692793,98407000,104566000,77384000,0.0,0.0,272183000,0.0,0.0,94534000,0.2782416741475475,67572000,0.20506247148680667,-1544000.0,69671000,0.20506247148680667,17242000,52429000,0.15431413812894587,0.37,0.37,141865000,142612000,https://www.sec.gov/Archives/edgar/data/883241/000110465909015587/0001104659-09-015587-index.html,https://www.sec.gov/Archives/edgar/data/883241/000110465909015587/a09-7033_110q.htm
0,2008-10-31,SNPS,2008-12-22 00:00:00,2008-12-19 21:55:36,Q4,352805000,66868000,285937000,0.8104675387253581,102564000,115034000,0.0,0.0,0.0,287501000,0.0,0.0,119707000,0.33930074687150125,65304000,0.15793426963903573,-30795000,55720000,0.15793426963903573,9323000.0,46397000,0.13150890718668953,0.0,0.0,0.0,0.0,https://www.sec.gov/Archives/edgar/data/883241/000104746908013321/0001047469-08-013321-index.html,https://www.sec.gov/Archives/edgar/data/883241/000104746908013321/a2189740z10-k.htm
0,2008-07-31,SNPS,2008-09-09 00:00:00,2008-09-09 17:00:19,Q3,344128000,67026000,277102000,0.8052294495071601,104394000,113328000,0.0,0.0,0.0,289296000,0.0,0.0,79976000,0.23240189696856983,54832000,0.1539514366747257,-1853000.0,52979000,0.1539514366747257,-4770000.0,57749000,0.16781255811790963,0.41,0.39,142536000,147486000,https://www.sec.gov/Archives/edgar/data/883241/000110465908057756/0001104659-08-057756-index.html,https://www.sec.gov/Archives/edgar/data/883241/000110465908057756/a08-23086_110q.htm
0,2008-04-30,SNPS,2008-06-10 00:00:00,2008-06-10 17:05:38,Q2,324553000,63692000,260861000,0.8037547026217597,95275000,109058000,0.0,0.0,0.0,274616000,0.0,0.0,79800000,0.2458766364815608,49937000,0.1543291850637646,-4952000.0,50088000,0.1543291850637646,10701000,39387000,0.12135768272054179,0.28,0.27,141844000,145271000,https://www.sec.gov/Archives/edgar/data/883241/000110465908039072/0001104659-08-039072-index.html,https://www.sec.gov/Archives/edgar/data/883241/000110465908039072/a08-16249_110q.htm
0,2008-01-31,SNPS,2008-03-12,2008-03-11 21:00:46,Q1,315465000,61310000,254155000,0.8056519740700236,92514000,101211000,0.0,0.0,0.0,261626000,0.0,0.0,79692000,0.2526175645475726,53839000,0.19073114291601287,-520000.0,60169000,0.19073114291601287,13724000,46445000,0.14722710918802404,0.32,0.31,146001000,150683000,https://www.sec.gov/Archives/edgar/data/883241/000104746907010271/a2181791z10-k.htm,https://www.sec.gov/Archives/edgar/data/883241/000104746907010271/a2181791z10-k.htm
0,2007-10-31,SNPS,2007-12-21 00:00:00,2007-12-21 17:21:15,Q4,315233000,62082000,253151000,0.8030599588241079,97016000,110488000,0.0,0.0,0.0,276257000,0.0,0.0,65629000,0.2081920357322996,38976000,0.1497305167923409,870000.0,47200000,0.1497305167923409,6186000.0,41014000,0.13010693677375149,0.0,0.0,0.0,0.0,https://www.sec.gov/Archives/edgar/data/883241/000104746907010271/0001047469-07-010271-index.html,https://www.sec.gov/Archives/edgar/data/883241/000104746907010271/a2181791z10-k.htm
0,2007-07-31,SNPS,2007-09-13 00:00:00,2007-09-13 13:51:05,Q3,304098000,58391000,245707000,0.8079862412774829,94365000,119594000,0.0,0.0,0.0,279000000,0.0,0.0,48245000,0.15864951430131077,25098000,0.1112371669659123,2021000.0,33827000,0.1112371669659123,8972000.0,24855000,0.08173352011522601,0.17,0.17,143820000,149709000,https://www.sec.gov/Archives/edgar/data/883241/000110465907068817/0001104659-07-068817-index.html,https://www.sec.gov/Archives/edgar/data/883241/000110465907068817/a07-23265_110q.htm
0,2007-04-30,SNPS,2007-06-06 00:00:00,2007-06-06 06:03:39,Q2,292928000,55417000,237511000,0.8108169925715534,91956000,101563000,0.0,0.0,0.0,255580000,0.0,0.0,49074000,0.16752922219794625,37348000,0.19464168669434126,13771000,57016000,0.19464168669434126,15751000,41265000,0.14087079418833298,0.29,0.28,144370000,149783000,https://www.sec.gov/Archives/edgar/data/883241/000110465907045552/0001104659-07-045552-index.html,https://www.sec.gov/Archives/edgar/data/883241/000110465907045552/a07-15923_110q.htm
0,2007-01-31,SNPS,2007-03-09,2007-03-08 20:27:35,Q1,300210000,58375000,241835000,0.805552779720862,95884000,119485000,0.0,0.0,0.0,280388000,0.0,0.0,43976000,0.1464841277772226,19822000,0.09245528130308783,3025000.0,27756000,0.09245528130308783,4399000.0,23357000,0.0778022051230805,0.16,0.16,142772000,148113000,https://www.sec.gov/Archives/edgar/data/883241/000110465907001964/a07-1403_110k.htm,https://www.sec.gov/Archives/edgar/data/883241/000110465907001964/a07-1403_110k.htm
0,2006-10-31,SNPS,2007-01-11,2007-01-11 06:01:29,Q4,283384000,56812000,226572000,0.799522908844536,95518000,112929000,0.0,0.0,0.0,271950000,0.0,0.0,25805000,0.09106018688422776,11434000,0.056375801033227,14573000,15976000,0.056375801033227,5856000.0,10120000,0.0357112610450837,0.0,0.0,0.0,0.0,https://www.sec.gov/Archives/edgar/data/883241/000110465907001964/a07-1403_110k.htm,https://www.sec.gov/Archives/edgar/data/883241/000110465907001964/a07-1403_110k.htm
0,2006-07-31,SNPS,2006-09-06,2006-09-06 16:19:48,Q3,277208000,55445000,221763000,0.7999877348417073,93972000,107863000,0.0,0.0,0.0,264055000,0.0,0.0,41991000,0.15147831231421893,13153000,0.05618163977951574,-1266000.0,15574000,0.05618163977951574,8024000.0,7550000.0,0.027235866208767424,0.05,0.05,142538000,143964000,https://www.sec.gov/Archives/edgar/data/883241/000110465906059654/a06-19129_110q.htm,https://www.sec.gov/Archives/edgar/data/883241/000110465906059654/a06-19129_110q.htm
0,2006-04-30,SNPS,2006-06-08,2006-06-08 14:17:13,Q2,274779000,55855000,218924000,0.7967275519599387,91296000,112386000,0.0,0.0,0.0,266668000,0.0,0.0,38670000,0.14073127859115872,8111000.0,0.03327401293403062,-2314000.0,9143000.0,0.03327401293403062,3768000.0,5375000.0,0.01956117461669196,0.04,0.04,143352000,146010000,https://www.sec.gov/Archives/edgar/data/883241/000110465906040534/a06-13289_110q.htm,https://www.sec.gov/Archives/edgar/data/883241/000110465906040534/a06-13289_110q.htm
0,2006-01-31,SNPS,2006-03-09,2006-03-08 20:42:18,Q1,260189000,46562000,213627000,0.8210454707923855,87604000,107993000,0.0,0.0,0.0,249499000,0.0,0.0,39424000,0.1515206253915423,10690000,0.011630007417684838,995000.0,3026000.0,0.011630007417684838,1329000.0,1697000.0,0.006522181952350023,0.01,0.01,144989000,146969000,https://www.sec.gov/Archives/edgar/data/883241/000110465906001880/a06-1373_210k.htm,https://www.sec.gov/Archives/edgar/data/883241/000110465906001880/a06-1373_210k.htm
0,2005-10-31,SNPS,2006-01-12,2006-01-12 15:29:57,Q4,254838000,46021000,208817000,0.8194107629160486,82102000,111759000,0.0,0.0,0.0,247527000,0.0,0.0,39670000,0.1556675221120869,7311000.0,0.0030882364482534004,2779000.0,787000.0,0.0030882364482534004,14262000,-13475000,-0.052876729530132865,0.0,0.0,0.0,0.0,https://www.sec.gov/Archives/edgar/data/883241/000110465906001880/a06-1373_210k.htm,https://www.sec.gov/Archives/edgar/data/883241/000110465906001880/a06-1373_210k.htm
0,2005-07-31,SNPS,2005-09-06,2005-09-02 21:50:34,Q3,251450000,43080000,208370000,0.8286736925830185,81948000,108282000,0.0,0.0,0.0,241476000,0.0,0.0,12886000,0.05124676874130046,9974000.0,0.11765360906740903,35895000,29584000,0.11765360906740903,12290000,17294000,0.06877709286140386,0.12,0.12,143830000,145668000,https://www.sec.gov/Archives/edgar/data/883241/000110465905042780/a05-15702_110q.htm,https://www.sec.gov/Archives/edgar/data/883241/000110465905042780/a05-15702_110q.htm
0,2005-04-30,SNPS,2005-06-02,2005-06-02 15:31:23,Q2,244339000,41624000,202715000,0.8296465157015458,80025000,106090000,0.0,0.0,0.0,236568000,0.0,0.0,57079000,0.23360576903400604,7771000.0,-0.07778537196272392,1322000.0,-19006000,-0.07778537196272392,-14034000,-4972000.0,-0.020348777722754043,-0.03,-0.03,144801000,144801000,https://www.sec.gov/Archives/edgar/data/883241/000110465905026547/a05-10147_110q.htm,https://www.sec.gov/Archives/edgar/data/883241/000110465905026547/a05-10147_110q.htm
0,2005-01-31,SNPS,2005-03-10,2005-03-10 16:44:15,Q1,241304000,41876000,199428000,0.8264595696714517,72917000,108213000,0.0,0.0,0.0,231858000,0.0,0.0,60429000,0.25042684746212246,9446000.0,-0.07937705135430825,-501000.0,-19154000,-0.07937705135430825,-4829000.0,-14325000,-0.05936495043596459,-0.1,-0.1,146060000,146060000,https://www.sec.gov/Archives/edgar/data/883241/000104746905000652/a2149671z10-k.htm,https://www.sec.gov/Archives/edgar/data/883241/000104746905000652/a2149671z10-k.htm
0,2004-10-31,SNPS,2005-01-12,2005-01-11 19:47:08,Q4,230555000,40666000,189889000,0.823616924378131,76337000,112088000,0.0,0.0,0.0,237572000,0.0,0.0,41722000,0.1809633276224762,-7017000.0,-0.1455921580533929,-495000.0,-33567000,-0.1455921580533929,-5185000.0,-28382000,-0.12310294723601743,0.0,0.0,0.0,0.0,https://www.sec.gov/Archives/edgar/data/883241/000104746905000652/a2149671z10-k.htm,https://www.sec.gov/Archives/edgar/data/883241/000104746905000652/a2149671z10-k.htm
0,2004-07-31,SNPS,2004-09-14,2004-09-14 16:01:41,Q3,281681000,38756000,242925000,0.8624117352608092,68471000,98589000,0.0,0.0,0.0,214346000,0.0,0.0,114316000,0.4058349693447552,67335000,0.15283245941330798,1277000.0,43050000,0.15283245941330798,1222000.0,41828000,0.1484942186373948,0.27,0.26,155199000,160346000,https://www.sec.gov/Archives/edgar/data/883241/000110465904027593/a04-10481_110q.htm,https://www.sec.gov/Archives/edgar/data/883241/000110465904027593/a04-10481_110q.htm
0,2004-04-30,SNPS,2004-06-10,2004-06-10 15:20:14,Q2,294604000,39183000,255421000,0.8669977325494562,70136000,113359000,0.0,0.0,0.0,231314000,0.0,0.0,110407000,0.3747640901006096,63290000,0.13068390110113914,925000.0,38500000,0.13068390110113914,9761000.0,28739000,0.0975512891881984,0.19,0.18,154806000,161840000,https://www.sec.gov/Archives/edgar/data/883241/000110465904016631/a04-6701_110q.htm,https://www.sec.gov/Archives/edgar/data/883241/000110465904016631/a04-6701_110q.htm
0,2004-01-31,SNPS,2004-03-16,2004-03-15 20:32:37,Q1,285264000,35882000,249382000,0.8742147624656459,70337000,99883000,0.0,0.0,0.0,215346000,0.0,0.0,119217000,0.4179181389870436,69918000,0.1528724269448651,-1069000.0,43609000,0.1528724269448651,11457000,32152000,0.1127096303774749,0.21,0.19,156316000,165864000,https://www.sec.gov/Archives/edgar/data/883241/000119312504042533/d10q.htm,https://www.sec.gov/Archives/edgar/data/883241/000119312504042533/d10q.htm
0,2003-10-31,SNPS,,,Q4,316453000,39533000,276920000,0.875074655636066,79283000,103762000,0.0,0.0,0.0,231517000,0.0,0.0,129221000,0.4083418390724689,84936000,0.19936925862608348,2052000.0,63091000,0.19936925862608348,18516000,44575000,0.14085820011186495,0.0,0.0,0.0,0.0,,
0,2003-07-31,SNPS,,,Q3,300366000,34302000,266064000,0.885799324823715,70716000,97952000,0.0,0.0,0.0,212191000,0.0,0.0,131367000,0.4373564251613032,88175000,0.22647703135508013,3707000.0,68026000,0.22647703135508013,19551000,48475000,0.16138644187424675,0.315,0.3,153240000,162696000,,
0,2003-04-30,SNPS,,,Q2,292028000,59376000,232652000,0.796677030969633,68612000,105210000,0.0,0.0,0.0,242367000,0.0,0.0,107368000,0.3676633747448875,49661000,0.13329543742380867,-10735000,38926000,0.13329543742380867,16637000,22289000,0.07632487295738764,0.15,0.145,148702000,153034000,,
0,2003-01-31,SNPS,,,Q1,268136000,38559000,229577000,0.8561961094370021,67269000,93789000,0.0,0.0,0.0,228400000,0.0,0.0,74428000,0.27757555867171885,39736000,0.18254169525912223,9210000.0,48946000,0.18254169525912223,14561000,34385000,0.1282371632305994,0.23,0.225,148130000,153278000,,
0,2002-10-31,SNPS,,,Q4,309256000,35321000,273935000,0.885787179553509,68609000,221523000,0.0,0.0,0.0,219616000,0.0,0.0,266164000,0.8606591302998163,89640000,-0.5770462012054738,-130259000,-178455000,-0.5770462012054738,-80619000,-97836000,-0.31635926222935046,0.0,0.0,0.0,0.0,,
0,2002-07-31,SNPS,,,Q3,236095000,34320000,201775000,0.8546347868442787,61581000,91030000,0.0,0.0,0.0,313017000,0.0,0.0,147005000,0.6226518986001398,-76922000,-0.6835384061500667,-188358000,-161380000,-0.6835384061500667,-23791000,-137589000,-0.5827696478112624,-0.965,-0.965,142314000,142314000,,
0,2002-04-30,SNPS,,,Q2,185638000,34392000,151246000,0.8147362070265786,46649000,80738000,0.0,0.0,0.0,166135000,0.0,0.0,25882000,0.13942188560531787,19503000,0.1654618127754016,11213000,30716000,0.1654618127754016,9336000.0,21380000,0.11517038537368426,0.175,0.165,122464000,129868000,,
0,2002-01-31,SNPS,,,Q1,175545000,35190000,140355000,0.7995385798513202,48706000,78507000,0.0,0.0,0.0,166447000,0.0,0.0,14691000,0.08368794326241134,9098000.0,0.1149505824717309,11081000,20179000,0.1149505824717309,6127000.0,14052000,0.08004785097838162,0.115,0.11,120272000,130022000,,
0,2001-10-31,SNPS,,,Q4,183562000,34390000,149172000,0.8126518560486375,46592000,84968000,0.0,0.0,0.0,170448000,0.0,0.0,13244000,0.07215000926117605,13114000,0.16341617546115209,16883000,29997000,0.16341617546115209,9599000.0,20398000,0.11112321722360838,0.0,0.0,0.0,0.0,,
0,2001-07-31,SNPS,2001-09-18 00:00:00,2001-09-18 00:00:00,Q3,176110000,32720000,143390000,0.8142070296973483,49382000,88094000,0.0,0.0,0.0,174359000,0.0,0.0,-1590000.0,-0.009028448129010278,1751000.0,0.12066322184998013,19499000,21250000,0.12066322184998013,6800000.0,14450000,0.08205099085798649,0.12,0.11,120096000,129774000,https://www.sec.gov/Archives/edgar/data/883241/000089161801501792/0000891618-01-501792-index.html,https://www.sec.gov/Archives/edgar/data/883241/000089161801501792/f75758e10-q.txt
0,2001-04-30,SNPS,,,Q2,163524000,30956000,132568000,0.8106944546366283,47636000,84306000,0.0,0.0,0.0,167077000,0.0,0.0,-9199000.0,-0.056254739365475405,-3553000.0,0.11232601942222549,21921000,18368000,0.11232601942222549,5878000.0,12490000,0.07638022553264352,0.105,0.095,121552000,130768000,,
0,2001-01-31,SNPS,,,Q1,157154000,32056000,125098000,0.7960217366404928,46221000,86268000,0.0,0.0,0.0,168717000,0.0,0.0,-21328000,-0.13571401300635047,-11563000,0.0885628110006745,25481000,13918000,0.0885628110006745,4454000.0,9464000.0,0.06022118431602123,0.075,0.075,123802000,130486000,,
0,2000-10-31,SNPS,,,Q4,133222000,20629000,112593000,0.845153202924442,48728000,94655000,0.0,0.0,0.0,181199000,0.0,0.0,-44162000,-0.3314917956493672,-47977000,-0.259754394919758,13372000,-34605000,-0.259754394919758,-12335000,-22270000,-0.16716458242632598,0.0,0.0,0.0,0.0,,
0,2000-07-31,SNPS,2000-09-12 00:00:00,2000-09-12 00:00:00,Q3,228835000,18586000,210249000,0.918779906919833,50323000,89682000,0.0,0.0,0.0,175770000,0.0,0.0,61447000,0.2685209867371687,53065000,0.27033452050604145,8797000.0,61862000,0.27033452050604145,20491000,41371000,0.1807896519326152,0.305,0.295,136556000,139206000,https://www.sec.gov/Archives/edgar/data/883241/000109581100003321/0001095811-00-003321-index.html,https://www.sec.gov/Archives/edgar/data/883241/000109581100003321/f65544e10-q.txt
0,2000-04-30,SNPS,2000-06-13 00:00:00,2000-06-13 00:00:00,Q2,204853000,18512000,186341000,0.9096327610530478,45962000,84428000,0.0,0.0,0.0,164006000,0.0,0.0,46257000,0.225805821735586,40847000,0.0,9694000.0,0.0,0.0,0.0,33574000,0.16389313312472847,0.245,0.235,138306000,142178000,https://www.sec.gov/Archives/edgar/data/883241/000089161800003339/0000891618-00-003339-index.html,https://www.sec.gov/Archives/edgar/data/883241/000089161800003339/0000891618-00-003339-0001.txt
0,2000-01-31,SNPS,,,Q1,216900000,18100000,198800000,0.9165514061779622,44300000,79200000,0.0,0.0,0.0,155900000,0.0,0.0,68200000,0.3144306131857999,61000000,0.313969571230982,7100000.0,68100000,0.313969571230982,23000000,45100000,0.2079299216228677,0.32,0.305,141570000,148562000,,
0,1999-09-30,SNPS,,,Q4,228300000,19000000,209300000,0.9167761717038984,45100000,81100000,0.0,0.0,0.0,159800000,0.0,0.0,73700000,0.3228208497590889,68500000,0.34121769601401664,9400000.0,77900000,0.34121769601401664,24900000,53000000,0.23215067893123084,0.0,0.0,0.0,0.0,,
0,1999-06-30,SNPS,,,Q3,207400000,19600000,187800000,0.90549662487946,41900000,71600000,0.0,0.0,0.0,146800000,0.0,0.0,69800000,0.3365477338476374,60600000,0.31436837029893927,4500000.0,65200000,0.31436837029893927,23800000,41400000,0.19961427193828352,0.29,0.28,142758621,147857143,,
0,1999-03-31,SNPS,,,Q2,190200000,14000000,176200000,0.9263932702418507,39200000,69400000,0.0,0.0,0.0,134800000,0.0,0.0,74200000,0.3901156677181914,55400000,0.25709779179810727,-6600000.0,48900000,0.25709779179810727,22300000,26600000,0.1398527865404837,0.19,0.18,140000000,147777778,,
0,1998-12-31,SNPS,,,Q1,180200000,10100000,170100000,0.9439511653718091,40900000,66700000,0.0,0.0,0.0,129200000,0.0,0.0,54000000,0.29966703662597116,51000000,0.32963374028856823,8500000.0,59400000,0.32963374028856823,19000000,40400000,0.2241953385127636,0.29,0.28,139310345,144285714,,
0,1998-09-30,SNPS,,,Q4,194000000,14200000,179800000,0.9268041237113402,36500000,74600000,0.0,0.0,0.0,136800000,0.0,0.0,93900000,0.48402061855670103,57200000,0.1654639175257732,-25200000,32100000,0.1654639175257732,20700000,37900000,0.19536082474226804,0.0,0.0,0.0,0.0,,
0,1998-06-30,SNPS,,,Q3,179600000,12500000,167100000,0.9304008908685969,37400000,70000000,0.0,0.0,0.0,130700000,0.0,0.0,56100000,0.3123608017817372,48900000,0.29287305122494434,3600000.0,52600000,0.29287305122494434,17900000,34700000,0.19320712694877507,0.26,0.25,133461538,138800000,,
0,1998-03-31,SNPS,,,Q2,170100000,10800000,159300000,0.9365079365079365,36100000,68600000,0.0,0.0,0.0,126000000,0.0,0.0,60100000,0.3533215755437978,44100000,0.2275132275132275,-5500000.0,38700000,0.2275132275132275,13200000,25500000,0.14991181657848324,0.195,0.19,130769231,134210526,,
0,1997-12-31,SNPS,,,Q1,174200000,12100000,162100000,0.9305396096440872,44400000,115500000,0.0,0.0,0.0,183400000,0.0,0.0,-2700000.0,-0.015499425947187142,-9200000.0,-0.024110218140068886,4900000.0,-4200000.0,-0.024110218140068886,4100000.0,-6400000.0,-0.03673938002296211,-0.05,-0.05,128000000,128000000,,
0,1997-09-30,SNPS,,,Q4,133200000,8200000.0,125000000,0.9384384384384384,27800000,47200000,0.0,0.0,0.0,91500000,0.0,0.0,55200000,0.4144144144144144,41700000,0.25825825825825827,-5200000.0,34400000,0.25825825825825827,11700000,22700000,0.1704204204204204,0.0,0.0,0.0,0.0,,
0,1997-06-30,SNPS,,,Q3,125000000,8700000.0,116300000,0.9304,29400000,53000000,0.0,0.0,0.0,98600000,0.0,0.0,29800000,0.2384,26400000,0.2448,4100000.0,30600000,0.2448,10400000,20200000,0.1616,0.195,0.185,103589744,109189189,,
0,1997-03-31,SNPS,,,Q2,124200000,6400000.0,117800000,0.9484702093397746,29300000,64600000,0.0,0.0,0.0,108600000,0.0,0.0,19900000,0.16022544283413848,15600000,0.15780998389694043,4000000.0,19600000,0.15780998389694043,9200000.0,10400000,0.08373590982286634,0.055,0.055,83076923,87567568,,
0,1996-12-31,SNPS,,,Q1,102500000,5900000.0,96600000,0.9424390243902439,24900000,45000000,0.0,0.0,0.0,82100000,0.0,0.0,23000000,0.22439024390243903,20400000,0.23609756097560974,3700000.0,24200000,0.23609756097560974,8000000.0,16200000,0.15804878048780488,0.195,0.185,83076923,87567568,,
0,1996-09-30,SNPS,,,Q4,98500000,5100000.0,93400000,0.9482233502538071,23600000,45000000,0.0,0.0,0.0,79400000,0.0,0.0,21600000,0.21928934010152284,19100000,0.21116751269035533,3200000.0,20800000,0.21116751269035533,7100000.0,13700000,0.13908629441624365,0.0,0.0,0.0,0.0,,
0,1996-06-30,SNPS,1996-08-07 00:00:00,1996-08-07 00:00:00,Q3,91000000,5200000.0,85800000,0.9428571428571428,21900000,41000000,0.0,0.0,0.0,73400000,0.0,0.0,21200000,0.23296703296703297,17600000,0.210989010989011,1700000.0,19200000,0.210989010989011,6500000.0,12700000,0.13956043956043956,0.15,0.15,84666667,84666667,https://www.sec.gov/Archives/edgar/data/883241/000089161896001586/0000891618-96-001586-index.html,https://www.sec.gov/Archives/edgar/data/883241/0000891618-96-001586.txt
