,date,symbol,fillingDate,acceptedDate,period,revenue,costOfRevenue,grossProfit,grossProfitRatio,researchAndDevelopmentExpenses,generalAndAdministrativeExpenses,sellingAndMarketingExpenses,otherExpenses,operatingExpenses,costAndExpenses,interestExpense,depreciationAndAmortization,ebitda,ebitdaratio,operatingIncome,operatingIncomeRatio,totalOtherIncomeExpensesNet,incomeBeforeTax,incomeBeforeTaxRatio,incomeTaxExpense,netIncome,netIncomeRatio,eps,epsdiluted,weightedAverageShsOut,weightedAverageShsOutDil,link,finalLink
0,2020-09-30,AXTI,2020-11-06,2020-11-06 16:17:21,Q3,25469000,16646000,8823000.0,0.3464211394243983,2023000.0,4623000.0,0.0,-34000.0,0.0,23292000,0.0,0.0,3172000.0,0.12454356276257411,2177000.0,0.08315991990262672,11000.0,2118000.0,0.08315991990262672,637000.0,991000.0,0.03891004750873611,0.02,0.02,40152000,40979000,https://www.sec.gov/Archives/edgar/data/1051627/000155837020013160/0001558370-20-013160-index.htm,https://www.sec.gov/Archives/edgar/data/1051627/000155837020013160/tmb-20200930x10q.htm
0,2020-06-30,AXTI,2020-08-07,2020-08-07 18:41:07,Q2,22134000,15366000,6768000.0,0.3057739224722147,1543000.0,4747000.0,0.0,1608000.0,0.0,21656000,0.0,0.0,1453000.0,0.06564561308394326,478000.0,0.0848920213246589,1440000.0,1879000.0,0.0848920213246589,920000.0,361000.0,0.016309749706334146,0.01,0.01,39973000,40750000,https://www.sec.gov/Archives/edgar/data/1051627/000155837020009961/0001558370-20-009961-index.htm,https://www.sec.gov/Archives/edgar/data/1051627/000155837020009961/axti-20200630x10q.htm
0,2020-03-31,AXTI,2020-05-08,2020-05-08 16:17:55,Q1,20723000,15201000,5522000.0,0.26646721034599236,1407000.0,4749000.0,0.0,1366000.0,0.0,21357000,0.0,0.0,359000.0,0.017323746561791246,-634000.0,0.028132992327365727,1246000.0,583000.0,0.028132992327365727,366000.0,-178000.0,-0.008589489938715437,-0.01,-0.01,39812000,39812000,https://www.sec.gov/Archives/edgar/data/1051627/000155837020006009/0001558370-20-006009-index.htm,https://www.sec.gov/Archives/edgar/data/1051627/000155837020002561/axti-20191231x10k.htm
0,2019-12-31,AXTI,2020-03-12,2020-03-12 16:56:57,Q4,18410000,14545000,3865000.0,0.20994024986420423,1607000.0,5058000.0,0.0,-127000.0,0.0,20402000,0.0,0.0,-634000.0,-0.03443780554046714,-1992000.0,-0.10983161325366649,-32000.0,-2022000.0,-0.10983161325366649,-214000.0,-2049000.0,-0.11129820749592613,-0.05,-0.05,39636000,39636000,https://www.sec.gov/Archives/edgar/data/1051627/000155837020002561/0001558370-20-002561-index.htm,https://www.sec.gov/Archives/edgar/data/1051627/000155837020002561/axti-20191231x10k.htm
0,2019-09-30,AXTI,2019-11-08,2019-11-08 16:13:30,Q3,19841000,14082000,5759000.0,0.29025754750264604,1482000.0,4755000.0,0.0,169000.0,0.0,20319000,0.0,0.0,865000.0,0.04359659291366363,-478000.0,-0.023789123532080035,-35000.0,-472000.0,-0.023789123532080035,23000.0,-898000.0,-0.04525981553349125,-0.02,-0.02,39466000,39466000,https://www.sec.gov/Archives/edgar/data/1051627/000155837019010604/0001558370-19-010604-index.htm,https://www.sec.gov/Archives/edgar/data/1051627/000155837019010604/axti-20190930x10q.htm
0,2019-06-30,AXTI,2019-08-08,2019-08-08 16:11:44,Q2,24797000,16291000,8506000.0,0.34302536597169014,1399000.0,4769000.0,0.0,-90000.0,0.0,22459000,0.0,0.0,3708000.0,0.14953421784893334,2338000.0,0.09416461668750252,-82000.0,2335000.0,0.09416461668750252,597000.0,1451000.0,0.05851514296084204,0.04,0.04,39447000,40123000,https://www.sec.gov/Archives/edgar/data/1051627/000155837019007701/0001558370-19-007701-index.htm,https://www.sec.gov/Archives/edgar/data/1051627/000155837019007701/axti-20190630x10q.htm
0,2019-03-31,AXTI,2019-05-08,2019-05-08 16:11:59,Q1,20208000,13513000,6695000.0,0.3313044338875693,1346000.0,4723000.0,0.0,-134000.0,0.0,19582000,0.0,0.0,2086000.0,0.10322644497228821,626000.0,-0.04290380047505938,-1588000.0,-867000.0,-0.04290380047505938,156000.0,-1104000.0,-0.05463182897862233,-0.03,-0.03,39352000,39352000,https://www.sec.gov/Archives/edgar/data/1051627/000155837019004457/0001558370-19-004457-index.htm,https://www.sec.gov/Archives/edgar/data/1051627/000155837019001765/axti-20181231x10k.htm
0,2018-12-31,AXTI,2019-03-11,2019-03-11 16:12:43,Q4,22232000,16382000,5850000.0,0.26313422094278516,1309000.0,5179000.0,0.0,366000.0,0.0,22870000,0.0,0.0,788000.0,0.035444404462036706,-638000.0,-0.047319179560993165,-528000.0,-1052000.0,-0.047319179560993165,-173000.0,-1061000.0,-0.04772400143936668,-0.03,-0.03,39197000,39197000,https://www.sec.gov/Archives/edgar/data/1051627/000155837019001765/0001558370-19-001765-index.htm,https://www.sec.gov/Archives/edgar/data/1051627/000155837019001765/axti-20181231x10k.htm
0,2018-09-30,AXTI,2018-11-07,2018-11-07 16:11:50,Q3,28626000,18012000,10614000,0.3707818067491092,1668000.0,4615000.0,0.0,87000.0,0.0,24295000,0.0,0.0,5569000.0,0.19454342206385802,4331000.0,0.15919094529448752,93000.0,4557000.0,0.15919094529448752,410000.0,3939000.0,0.13760217983651227,0.1,0.1,39008000,40331000,https://www.sec.gov/Archives/edgar/data/1051627/000155837018008792/0001558370-18-008792-index.htm,https://www.sec.gov/Archives/edgar/data/1051627/000155837018008792/axti-20180930x10q.htm
0,2018-06-30,AXTI,2018-08-07,2018-08-07 16:13:00,Q2,27120000,16110000,11010000,0.4059734513274336,1500000.0,4987000.0,0.0,-51000.0,0.0,22597000,0.0,0.0,5660000.0,0.20870206489675516,4523000.0,0.18134218289085546,256000.0,4918000.0,0.18134218289085546,367000.0,3901000.0,0.14384218289085546,0.1,0.1,39001000,40216000,https://www.sec.gov/Archives/edgar/data/1051627/000155837018006589/0001558370-18-006589-index.htm,https://www.sec.gov/Archives/edgar/data/1051627/000155837018006589/axti-20180630x10q.htm
0,2018-03-31,AXTI,2018-05-04,2018-05-04 16:11:18,Q1,24419000,14846000,9573000.0,0.39203079569187926,1420000.0,4222000.0,0.0,-215000.0,0.0,20488000,0.0,0.0,5001000.0,0.20479954134075926,3931000.0,0.14431385396617388,-549000.0,3524000.0,0.14431385396617388,334000.0,2875000.0,0.11773618903312993,0.07,0.07,38941000,40364000,https://www.sec.gov/Archives/edgar/data/1051627/000155837018004032/0001558370-18-004032-index.htm,https://www.sec.gov/Archives/edgar/data/1051627/000155837018001801/axti-20171231x10k.htm
0,2017-12-31,AXTI,2018-03-09,2018-03-09 16:11:36,Q4,26332000,16534000,9798000.0,0.37209478960960046,1274000.0,4790000.0,0.0,375000.0,0.0,22598000,0.0,0.0,4795000.0,0.1820978277381133,3734000.0,0.12927236822117574,-457000.0,3404000.0,0.12927236822117574,131000.0,3134000.0,0.11901868449035394,0.08,0.08,38766000,40448000,https://www.sec.gov/Archives/edgar/data/1051627/000155837018001801/0001558370-18-001801-index.htm,https://www.sec.gov/Archives/edgar/data/1051627/000155837018001801/axti-20171231x10k.htm
0,2017-09-30,AXTI,2017-11-08,2017-11-08 16:12:02,Q3,28168000,17035000,11133000,0.3952357284862255,1410000.0,4484000.0,0.0,-349000.0,0.0,22929000,0.0,0.0,6350000.0,0.2254331155921613,5239000.0,0.16848906560636182,-615000.0,4746000.0,0.16848906560636182,181000.0,4419000.0,0.15688014768531666,0.11,0.11,38499000,40095000,https://www.sec.gov/Archives/edgar/data/1051627/000155837017008537/0001558370-17-008537-index.htm,https://www.sec.gov/Archives/edgar/data/1051627/000155837017008537/axti-20170930x10q.htm
0,2017-06-30,AXTI,2017-08-04,2017-08-04 16:11:32,Q2,23557000,16301000,7256000.0,0.3080188479008363,1019000.0,3942000.0,0.0,-102000.0,0.0,21262000,0.0,0.0,3405000.0,0.14454302330517468,2295000.0,0.08995203124336715,-290000.0,2119000.0,0.08995203124336715,321000.0,1930000.0,0.08192893831982001,0.05,0.05,38306000,39706000,https://www.sec.gov/Archives/edgar/data/1051627/000155837017005984/0001558370-17-005984-index.htm,https://www.sec.gov/Archives/edgar/data/1051627/000155837017005984/axti-20170630x10q.htm
0,2017-03-31,AXTI,2017-05-08,2017-05-08 16:11:42,Q1,20616000,14328000,6288000.0,0.3050058207217695,1124000.0,3793000.0,0.0,48000.0,0.0,19245000,0.0,0.0,2511000.0,0.12179860302677532,1371000.0,0.028327512611563833,-885000.0,584000.0,0.028327512611563833,159000.0,665000.0,0.03225649980597594,0.02,0.02,34210000,35624000,https://www.sec.gov/Archives/edgar/data/1051627/000155837017003788/0001558370-17-003788-index.htm,https://www.sec.gov/Archives/edgar/data/1051627/000155837017001073/axti-20161231x10k.htm
0,2016-12-31,AXTI,2017-02-27,2017-02-27 16:32:07,Q4,20269000,12746000,7523000.0,0.3711579258966895,1431000.0,3774000.0,0.0,-483000.0,0.0,17951000,0.0,0.0,3563000.0,0.17578568256944102,2318000.0,0.10084365286891311,-380000.0,2044000.0,0.10084365286891311,20000.0,2214000.0,0.10923084513296166,0.07,0.06,32431000,33734000,https://www.sec.gov/Archives/edgar/data/1051627/000155837017001073/0001558370-17-001073-index.htm,https://www.sec.gov/Archives/edgar/data/1051627/000155837017001073/axti-20161231x10k.htm
0,2016-09-30,AXTI,2016-11-04,2016-11-04 16:11:30,Q3,21872000,14294000,7578000.0,0.34647037307973666,1566000.0,3313000.0,0.0,164000.0,0.0,19173000,0.0,0.0,3921000.0,0.17927029992684712,2699000.0,0.10913496708119971,-417000.0,2387000.0,0.10913496708119971,176000.0,2229000.0,0.10191111923920995,0.07,0.07,32110000,33138000,https://www.sec.gov/Archives/edgar/data/1051627/000155837016009367/0001558370-16-009367-index.htm,https://www.sec.gov/Archives/edgar/data/1051627/000155837016009367/axti-20160930x10q.htm
0,2016-06-30,AXTI,2016-08-05,2016-08-05 16:12:31,Q2,20495000,14468000,6027000.0,0.29407172481092947,1472000.0,3419000.0,0.0,328000.0,0.0,19359000,0.0,0.0,2582000.0,0.12598194681629665,1136000.0,0.045767260307392046,-298000.0,938000.0,0.045767260307392046,140000.0,1151000.0,0.05616003903391071,0.03,0.03,32020000,32451000,https://www.sec.gov/Archives/edgar/data/1051627/000155837016007545/0001558370-16-007545-index.htm,https://www.sec.gov/Archives/edgar/data/1051627/000155837016007545/axti-20160630x10q.htm
0,2016-03-31,AXTI,2016-05-06,2016-05-06 16:11:40,Q1,18713000,13460000,5253000.0,0.2807139421792337,1381000.0,3374000.0,0.0,190000.0,0.0,18215000,0.0,0.0,1676000.0,0.08956340511943568,498000.0,0.017634799337359054,-266000.0,330000.0,0.017634799337359054,397000.0,42000.0,0.0022444290065729705,0.001312,0.001312,32002000,32002000,https://www.sec.gov/Archives/edgar/data/1051627/000155837016005555/0001558370-16-005555-index.htm,https://www.sec.gov/Archives/edgar/data/1051627/000155837016004062/axti-20151231x10k.htm
0,2015-12-31,AXTI,2016-03-11,2016-03-11 16:11:43,Q4,18057000,14967000,3090000.0,0.171124771556737,1377000.0,3379000.0,0.0,-1308000.0,0.0,19723000,0.0,0.0,-369000.0,-0.020435288253862767,-1666000.0,-0.08905133743146702,-47000.0,-1608000.0,-0.08905133743146702,197000.0,-1243000.0,-0.06883756991748352,-0.04,-0.04,31951000,31951000,https://www.sec.gov/Archives/edgar/data/1051627/000155837016004062/0001558370-16-004062-index.htm,https://www.sec.gov/Archives/edgar/data/1051627/000155837016004062/axti-20151231x10k.htm
0,2015-09-30,AXTI,2015-11-06,2015-11-06 16:11:06,Q3,18371000,13766000,4605000.0,0.2506668118229819,1657000.0,3659000.0,0.0,496000.0,0.0,19082000,0.0,0.0,678000.0,0.036905993141364106,-711000.0,0.002939415382940504,663000.0,54000.0,0.002939415382940504,7000.0,42000.0,0.002286211964509281,0.001313,0.001313,31988000,31988000,https://www.sec.gov/Archives/edgar/data/1051627/000155837015002442/0001558370-15-002442-index.htm,https://www.sec.gov/Archives/edgar/data/1051627/000155837015002442/axti-20150930x10q.htm
0,2015-06-30,AXTI,2015-08-07,2015-08-07 16:10:54,Q2,21010000,16625000,4385000.0,0.20871013802950975,1389000.0,3775000.0,0.0,626000.0,0.0,21789000,0.0,0.0,626000.0,0.029795335554497857,-779000.0,0.017372679676344597,1036000.0,365000.0,0.017372679676344597,241000.0,-3000.0,-0.0001427891480247501,-9.3e-05,-9.3e-05,32242000,32242000,https://www.sec.gov/Archives/edgar/data/1051627/000114036115030466/0001140361-15-030466-index.htm,https://www.sec.gov/Archives/edgar/data/1051627/000114036115030466/form10q.htm
0,2015-03-31,AXTI,2015-05-08,2015-05-08 16:10:40,Q1,20064000,15315000,4749000.0,0.23669258373205743,1241000.0,5251000.0,0.0,633000.0,0.0,21807000,0.0,0.0,-340000.0,-0.016945773524720893,-1743000.0,-0.040520334928229665,833000.0,-813000.0,-0.040520334928229665,86000.0,-1024000.0,-0.051036682615629984,-0.03,-0.03,32553000,32553000,https://www.sec.gov/Archives/edgar/data/1051627/000114036115018512/0001140361-15-018512-index.htm,https://www.sec.gov/Archives/edgar/data/1051627/000156761915000258/s000768x1_10k.htm
0,2014-12-31,AXTI,2015-03-13,2015-03-13 16:43:50,Q4,19567000,14596000,4971000.0,0.2540501865385598,1222000.0,4341000.0,0.0,111000.0,0.0,20159000,0.0,0.0,828000.0,0.04231614452905402,-592000.0,-0.016967342975417795,137000.0,-332000.0,-0.016967342975417795,-39000.0,-311000.0,-0.015894107425767873,-0.01,-0.01,32558000,32558000,https://www.sec.gov/Archives/edgar/data/1051627/000156761915000258/0001567619-15-000258-index.htm,https://www.sec.gov/Archives/edgar/data/1051627/000156761915000258/s000768x1_10k.htm
0,2014-09-30,AXTI,2014-11-06,2014-11-06 14:41:16,Q3,23138000,17820000,5318000.0,0.22983836113752268,1160000.0,3505000.0,0.0,-236000.0,0.0,22485000,0.0,0.0,2053000.0,0.08872849857377474,653000.0,0.03945889878122569,154000.0,913000.0,0.03945889878122569,43000.0,644000.0,0.027833001988071572,0.02,0.02,32504000,32738000,https://www.sec.gov/Archives/edgar/data/1051627/000114036114040456/0001140361-14-040456-index.htm,https://www.sec.gov/Archives/edgar/data/1051627/000114036114040456/form10q.htm
0,2014-06-30,AXTI,2014-08-08,2014-08-08 16:15:44,Q2,21449000,17289000,4160000.0,0.19394843582451396,987000.0,3688000.0,0.0,476000.0,0.0,21964000,0.0,0.0,900000.0,0.04195999813511119,-515000.0,0.03324164296703809,1101000.0,713000.0,0.03324164296703809,152000.0,319000.0,0.014872488227889412,0.01,0.01,32381000,32597000,https://www.sec.gov/Archives/edgar/data/1051627/000114036114031507/0001140361-14-031507-index.htm,https://www.sec.gov/Archives/edgar/data/1051627/000114036114031507/form10q.htm
0,2014-03-31,AXTI,2014-05-09,2014-05-09 14:01:32,Q1,19345000,16627000,2718000.0,0.1405014215559576,775000.0,3436000.0,0.0,10000.0,0.0,20838000,0.0,0.0,818000.0,0.04228482812096149,-1493000.0,-0.0918066683897648,-410000.0,-1776000.0,-0.0918066683897648,59000.0,-2040000.0,-0.10545360558283794,-0.06,-0.06,32364000,32364000,https://www.sec.gov/Archives/edgar/data/1051627/000114036114019820/0001140361-14-019820-index.htm,https://www.sec.gov/Archives/edgar/data/1051627/000114036114012780/form10k.htm
0,2013-12-31,AXTI,2014-03-14,2014-03-14 16:32:53,Q4,18603000,15790000,2813000.0,0.1512121700800946,797000.0,3631000.0,0.0,-257000.0,0.0,20218000,0.0,0.0,-220000.0,-0.011826049561898618,-1615000.0,-0.07106380691286351,21000.0,-1322000.0,-0.07106380691286351,-134000.0,-1228000.0,-0.06601085846368865,-0.04,-0.04,32628000,32628000,https://www.sec.gov/Archives/edgar/data/1051627/000114036114012780/0001140361-14-012780-index.htm,https://www.sec.gov/Archives/edgar/data/1051627/000114036114012780/form10k.htm
0,2013-09-30,AXTI,2013-11-08,2013-11-08 14:44:10,Q3,20521000,18075000,2446000.0,0.11919497100531164,766000.0,4303000.0,0.0,-47000.0,0.0,23144000,0.0,0.0,-1210000.0,-0.05896398810974124,-2623000.0,-0.11056966034793626,299000.0,-2269000.0,-0.11056966034793626,-204000.0,-2295000.0,-0.11183665513376541,-0.07,-0.07,32366000,32366000,https://www.sec.gov/Archives/edgar/data/1051627/000114036113041367/0001140361-13-041367-index.htm,https://www.sec.gov/Archives/edgar/data/1051627/000114036113041367/form10q.htm
0,2013-06-30,AXTI,2013-08-09,2013-08-09 13:20:28,Q2,23831000,20746000,3085000.0,0.12945323318366833,1039000.0,4207000.0,0.0,381000.0,0.0,25992000,0.0,0.0,-790000.0,-0.03315009861105283,-2161000.0,-0.05283034702698166,852000.0,-1259000.0,-0.05283034702698166,342000.0,-2035000.0,-0.08539297553606646,-0.06,-0.06,32382000,32382000,https://www.sec.gov/Archives/edgar/data/1051627/000114036113031381/0001140361-13-031381-index.htm,https://www.sec.gov/Archives/edgar/data/1051627/000114036113031381/form10q.htm
0,2013-03-31,AXTI,2013-05-10,2013-05-10 13:47:15,Q1,22380000,18896000,3484000.0,0.15567470956210902,822000.0,3925000.0,0.0,-825000.0,0.0,23643000,0.0,0.0,28000.0,0.0012511170688114387,-1263000.0,-0.07931188561215372,-543000.0,-1775000.0,-0.07931188561215372,184000.0,-2400000.0,-0.10723860589812333,-0.075,-0.08,32297000,32297000,https://www.sec.gov/Archives/edgar/data/1051627/000114036113019993/0001140361-13-019993-index.htm,https://www.sec.gov/Archives/edgar/data/1051627/000114036113012640/form10k.htm
0,2012-12-31,AXTI,2013-03-15,2013-03-15 14:34:21,Q4,18927000,15243000,3684000.0,0.19464257410049135,875000.0,3710000.0,0.0,206000.0,0.0,19828000,0.0,0.0,194000.0,0.010249907539493845,-901000.0,-0.02002430390447509,206000.0,-379000.0,-0.02002430390447509,294000.0,-756000.0,-0.039942938659058486,-0.02,-0.02,32220000,32220000,https://www.sec.gov/Archives/edgar/data/1051627/000114036113012640/0001140361-13-012640-index.htm,https://www.sec.gov/Archives/edgar/data/1051627/000114036113012640/form10k.htm
0,2012-09-30,AXTI,2012-11-09,2012-11-09 13:34:34,Q3,20808000,15342000,5466000.0,0.2626874279123414,844000.0,3950000.0,0.0,0.0,0.0,20136000,0.0,0.0,1171000.0,0.05627643214148405,672000.0,0.058439061899269514,492000.0,1216000.0,0.058439061899269514,-228000.0,932000.0,0.04479046520569012,0.03,0.03,32183000,32769000,https://www.sec.gov/Archives/edgar/data/1051627/000114036112046412/0001140361-12-046412-index.htm,https://www.sec.gov/Archives/edgar/data/1051627/000114036112046412/form10q.htm
0,2012-06-30,AXTI,2012-08-09,2012-08-09 15:01:51,Q2,25153000,17645000,7508000.0,0.2984932214845148,914000.0,3974000.0,0.0,0.0,0.0,22533000,0.0,0.0,3397000.0,0.13505347274678964,2620000.0,0.112869240249672,157000.0,2839000.0,0.112869240249672,412000.0,1299000.0,0.051643939092752354,0.04,0.04,32138000,32944000,https://www.sec.gov/Archives/edgar/data/1051627/000114036112035996/0001140361-12-035996-index.htm,https://www.sec.gov/Archives/edgar/data/1051627/000114036112035996/form10q.htm
0,2012-03-31,AXTI,2012-05-10,2012-05-10 17:07:51,Q1,23486000,15292000,8194000.0,0.34888869965085584,835000.0,3785000.0,0.0,0.0,0.0,19912000,0.0,0.0,4816000.0,0.20505833262369072,3574000.0,0.14165886059780294,-335000.0,3327000.0,0.14165886059780294,375000.0,1635000.0,0.06961594141190497,0.05,0.05,32034000,33018000,https://www.sec.gov/Archives/edgar/data/1051627/000114036112024450/0001140361-12-024450-index.htm,https://www.sec.gov/Archives/edgar/data/1051627/000114036112015825/form10k.htm
0,2011-12-31,AXTI,2012-03-15,2012-03-15 14:49:00,Q4,21219000,13360000,7859000.0,0.3703756067675197,657000.0,3877000.0,0.0,0.0,0.0,17894000,0.0,0.0,3970000.0,0.18709647014468164,3325000.0,0.17757670012724444,253000.0,3768000.0,0.17757670012724444,162000.0,2566000.0,0.12092935576605872,0.0,0.0,0.0,0.0,https://www.sec.gov/Archives/edgar/data/1051627/000114036112015825/0001140361-12-015825-index.htm,https://www.sec.gov/Archives/edgar/data/1051627/000114036112015825/form10k.htm
0,2011-09-30,AXTI,2011-11-08,2011-11-08 16:23:40,Q3,28305000,16068000,12237000,0.43232644409114995,612000.0,3555000.0,0.0,0.0,0.0,20235000,0.0,0.0,8563000.0,0.30252605546723194,8070000.0,0.30132485426603073,356000.0,8529000.0,0.30132485426603073,667000.0,6484000.0,0.2290761349584879,0.2,0.19,31944000,33126000,https://www.sec.gov/Archives/edgar/data/1051627/000114036111052304/0001140361-11-052304-index.htm,https://www.sec.gov/Archives/edgar/data/1051627/000114036111052304/form10q.htm
0,2011-06-30,AXTI,2011-08-09,2011-08-09 14:46:18,Q2,30031000,16005000,14026000,0.46705071426192935,699000.0,3714000.0,0.0,0.0,0.0,20418000,0.0,0.0,10011000,0.33335553261629647,9613000.0,0.33738470247411007,450000.0,10132000,0.33738470247411007,1064000.0,7062000.0,0.23515700442875695,0.22,0.21,31831000,33093000,https://www.sec.gov/Archives/edgar/data/1051627/000114036111040545/0001140361-11-040545-index.htm,https://www.sec.gov/Archives/edgar/data/1051627/000114036111040545/form10q.htm
0,2011-03-31,AXTI,2011-05-10,2011-05-10 14:32:11,Q1,24566000,13906000,10660000,0.4339330782382154,505000.0,3690000.0,0.0,0.0,0.0,18101000,0.0,0.0,7643000.0,0.311121061629895,6465000.0,0.2519335667182284,-363000.0,6189000.0,0.2519335667182284,902000.0,4208000.0,0.17129365790116421,0.13,0.13,31718000,33199000,https://www.sec.gov/Archives/edgar/data/1051627/000114036111026321/0001140361-11-026321-index.htm,https://www.sec.gov/Archives/edgar/data/1051627/000114036111017021/form10-k.htm
0,2010-12-31,AXTI,2011-03-16,2011-03-16 13:34:07,Q4,26866000,16169000,10697000,0.39816124469589814,911000.0,4167000.0,0.0,0.0,0.0,21247000,0.0,0.0,6028000.0,0.22437281322117175,5619000.0,0.22485669619593537,385000.0,6041000.0,0.22485669619593537,646000.0,4899000.0,0.18234943795131392,0.0,0.0,0.0,0.0,https://www.sec.gov/Archives/edgar/data/1051627/000114036111017021/0001140361-11-017021-index.htm,https://www.sec.gov/Archives/edgar/data/1051627/000114036111017021/form10-k.htm
0,2010-09-30,AXTI,2010-11-09,2010-11-09 16:38:05,Q3,26809000,16278000,10531000,0.39281584542504383,462000.0,3347000.0,0.0,0.0,0.0,20087000,0.0,0.0,6991000.0,0.26077063672647244,6722000.0,0.2681935171024656,442000.0,7190000.0,0.2681935171024656,871000.0,5639000.0,0.21033981125741355,0.18,0.17,30944000,32509000,https://www.sec.gov/Archives/edgar/data/1051627/000110465910057306/0001104659-10-057306-index.htm,https://www.sec.gov/Archives/edgar/data/1051627/000110465910057306/a10-17390_110q.htm
0,2010-06-30,AXTI,2010-08-09,2010-08-09 15:31:17,Q2,23177000,14642000,8535000.0,0.36825300944902273,515000.0,3039000.0,0.0,0.0,0.0,18196000,0.0,0.0,4084000.0,0.17620917288691376,4981000.0,0.280968201233982,1556000.0,6512000.0,0.280968201233982,560000.0,5535000.0,0.23881434180437502,0.18,0.17,30834000,32172000,https://www.sec.gov/Archives/edgar/data/1051627/000110465910043143/0001104659-10-043143-index.htm,https://www.sec.gov/Archives/edgar/data/1051627/000110465910043143/a10-12740_110q.htm
0,2010-03-31,AXTI,2010-05-17,2010-05-17 12:49:09,Q1,18641000,11909000,6732000.0,0.3611394238506518,451000.0,3419000.0,0.0,0.0,0.0,15779000,0.0,0.0,3535000.0,0.18963574915508824,2862000.0,0.15857518373477816,79000.0,2956000.0,0.15857518373477816,246000.0,2580000.0,0.13840459202832467,0.08,0.08,30743000,31792000,https://www.sec.gov/Archives/edgar/data/1051627/000110465910028962/0001104659-10-028962-index.htm,https://www.sec.gov/Archives/edgar/data/1051627/000104746910002549/a2197383z10-k.htm
0,2009-12-31,AXTI,2010-03-22,2010-03-22 16:36:29,Q4,17836000,11784000,6052000.0,0.33931374747701276,394000.0,2574000.0,0.0,0.0,0.0,14752000,0.0,0.0,3985000.0,0.22342453464902445,3084000.0,0.16775061673020858,-152000.0,2992000.0,0.16775061673020858,-42000.0,2777000.0,0.15569634447185468,0.0,0.0,0.0,0.0,https://www.sec.gov/Archives/edgar/data/1051627/000104746910002549/0001047469-10-002549-index.htm,https://www.sec.gov/Archives/edgar/data/1051627/000104746910002549/a2197383z10-k.htm
0,2009-09-30,AXTI,2009-11-09,2009-11-09 16:00:29,Q3,16819000,11281000,5538000.0,0.3292704679231821,360000.0,3323000.0,0.0,0.0,0.0,14964000,0.0,0.0,1956000.0,0.1162970450086212,1855000.0,0.15054402758784707,638000.0,2532000.0,0.15054402758784707,201000.0,2121000.0,0.12610737855996196,0.07,0.07,30475000,30911000,https://www.sec.gov/Archives/edgar/data/1051627/000110465909063665/0001104659-09-063665-index.htm,https://www.sec.gov/Archives/edgar/data/1051627/000110465909063665/a09-30942_110q.htm
0,2009-06-30,AXTI,2009-08-10,2009-08-10 12:54:05,Q2,13055000,10539000,2516000.0,0.1927230945997702,355000.0,3486000.0,0.0,0.0,0.0,14380000,0.0,0.0,-876000.0,-0.06710072769054003,-1325000.0,-0.07430103408655687,321000.0,-970000.0,-0.07430103408655687,308000.0,-1280000.0,-0.0980467253925699,-0.04,-0.04,30439000,30439000,https://www.sec.gov/Archives/edgar/data/1051627/000110465909048497/0001104659-09-048497-index.htm,https://www.sec.gov/Archives/edgar/data/1051627/000110465909048497/a09-18587_110q.htm
0,2009-03-31,AXTI,2009-05-11,2009-05-11 13:12:03,Q1,7654000.0,7891000.0,-237000.0,-0.030964201724588452,460000.0,4006000.0,0.0,0.0,0.0,12357000,0.0,0.0,-2974000.0,-0.3885550039195192,-4703000.0,-0.7300757773713091,-929000.0,-5588000.0,-0.7300757773713091,4000.0,-5516000.0,-0.7206689312777632,-0.18,-0.18,30434000,30434000,https://www.sec.gov/Archives/edgar/data/1051627/000110465909031382/0001104659-09-031382-index.htm,https://www.sec.gov/Archives/edgar/data/1051627/000104746909003513/a2191487z10-k.htm
0,2008-12-31,AXTI,2009-03-31,2009-03-31 15:21:50,Q4,15646000,14888000,758000.0,0.04844688738335677,529000.0,3605000.0,0.0,0.0,0.0,18939000,0.0,0.0,-3176000.0,-0.20299117985427587,-3293000.0,-0.1738463505049214,583000.0,-2720000.0,-0.1738463505049214,-349000.0,-2371000.0,-0.15154032979675316,0.0,0.0,0.0,0.0,https://www.sec.gov/Archives/edgar/data/1051627/000104746909003513/0001047469-09-003513-index.htm,https://www.sec.gov/Archives/edgar/data/1051627/000104746909003513/a2191487z10-k.htm
0,2008-09-30,AXTI,2008-11-10,2008-11-10 10:31:19,Q3,17863000,13326000,4537000.0,0.2539886917091194,562000.0,4901000.0,0.0,0.0,0.0,18789000,0.0,0.0,-697000.0,-0.039019201701841796,-926000.0,-0.04685663102502379,298000.0,-837000.0,-0.04685663102502379,177000.0,-1014000.0,-0.05676538095504675,-0.03,-0.03,30455000,30455000,https://www.sec.gov/Archives/edgar/data/1051627/000110465908069475/0001104659-08-069475-index.htm,https://www.sec.gov/Archives/edgar/data/1051627/000110465908069475/a08-25499_110q.htm
0,2008-06-30,AXTI,2008-08-11,2008-08-11 12:51:45,Q2,19932000,13488000,6444000.0,0.32329921733895245,569000.0,3578000.0,0.0,0.0,0.0,17635000,0.0,0.0,3304000.0,0.16576359622717238,2297000.0,0.0638169777242625,-518000.0,1272000.0,0.0638169777242625,635000.0,737000.0,0.0369757174392936,0.02,0.02,30421000,31562000,https://www.sec.gov/Archives/edgar/data/1051627/000110465908051748/0001104659-08-051748-index.htm,https://www.sec.gov/Archives/edgar/data/1051627/000110465908051748/a08-18812_110q.htm
0,2008-03-31,AXTI,2008-05-12,2008-05-12 12:41:06,Q1,19634000,13413000,6221000.0,0.31684832433533666,504000.0,3667000.0,0.0,0.0,83000.0,17667000,0.0,0.0,2100000.0,0.10695731893653866,1967000.0,0.12829785066720995,345000.0,2519000.0,0.12829785066720995,560000.0,1959000.0,0.09977589895079964,0.06,0.06,30367000,31585000,https://www.sec.gov/Archives/edgar/data/1051627/000110465908032270/0001104659-08-032270-index.htm,https://www.sec.gov/Archives/edgar/data/1051627/000104746908002766/a2183598z10-k.htm
0,2007-12-31,AXTI,2008-03-14,2008-03-14 13:38:15,Q4,17564000,12270000,5294000.0,0.30141197904805284,509000.0,3217000.0,0.0,0.0,0.0,15996000,0.0,0.0,1470000.0,0.08369391938055112,1568000.0,0.12388977453882942,455000.0,2176000.0,0.12388977453882942,302000.0,1874000.0,0.10669551355044408,0.0,0.0,0.0,0.0,https://www.sec.gov/Archives/edgar/data/1051627/000104746908002766/0001047469-08-002766-index.htm,https://www.sec.gov/Archives/edgar/data/1051627/000104746908002766/a2183598z10-k.htm
0,2007-09-30,AXTI,2007-11-07,2007-11-07 15:56:12,Q3,14474000,9944000.0,4530000.0,0.31297498963658976,382000.0,3083000.0,0.0,0.0,0.0,13409000,0.0,0.0,1647000.0,0.11379024457648197,1065000.0,0.06984938510432499,-156000.0,1011000.0,0.06984938510432499,153000.0,858000.0,0.05927870664640044,0.03,0.03,30150000,31464000,https://www.sec.gov/Archives/edgar/data/1051627/000110465907080679/0001104659-07-080679-index.htm,https://www.sec.gov/Archives/edgar/data/1051627/000110465907080679/a07-25711_110q.htm
0,2007-06-30,AXTI,2007-08-13,2007-08-13 15:18:18,Q2,13639000,8607000.0,5032000.0,0.3689420045457878,348000.0,3743000.0,0.0,0.0,-481000.0,12217000,0.0,0.0,1530000.0,0.11217831219297603,1422000.0,0.1008138426570863,209000.0,1375000.0,0.1008138426570863,162000.0,1213000.0,0.08893613901312412,0.04,0.04,29943000,31142000,https://www.sec.gov/Archives/edgar/data/1051627/000110465907061841/0001104659-07-061841-index.htm,https://www.sec.gov/Archives/edgar/data/1051627/000110465907061841/a07-19029_110q.htm
0,2007-03-31,AXTI,2007-05-11,2007-05-11 11:10:04,Q1,12526000,7121000.0,5405000.0,0.4315024748523072,460000.0,3703000.0,0.0,0.0,0.0,11284000,0.0,0.0,1574000.0,0.12565863004949704,1242000.0,0.11615839054766086,-11000.0,1455000.0,0.11615839054766086,111000.0,1344000.0,0.10729682260897333,0.04,0.04,29798000,31324000,https://www.sec.gov/Archives/edgar/data/1051627/000110465907038713/0001104659-07-038713-index.htm,https://www.sec.gov/Archives/edgar/data/1051627/000110465907021885/a07-5584_110k.htm
0,2006-12-31,AXTI,2007-03-23,2007-03-23 11:57:41,Q4,13072000,8084000.0,4988000.0,0.3815789473684211,854000.0,2926000.0,0.0,0.0,0.0,11864000,0.0,0.0,428000.0,0.03274173806609547,1208000.0,0.1778610771113831,1016000.0,2325000.0,0.1778610771113831,-1048000.0,3384000.0,0.2588739290085679,0.0,0.0,0.0,0.0,https://www.sec.gov/Archives/edgar/data/1051627/000110465907021885/0001104659-07-021885-index.htm,https://www.sec.gov/Archives/edgar/data/1051627/000110465907021885/a07-5584_110k.htm
0,2006-09-30,AXTI,2006-11-09,2006-11-08 21:16:35,Q3,12547000,9068000.0,3479000.0,0.277277436837491,392000.0,2641000.0,0.0,0.0,1417000.0,13518000,0.0,0.0,384000.0,0.03060492548019447,-971000.0,-0.018091974177094128,-776000.0,-227000.0,-0.018091974177094128,-862000.0,639000.0,0.05092850880688611,0.03,0.02,23158000,24378000,https://www.sec.gov/Archives/edgar/data/1051627/000110465906073004/0001104659-06-073004-index.htm,https://www.sec.gov/Archives/edgar/data/1051627/000110465906073004/a06-21906_110q.htm
0,2006-06-30,AXTI,2006-08-11,2006-08-11 15:32:13,Q2,10355000,7596000.0,2759000.0,0.26644133268952197,571000.0,3853000.0,0.0,0.0,0.0,12020000,0.0,0.0,-1577000.0,-0.15229357798165138,-1665000.0,-0.07146306132303235,814000.0,-740000.0,-0.07146306132303235,138000.0,-876000.0,-0.08459681313375181,-0.04,-0.04,23052000,23052000,https://www.sec.gov/Archives/edgar/data/1051627/000110465906054047/0001104659-06-054047-index.htm,https://www.sec.gov/Archives/edgar/data/1051627/000110465906054047/a06-15597_110q.htm
0,2006-03-31,AXTI,2006-05-12,2006-05-12 12:09:34,Q1,8471000.0,6961000.0,1510000.0,0.17825522370440325,534000.0,3230000.0,0.0,0.0,0.0,10725000,0.0,0.0,-1665000.0,-0.19655294534293472,-2254000.0,-0.2226419549049699,240000.0,-1886000.0,-0.2226419549049699,318000.0,-2205000.0,-0.26029984653523786,-0.1,-0.1,22986000,22986000,https://www.sec.gov/Archives/edgar/data/1051627/000110465906034210/0001104659-06-034210-index.htm,https://www.sec.gov/Archives/edgar/data/1051627/000110465906020548/a06-2055_110k.htm
0,2005-12-31,AXTI,2006-03-30,2006-03-30 14:01:12,Q4,7717000.0,7069000.0,648000.0,0.08397045483996371,466000.0,3089000.0,0.0,0.0,0.0,10624000,0.0,0.0,-1156000.0,-0.14979914474536737,-2907000.0,-0.4838667876117662,-876000.0,-3734000.0,-0.4838667876117662,-1048000.0,-2731000.0,-0.35389400025916806,0.0,0.0,0.0,0.0,https://www.sec.gov/Archives/edgar/data/1051627/000110465906020548/0001104659-06-020548-index.htm,https://www.sec.gov/Archives/edgar/data/1051627/000110465906020548/a06-2055_110k.htm
0,2005-09-30,AXTI,2005-11-08,2005-11-08 15:48:54,Q3,6153000.0,5008000.0,1145000.0,0.18608808711197788,472000.0,2898000.0,0.0,0.0,0.0,8378000.0,0.0,0.0,-1176000.0,-0.19112627986348124,-2225000.0,-0.3638875345359987,-207000.0,-2239000.0,-0.3638875345359987,45000.0,-2082000.0,-0.33837152608483667,-0.09,-0.09,22994000,22994000,https://www.sec.gov/Archives/edgar/data/1051627/000110465905053495/0001104659-05-053495-index.htm,https://www.sec.gov/Archives/edgar/data/1051627/000110465905053495/a05-18545_110q.htm
0,2005-06-30,AXTI,2005-08-09,2005-08-09 14:41:28,Q2,6032000.0,5905000.0,127000.0,0.021054376657824933,423000.0,2716000.0,0.0,0.0,0.0,9044000.0,0.0,0.0,-1758000.0,-0.29144562334217505,-3012000.0,-0.5494031830238727,-433000.0,-3314000.0,-0.5494031830238727,18000.0,-3279000.0,-0.5436007957559682,-0.14,-0.14,23079000,23079000,https://www.sec.gov/Archives/edgar/data/1051627/000110465905037794/0001104659-05-037794-index.htm,https://www.sec.gov/Archives/edgar/data/1051627/000110465905037794/a05-14437_110q.htm
0,2005-03-31,AXTI,2005-05-09,2005-05-06 20:23:45,Q1,6634000.0,6355000.0,279000.0,0.04205607476635514,362000.0,4252000.0,0.0,0.0,0.0,10969000,0.0,0.0,-2706000.0,-0.40789870364787456,-4335000.0,-0.6701839011154658,-230000.0,-4446000.0,-0.6701839011154658,35000.0,-4123000.0,-0.6214953271028038,-0.18,-0.18,23147000,23147000,https://www.sec.gov/Archives/edgar/data/1051627/000110465905021306/0001104659-05-021306-index.htm,https://www.sec.gov/Archives/edgar/data/1051627/000110465905011968/a05-5253_110k.htm
0,2004-12-31,AXTI,2005-03-18,2005-03-18 13:55:22,Q4,7623000.0,7000000.0,623000.0,0.08172635445362718,391000.0,3120000.0,0.0,0.0,0.0,10511000,0.0,0.0,-1705000.0,-0.22366522366522368,-2888000.0,-0.36888364161091436,139000.0,-2812000.0,-0.36888364161091436,-106000.0,-2262000.0,-0.2967335694608422,0.0,0.0,0.0,0.0,https://www.sec.gov/Archives/edgar/data/1051627/000110465905011968/0001104659-05-011968-index.htm,https://www.sec.gov/Archives/edgar/data/1051627/000110465905011968/a05-5253_110k.htm
0,2004-09-30,AXTI,2004-11-05,2004-11-05 09:02:45,Q3,8531000.0,10767000,-2236000.0,-0.2621029187668503,397000.0,2468000.0,0.0,0.0,210000.0,13842000,0.0,0.0,-4029000.0,-0.4722775758996601,-5311000.0,-0.6035634743875279,12000.0,-5149000.0,-0.6035634743875279,40000.0,-4964000.0,-0.5818778572265854,-0.21,-0.21,23094000,23094000,https://www.sec.gov/Archives/edgar/data/1051627/000110465904033766/0001104659-04-033766-index.htm,https://www.sec.gov/Archives/edgar/data/1051627/000110465904033766/a04-12694_110q.htm
0,2004-06-30,AXTI,2004-08-05,2004-08-05 16:23:23,Q2,9524000.0,8695000.0,829000.0,0.08704325913481731,350000.0,3203000.0,0.0,0.0,0.0,12248000,0.0,0.0,-229000.0,-0.024044519109617808,-2724000.0,-0.41705165896682067,-1190000.0,-3972000.0,-0.41705165896682067,97000.0,-3847000.0,-0.4039269214615708,-0.17,-0.17,23045000,23045000,https://www.sec.gov/Archives/edgar/data/1051627/000110465904022690/0001104659-04-022690-index.htm,https://www.sec.gov/Archives/edgar/data/1051627/000110465904022690/a04-8678_110q.htm
0,2004-03-31,AXTI,2004-05-24,2004-05-24 16:24:07,Q1,9776000.0,9243000.0,533000.0,0.05452127659574468,341000.0,2770000.0,0.0,0.0,0.0,12354000,0.0,0.0,-1490000.0,-0.1524140752864157,-2578000.0,-0.25777414075286414,167000.0,-2520000.0,-0.25777414075286414,40000.0,-2560000.0,-0.2618657937806874,-0.11,-0.11,22995000,22995000,https://www.sec.gov/Archives/edgar/data/1051627/000089161804001031/0000891618-04-001031-index.htm,https://www.sec.gov/Archives/edgar/data/1051627/000089161804000813/f97055e10vk.htm
0,2003-12-31,AXTI,2004-03-29,2004-03-29 16:33:48,Q4,9130000.0,8343000.0,787000.0,0.08619934282584885,289000.0,2502000.0,0.0,0.0,0.0,11134000,0.0,0.0,-567000.0,-0.06210295728368018,-2004000.0,-0.23187294633077765,-15000.0,-2117000.0,-0.23187294633077765,0.0,-2115000.0,-0.2316538882803943,0.0,0.0,0.0,0.0,https://www.sec.gov/Archives/edgar/data/1051627/000089161804000813/0000891618-04-000813-index.htm,https://www.sec.gov/Archives/edgar/data/1051627/000089161804000813/f97055e10vk.htm
0,2003-09-30,AXTI,2003-11-13,2003-11-13 17:26:32,Q3,8529000.0,8029000.0,500000.0,0.05862351975612616,301000.0,2654000.0,0.0,0.0,0.0,10984000,0.0,0.0,-1277000.0,-0.1497244694571462,-2455000.0,-0.3044905616133193,3000.0,-2597000.0,-0.3044905616133193,0.0,-2563000.0,-0.3005041622699027,-0.11,-0.112132,22857000,22857000,https://www.sec.gov/Archives/edgar/data/1051627/000089161803005926/0000891618-03-005926-index.htm,https://www.sec.gov/Archives/edgar/data/1051627/000089161803005926/f94445e10vq.htm
0,2003-06-30,AXTI,2003-08-12,2003-08-12 15:10:45,Q2,8519000.0,7844000.0,675000.0,0.07923465195445475,368000.0,2819000.0,0.0,0.0,0.0,11031000,0.0,0.0,637000.0,0.07477403451109285,-2512000.0,-0.4565089799272215,-1269000.0,-3889000.0,-0.4565089799272215,0.0,-17736000,-2.0819344993543845,-0.78,-0.78,22702000,22702000,https://www.sec.gov/Archives/edgar/data/1051627/000089161803004295/0000891618-03-004295-index.htm,https://www.sec.gov/Archives/edgar/data/1051627/000089161803004295/f92238e10vq.htm
0,2003-03-31,AXTI,2003-05-09,2003-05-09 13:13:54,Q1,12657000,12938000,-281000.0,-0.022201153511890653,744000.0,3286000.0,0.0,0.0,0.0,16968000,0.0,0.0,-2741000.0,-0.2165600063206131,-4311000.0,-0.3410760843801849,231000.0,-4317000.0,-0.3410760843801849,0.0,-4317000.0,-0.3410760843801849,-0.19,-0.19,22628000,22628000,https://www.sec.gov/Archives/edgar/data/1051627/000089161803002376/0000891618-03-002376-index.htm,https://www.sec.gov/Archives/edgar/data/1051627/000089161803001360/f88476e10vk.htm
0,2002-12-31,AXTI,2003-03-21,2003-03-21 17:01:22,Q4,12256000,22790000,-10534000,-0.8594973890339426,1112000.0,3795000.0,0.0,0.0,0.0,-11389000,0.0,0.0,30261000,2.4690763707571803,23645000,-1.64572454308094,-4517000.0,-20170000,-1.64572454308094,-2638000.0,-17532000,-1.4304830287206267,0.0,0.0,0.0,0.0,https://www.sec.gov/Archives/edgar/data/1051627/000089161803001360/0000891618-03-001360-index.htm,https://www.sec.gov/Archives/edgar/data/1051627/000089161803001360/f88476e10vk.htm
0,2002-09-30,AXTI,2002-11-12,2002-11-12 16:52:22,Q3,14948000,18491000,-3543000.0,-0.23702167514048703,1308000.0,4993000.0,0.0,0.0,15107000,39899000,0.0,0.0,-7592000.0,-0.5078940326465079,-24951000,-1.6732673267326732,-14804000,-25012000,-1.6732673267326732,3661000.0,-28673000,-1.9181830345196682,-1.28,-1.28,22478000,22478000,https://www.sec.gov/Archives/edgar/data/1051627/000089161802005086/0000891618-02-005086-index.htm,https://www.sec.gov/Archives/edgar/data/1051627/000089161802005086/f85875e10vq.htm
0,2002-06-30,AXTI,2002-08-15,2002-08-15 15:45:55,Q2,19194000,16266000,2928000.0,0.1525476711472335,1095000.0,4658000.0,0.0,0.0,23979000,45998000,0.0,0.0,8977000.0,0.46769823903303115,-26804000,-1.8952276753152026,-33187000,-36377000,-1.8952276753152026,-4959000.0,-31418000,-1.6368656871939147,-1.4,-1.4,22437000,22437000,https://www.sec.gov/Archives/edgar/data/1051627/000089161802003955/0000891618-02-003955-index.htm,https://www.sec.gov/Archives/edgar/data/1051627/000089161802001428/f79912e10-k405.htm
0,2001-12-31,AXTI,2002-03-26,2002-03-26 00:00:00,Q4,15371000,15891000,-520000.0,-0.03382993949645436,1370000.0,4382000.0,0.0,0.0,0.0,21643000,0.0,0.0,11075000,0.7205126536985232,-6272000.0,-1.4072604254765468,-14915000,-21631000,-1.4072604254765468,-7787000.0,-13844000,-0.9006570815171426,0.0,0.0,0.0,0.0,https://www.sec.gov/Archives/edgar/data/1051627/000089161802001428/0000891618-02-001428-index.htm,https://www.sec.gov/Archives/edgar/data/1051627/000089161802001428/f79912e10-k405.htm
