,date,symbol,fillingDate,acceptedDate,period,revenue,costOfRevenue,grossProfit,grossProfitRatio,researchAndDevelopmentExpenses,generalAndAdministrativeExpenses,sellingAndMarketingExpenses,otherExpenses,operatingExpenses,costAndExpenses,interestExpense,depreciationAndAmortization,ebitda,ebitdaratio,operatingIncome,operatingIncomeRatio,totalOtherIncomeExpensesNet,incomeBeforeTax,incomeBeforeTaxRatio,incomeTaxExpense,netIncome,netIncomeRatio,eps,epsdiluted,weightedAverageShsOut,weightedAverageShsOutDil,link,finalLink
0,2019-09-31,ALUMS.PA,,2019-09-31,Q3,54806250,27943750,26862500,2.0402512796649606,0.0,10875000,0.0,0.0,1451000.0,51459500,674500.0,0.0,5048000.0,10.857022583201267,3346750.0,16.37596175394039,0.0,2468250.0,22.20449711333941,632750.0,1839500.0,29.794101658059255,0.1,0.1,18506335,18540147,https://www.infogreffe.com/recherche-entreprise-dirigeants/resultats-entreprise-dirigeants.html?ga_cat=globale&ga_q=A.L.U.M.S#phrase=A.L.U.M.S,https://www.infogreffe.com/recherche-entreprise-dirigeants/resultats-entreprise-dirigeants.html?ga_cat=globale&ga_q=A.L.U.M.S#phrase=A.L.U.M.S
0,2019-06-31,ALUMS.PA,,2019-06-31,Q2,54806250,27943750,26862500,2.0402512796649606,0.0,10875000,0.0,0.0,1451000.0,51459500,674500.0,0.0,5048000.0,10.857022583201267,3346750.0,16.37596175394039,0.0,2468250.0,22.20449711333941,632750.0,1839500.0,29.794101658059255,0.1,0.1,18506335,18540147,https://www.infogreffe.com/recherche-entreprise-dirigeants/resultats-entreprise-dirigeants.html?ga_cat=globale&ga_q=A.L.U.M.S#phrase=A.L.U.M.S,https://www.infogreffe.com/recherche-entreprise-dirigeants/resultats-entreprise-dirigeants.html?ga_cat=globale&ga_q=A.L.U.M.S#phrase=A.L.U.M.S
0,2019-03-31,ALUMS.PA,,2019-03-31,Q1,54806250,27943750,26862500,2.0402512796649606,0.0,10875000,0.0,0.0,1451000.0,51459500,674500.0,0.0,5048000.0,10.857022583201267,3346750.0,16.37596175394039,0.0,2468250.0,22.20449711333941,632750.0,1839500.0,29.794101658059255,0.1,0.1,18506335,18540147,https://www.infogreffe.com/recherche-entreprise-dirigeants/resultats-entreprise-dirigeants.html?ga_cat=globale&ga_q=A.L.U.M.S#phrase=A.L.U.M.S,https://www.infogreffe.com/recherche-entreprise-dirigeants/resultats-entreprise-dirigeants.html?ga_cat=globale&ga_q=A.L.U.M.S#phrase=A.L.U.M.S
0,2019-01-31,ALUMS.PA,,2019-01-31,Q1,54806250,27943750,26862500,2.0402512796649606,0.0,10875000,0.0,0.0,1451000.0,51459500,674500.0,0.0,5048000.0,10.857022583201267,3346750.0,16.37596175394039,0.0,2468250.0,22.20449711333941,632750.0,1839500.0,29.794101658059255,0.1,0.1,18506335,18540147,https://www.infogreffe.com/recherche-entreprise-dirigeants/resultats-entreprise-dirigeants.html?ga_cat=globale&ga_q=A.L.U.M.S#phrase=A.L.U.M.S,https://www.infogreffe.com/recherche-entreprise-dirigeants/resultats-entreprise-dirigeants.html?ga_cat=globale&ga_q=A.L.U.M.S#phrase=A.L.U.M.S
0,2018-09-31,ALUMS.PA,,2018-09-31,Q3,51685750,25173250,26512500,1.9494860914662895,0.0,11413250,0.0,-334500.0,818000.0,46863250,330000.0,0.0,4478500.0,11.540861895724015,4822500.0,10.717625712804562,0.0,3574250.0,14.460586136951807,740250.0,2833750.0,18.23934715483017,0.1525,0.1525,18506335,18506335,https://www.infogreffe.com/recherche-entreprise-dirigeants/resultats-entreprise-dirigeants.html?ga_cat=globale&ga_q=A.L.U.M.S#phrase=A.L.U.M.S,https://www.infogreffe.com/recherche-entreprise-dirigeants/resultats-entreprise-dirigeants.html?ga_cat=globale&ga_q=A.L.U.M.S#phrase=A.L.U.M.S
0,2018-06-31,ALUMS.PA,,2018-06-31,Q2,51685750,25173250,26512500,1.9494860914662895,0.0,11413250,0.0,-334500.0,818000.0,46863250,330000.0,0.0,4478500.0,11.540861895724015,4822500.0,10.717625712804562,0.0,3574250.0,14.460586136951807,740250.0,2833750.0,18.23934715483017,0.1525,0.1525,18506335,18506335,https://www.infogreffe.com/recherche-entreprise-dirigeants/resultats-entreprise-dirigeants.html?ga_cat=globale&ga_q=A.L.U.M.S#phrase=A.L.U.M.S,https://www.infogreffe.com/recherche-entreprise-dirigeants/resultats-entreprise-dirigeants.html?ga_cat=globale&ga_q=A.L.U.M.S#phrase=A.L.U.M.S
0,2018-03-31,ALUMS.PA,,2018-03-31,Q1,51685750,25173250,26512500,1.9494860914662895,0.0,11413250,0.0,-334500.0,818000.0,46863250,330000.0,0.0,4478500.0,11.540861895724015,4822500.0,10.717625712804562,0.0,3574250.0,14.460586136951807,740250.0,2833750.0,18.23934715483017,0.1525,0.1525,18506335,18506335,https://www.infogreffe.com/recherche-entreprise-dirigeants/resultats-entreprise-dirigeants.html?ga_cat=globale&ga_q=A.L.U.M.S#phrase=A.L.U.M.S,https://www.infogreffe.com/recherche-entreprise-dirigeants/resultats-entreprise-dirigeants.html?ga_cat=globale&ga_q=A.L.U.M.S#phrase=A.L.U.M.S
0,2018-01-31,ALUMS.PA,,2018-01-31,Q1,51685750,25173250,26512500,1.9494860914662895,0.0,11413250,0.0,-334500.0,818000.0,46863250,330000.0,0.0,4478500.0,11.540861895724015,4822500.0,10.717625712804562,0.0,3574250.0,14.460586136951807,740250.0,2833750.0,18.23934715483017,0.1525,0.1525,18506335,18506335,https://www.infogreffe.com/recherche-entreprise-dirigeants/resultats-entreprise-dirigeants.html?ga_cat=globale&ga_q=A.L.U.M.S#phrase=A.L.U.M.S,https://www.infogreffe.com/recherche-entreprise-dirigeants/resultats-entreprise-dirigeants.html?ga_cat=globale&ga_q=A.L.U.M.S#phrase=A.L.U.M.S
0,2017-09-31,ALUMS.PA,,2017-09-31,Q3,47767250,23390250,24377000,1.959521270049637,0.0,10831500,0.0,0.0,753250.0,43068000,385250.0,0.0,4581000.0,10.427253874699847,4699250.0,10.164866734053307,0.0,5602500.0,8.526059794734493,781500.0,4820750.0,9.908676035886533,0.28,0.26,17294167,18506335,https://www.infogreffe.com/recherche-entreprise-dirigeants/resultats-entreprise-dirigeants.html?ga_cat=globale&ga_q=A.L.U.M.S#phrase=A.L.U.M.S,https://www.infogreffe.com/recherche-entreprise-dirigeants/resultats-entreprise-dirigeants.html?ga_cat=globale&ga_q=A.L.U.M.S#phrase=A.L.U.M.S
0,2017-06-31,ALUMS.PA,,2017-06-31,Q2,47767250,23390250,24377000,1.959521270049637,0.0,10831500,0.0,0.0,753250.0,43068000,385250.0,0.0,4581000.0,10.427253874699847,4699250.0,10.164866734053307,0.0,5602500.0,8.526059794734493,781500.0,4820750.0,9.908676035886533,0.28,0.26,17294167,18506335,https://www.infogreffe.com/recherche-entreprise-dirigeants/resultats-entreprise-dirigeants.html?ga_cat=globale&ga_q=A.L.U.M.S#phrase=A.L.U.M.S,https://www.infogreffe.com/recherche-entreprise-dirigeants/resultats-entreprise-dirigeants.html?ga_cat=globale&ga_q=A.L.U.M.S#phrase=A.L.U.M.S
0,2017-03-31,ALUMS.PA,,2017-03-31,Q1,47767250,23390250,24377000,1.959521270049637,0.0,10831500,0.0,0.0,753250.0,43068000,385250.0,0.0,4581000.0,10.427253874699847,4699250.0,10.164866734053307,0.0,5602500.0,8.526059794734493,781500.0,4820750.0,9.908676035886533,0.28,0.26,17294167,18506335,https://www.infogreffe.com/recherche-entreprise-dirigeants/resultats-entreprise-dirigeants.html?ga_cat=globale&ga_q=A.L.U.M.S#phrase=A.L.U.M.S,https://www.infogreffe.com/recherche-entreprise-dirigeants/resultats-entreprise-dirigeants.html?ga_cat=globale&ga_q=A.L.U.M.S#phrase=A.L.U.M.S
0,2017-01-31,ALUMS.PA,,2017-01-31,Q1,47767250,23390250,24377000,1.959521270049637,0.0,10831500,0.0,0.0,753250.0,43068000,385250.0,0.0,4581000.0,10.427253874699847,4699250.0,10.164866734053307,0.0,5602500.0,8.526059794734493,781500.0,4820750.0,9.908676035886533,0.28,0.26,17294167,18506335,https://www.infogreffe.com/recherche-entreprise-dirigeants/resultats-entreprise-dirigeants.html?ga_cat=globale&ga_q=A.L.U.M.S#phrase=A.L.U.M.S,https://www.infogreffe.com/recherche-entreprise-dirigeants/resultats-entreprise-dirigeants.html?ga_cat=globale&ga_q=A.L.U.M.S#phrase=A.L.U.M.S
0,2016-09-31,ALUMS.PA,,2016-09-31,Q3,38331500,20812750,17518750,2.1880271138066356,0.0,7059750.0,0.0,1494250.0,682000.0,36480250,95500.0,0.0,3474250.0,11.03302871123264,1851250.0,20.70573936529372,0.0,3304500.0,11.599788167650175,322500.0,2981250.0,12.857526205450734,0.17575,0.17575,16953910,16953910,https://www.infogreffe.com/recherche-entreprise-dirigeants/resultats-entreprise-dirigeants.html?ga_cat=globale&ga_q=A.L.U.M.S#phrase=A.L.U.M.S,https://www.infogreffe.com/recherche-entreprise-dirigeants/resultats-entreprise-dirigeants.html?ga_cat=globale&ga_q=A.L.U.M.S#phrase=A.L.U.M.S
0,2016-06-31,ALUMS.PA,,2016-06-31,Q2,38331500,20812750,17518750,2.1880271138066356,0.0,7059750.0,0.0,1494250.0,682000.0,36480250,95500.0,0.0,3474250.0,11.03302871123264,1851250.0,20.70573936529372,0.0,3304500.0,11.599788167650175,322500.0,2981250.0,12.857526205450734,0.17575,0.17575,16953910,16953910,https://www.infogreffe.com/recherche-entreprise-dirigeants/resultats-entreprise-dirigeants.html?ga_cat=globale&ga_q=A.L.U.M.S#phrase=A.L.U.M.S,https://www.infogreffe.com/recherche-entreprise-dirigeants/resultats-entreprise-dirigeants.html?ga_cat=globale&ga_q=A.L.U.M.S#phrase=A.L.U.M.S
0,2016-03-31,ALUMS.PA,,2016-03-31,Q1,38331500,20812750,17518750,2.1880271138066356,0.0,7059750.0,0.0,1494250.0,682000.0,36480250,95500.0,0.0,3474250.0,11.03302871123264,1851250.0,20.70573936529372,0.0,3304500.0,11.599788167650175,322500.0,2981250.0,12.857526205450734,0.17575,0.17575,16953910,16953910,https://www.infogreffe.com/recherche-entreprise-dirigeants/resultats-entreprise-dirigeants.html?ga_cat=globale&ga_q=A.L.U.M.S#phrase=A.L.U.M.S,https://www.infogreffe.com/recherche-entreprise-dirigeants/resultats-entreprise-dirigeants.html?ga_cat=globale&ga_q=A.L.U.M.S#phrase=A.L.U.M.S
0,2016-01-31,ALUMS.PA,,2016-01-31,Q1,38331500,20812750,17518750,2.1880271138066356,0.0,7059750.0,0.0,1494250.0,682000.0,36480250,95500.0,0.0,3474250.0,11.03302871123264,1851250.0,20.70573936529372,0.0,3304500.0,11.599788167650175,322500.0,2981250.0,12.857526205450734,0.17575,0.17575,16953910,16953910,https://www.infogreffe.com/recherche-entreprise-dirigeants/resultats-entreprise-dirigeants.html?ga_cat=globale&ga_q=A.L.U.M.S#phrase=A.L.U.M.S,https://www.infogreffe.com/recherche-entreprise-dirigeants/resultats-entreprise-dirigeants.html?ga_cat=globale&ga_q=A.L.U.M.S#phrase=A.L.U.M.S
0,2015-09-31,ALUMS.PA,,2015-09-31,Q3,37122500,20133500,16989000,2.185090352581082,0.0,7046250.0,0.0,0.0,553750.0,35494500,98250.0,0.0,2451250.0,15.1443141254462,1628000.0,22.80251842751843,0.0,1239250.0,29.955618317530764,538000.0,767000.0,48.39960886571056,0.0395,0.0365,19359580,21053000,https://www.infogreffe.com/recherche-entreprise-dirigeants/resultats-entreprise-dirigeants.html?ga_cat=globale&ga_q=A.L.U.M.S#phrase=A.L.U.M.S,https://www.infogreffe.com/recherche-entreprise-dirigeants/resultats-entreprise-dirigeants.html?ga_cat=globale&ga_q=A.L.U.M.S#phrase=A.L.U.M.S
0,2015-06-31,ALUMS.PA,,2015-06-31,Q2,37122500,20133500,16989000,2.185090352581082,0.0,7046250.0,0.0,0.0,553750.0,35494500,98250.0,0.0,2451250.0,15.1443141254462,1628000.0,22.80251842751843,0.0,1239250.0,29.955618317530764,538000.0,767000.0,48.39960886571056,0.0395,0.0365,19359580,21053000,https://www.infogreffe.com/recherche-entreprise-dirigeants/resultats-entreprise-dirigeants.html?ga_cat=globale&ga_q=A.L.U.M.S#phrase=A.L.U.M.S,https://www.infogreffe.com/recherche-entreprise-dirigeants/resultats-entreprise-dirigeants.html?ga_cat=globale&ga_q=A.L.U.M.S#phrase=A.L.U.M.S
0,2015-03-31,ALUMS.PA,,2015-03-31,Q1,37122500,20133500,16989000,2.185090352581082,0.0,7046250.0,0.0,0.0,553750.0,35494500,98250.0,0.0,2451250.0,15.1443141254462,1628000.0,22.80251842751843,0.0,1239250.0,29.955618317530764,538000.0,767000.0,48.39960886571056,0.0395,0.0365,19359580,21053000,https://www.infogreffe.com/recherche-entreprise-dirigeants/resultats-entreprise-dirigeants.html?ga_cat=globale&ga_q=A.L.U.M.S#phrase=A.L.U.M.S,https://www.infogreffe.com/recherche-entreprise-dirigeants/resultats-entreprise-dirigeants.html?ga_cat=globale&ga_q=A.L.U.M.S#phrase=A.L.U.M.S
0,2015-01-31,ALUMS.PA,,2015-01-31,Q1,37122500,20133500,16989000,2.185090352581082,0.0,7046250.0,0.0,0.0,553750.0,35494500,98250.0,0.0,2451250.0,15.1443141254462,1628000.0,22.80251842751843,0.0,1239250.0,29.955618317530764,538000.0,767000.0,48.39960886571056,0.0395,0.0365,19359580,21053000,https://www.infogreffe.com/recherche-entreprise-dirigeants/resultats-entreprise-dirigeants.html?ga_cat=globale&ga_q=A.L.U.M.S#phrase=A.L.U.M.S,https://www.infogreffe.com/recherche-entreprise-dirigeants/resultats-entreprise-dirigeants.html?ga_cat=globale&ga_q=A.L.U.M.S#phrase=A.L.U.M.S
0,2014-09-31,ALUMS.PA,,2014-09-31,Q3,34686750,18902750,15784000,2.1975893309680687,0.0,6478750.0,0.0,592750.0,577000.0,33005750,149250.0,0.0,1747750.0,19.846516950364755,1681000.0,20.63459250446163,0.0,1375000.0,25.226727272727274,585500.0,764750.0,45.35697940503432,0.0395,0.0395,19359580,19359580,https://www.infogreffe.com/recherche-entreprise-dirigeants/resultats-entreprise-dirigeants.html?ga_cat=globale&ga_q=A.L.U.M.S#phrase=A.L.U.M.S,https://www.infogreffe.com/recherche-entreprise-dirigeants/resultats-entreprise-dirigeants.html?ga_cat=globale&ga_q=A.L.U.M.S#phrase=A.L.U.M.S
0,2014-06-31,ALUMS.PA,,2014-06-31,Q2,34686750,18902750,15784000,2.1975893309680687,0.0,6478750.0,0.0,592750.0,577000.0,33005750,149250.0,0.0,1747750.0,19.846516950364755,1681000.0,20.63459250446163,0.0,1375000.0,25.226727272727274,585500.0,764750.0,45.35697940503432,0.0395,0.0395,19359580,19359580,https://www.infogreffe.com/recherche-entreprise-dirigeants/resultats-entreprise-dirigeants.html?ga_cat=globale&ga_q=A.L.U.M.S#phrase=A.L.U.M.S,https://www.infogreffe.com/recherche-entreprise-dirigeants/resultats-entreprise-dirigeants.html?ga_cat=globale&ga_q=A.L.U.M.S#phrase=A.L.U.M.S
0,2014-03-31,ALUMS.PA,,2014-03-31,Q1,34686750,18902750,15784000,2.1975893309680687,0.0,6478750.0,0.0,592750.0,577000.0,33005750,149250.0,0.0,1747750.0,19.846516950364755,1681000.0,20.63459250446163,0.0,1375000.0,25.226727272727274,585500.0,764750.0,45.35697940503432,0.0395,0.0395,19359580,19359580,https://www.infogreffe.com/recherche-entreprise-dirigeants/resultats-entreprise-dirigeants.html?ga_cat=globale&ga_q=A.L.U.M.S#phrase=A.L.U.M.S,https://www.infogreffe.com/recherche-entreprise-dirigeants/resultats-entreprise-dirigeants.html?ga_cat=globale&ga_q=A.L.U.M.S#phrase=A.L.U.M.S
0,2014-01-31,ALUMS.PA,,2014-01-31,Q1,34686750,18902750,15784000,2.1975893309680687,0.0,6478750.0,0.0,592750.0,577000.0,33005750,149250.0,0.0,1747750.0,19.846516950364755,1681000.0,20.63459250446163,0.0,1375000.0,25.226727272727274,585500.0,764750.0,45.35697940503432,0.0395,0.0395,19359580,19359580,https://www.infogreffe.com/recherche-entreprise-dirigeants/resultats-entreprise-dirigeants.html?ga_cat=globale&ga_q=A.L.U.M.S#phrase=A.L.U.M.S,https://www.infogreffe.com/recherche-entreprise-dirigeants/resultats-entreprise-dirigeants.html?ga_cat=globale&ga_q=A.L.U.M.S#phrase=A.L.U.M.S
0,2013-09-31,ALUMS.PA,,2013-09-31,Q3,29053750,15610000,13443750,2.1611343561134357,0.0,6021500.0,0.0,451500.0,-1750.0,27647250,206750.0,0.0,1807750.0,16.07177430507537,1406500.0,20.65677212939922,0.0,662500.0,43.85471698113208,273000.0,388000.0,74.88079896907216,0.017,0.017,22899470,22899470,https://www.infogreffe.com/recherche-entreprise-dirigeants/resultats-entreprise-dirigeants.html?ga_cat=globale&ga_q=A.L.U.M.S#phrase=A.L.U.M.S,https://www.infogreffe.com/recherche-entreprise-dirigeants/resultats-entreprise-dirigeants.html?ga_cat=globale&ga_q=A.L.U.M.S#phrase=A.L.U.M.S
0,2013-06-31,ALUMS.PA,,2013-06-31,Q2,29053750,15610000,13443750,2.1611343561134357,0.0,6021500.0,0.0,451500.0,-1750.0,27647250,206750.0,0.0,1807750.0,16.07177430507537,1406500.0,20.65677212939922,0.0,662500.0,43.85471698113208,273000.0,388000.0,74.88079896907216,0.017,0.017,22899470,22899470,https://www.infogreffe.com/recherche-entreprise-dirigeants/resultats-entreprise-dirigeants.html?ga_cat=globale&ga_q=A.L.U.M.S#phrase=A.L.U.M.S,https://www.infogreffe.com/recherche-entreprise-dirigeants/resultats-entreprise-dirigeants.html?ga_cat=globale&ga_q=A.L.U.M.S#phrase=A.L.U.M.S
0,2013-03-31,ALUMS.PA,,2013-03-31,Q1,29053750,15610000,13443750,2.1611343561134357,0.0,6021500.0,0.0,451500.0,-1750.0,27647250,206750.0,0.0,1807750.0,16.07177430507537,1406500.0,20.65677212939922,0.0,662500.0,43.85471698113208,273000.0,388000.0,74.88079896907216,0.017,0.017,22899470,22899470,https://www.infogreffe.com/recherche-entreprise-dirigeants/resultats-entreprise-dirigeants.html?ga_cat=globale&ga_q=A.L.U.M.S#phrase=A.L.U.M.S,https://www.infogreffe.com/recherche-entreprise-dirigeants/resultats-entreprise-dirigeants.html?ga_cat=globale&ga_q=A.L.U.M.S#phrase=A.L.U.M.S
0,2013-01-31,ALUMS.PA,,2013-01-31,Q1,29053750,15610000,13443750,2.1611343561134357,0.0,6021500.0,0.0,451500.0,-1750.0,27647250,206750.0,0.0,1807750.0,16.07177430507537,1406500.0,20.65677212939922,0.0,662500.0,43.85471698113208,273000.0,388000.0,74.88079896907216,0.017,0.017,22899470,22899470,https://www.infogreffe.com/recherche-entreprise-dirigeants/resultats-entreprise-dirigeants.html?ga_cat=globale&ga_q=A.L.U.M.S#phrase=A.L.U.M.S,https://www.infogreffe.com/recherche-entreprise-dirigeants/resultats-entreprise-dirigeants.html?ga_cat=globale&ga_q=A.L.U.M.S#phrase=A.L.U.M.S
0,2012-09-31,ALUMS.PA,,2012-09-31,Q3,22001000,11164750,10836250,2.0303149152151345,0.0,4844000.0,0.0,0.0,362250.0,20512500,174000.0,0.0,1838000.0,11.970076169749728,1488500.0,14.780651662747733,0.0,1367250.0,16.091424392027793,645750.0,709250.0,31.02009164610504,0.03025,0.03025,23435740,23435740,https://www.infogreffe.com/recherche-entreprise-dirigeants/resultats-entreprise-dirigeants.html?ga_cat=globale&ga_q=A.L.U.M.S#phrase=A.L.U.M.S,https://www.infogreffe.com/recherche-entreprise-dirigeants/resultats-entreprise-dirigeants.html?ga_cat=globale&ga_q=A.L.U.M.S#phrase=A.L.U.M.S
0,2012-06-31,ALUMS.PA,,2012-06-31,Q2,22001000,11164750,10836250,2.0303149152151345,0.0,4844000.0,0.0,0.0,362250.0,20512500,174000.0,0.0,1838000.0,11.970076169749728,1488500.0,14.780651662747733,0.0,1367250.0,16.091424392027793,645750.0,709250.0,31.02009164610504,0.03025,0.03025,23435740,23435740,https://www.infogreffe.com/recherche-entreprise-dirigeants/resultats-entreprise-dirigeants.html?ga_cat=globale&ga_q=A.L.U.M.S#phrase=A.L.U.M.S,https://www.infogreffe.com/recherche-entreprise-dirigeants/resultats-entreprise-dirigeants.html?ga_cat=globale&ga_q=A.L.U.M.S#phrase=A.L.U.M.S
0,2012-03-31,ALUMS.PA,,2012-03-31,Q1,22001000,11164750,10836250,2.0303149152151345,0.0,4844000.0,0.0,0.0,362250.0,20512500,174000.0,0.0,1838000.0,11.970076169749728,1488500.0,14.780651662747733,0.0,1367250.0,16.091424392027793,645750.0,709250.0,31.02009164610504,0.03025,0.03025,23435740,23435740,https://www.infogreffe.com/recherche-entreprise-dirigeants/resultats-entreprise-dirigeants.html?ga_cat=globale&ga_q=A.L.U.M.S#phrase=A.L.U.M.S,https://www.infogreffe.com/recherche-entreprise-dirigeants/resultats-entreprise-dirigeants.html?ga_cat=globale&ga_q=A.L.U.M.S#phrase=A.L.U.M.S
0,2012-01-31,ALUMS.PA,,2012-01-31,Q1,22001000,11164750,10836250,2.0303149152151345,0.0,4844000.0,0.0,0.0,362250.0,20512500,174000.0,0.0,1838000.0,11.970076169749728,1488500.0,14.780651662747733,0.0,1367250.0,16.091424392027793,645750.0,709250.0,31.02009164610504,0.03025,0.03025,23435740,23435740,https://www.infogreffe.com/recherche-entreprise-dirigeants/resultats-entreprise-dirigeants.html?ga_cat=globale&ga_q=A.L.U.M.S#phrase=A.L.U.M.S,https://www.infogreffe.com/recherche-entreprise-dirigeants/resultats-entreprise-dirigeants.html?ga_cat=globale&ga_q=A.L.U.M.S#phrase=A.L.U.M.S
0,2011-09-31,ALUMS.PA,,2011-09-31,Q3,20288000,1552750.0,18735250,1.0828785311111409,0.0,4534750.0,0.0,0.0,898500.0,18835000,0.0,144500.0,1597500.0,12.699843505477308,1453000.0,13.962835512732278,0.0,1217500.0,16.663655030800822,293000.0,909250.0,22.312895243332417,0.03825,0.03825,23794180,23794180,https://www.infogreffe.com/recherche-entreprise-dirigeants/resultats-entreprise-dirigeants.html?ga_cat=globale&ga_q=A.L.U.M.S#phrase=A.L.U.M.S,https://www.infogreffe.com/recherche-entreprise-dirigeants/resultats-entreprise-dirigeants.html?ga_cat=globale&ga_q=A.L.U.M.S#phrase=A.L.U.M.S
0,2011-06-31,ALUMS.PA,,2011-06-31,Q2,20288000,1552750.0,18735250,1.0828785311111409,0.0,4534750.0,0.0,0.0,898500.0,18835000,0.0,144500.0,1597500.0,12.699843505477308,1453000.0,13.962835512732278,0.0,1217500.0,16.663655030800822,293000.0,909250.0,22.312895243332417,0.03825,0.03825,23794180,23794180,https://www.infogreffe.com/recherche-entreprise-dirigeants/resultats-entreprise-dirigeants.html?ga_cat=globale&ga_q=A.L.U.M.S#phrase=A.L.U.M.S,https://www.infogreffe.com/recherche-entreprise-dirigeants/resultats-entreprise-dirigeants.html?ga_cat=globale&ga_q=A.L.U.M.S#phrase=A.L.U.M.S
0,2011-03-31,ALUMS.PA,,2011-03-31,Q1,20288000,1552750.0,18735250,1.0828785311111409,0.0,4534750.0,0.0,0.0,898500.0,18835000,0.0,144500.0,1597500.0,12.699843505477308,1453000.0,13.962835512732278,0.0,1217500.0,16.663655030800822,293000.0,909250.0,22.312895243332417,0.03825,0.03825,23794180,23794180,https://www.infogreffe.com/recherche-entreprise-dirigeants/resultats-entreprise-dirigeants.html?ga_cat=globale&ga_q=A.L.U.M.S#phrase=A.L.U.M.S,https://www.infogreffe.com/recherche-entreprise-dirigeants/resultats-entreprise-dirigeants.html?ga_cat=globale&ga_q=A.L.U.M.S#phrase=A.L.U.M.S
0,2011-01-31,ALUMS.PA,,2011-01-31,Q1,20288000,1552750.0,18735250,1.0828785311111409,0.0,4534750.0,0.0,0.0,898500.0,18835000,0.0,144500.0,1597500.0,12.699843505477308,1453000.0,13.962835512732278,0.0,1217500.0,16.663655030800822,293000.0,909250.0,22.312895243332417,0.03825,0.03825,23794180,23794180,https://www.infogreffe.com/recherche-entreprise-dirigeants/resultats-entreprise-dirigeants.html?ga_cat=globale&ga_q=A.L.U.M.S#phrase=A.L.U.M.S,https://www.infogreffe.com/recherche-entreprise-dirigeants/resultats-entreprise-dirigeants.html?ga_cat=globale&ga_q=A.L.U.M.S#phrase=A.L.U.M.S
0,2010-09-31,ALUMS.PA,,2010-09-31,Q3,13671750,1403250.0,12268500,1.1143782858540163,0.0,1724250.0,0.0,0.0,656000.0,12746500,5000.0,178250.0,1150500.0,11.883311603650586,925250.0,14.776276681977844,0.0,967250.0,14.134660118893771,301000.0,664000.0,20.589984939759034,0.0275,0.0275,24192300,24192300,https://www.infogreffe.com/recherche-entreprise-dirigeants/resultats-entreprise-dirigeants.html?ga_cat=globale&ga_q=A.L.U.M.S#phrase=A.L.U.M.S,https://www.infogreffe.com/recherche-entreprise-dirigeants/resultats-entreprise-dirigeants.html?ga_cat=globale&ga_q=A.L.U.M.S#phrase=A.L.U.M.S
0,2010-06-31,ALUMS.PA,,2010-06-31,Q2,13671750,1403250.0,12268500,1.1143782858540163,0.0,1724250.0,0.0,0.0,656000.0,12746500,5000.0,178250.0,1150500.0,11.883311603650586,925250.0,14.776276681977844,0.0,967250.0,14.134660118893771,301000.0,664000.0,20.589984939759034,0.0275,0.0275,24192300,24192300,https://www.infogreffe.com/recherche-entreprise-dirigeants/resultats-entreprise-dirigeants.html?ga_cat=globale&ga_q=A.L.U.M.S#phrase=A.L.U.M.S,https://www.infogreffe.com/recherche-entreprise-dirigeants/resultats-entreprise-dirigeants.html?ga_cat=globale&ga_q=A.L.U.M.S#phrase=A.L.U.M.S
0,2010-03-31,ALUMS.PA,,2010-03-31,Q1,13671750,1403250.0,12268500,1.1143782858540163,0.0,1724250.0,0.0,0.0,656000.0,12746500,5000.0,178250.0,1150500.0,11.883311603650586,925250.0,14.776276681977844,0.0,967250.0,14.134660118893771,301000.0,664000.0,20.589984939759034,0.0275,0.0275,24192300,24192300,https://www.infogreffe.com/recherche-entreprise-dirigeants/resultats-entreprise-dirigeants.html?ga_cat=globale&ga_q=A.L.U.M.S#phrase=A.L.U.M.S,https://www.infogreffe.com/recherche-entreprise-dirigeants/resultats-entreprise-dirigeants.html?ga_cat=globale&ga_q=A.L.U.M.S#phrase=A.L.U.M.S
0,2010-01-31,ALUMS.PA,,2010-01-31,Q1,13671750,1403250.0,12268500,1.1143782858540163,0.0,1724250.0,0.0,0.0,656000.0,12746500,5000.0,178250.0,1150500.0,11.883311603650586,925250.0,14.776276681977844,0.0,967250.0,14.134660118893771,301000.0,664000.0,20.589984939759034,0.0275,0.0275,24192300,24192300,https://www.infogreffe.com/recherche-entreprise-dirigeants/resultats-entreprise-dirigeants.html?ga_cat=globale&ga_q=A.L.U.M.S#phrase=A.L.U.M.S,https://www.infogreffe.com/recherche-entreprise-dirigeants/resultats-entreprise-dirigeants.html?ga_cat=globale&ga_q=A.L.U.M.S#phrase=A.L.U.M.S
0,2009-09-31,ALUMS.PA,,2009-09-31,Q3,13856500,870500.0,12986000,1.0670337286308331,0.0,1866500.0,0.0,0.0,4152750.0,13263500,3000.0,-966250.0,1118250.0,12.391236306729265,593000.0,23.366779089376053,0.0,542000.0,25.56549815498155,-79750.0,619250.0,22.3762616067824,0.025,0.025,24529184,24992347,https://www.infogreffe.com/recherche-entreprise-dirigeants/resultats-entreprise-dirigeants.html?ga_cat=globale&ga_q=A.L.U.M.S#phrase=A.L.U.M.S,https://www.infogreffe.com/recherche-entreprise-dirigeants/resultats-entreprise-dirigeants.html?ga_cat=globale&ga_q=A.L.U.M.S#phrase=A.L.U.M.S
0,2009-06-31,ALUMS.PA,,2009-06-31,Q2,13856500,870500.0,12986000,1.0670337286308331,0.0,1866500.0,0.0,0.0,4152750.0,13263500,3000.0,-966250.0,1118250.0,12.391236306729265,593000.0,23.366779089376053,0.0,542000.0,25.56549815498155,-79750.0,619250.0,22.3762616067824,0.025,0.025,24529184,24992347,https://www.infogreffe.com/recherche-entreprise-dirigeants/resultats-entreprise-dirigeants.html?ga_cat=globale&ga_q=A.L.U.M.S#phrase=A.L.U.M.S,https://www.infogreffe.com/recherche-entreprise-dirigeants/resultats-entreprise-dirigeants.html?ga_cat=globale&ga_q=A.L.U.M.S#phrase=A.L.U.M.S
0,2009-03-31,ALUMS.PA,,2009-03-31,Q1,13856500,870500.0,12986000,1.0670337286308331,0.0,1866500.0,0.0,0.0,4152750.0,13263500,3000.0,-966250.0,1118250.0,12.391236306729265,593000.0,23.366779089376053,0.0,542000.0,25.56549815498155,-79750.0,619250.0,22.3762616067824,0.025,0.025,24529184,24992347,https://www.infogreffe.com/recherche-entreprise-dirigeants/resultats-entreprise-dirigeants.html?ga_cat=globale&ga_q=A.L.U.M.S#phrase=A.L.U.M.S,https://www.infogreffe.com/recherche-entreprise-dirigeants/resultats-entreprise-dirigeants.html?ga_cat=globale&ga_q=A.L.U.M.S#phrase=A.L.U.M.S
0,2009-01-31,ALUMS.PA,,2009-01-31,Q1,13856500,870500.0,12986000,1.0670337286308331,0.0,1866500.0,0.0,0.0,4152750.0,13263500,3000.0,-966250.0,1118250.0,12.391236306729265,593000.0,23.366779089376053,0.0,542000.0,25.56549815498155,-79750.0,619250.0,22.3762616067824,0.025,0.025,24529184,24992347,https://www.infogreffe.com/recherche-entreprise-dirigeants/resultats-entreprise-dirigeants.html?ga_cat=globale&ga_q=A.L.U.M.S#phrase=A.L.U.M.S,https://www.infogreffe.com/recherche-entreprise-dirigeants/resultats-entreprise-dirigeants.html?ga_cat=globale&ga_q=A.L.U.M.S#phrase=A.L.U.M.S
0,2008-09-31,ALUMS.PA,,2008-09-31,Q3,14978750,229000.0,14749750,1.0155256868760487,0.0,2724500.0,0.0,0.0,888750.0,14262500,6750.0,65500.0,709250.0,21.119139936552696,716250.0,20.912739965095987,0.0,558000.0,26.843637992831543,0.0,555750.0,26.952316689158796,0.0225,0.0225,24591445,25814776,https://www.infogreffe.com/recherche-entreprise-dirigeants/resultats-entreprise-dirigeants.html?ga_cat=globale&ga_q=A.L.U.M.S#phrase=A.L.U.M.S,https://www.infogreffe.com/recherche-entreprise-dirigeants/resultats-entreprise-dirigeants.html?ga_cat=globale&ga_q=A.L.U.M.S#phrase=A.L.U.M.S
0,2008-06-31,ALUMS.PA,,2008-06-31,Q2,14978750,229000.0,14749750,1.0155256868760487,0.0,2724500.0,0.0,0.0,888750.0,14262500,6750.0,65500.0,709250.0,21.119139936552696,716250.0,20.912739965095987,0.0,558000.0,26.843637992831543,0.0,555750.0,26.952316689158796,0.0225,0.0225,24591445,25814776,https://www.infogreffe.com/recherche-entreprise-dirigeants/resultats-entreprise-dirigeants.html?ga_cat=globale&ga_q=A.L.U.M.S#phrase=A.L.U.M.S,https://www.infogreffe.com/recherche-entreprise-dirigeants/resultats-entreprise-dirigeants.html?ga_cat=globale&ga_q=A.L.U.M.S#phrase=A.L.U.M.S
0,2008-03-31,ALUMS.PA,,2008-03-31,Q1,14978750,229000.0,14749750,1.0155256868760487,0.0,2724500.0,0.0,0.0,888750.0,14262500,6750.0,65500.0,709250.0,21.119139936552696,716250.0,20.912739965095987,0.0,558000.0,26.843637992831543,0.0,555750.0,26.952316689158796,0.0225,0.0225,24591445,25814776,https://www.infogreffe.com/recherche-entreprise-dirigeants/resultats-entreprise-dirigeants.html?ga_cat=globale&ga_q=A.L.U.M.S#phrase=A.L.U.M.S,https://www.infogreffe.com/recherche-entreprise-dirigeants/resultats-entreprise-dirigeants.html?ga_cat=globale&ga_q=A.L.U.M.S#phrase=A.L.U.M.S
0,2008-01-31,ALUMS.PA,,2008-01-31,Q1,14978750,229000.0,14749750,1.0155256868760487,0.0,2724500.0,0.0,0.0,888750.0,14262500,6750.0,65500.0,709250.0,21.119139936552696,716250.0,20.912739965095987,0.0,558000.0,26.843637992831543,0.0,555750.0,26.952316689158796,0.0225,0.0225,24591445,25814776,https://www.infogreffe.com/recherche-entreprise-dirigeants/resultats-entreprise-dirigeants.html?ga_cat=globale&ga_q=A.L.U.M.S#phrase=A.L.U.M.S,https://www.infogreffe.com/recherche-entreprise-dirigeants/resultats-entreprise-dirigeants.html?ga_cat=globale&ga_q=A.L.U.M.S#phrase=A.L.U.M.S
0,2007-09-31,ALUMS.PA,,2007-09-31,Q3,14998250,326000.0,14672250,1.0222188144285982,0.0,2540500.0,0.0,0.0,852750.0,14771500,20250.0,165250.0,361500.0,41.48893499308437,226750.0,66.1444321940463,0.0,176000.0,85.21732954545455,13500.0,162000.0,92.58179012345678,0.0075,0.0075,22876268,24837779,https://www.infogreffe.com/recherche-entreprise-dirigeants/resultats-entreprise-dirigeants.html?ga_cat=globale&ga_q=A.L.U.M.S#phrase=A.L.U.M.S,https://www.infogreffe.com/recherche-entreprise-dirigeants/resultats-entreprise-dirigeants.html?ga_cat=globale&ga_q=A.L.U.M.S#phrase=A.L.U.M.S
0,2007-06-31,ALUMS.PA,,2007-06-31,Q2,14998250,326000.0,14672250,1.0222188144285982,0.0,2540500.0,0.0,0.0,852750.0,14771500,20250.0,165250.0,361500.0,41.48893499308437,226750.0,66.1444321940463,0.0,176000.0,85.21732954545455,13500.0,162000.0,92.58179012345678,0.0075,0.0075,22876268,24837779,https://www.infogreffe.com/recherche-entreprise-dirigeants/resultats-entreprise-dirigeants.html?ga_cat=globale&ga_q=A.L.U.M.S#phrase=A.L.U.M.S,https://www.infogreffe.com/recherche-entreprise-dirigeants/resultats-entreprise-dirigeants.html?ga_cat=globale&ga_q=A.L.U.M.S#phrase=A.L.U.M.S
0,2007-03-31,ALUMS.PA,,2007-03-31,Q1,14998250,326000.0,14672250,1.0222188144285982,0.0,2540500.0,0.0,0.0,852750.0,14771500,20250.0,165250.0,361500.0,41.48893499308437,226750.0,66.1444321940463,0.0,176000.0,85.21732954545455,13500.0,162000.0,92.58179012345678,0.0075,0.0075,22876268,24837779,https://www.infogreffe.com/recherche-entreprise-dirigeants/resultats-entreprise-dirigeants.html?ga_cat=globale&ga_q=A.L.U.M.S#phrase=A.L.U.M.S,https://www.infogreffe.com/recherche-entreprise-dirigeants/resultats-entreprise-dirigeants.html?ga_cat=globale&ga_q=A.L.U.M.S#phrase=A.L.U.M.S
0,2007-01-31,ALUMS.PA,,2007-01-31,Q1,14998250,326000.0,14672250,1.0222188144285982,0.0,2540500.0,0.0,0.0,852750.0,14771500,20250.0,165250.0,361500.0,41.48893499308437,226750.0,66.1444321940463,0.0,176000.0,85.21732954545455,13500.0,162000.0,92.58179012345678,0.0075,0.0075,22876268,24837779,https://www.infogreffe.com/recherche-entreprise-dirigeants/resultats-entreprise-dirigeants.html?ga_cat=globale&ga_q=A.L.U.M.S#phrase=A.L.U.M.S,https://www.infogreffe.com/recherche-entreprise-dirigeants/resultats-entreprise-dirigeants.html?ga_cat=globale&ga_q=A.L.U.M.S#phrase=A.L.U.M.S
