,date,symbol,fillingDate,acceptedDate,period,revenue,costOfRevenue,grossProfit,grossProfitRatio,researchAndDevelopmentExpenses,generalAndAdministrativeExpenses,sellingAndMarketingExpenses,otherExpenses,operatingExpenses,costAndExpenses,interestExpense,depreciationAndAmortization,ebitda,ebitdaratio,operatingIncome,operatingIncomeRatio,totalOtherIncomeExpensesNet,incomeBeforeTax,incomeBeforeTaxRatio,incomeTaxExpense,netIncome,netIncomeRatio,eps,epsdiluted,weightedAverageShsOut,weightedAverageShsOutDil,link,finalLink
0,2020-09-30,TXN,2020-10-21,2020-10-21 09:16:37,Q3,3817000000,1364000000,2453000000,0.6426512968299711,386000000,407000000,0.0,27000.0,793000000,2157000000,49000000,250000000,1859000000,0.487031700288,1609000000,0.421535237097,27000.0,1587000000,0.415771548336,234000000,1353000000,0.35446685879,1.47,1.45,921000000,933000000,https://www.sec.gov/Archives/edgar/data/97476/000162828020014630/0001628280-20-014630-index.htm,https://www.sec.gov/Archives/edgar/data/97476/000162828020014630/txn-20200930.htm
0,2020-06-30,TXN,2020-07-22,2020-07-22 09:22:19,Q2,3239000000,1157000000,2082000000,0.642790984871874,379000000,401000000,0.0,99000.0,854000000,2011000000,48000000,249000000,1576000000,0.48657,1228000000,0.379129,99000000,1279000000,0.394875,-101000000,1380000000,0.426057,1.48867,1.48867,927000000,927000000,https://www.sec.gov/Archives/edgar/data/97476/000009747620000026/0000097476-20-000026-index.htm,https://www.sec.gov/Archives/edgar/data/97476/000009747620000026/txn-20200630.htm
0,2020-03-31,TXN,2020-04-22,2020-04-22 09:39:59,Q1,3329000000,1241000000,2088000000,0.6272153799939922,377000000,417000000,0.0,25000.0,844000000,2085000000,45000000,250000000,1519000000,0.456293,1244000000,0.373686,25000000,1224000000,0.367678,50000000,1174000000,0.352658,1.24496,1.24496,943000000,943000000,https://www.sec.gov/Archives/edgar/data/97476/000009747620000017/0000097476-20-000017-index.htm,https://www.sec.gov/Archives/edgar/data/97476/000009747620000009/txn-20191231.htm
0,2019-12-31,TXN,2020-02-20,2020-02-20 11:57:52,Q4,3350000000,1253000000,2097000000,0.6259701492537313,386000000,412000000,0.0,53000.0,848000000,2101000000,45000000,250000000,1552000000,0.463284,1249000000,0.372836,53000000,1257000000,0.375224,187000000,1070000000,0.319403,1.1275,1.1275,949000000,949000000,https://www.sec.gov/Archives/edgar/data/97476/000009747620000009/0000097476-20-000009-index.htm,https://www.sec.gov/Archives/edgar/data/97476/000009747620000009/txn-20191231.htm
0,2019-09-30,TXN,2019-10-31,2019-10-31 09:43:34,Q3,3771000000,1325000000,2446000000,0.6486343145054362,379000000,399000000,0.0,34000.0,857000000,2182000000,43000000,275000000,1898000000,0.503315,1589000000,0.421374,34000000,1580000000,0.418987,155000000,1425000000,0.377884,1.5,1.5,950000000,950000000,https://www.sec.gov/Archives/edgar/data/97476/000009747619000009/0000097476-19-000009-index.htm,https://www.sec.gov/Archives/edgar/data/97476/000009747619000009/txn-20190930.htm
0,2019-06-30,TXN,2019-07-31,2019-07-31 12:35:09,Q2,3668000000,1308000000,2360000000,0.64340239912759,390000000,420000000,0.0,52000.0,854000000,2162000000,44000000,267000000,1825000000,0.497546,1506000000,0.410578,52000000,1514000000,0.412759,209000000,1305000000,0.35578,1.36936,1.36936,953000000,953000000,https://www.sec.gov/Archives/edgar/data/97476/000156459019027328/0001564590-19-027328-index.htm,https://www.sec.gov/Archives/edgar/data/97476/000156459019027328/txn-10q_20190630.htm
0,2019-03-31,TXN,2019-04-30,2019-04-30 10:52:20,Q1,3594000000,1333000000,2261000000,0.6291040623260991,389000000,414000000,0.0,36000000,882000000,2215000000,38000000,258000000,1673000000,0.465498,1379000000,0.383695,36000000,1377000000,0.383139,160000000,1217000000,0.33862,1.27301,1.27301,956000000,956000000,https://www.sec.gov/Archives/edgar/data/97476/000156459019014051/0001564590-19-014051-index.htm,https://www.sec.gov/Archives/edgar/data/97476/000156459019003839/txn-10k_20181231.htm
0,2018-12-31,TXN,2019-02-22,2019-02-22 12:16:54,Q4,3717000000,1310000000,2407000000,0.6475652407855798,400000000,414000000,0.0,23000000,891000000,2201000000,36000000,249000000,1788000000,0.481033,1516000000,0.407856,23000000,1503000000,0.404358,264000000,1239000000,0.333333,1.27864,1.27864,969000000,969000000,https://www.sec.gov/Archives/edgar/data/97476/000156459019003839/0001564590-19-003839-index.htm,https://www.sec.gov/Archives/edgar/data/97476/000156459019003839/txn-10k_20181231.htm
0,2018-09-30,TXN,2018-11-02,2018-11-02 11:38:05,Q3,4261000000,1457000000,2804000000,0.6580614879136353,390000000,396000000,0.0,23000000,867000000,2324000000,36000000,243000000,2203000000,0.517015,1937000000,0.454588,23000000,1924000000,0.451537,354000000,1570000000,0.368458,1.58746,1.58746,989000000,989000000,https://www.sec.gov/Archives/edgar/data/97476/000156459018026405/0001564590-18-026405-index.htm,https://www.sec.gov/Archives/edgar/data/97476/000156459018026405/txn-10q_20180930.htm
0,2018-06-30,TXN,2018-08-02,2018-08-02 11:20:59,Q2,4017000000,1398000000,2619000000,0.6519790888722927,384000000,441000000,0.0,24000000,907000000,2305000000,30000000,233000000,1969000000,0.490167,1712000000,0.426189,24000000,1706000000,0.424695,301000000,1405000000,0.349764,1.40923,1.40923,997000000,997000000,https://www.sec.gov/Archives/edgar/data/97476/000156459018018753/0001564590-18-018753-index.htm,https://www.sec.gov/Archives/edgar/data/97476/000156459018018753/txn-10q_20180630.htm
0,2018-03-31,TXN,2018-05-03,2018-05-03 10:59:44,Q1,3789000000,1342000000,2447000000,0.6458168382158881,385000000,433000000,0.0,28000000,899000000,2241000000,23000000,229000000,1850000000,0.488255,1548000000,0.408551,28000000,1553000000,0.409871,232000000,1366000000,0.360517,1.3592,1.3592,1005000000,1005000000,https://www.sec.gov/Archives/edgar/data/97476/000156459018010545/0001564590-18-010545-index.htm,https://www.sec.gov/Archives/edgar/data/97476/000156459018002832/txn-10k_20171231.htm
0,2017-12-31,TXN,2018-02-22,2018-02-22 13:58:19,Q4,3750000000,1310000000,2440000000,0.6506666666666666,386000000,409000000,0.0,8000000.0,877000000,2187000000,21000000,224000000,1736000000,0.462933,1563000000,0.4168,8000000.0,1550000000,0.413333,1147000000,344000000,0.091733,0.34195,0.34195,1006000000,1006000000,https://www.sec.gov/Archives/edgar/data/97476/000156459018002832/0001564590-18-002832-index.htm,https://www.sec.gov/Archives/edgar/data/97476/000156459018002832/txn-10k_20171231.htm
0,2017-09-30,TXN,2017-11-02,2017-11-02 11:22:00,Q3,4116000000,1460000000,2656000000,0.6452866861030127,375000000,412000000,0.0,20000000,868000000,2328000000,19000000,225000000,2033000000,0.493926,1788000000,0.434402,20000000,1789000000,0.434645,504000000,1285000000,0.312196,1.2748,1.2748,1008000000,1008000000,https://www.sec.gov/Archives/edgar/data/97476/000156459017021032/0001564590-17-021032-index.htm,https://www.sec.gov/Archives/edgar/data/97476/000156459017021032/txn-10q_20170930.htm
0,2017-06-30,TXN,2017-08-03,2017-08-03 09:58:34,Q2,3693000000,1319000000,2374000000,0.6428378012455997,378000000,434000000,0.0,26000000,894000000,2213000000,20000000,225000000,1731000000,0.468725,1480000000,0.400758,26000000,1486000000,0.402383,430000000,1056000000,0.285946,1.04039,1.04039,1015000000,1015000000,https://www.sec.gov/Archives/edgar/data/97476/000156459017015153/0001564590-17-015153-index.htm,https://www.sec.gov/Archives/edgar/data/97476/000156459017015153/txn-10q_20170630.htm
0,2017-03-31,TXN,2017-05-03,2017-05-03 11:32:46,Q1,3402000000,1258000000,2144000000,0.630217519106408,369000000,439000000,0.0,21000000,892000000,2150000000,18000000,230000000,1503000000,0.441799,1252000000,0.368019,21000000,1255000000,0.368901,258000000,997000000,0.293063,0.97841,0.97841,1019000000,1019000000,https://www.sec.gov/Archives/edgar/data/97476/000156459017008260/0001564590-17-008260-index.htm,https://www.sec.gov/Archives/edgar/data/97476/000156459017002142/txn-10k_20161231.htm
0,2016-12-31,TXN,2017-02-23,2017-02-23 13:00:41,Q4,3414000000,1277000000,2137000000,0.6259519625073228,340000000,405000000,0.0,197000000,805000000,2082000000,19000000,227000000,1743000000,0.510545,1332000000,0.390158,184000000,1497000000,0.438489,450000000,1047000000,0.306678,1.02849,1.02849,1018000000,1018000000,https://www.sec.gov/Archives/edgar/data/97476/000156459017002142/0001564590-17-002142-index.htm,https://www.sec.gov/Archives/edgar/data/97476/000156459017002142/txn-10k_20161231.htm
0,2016-09-30,TXN,2016-11-03,2016-11-02 18:04:32,Q3,3675000000,1391000000,2284000000,0.6214965986394558,353000000,442000000,0.0,4000000.0,876000000,2267000000,18000000,237000000,1636000000,0.44517,1408000000,0.383129,-9000000.0,1381000000,0.375782,363000000,1018000000,0.277007,0.99511,0.99511,1023000000,1023000000,https://www.sec.gov/Archives/edgar/data/97476/000156459016027067/0001564590-16-027067-index.htm,https://www.sec.gov/Archives/edgar/data/97476/000156459016027067/txn-10q_20160930.htm
0,2016-06-30,TXN,2016-08-04,2016-08-04 11:32:07,Q2,3273000000,1266000000,2007000000,0.613198900091659,341000000,454000000,0.0,6000000.0,876000000,2142000000,21000000,242000000,1365000000,0.417049,1131000000,0.345555,-8000000.0,1102000000,0.336694,283000000,819000000,0.250229,0.80294,0.80294,1020000000,1020000000,https://www.sec.gov/Archives/edgar/data/97476/000156459016022552/0001564590-16-022552-index.htm,https://www.sec.gov/Archives/edgar/data/97476/000156459016022552/txn-10q_20160630.htm
0,2016-03-31,TXN,2016-05-04,2016-05-04 11:41:30,Q1,3008000000,1179000000,1829000000,0.6080452127659575,322000000,441000000,0.0,4000000.0,845000000,2024000000,22000000,249000000,1221000000,0.405918,984000000,0.327128,-12000000,950000000,0.315824,239000000,711000000,0.23637,0.69569,0.69569,1022000000,1022000000,https://www.sec.gov/Archives/edgar/data/97476/000156459016017570/0001564590-16-017570-index.htm,https://www.sec.gov/Archives/edgar/data/97476/000156459016013126/txn-10k_20151231.htm
0,2015-12-31,TXN,2016-02-24,2016-02-24 10:31:05,Q4,3189000000,1308000000,1881000000,0.5898400752587017,293000000,385000000,0.0,19000000,691000000,1999000000,22000000,261000000,1422000000,0.445908,1190000000,0.373158,-29000000,1139000000,0.357165,303000000,836000000,0.262151,0.81561,0.81561,1025000000,1025000000,https://www.sec.gov/Archives/edgar/data/97476/000156459016013126/0001564590-16-013126-index.htm,https://www.sec.gov/Archives/edgar/data/97476/000156459016013126/txn-10k_20151231.htm
0,2015-09-30,TXN,2015-11-05,2015-11-05 10:41:32,Q3,3429000000,1432000000,1997000000,0.5823855351414406,316000000,434000000,0.0,6000000.0,833000000,2265000000,22000000,285000000,1455000000,0.424322,1164000000,0.339458,6000000.0,1148000000,0.334791,350000000,798000000,0.232721,0.77101,0.77101,1035000000,1035000000,https://www.sec.gov/Archives/edgar/data/97476/000156459015009541/0001564590-15-009541-index.htm,https://www.sec.gov/Archives/edgar/data/97476/000156459015009541/txn-10q_20150930.htm
0,2015-06-30,TXN,2015-08-04,2015-08-04 10:40:29,Q2,3232000000,1351000000,1881000000,0.5819925742574258,320000000,470000000,0.0,3000000.0,871000000,2222000000,24000000,291000000,1304000000,0.403465,1010000000,0.3125,3000000.0,989000000,0.306002,293000000,696000000,0.215347,0.66223,0.66223,1051000000,1051000000,https://www.sec.gov/Archives/edgar/data/97476/000156459015006014/0001564590-15-006014-index.htm,https://www.sec.gov/Archives/edgar/data/97476/000156459015006014/txn-10q_20150630.htm
0,2015-03-31,TXN,2015-05-05,2015-05-05 11:10:12,Q1,3150000000,1334000000,1816000000,0.5765079365079365,338000000,439000000,0.0,4000000.0,858000000,2192000000,22000000,296000000,1258000000,0.399365,958000000,0.304127,4000000.0,940000000,0.298413,284000000,656000000,0.208254,0.61828,0.61828,1061000000,1061000000,https://www.sec.gov/Archives/edgar/data/97476/000156459015003271/0001564590-15-003271-index.htm,https://www.sec.gov/Archives/edgar/data/97476/000009747615000003/txn-12312014x10xk.htm
0,2014-12-31,TXN,2015-02-24,2015-02-24 16:24:05,Q4,3269000000,1376000000,1893000000,0.579076170082594,311000000,429000000,0.0,9000000.0,793000000,2169000000,22000000,305000000,1414000000,0.432548,1100000000,0.336494,9000000.0,1087000000,0.332518,262000000,825000000,0.252371,0.77465,0.77465,1065000000,1065000000,https://www.sec.gov/Archives/edgar/data/97476/000009747615000003/0000097476-15-000003-index.htm,https://www.sec.gov/Archives/edgar/data/97476/000009747615000003/txn-12312014x10xk.htm
0,2014-09-30,TXN,2014-10-31,2014-10-31 10:12:11,Q3,3501000000,1460000000,2041000000,0.5829762924878606,332000000,463000000,0.0,3000000.0,866000000,2326000000,23000000,308000000,1486000000,0.42445,1175000000,0.335618,3000000.0,1155000000,0.329906,329000000,826000000,0.235933,0.76909,0.76909,1074000000,1074000000,https://www.sec.gov/Archives/edgar/data/97476/000009747614000034/0000097476-14-000034-index.htm,https://www.sec.gov/Archives/edgar/data/97476/000009747614000034/txn-2014930x10xq.htm
0,2014-06-30,TXN,2014-07-31,2014-07-31 11:54:07,Q2,3292000000,1414000000,1878000000,0.5704738760631834,349000000,472000000,0.0,3000000.0,896000000,2310000000,24000000,307000000,1292000000,0.392467,982000000,0.298299,3000000.0,961000000,0.29192,278000000,683000000,0.207473,0.63101,0.63101,1082400000,1082400000,https://www.sec.gov/Archives/edgar/data/97476/000009747614000027/0000097476-14-000027-index.htm,https://www.sec.gov/Archives/edgar/data/97476/000009747614000027/txn-2014630x10q.htm
0,2014-03-31,TXN,2014-05-02,2014-05-02 11:27:34,Q1,2983000000,1379000000,1604000000,0.5377137110291653,366000000,479000000,0.0,6000000.0,914000000,2293000000,25000000,310000000,1006000000,0.337244,690000000,0.231311,6000000.0,671000000,0.224941,184000000,487000000,0.163258,0.4474,0.4474,1088500000,1088500000,https://www.sec.gov/Archives/edgar/data/97476/000009747614000018/0000097476-14-000018-index.htm,https://www.sec.gov/Archives/edgar/data/97476/000009747614000007/txn-12312013x10xk.htm
0,2013-12-31,TXN,2014-02-24,2014-02-24 11:05:47,Q4,3028000000,1391000000,1637000000,0.5406208718626155,346000000,461000000,0.0,19000000,950000000,2341000000,24000000,378000000,1084000000,0.357992,687000000,0.226882,19000000,682000000,0.225231,171000000,511000000,0.168758,0.46412,0.46412,1101000000,1101000000,https://www.sec.gov/Archives/edgar/data/97476/000009747614000007/0000097476-14-000007-index.htm,https://www.sec.gov/Archives/edgar/data/97476/000009747614000007/txn-12312013x10xk.htm
0,2013-09-30,TXN,2013-11-01,2013-11-01 11:22:09,Q3,3244000000,1468000000,1776000000,0.5474722564734895,368000000,465000000,0.0,-4000000.0,932000000,2400000000,24000000,300000000,1140000000,0.351418,844000000,0.260173,-4000000.0,816000000,0.251541,187000000,629000000,0.193896,0.56616,0.56616,1111000000,1111000000,https://www.sec.gov/Archives/edgar/data/97476/000009747613000056/0000097476-13-000056-index.htm,https://www.sec.gov/Archives/edgar/data/97476/000009747613000056/txn-2013930x10q.htm
0,2013-06-30,TXN,2013-08-02,2013-08-02 10:58:35,Q2,3047000000,1480000000,1567000000,0.5142763373810305,389000000,471000000,0.0,0.0,661000000,2141000000,24000000,306000000,1212000000,0.397768,906000000,0.297342,0.0,882000000,0.289465,222000000,660000000,0.216606,0.59087,0.59087,1117000000,1117000000,https://www.sec.gov/Archives/edgar/data/97476/000009747613000044/0000097476-13-000044-index.htm,https://www.sec.gov/Archives/edgar/data/97476/000009747613000044/txn-2013630x10q.htm
0,2013-03-31,TXN,2013-05-03,2013-05-03 09:27:09,Q1,2885000000,1514000000,1371000000,0.4752166377816291,419000000,459000000,0.0,2000000.0,976000000,2490000000,23000000,313000000,710000000,0.246101,395000000,0.136915,2000000.0,374000000,0.129636,12000000,362000000,0.125477,0.32235,0.32235,1123000000,1123000000,https://www.sec.gov/Archives/edgar/data/97476/000009747613000028/0000097476-13-000028-index.htm,https://www.sec.gov/Archives/edgar/data/97476/000009747613000009/txn-12312012x10xk.htm
0,2012-12-31,TXN,2013-02-22,2013-02-22 11:49:48,Q4,2979000000,1533000000,1446000000,0.48539778449144005,425000000,433000000,0.0,39000000,1308000000,2841000000,23000000,317000000,494000000,0.165827,138000000,0.046324,39000000,154000000,0.051695,-110000000,264000000,0.08862,0.23488,0.23488,1124000000,1124000000,https://www.sec.gov/Archives/edgar/data/97476/000009747613000009/0000097476-13-000009-index.htm,https://www.sec.gov/Archives/edgar/data/97476/000009747613000009/txn-12312012x10xk.htm
0,2012-09-30,TXN,2012-11-02,2012-11-02 13:03:30,Q3,3390000000,1650000000,1740000000,0.5132743362831859,463000000,453000000,0.0,25000000,900000000,2550000000,21000000,327000000,1191000000,0.351327,840000000,0.247788,24000000,843000000,0.248673,59000000,784000000,0.231268,0.68712,0.68712,1141000000,1141000000,https://www.sec.gov/Archives/edgar/data/97476/000009747612000056/0000097476-12-000056-index.htm,https://www.sec.gov/Archives/edgar/data/97476/000009747612000056/txn-2012930x10q.htm
0,2012-06-30,TXN,2012-08-03,2012-08-03 11:54:45,Q2,3335000000,1684000000,1651000000,0.49505247376311845,480000000,456000000,0.0,-3000000.0,1053000000,2737000000,20000000,326000000,922000000,0.276462,598000000,0.17931,-2000000.0,576000000,0.172714,130000000,446000000,0.133733,0.38648,0.38648,1154000000,1154000000,https://www.sec.gov/Archives/edgar/data/97476/000009747612000042/0000097476-12-000042-index.htm,https://www.sec.gov/Archives/edgar/data/97476/000009747612000042/txn-2012630x10q.htm
0,2012-03-31,TXN,2012-05-04,2012-05-04 12:35:07,Q1,3121000000,1590000000,1531000000,0.49054790131368153,509000000,462000000,0.0,-14000000,1134000000,2724000000,21000000,329000000,712000000,0.228132,397000000,0.127203,-14000000,362000000,0.115988,97000000,265000000,0.084909,0.22747,0.22747,1165000000,1165000000,https://www.sec.gov/Archives/edgar/data/97476/000009747612000027/0000097476-12-000027-index.htm,https://www.sec.gov/Archives/edgar/data/97476/000009747612000010/txn-12312011x10xk.htm
0,2011-12-31,TXN,2012-02-24,2012-02-24 12:13:07,Q4,3420000000,1872000000,1548000000,0.45263157894736844,474000000,444000000,0.0,4000000.0,1183000000,3055000000,21000000,332000000,701000000,0.204971,365000000,0.106725,4000000.0,348000000,0.101754,50000000,298000000,0.087135,0.25846,0.25846,1153000000,1153000000,https://www.sec.gov/Archives/edgar/data/97476/000009747612000010/0000097476-12-000010-index.htm,https://www.sec.gov/Archives/edgar/data/97476/000009747612000010/txn-12312011x10xk.htm
0,2011-09-30,TXN,2011-11-04,2011-11-04 13:18:14,Q3,3466000000,1722000000,1744000000,0.5031736872475476,395000000,388000000,0.0,-18000000,930000000,2652000000,15000000,226000000,1021000000,0.294576,814000000,0.234853,-19000000,780000000,0.225043,179000000,601000000,0.173399,0.51945,0.51945,1157000000,1157000000,https://www.sec.gov/Archives/edgar/data/97476/000009747611000055/0000097476-11-000055-index.htm,https://www.sec.gov/Archives/edgar/data/97476/000009747611000055/txn-2011930x10q.htm
0,2011-06-30,TXN,2011-08-05,2011-08-05 12:59:03,Q2,3458000000,1705000000,1753000000,0.5069404279930596,424000000,411000000,0.0,9000000.0,848000000,2553000000,6000000.0,226000000,1141000000,0.32996,905000000,0.261712,10000000,909000000,0.262869,237000000,672000000,0.194332,0.56949,0.56949,1180000000,1180000000,https://www.sec.gov/Archives/edgar/data/97476/000009747611000030/0000097476-11-000030-index.htm,https://www.sec.gov/Archives/edgar/data/97476/000009747611000030/txn-2011630x10q.htm
0,2011-03-31,TXN,2011-05-05,2011-05-05 12:58:58,Q1,3392000000,1561000000,1831000000,0.5397995283018868,422000000,396000000,0.0,10000000,923000000,2484000000,0.0,231000000,1149000000,0.338738,908000000,0.267689,10000000,918000000,0.270637,252000000,666000000,0.196344,0.55779,0.55779,1194000000,1194000000,https://www.sec.gov/Archives/edgar/data/97476/000114036111025120/0001140361-11-025120-index.htm,https://www.sec.gov/Archives/edgar/data/97476/000114036111012312/form10-k.htm
0,2010-12-31,TXN,2011-02-25,2011-02-25 17:10:14,Q4,3525000000,1656000000,1869000000,0.5302127659574468,393000000,389000000,0.0,18000000,639000000,2295000000,0.0,238000000,1486000000,0.42156,1230000000,0.348936,18000000,1248000000,0.354043,306000000,942000000,0.267234,0.79226,0.79226,1189000000,1189000000,https://www.sec.gov/Archives/edgar/data/97476/000114036111012312/0001140361-11-012312-index.htm,https://www.sec.gov/Archives/edgar/data/97476/000114036111012312/form10-k.htm
0,2010-09-30,TXN,2010-11-04,2010-11-04 13:17:35,Q3,3740000000,1701000000,2039000000,0.545187165775401,417000000,391000000,0.0,8000000.0,812000000,2513000000,0.0,224000000,1459000000,0.390107,1227000000,0.328075,8000000.0,1235000000,0.330214,376000000,859000000,0.229679,0.71823,0.71823,1196000000,1196000000,https://www.sec.gov/Archives/edgar/data/97476/000114036110043558/0001140361-10-043558-index.htm,https://www.sec.gov/Archives/edgar/data/97476/000114036110043558/form10q.htm
0,2010-06-30,TXN,2010-07-22,2010-07-22 11:50:22,Q2,3496000000,1602000000,1894000000,0.5417620137299771,392000000,378000000,0.0,4000000.0,787000000,2389000000,0.0,227000000,1338000000,0.382723,1107000000,0.316648,4000000.0,1111000000,0.317792,342000000,769000000,0.219966,0.62981,0.62981,1221000000,1221000000,https://www.sec.gov/Archives/edgar/data/97476/000114036110029928/0001140361-10-029928-index.htm,https://www.sec.gov/Archives/edgar/data/97476/000114036110029928/form10q.htm
0,2010-03-31,TXN,2010-04-30,2010-04-30 15:44:08,Q1,3205000000,1516000000,1689000000,0.5269890795631825,370000000,359000000,0.0,7000000.0,739000000,2255000000,0.0,224000000,1181000000,0.368487,950000000,0.296412,7000000.0,957000000,0.298596,299000000,658000000,0.205304,0.52809,0.52809,1246000000,1246000000,https://www.sec.gov/Archives/edgar/data/97476/000114036110018271/0001140361-10-018271-index.htm,https://www.sec.gov/Archives/edgar/data/97476/000114036110007923/form10k.htm
0,2009-12-31,TXN,2010-02-23,2010-02-23 14:25:33,Q4,3005000000,1416000000,1589000000,0.5287853577371048,355000000,347000000,0.0,6000000.0,714000000,2130000000,0.0,223000000,1104000000,0.367388,875000000,0.291181,6000000.0,881000000,0.293178,226000000,655000000,0.21797,0.52108,0.52108,1257000000,1257000000,https://www.sec.gov/Archives/edgar/data/97476/000114036110007923/0001140361-10-007923-index.htm,https://www.sec.gov/Archives/edgar/data/97476/000114036110007923/form10k.htm
0,2009-09-30,TXN,2009-10-30,2009-10-30 17:21:15,Q3,2880000000,1399000000,1481000000,0.5142361111111111,368000000,340000000,0.0,1000000.0,718000000,2117000000,0.0,229000000,994000000,0.345139,763000000,0.264931,2000000.0,765000000,0.265625,227000000,538000000,0.186806,0.42429,0.42429,1268000000,1268000000,https://www.sec.gov/Archives/edgar/data/97476/000009747609000041/0000097476-09-000041-index.htm,https://www.sec.gov/Archives/edgar/data/97476/000009747609000041/d10q.htm
0,2009-06-30,TXN,2009-07-29,2009-07-29 17:24:22,Q2,2457000000,1333000000,1124000000,0.4574684574684575,369000000,327000000,0.0,14000000,781000000,2114000000,0.0,233000000,589000000,0.239723,343000000,0.139601,13000000,356000000,0.144892,96000000,260000000,0.10582,0.2044,0.2044,1272000000,1272000000,https://www.sec.gov/Archives/edgar/data/97476/000114036109017223/0001140361-09-017223-index.htm,https://www.sec.gov/Archives/edgar/data/97476/000114036109017223/form10q.htm
0,2009-03-31,TXN,2009-04-29,2009-04-29 13:06:29,Q1,2086000000,1280000000,806000000,0.38638542665388304,386000000,305000000,0.0,5000000.0,796000000,2076000000,0.0,240000000,255000000,0.122244,10000000,0.004794,5000000.0,15000000,0.007191,-2000000.0,17000000,0.00815,0.01331,0.01331,1277000000,1277000000,https://www.sec.gov/Archives/edgar/data/97476/000009747609000021/0000097476-09-000021-index.htm,https://www.sec.gov/Archives/edgar/data/97476/000120677409000314/texas_10k.htm
0,2008-12-31,TXN,2009-02-24,2009-02-24 10:57:45,Q4,2491000000,1394000000,1097000000,0.44038538739462063,431000000,361000000,0.0,-14000000,1046000000,2440000000,0.0,293000000,329000000,0.132075,51000000,0.020474,-15000000,36000000,0.014452,-71000000,107000000,0.042955,0.08301,0.08301,1289000000,1289000000,https://www.sec.gov/Archives/edgar/data/97476/000120677409000314/0001206774-09-000314-index.htm,https://www.sec.gov/Archives/edgar/data/97476/000120677409000314/texas_10k.htm
0,2008-09-30,TXN,2008-10-31,2008-10-30 18:37:53,Q3,3387000000,1744000000,1643000000,0.48509005019191026,507000000,390000000,0.0,9000000.0,897000000,2641000000,0.0,260000000,1016000000,0.29997,746000000,0.220254,10000000,756000000,0.223206,193000000,563000000,0.166224,0.42814,0.42814,1315000000,1315000000,https://www.sec.gov/Archives/edgar/data/97476/000009747608000217/0000097476-08-000217-index.htm,https://www.sec.gov/Archives/edgar/data/97476/000009747608000217/d10q.htm
0,2008-06-30,TXN,2008-07-31,2008-07-31 09:39:18,Q2,3351000000,1602000000,1749000000,0.5219337511190689,488000000,428000000,0.0,16000000,916000000,2518000000,0.0,255000000,1105000000,0.329752,833000000,0.248583,17000000,850000000,0.253656,262000000,588000000,0.17547,0.43946,0.43946,1338000000,1338000000,https://www.sec.gov/Archives/edgar/data/97476/000009747608000194/0000097476-08-000194-index.htm,https://www.sec.gov/Archives/edgar/data/97476/000009747608000194/d10q.htm
0,2008-03-31,TXN,2008-05-01,2008-04-30 19:52:13,Q1,3272000000,1516000000,1756000000,0.5366748166259169,514000000,435000000,0.0,33000000,949000000,2465000000,0.0,251000000,1090000000,0.33313,807000000,0.246638,32000000,839000000,0.256418,176000000,663000000,0.202628,0.4933,0.4933,1344000000,1344000000,https://www.sec.gov/Archives/edgar/data/97476/000009747608000141/0000097476-08-000141-index.htm,https://www.sec.gov/Archives/edgar/data/97476/000119312508038572/d10k.htm
0,2007-12-31,TXN,2008-02-26,2008-02-26 15:01:17,Q4,3556000000,1625000000,1931000000,0.5430258717660292,507000000,422000000,0.0,46000000,935000000,2560000000,0.0,189000000,1234000000,0.347019,996000000,0.28009,46000000,1042000000,0.293026,289000000,756000000,0.212598,0.54039,0.54039,1399000000,1399000000,https://www.sec.gov/Archives/edgar/data/97476/000119312508038572/0001193125-08-038572-index.htm,https://www.sec.gov/Archives/edgar/data/97476/000119312508038572/d10k.htm
0,2007-09-30,TXN,2007-11-01,2007-11-01 15:44:26,Q3,3664000000,1647000000,2017000000,0.5504912663755459,530000000,429000000,0.0,54000000,1005000000,2652000000,0.0,296000000,1379000000,0.376365,1012000000,0.276201,53000000,1066000000,0.290939,308000000,775000000,0.211517,0.49794,0.49794,1556400000,1556400000,https://www.sec.gov/Archives/edgar/data/97476/000009747607000255/0000097476-07-000255-index.htm,https://www.sec.gov/Archives/edgar/data/97476/000009747607000255/d10q.htm
0,2007-06-30,TXN,2007-08-01,2007-08-01 12:27:42,Q2,3424000000,1640000000,1784000000,0.5210280373831776,551000000,424000000,0.0,-1459000000,975000000,2615000000,1000000.0,294000000,1156000000,0.337617,809000000,0.236273,56000000,865000000,0.252629,251000000,610000000,0.178154,0.41525,0.41525,1469000000,1469000000,https://www.sec.gov/Archives/edgar/data/97476/000009747607000187/0000097476-07-000187-index.htm,https://www.sec.gov/Archives/edgar/data/97476/000009747607000187/d10q.htm
0,2007-03-31,TXN,2007-05-03,2007-05-03 10:41:40,Q1,3191000000,1554000000,1637000000,0.5130053274835474,552000000,405000000,0.0,1554000000,957000000,2511000000,-1000000.0,291000000,1009000000,0.316202,680000000,0.213099,40000000,719000000,0.225321,203000000,516000000,0.161705,0.35102,0.35102,1470000000,1470000000,https://www.sec.gov/Archives/edgar/data/97476/000009747607000134/0000097476-07-000134-index.htm,https://www.sec.gov/Archives/edgar/data/97476/000119312507042451/d10k.htm
0,2006-12-31,TXN,2007-02-28,2007-02-28 15:04:28,Q4,3463000000,1715000000,1748000000,0.5047646549234768,556000000,425000000,0.0,71000000,981000000,2696000000,-1000000.0,177000000,1009000000,0.291366,767000000,0.221484,70000000,836000000,0.241409,165000000,668000000,0.192896,0.44563,0.44563,1499000000,1499000000,https://www.sec.gov/Archives/edgar/data/97476/000119312507042451/0001193125-07-042451-index.htm,https://www.sec.gov/Archives/edgar/data/97476/000119312507042451/d10k.htm
0,2006-09-30,TXN,2006-10-30,2006-10-30 06:05:31,Q3,3761000000,1829000000,1932000000,0.5136931667109811,570000000,432000000,0.0,54000000,1002000000,2831000000,-1000000.0,307000000,1306000000,0.347248,930000000,0.247275,55000000,984000000,0.261633,298000000,702000000,0.186652,0.45673,0.45673,1537000000,1537000000,https://www.sec.gov/Archives/edgar/data/97476/000009747606000251/0000097476-06-000251-index.htm,https://www.sec.gov/Archives/edgar/data/97476/000009747606000251/d10q.htm
0,2006-06-30,TXN,2006-08-02,2006-08-02 12:03:45,Q2,3697000000,1790000000,1907000000,0.5158236407898296,536000000,418000000,0.0,88000000,954000000,2744000000,-2000000.0,311000000,2996000000,0.810387,953000000,0.257777,88000000,1039000000,0.281039,300000000,2387000000,0.645659,1.50504,1.50504,1586000000,1586000000,https://www.sec.gov/Archives/edgar/data/97476/000009747606000198/0000097476-06-000198-index.htm,https://www.sec.gov/Archives/edgar/data/97476/000009747606000198/d10q.htm
0,2006-03-31,TXN,2006-05-02,2006-05-02 14:13:57,Q1,3334000000,1662000000,1672000000,0.501499700059988,533000000,421000000,0.0,52000000,954000000,2616000000,-3000000.0,316000000,1123000000,0.336833,718000000,0.215357,52000000,767000000,0.230054,225000000,585000000,0.175465,0.36156,0.36156,1618000000,1618000000,https://www.sec.gov/Archives/edgar/data/97476/000009747606000141/0000097476-06-000141-index.htm,https://www.sec.gov/Archives/edgar/data/97476/000119312506041333/d10k.htm
0,2005-12-31,TXN,2006-02-28,2006-02-28 16:19:07,Q4,3323000000,1667000000,1656000000,0.498344869094192,493000000,403000000,0.0,206000000,896000000,2563000000,-9000000.0,382000000,1214000000,0.365333,760000000,0.228709,52000000,809000000,0.243455,187000000,654000000,0.19681,0.40445,0.40445,1617000000,1617000000,https://www.sec.gov/Archives/edgar/data/97476/000119312506041333/0001193125-06-041333-index.htm,https://www.sec.gov/Archives/edgar/data/97476/000119312506041333/d10k.htm
0,2005-09-30,TXN,2005-11-03,2005-11-03 17:21:55,Q3,3339000000,1649000000,1690000000,0.5061395627433364,521000000,408000000,0.0,0.0,929000000,2578000000,-2000000.0,377000000,1218000000,0.36478,761000000,0.227913,49000000,808000000,0.241989,212000000,631000000,0.188979,0.37943,0.37943,1663000000,1663000000,https://www.sec.gov/Archives/edgar/data/97476/000119312505215792/0001193125-05-215792-index.htm,https://www.sec.gov/Archives/edgar/data/97476/000119312505215792/d10q.htm
0,2005-06-30,TXN,2005-08-04,2005-08-04 16:42:32,Q2,2971000000,1545000000,1426000000,0.4799730730393807,485000000,339000000,0.0,-48000000,824000000,2369000000,-2000000.0,383000000,1081000000,0.363851,602000000,0.202625,56000000,656000000,0.220801,72000000,628000000,0.211377,0.37627,0.37627,1669000000,1669000000,https://www.sec.gov/Archives/edgar/data/97476/000119312505157836/0001193125-05-157836-index.htm,https://www.sec.gov/Archives/edgar/data/97476/000119312505157836/d10q.htm
0,2005-03-31,TXN,2005-05-05,2005-05-05 10:12:03,Q1,2702000000,1458000000,1244000000,0.46039970392302,487000000,321000000,0.0,48000000,808000000,2266000000,-2000000.0,385000000,905000000,0.334937,436000000,0.161362,48000000,482000000,0.178386,111000000,411000000,0.15211,0.23689,0.23689,1735000000,1735000000,https://www.sec.gov/Archives/edgar/data/97476/000119312505096765/0001193125-05-096765-index.htm,https://www.sec.gov/Archives/edgar/data/97476/000119312505038623/d10k.htm
0,2004-12-31,TXN,2005-02-28,2005-02-28 16:11:59,Q4,3153000000,1807000000,1346000000,0.426895020615287,483000000,360000000,0.0,86000000,862000000,2669000000,-21000000,494000000,1041000000,0.330162,484000000,0.153505,86000000,568000000,0.180146,78000000,490000000,0.155408,0.27857,0.27857,1759000000,1759000000,https://www.sec.gov/Archives/edgar/data/97476/000119312505038623/0001193125-05-038623-index.htm,https://www.sec.gov/Archives/edgar/data/97476/000119312505038623/d10k.htm
0,2004-09-30,TXN,2004-11-04,2004-11-04 17:09:18,Q3,3250000000,1747000000,1503000000,0.4624615384615385,479000000,346000000,0.0,62000000,846000000,2593000000,-4000000.0,394000000,1105000000,0.34,657000000,0.202154,62000000,715000000,0.22,152000000,563000000,0.173231,0.32001,0.32001,1759300000,1759300000,https://www.sec.gov/Archives/edgar/data/97476/000119312504186448/0001193125-04-186448-index.htm,https://www.sec.gov/Archives/edgar/data/97476/000119312504186448/d10q.htm
0,2004-06-30,TXN,2004-07-30,2004-07-30 16:24:00,Q2,3241000000,1756000000,1485000000,0.4581919160752854,514000000,375000000,0.0,37000000,893000000,2649000000,-8000000.0,382000000,996000000,0.307313,592000000,0.18266,38000000,622000000,0.191916,181000000,441000000,0.136069,0.24893,0.24893,1771600000,1771600000,https://www.sec.gov/Archives/edgar/data/97476/000119312504128207/0001193125-04-128207-index.htm,https://www.sec.gov/Archives/edgar/data/97476/000119312504128207/d10q.htm
0,2004-03-31,TXN,2004-04-28,2004-04-28 11:42:59,Q1,2936000000,1610000000,1326000000,0.45163487738419617,493000000,354000000,0.0,50000000,852000000,2462000000,-8000000.0,367000000,875000000,0.298025,474000000,0.161444,50000000,516000000,0.175749,149000000,367000000,0.125,0.20576,0.20576,1783600000,1783600000,https://www.sec.gov/Archives/edgar/data/97476/000119312504071834/0001193125-04-071834-index.htm,https://www.sec.gov/Archives/edgar/data/97476/000119312504031317/d10k.htm
0,2003-12-31,TXN,2004-02-27,2004-02-27 16:28:29,Q4,2770000000,1556000000,1214000000,0.43826714801444044,442000000,398000000,0.0,131000000,776000000,2332000000,-8000000.0,452000000,1005000000,0.362816,438000000,0.158123,131000000,561000000,0.202527,49000000,512000000,0.184838,0.28764,0.28764,1780000000,1780000000,https://www.sec.gov/Archives/edgar/data/97476/000119312504031317/0001193125-04-031317-index.htm,https://www.sec.gov/Archives/edgar/data/97476/000119312504031317/d10k.htm
0,2003-09-30,TXN,2003-10-27,2003-10-27 12:41:13,Q3,2533000000,1455000000,1078000000,0.4255823134622977,468000000,306000000,0.0,142000000,829000000,2284000000,-8000000.0,382000000,758000000,0.29925,249000000,0.098302,143000000,384000000,0.151599,-63000000,447000000,0.176471,0.253,0.253,1766800000,1766800000,https://www.sec.gov/Archives/edgar/data/97476/000119312503067434/0001193125-03-067434-index.htm,https://www.sec.gov/Archives/edgar/data/97476/000119312503067434/d10q.htm
0,2003-06-30,TXN,2003-07-28,2003-07-28 16:41:12,Q2,2339000000,1419000000,920000000,0.39333048311244123,424000000,322000000,0.0,37000000,806000000,2225000000,-10000000,381000000,522000000,0.223172,114000000,0.048739,47000000,151000000,0.064558,30000000,121000000,0.051732,0.06865,0.06865,1762600000,1762600000,https://www.sec.gov/Archives/edgar/data/97476/000119312503024778/0001193125-03-024778-index.htm,https://www.sec.gov/Archives/edgar/data/97476/000119312503024778/d10q.htm
0,2003-03-31,TXN,2003-04-25,2003-04-25 14:32:44,Q1,2192000000,1330000000,862000000,0.39324817518248173,408000000,301000000,0.0,14000000,719000000,2049000000,-13000000,374000000,515000000,0.234945,143000000,0.065237,24000000,154000000,0.070255,37000000,117000000,0.053376,0.06673,0.06673,1753400000,1753400000,https://www.sec.gov/Archives/edgar/data/97476/000119312503002021/0001193125-03-002021-index.htm,https://www.sec.gov/Archives/edgar/data/97476/000093066103000885/d10k.htm
0,2002-12-31,TXN,2003-03-03,2003-03-03 08:42:46,Q4,2146000000,1378000000,768000000,0.35787511649580617,412000000,288000000,0.0,-620000000,700000000,2078000000,-15000000,425000000,-158000000,-0.073625,68000000,0.031687,-621000000,-568000000,-0.264678,21000000,-589000000,-0.274464,-0.33542,-0.33542,1756000000,1756000000,https://www.sec.gov/Archives/edgar/data/97476/000093066103000885/0000930661-03-000885-index.htm,https://www.sec.gov/Archives/edgar/data/97476/000093066103000885/d10k.htm
0,2002-09-30,TXN,,,Q3,2248000000,1413000000,835000000,0.371441,415000000,311000000,0.0,0.0,726000000,2139000000,-14000000,420000000,558000000,0.248221,109000000,0.048488,57000000,152000000,0.067616,-36000000,188000000,0.08363,0.10671,0.10671,1761800000,1761800000,,
0,2002-06-30,TXN,,,Q2,2162000000,1306000000,856000000,0.39593,404000000,297000000,0.0,0.0,701000000,2007000000,-14000000,419000000,522000000,0.241443,155000000,0.071693,-24000000,117000000,0.054117,22000000,95000000,0.043941,0.05354,0.05354,1774400000,1774400000,,
0,2002-03-31,TXN,,,Q1,1827000000,1216000000,611000000,0.334428,388000000,267000000,0.0,0.0,655000000,1871000000,-14000000,425000000,364000000,0.199234,-44000000,-0.024083,11000000,-47000000,-0.025725,-9000000.0,-38000000,-0.020799,-0.02191,-0.02191,1734400000,1734400000,,
0,2001-12-31,TXN,,,Q4,1787000000,1372000000,415000000,0.232233,382000000,301000000,0.0,0.0,683000000,2055000000,-15000000,510000000,228000000,0.127588,-268000000,-0.149972,16000000,-267000000,-0.149412,-150000000,-117000000,-0.065473,-0.06767,-0.06767,1728900000,1728900000,,
0,2001-09-30,TXN,,,Q3,1849000000,1424000000,425000000,0.229854,358000000,312000000,0.0,0.0,670000000,2094000000,-15000000,470000000,232000000,0.125473,-245000000,-0.132504,37000000,-223000000,-0.120606,-106000000,-117000000,-0.063277,-0.06749,-0.06749,1733500000,1733500000,,
0,2001-06-30,TXN,,,Q2,2037000000,1523000000,514000000,0.252332,412000000,400000000,0.0,0.0,812000000,2335000000,-15000000,445000000,174000000,0.08542,-298000000,-0.146294,57000000,-256000000,-0.125675,-59000000,-197000000,-0.096711,-0.11351,-0.11351,1735600000,1735600000,,
0,2001-03-31,TXN,,,Q1,2528000000,1505000000,1023000000,0.404668,446000000,348000000,0.0,0.0,794000000,2299000000,-16000000,403000000,707000000,0.279668,229000000,0.090585,107000000,320000000,0.126582,90000000,230000000,0.090981,0.12882,0.12882,1785400000,1785400000,,
0,2000-12-31,TXN,,,Q4,3033000000,1577000000,1456000000,0.480053,441000000,401000000,0.0,0.0,842000000,2419000000,-17000000,415000000,1270000000,0.418727,614000000,0.20244,275000000,872000000,0.287504,207000000,665000000,0.219255,0.37054,0.37054,1794700000,1794700000,,
0,2000-09-30,TXN,2000-10-24 00:00:00,2000-10-24 00:00:00,Q3,3149000000,1637000000,1512000000,0.480152,533000000,453000000,0.0,0.0,986000000,2623000000,-17000000,360000000,1417000000,0.449984,526000000,0.167037,565000000,1074000000,0.341061,398000000,676000000,0.214671,0.37725,0.37725,1791900000,1791900000,https://www.sec.gov/Archives/edgar/data/97476/000091205700045698/0000912057-00-045698-index.html,https://www.sec.gov/Archives/edgar/data/97476/000091205700045698/a2028439z10-q.txt
0,2000-06-30,TXN,2000-07-27 00:00:00,2000-07-27 00:00:00,Q2,2932000000,1486000000,1446000000,0.493179,387000000,414000000,0.0,0.0,801000000,2287000000,-20000000,314000000,2265000000,0.77251,645000000,0.219986,1346000000,1971000000,0.672237,675000000,1296000000,0.442019,0.72245,0.72245,1793900000,1793900000,https://www.sec.gov/Archives/edgar/data/97476/000091205700033442/0000912057-00-033442-index.html,https://www.sec.gov/Archives/edgar/data/97476/000091205700033442/a10-q.txt
0,2000-03-31,TXN,2000-04-21 00:00:00,2000-04-21 00:00:00,Q1,2761000000,1420000000,1341000000,0.485694,386000000,401000000,0.0,0.0,787000000,2207000000,-21000000,287000000,898000000,0.325244,554000000,0.200652,128000000,661000000,0.239406,211000000,421000000,0.152481,0.23625,0.23625,1782000000,1782000000,https://www.sec.gov/Archives/edgar/data/97476/000091205700019075/0000912057-00-019075-index.html,https://www.sec.gov/Archives/edgar/data/97476/0000912057-00-019075.txt
0,1999-12-31,TXN,,,Q4,2639000000,1343000000,1296000000,0.491095,333000000,460000000,0.0,0.0,793000000,2136000000,-21000000,0.0,551000000,0.208791,503000000,0.190603,90000000,572000000,0.216749,126000000,446000000,0.169003,0.25176,0.25176,1771500000,1771500000,,
0,1999-09-30,TXN,,,Q3,2515000000,1307000000,1208000000,0.480318,350000000,398000000,0.0,0.0,748000000,2055000000,-18000000,0.0,580000000,0.230616,460000000,0.182903,156000000,598000000,0.237773,196000000,402000000,0.159841,0.22998,0.22998,1748000000,1748000000,,
0,1999-06-30,TXN,,,Q2,2525000000,1286000000,1239000000,0.490693,385000000,367000000,0.0,0.0,752000000,2038000000,-19000000,0.0,518000000,0.205149,487000000,0.192871,69000000,537000000,0.212673,188000000,349000000,0.138218,0.2,0.2,1745000000,1745000000,,
0,1999-03-31,TXN,,,Q1,2081000000,1133000000,948000000,0.45555,311000000,331000000,0.0,0.0,642000000,1775000000,-18000000,0.0,358000000,0.172033,306000000,0.147045,88000000,376000000,0.180682,121000000,255000000,0.122537,0.15461,0.15461,1649300000,1649300000,,
0,1998-12-31,TXN,,,Q4,2150000000,1198000000,952000000,0.442791,300000000,369000000,0.0,0.0,669000000,1867000000,-20000000,0.0,281000000,0.130698,283000000,0.131628,38000000,301000000,0.14,103000000,198000000,0.092093,0.12,0.12,1650000000,1650000000,,
0,1998-09-30,TXN,,,Q3,2113000000,1322000000,791000000,0.374349,291000000,311000000,0.0,0.0,602000000,1924000000,-19000000,0.0,216000000,0.102224,189000000,0.089446,65000000,235000000,0.111216,80000000,155000000,0.073355,0.09686,0.09686,1600200000,1600200000,,
0,1998-06-30,TXN,,,Q2,2167000000,1442000000,725000000,0.334564,306000000,457000000,0.0,0.0,763000000,2205000000,-18000000,0.0,61000000,0.02815,-38000000,-0.017536,135000000,79000000,0.036456,27000000,52000000,0.023996,0.03235,0.03235,1607600000,1607600000,,
0,1998-03-31,TXN,,,Q1,2187000000,1517000000,670000000,0.306356,328000000,364000000,0.0,0.0,692000000,2209000000,-18000000,0.0,-1000000.0,-0.000457,-22000000,-0.010059,57000000,17000000,0.007773,6000000.0,11000000,0.00503,0.00688,0.00688,1599200000,1599200000,,
0,1997-12-31,TXN,,,Q4,2428000000,1480000000,948000000,0.390445,742000000,407000000,0.0,0.0,1149000000,2629000000,-21000000,0.0,-199000000,-0.08196,-201000000,-0.082784,66000000,-156000000,-0.06425,107000000,-285000000,-0.117381,-0.18152,-0.18152,1570100000,1570100000,,
0,1997-09-30,TXN,,,Q3,2500000000,1518000000,982000000,0.3928,275000000,349000000,0.0,0.0,624000000,2142000000,-23000000,0.0,1818000000,0.7272,358000000,0.1432,33000000,368000000,0.1472,129000000,1712000000,0.6848,1.07013,1.07013,1599800000,1599800000,,
0,1997-06-30,TXN,,,Q2,2559000000,1597000000,962000000,0.375928,280000000,395000000,0.0,0.0,675000000,2272000000,-26000000,0.0,343000000,0.134037,287000000,0.112153,83000000,344000000,0.134428,120000000,249000000,0.097304,0.15683,0.15683,1587700000,1587700000,,
0,1997-03-31,TXN,,,Q1,2263000000,1472000000,791000000,0.349536,239000000,381000000,0.0,0.0,620000000,2092000000,-24000000,0.0,160000000,0.070703,171000000,0.075563,10000000,157000000,0.069377,55000000,129000000,0.057004,0.08177,0.08177,1577600000,1577600000,,
0,1996-12-31,TXN,,,Q4,2459000000,1792000000,667000000,0.271248,255000000,447000000,0.0,0.0,702000000,2494000000,-24000000,0.0,-78000000,-0.03172,-35000000,-0.014233,-6000000.0,-65000000,-0.026434,-25000000,-29000000,-0.011793,-0.01908,-0.01908,1519900000,1519900000,,
0,1996-09-30,TXN,,,Q3,2407000000,1743000000,664000000,0.275862,448000000,393000000,0.0,0.0,841000000,2584000000,-25000000,0.0,-178000000,-0.073951,-177000000,-0.073536,17000000,-185000000,-0.076859,-6000000.0,-147000000,-0.061072,-0.09686,-0.09686,1517600000,1517600000,,
0,1996-06-30,TXN,,,Q2,2399000000,1722000000,677000000,0.282201,235000000,402000000,0.0,0.0,637000000,2359000000,-12000000,0.0,60000000,0.02501,40000000,0.016674,9000000.0,37000000,0.015423,-4000000.0,76000000,0.03168,0.04882,0.04882,1556800000,1556800000,,
0,1996-03-31,TXN,,,Q1,2675000000,1889000000,786000000,0.293832,243000000,397000000,0.0,0.0,640000000,2529000000,-12000000,0.0,209000000,0.078131,146000000,0.054579,56000000,190000000,0.071028,58000000,163000000,0.060935,0.10486,0.10486,1554500000,1554500000,,
0,1995-12-31,TXN,,,Q4,3603000000,2945000000,658000000,0.182626,-139000000,388000000,0.0,0.0,249000000,3194000000,-10000000,0.0,420000000,0.11657,409000000,0.113517,31000000,430000000,0.119345,139000000,291000000,0.080766,0.18685,0.18685,1557400000,1557400000,,
0,1995-09-30,TXN,1995-10-20 00:00:00,1995-10-20 00:00:00,Q3,3425000000,2322000000,1103000000,0.322044,221000000,445000000,0.0,0.0,666000000,2988000000,-12000000,0.0,419000000,0.122336,437000000,0.127591,6000000.0,431000000,0.125839,142000000,289000000,0.08438,0.18519,0.18519,1560600000,1560600000,https://www.sec.gov/Archives/edgar/data/97476/000009747695000012/0000097476-95-000012-index.html,https://www.sec.gov/Archives/edgar/data/97476/0000097476-95-000012.txt
0,1995-06-30,TXN,1995-07-21 00:00:00,1995-07-21 00:00:00,Q2,3238000000,2148000000,1090000000,0.336628,215000000,472000000,0.0,0.0,687000000,2835000000,-13000000,0.0,397000000,0.122607,403000000,0.12446,20000000,410000000,0.126621,132000000,278000000,0.085855,0.17914,0.17914,1551900000,1551900000,https://www.sec.gov/Archives/edgar/data/97476/000009747695000011/0000097476-95-000011-index.html,https://www.sec.gov/Archives/edgar/data/97476/0000097476-95-000011.txt
0,1995-03-31,TXN,1995-04-21 00:00:00,1995-04-21 00:00:00,Q1,2862000000,1902000000,960000000,0.33543,214000000,402000000,0.0,0.0,616000000,2518000000,-13000000,0.0,335000000,0.117051,344000000,0.120196,17000000,348000000,0.121593,118000000,230000000,0.080363,0.15059,0.15059,1527300000,1527300000,https://www.sec.gov/Archives/edgar/data/97476/000009747695000008/0000097476-95-000008-index.html,https://www.sec.gov/Archives/edgar/data/97476/0000097476-95-000008.txt
0,1994-12-31,TXN,,,Q4,2782000000,2030000000,752000000,0.270309,97000000,364000000,0.0,0.0,461000000,2491000000,-12000000,0.0,268000000,0.096334,291000000,0.104601,1000000.0,280000000,0.100647,93000000,187000000,0.067218,0.12286,0.12286,1522100000,1522100000,,
0,1994-09-30,TXN,1994-10-17 00:00:00,1994-10-17 00:00:00,Q3,2574000000,1852000000,722000000,0.280497,98000000,333000000,0.0,0.0,431000000,2283000000,-11000000,0.0,270000000,0.104895,291000000,0.113054,1000000.0,281000000,0.109169,95000000,186000000,0.072261,0.12111,0.12111,1535800000,1535800000,https://www.sec.gov/Archives/edgar/data/97476/000009747694000031/0000097476-94-000031-index.html,https://www.sec.gov/Archives/edgar/data/97476/0000097476-94-000031.txt
0,1994-06-30,TXN,1994-07-15 00:00:00,1994-07-15 00:00:00,Q2,2510000000,1802000000,708000000,0.282072,99000000,317000000,0.0,0.0,416000000,2218000000,-11000000,0.0,266000000,0.105976,292000000,0.116335,-4000000.0,277000000,0.110359,93000000,184000000,0.073307,0.12032,0.12032,1529200000,1529200000,https://www.sec.gov/Archives/edgar/data/97476/000009747694000020/0000097476-94-000020-index.html,https://www.sec.gov/Archives/edgar/data/97476/0000097476-94-000020.txt
0,1994-03-31,TXN,1994-04-22 00:00:00,1994-04-22 00:00:00,Q1,2449000000,1787000000,662000000,0.270314,74000000,379000000,0.0,0.0,453000000,2240000000,-11000000,0.0,193000000,0.078808,209000000,0.085341,6000000.0,204000000,0.083299,70000000,134000000,0.054716,0.08811,0.08811,1520900000,1520900000,https://www.sec.gov/Archives/edgar/data/97476/000009747694000015/0000097476-94-000015-index.html,https://www.sec.gov/Archives/edgar/data/97476/0000097476-94-000015.txt
