,date,symbol,fillingDate,acceptedDate,period,revenue,costOfRevenue,grossProfit,grossProfitRatio,researchAndDevelopmentExpenses,generalAndAdministrativeExpenses,sellingAndMarketingExpenses,otherExpenses,operatingExpenses,costAndExpenses,interestExpense,depreciationAndAmortization,ebitda,ebitdaratio,operatingIncome,operatingIncomeRatio,totalOtherIncomeExpensesNet,incomeBeforeTax,incomeBeforeTaxRatio,incomeTaxExpense,netIncome,netIncomeRatio,eps,epsdiluted,weightedAverageShsOut,weightedAverageShsOutDil,link,finalLink
0,2020-08-31,CAMP,2020-09-24,2020-09-24 16:11:53,Q2,83537000,52727000,30810000,0.36881860732370086,6989000.0,27392000,13493000,2681000.0,37062000.00000001,89789000,-3177000.0,6917000.000000001,-5471999.999999999,-0.065504,-6252000.0,-0.074841,217000.0,-9212000.0,-0.110274,266000.0,-9478000.0,-0.113459,-0.27668,-0.27668,34256000,34256000,https://www.sec.gov/Archives/edgar/data/730255/000156459020044516/0001564590-20-044516-index.htm,https://www.sec.gov/Archives/edgar/data/730255/000156459020044516/camp-10q_20200831.htm
0,2020-05-31,CAMP,2020-06-25,2020-06-25 16:10:40,Q1,80215000,49162000,31053000,0.38712210933117247,7199000.0,26555000,12886000,8089000.0,40967999.99999999,90130000,4077000.0,6802000.0,-3303000.0,-0.041177,-9915000.0,-0.123605,-208000.0,-14182000,-0.1768,240000.0,-14422000,-0.179792,-0.42388,-0.42388,34024000,34024000,https://www.sec.gov/Archives/edgar/data/730255/000156459020030601/0001564590-20-030601-index.htm,https://www.sec.gov/Archives/edgar/data/730255/000156459020021390/camp-10k_20200229.htm
0,2020-02-29,CAMP,2020-05-06,2020-05-05 18:19:02,Q4,87204000,53866000,33338000,0.3822989771111417,6884000.0,28345000,15336000,23061000,58290000.00000001,112156000,4098000.0,8250000.0,-16789000,-0.192526,-24952000,-0.286134,-139000.0,-29137000,-0.334125,26690000,-55827000,-0.640189,-1.64618,-1.64618,33913000,33913000,https://www.sec.gov/Archives/edgar/data/730255/000156459020021390/0001564590-20-021390-index.htm,https://www.sec.gov/Archives/edgar/data/730255/000156459020021390/camp-10k_20200229.htm
0,2019-11-30,CAMP,2019-12-19,2019-12-19 16:25:35,Q3,96597000,59713000,36884000,0.38183380436245434,7742000.0,28966000,14683000,4173000.0,43288999.99999999,103002000,4987000.0,8343000.0,3278000.0,0.033935,-6405000.0,-0.066306,232000.0,-10052000,-0.104061,-2637000.0,-7415000.0,-0.076762,-0.21924,-0.21924,33822000,33822000,https://www.sec.gov/Archives/edgar/data/730255/000156459019046397/0001564590-19-046397-index.htm,https://www.sec.gov/Archives/edgar/data/730255/000156459019046397/camp-10q_20191130.htm
0,2019-08-31,CAMP,2019-09-26,2019-09-26 17:00:15,Q2,93236000,55566000,37670000,0.40402848685057274,7924000.0,28761000,15868000,5590000.0,42274999.99999999,97840999.99999999,5555000.0,8508999.999999998,5352999.999999999,0.057413,-4605000.0,-0.049391,193000.0,-8711000.0,-0.09343,-1342000.0,-7369000.0,-0.079036,-0.21952,-0.21952,33568000,33568000,https://www.sec.gov/Archives/edgar/data/730255/000156459019035537/0001564590-19-035537-index.htm,https://www.sec.gov/Archives/edgar/data/730255/000156459019035537/camp-10q_20190831.htm
0,2019-05-31,CAMP,2019-06-28,2019-06-27 20:00:05,Q1,89070000,53659000,35411000,0.3975637139328618,6886000.0,32131000,14647000,3040000.0,42056999.99999999,95716000,5456000.0,6885000.0,1391000.0,0.015617,-6646000.0,-0.074615,-399000.0,-10420000,-0.116987,-2257000.0,-8693000.0,-0.097597,-0.26042,-0.26042,33381000,33381000,https://www.sec.gov/Archives/edgar/data/730255/000156459019023895/0001564590-19-023895-index.htm,https://www.sec.gov/Archives/edgar/data/730255/000156459019014471/camp-10k_20190228.htm
0,2019-02-28,CAMP,2019-05-01,2019-04-30 19:21:10,Q4,84380000,50909000,33471000,0.3966698269732164,6279000.0,6050000.0,12126000,5721000.0,15550000.000000004,66459000.00000001,5160000.0,4879999.999999999,19477000,0.230825,17921000,0.212384,49000.0,14810000,0.175516,-1826000.0,11263000,0.133479,0.33255,0.33255,33869000,33869000,https://www.sec.gov/Archives/edgar/data/730255/000156459019014471/0001564590-19-014471-index.htm,https://www.sec.gov/Archives/edgar/data/730255/000156459019014471/camp-10k_20190228.htm
0,2018-11-30,CAMP,2018-12-20,2018-12-20 16:18:24,Q3,88495000,52114000,36381000,0.4111079722018193,7177000.0,24465000,12746000,4140000.0,33282000.000000004,85396000,5134000.0,5156000.000000002,8990000.000000002,0.101588,3099000.0,0.035019,-218000.0,-855000.0,-0.009662,-778000.0,-522000.0,-0.005899,-0.0151,-0.0151,34561000,34561000,https://www.sec.gov/Archives/edgar/data/730255/000156459018031206/0001564590-18-031206-index.htm,https://www.sec.gov/Archives/edgar/data/730255/000156459018031206/camp-10q_20181130.htm
0,2018-08-31,CAMP,2018-09-27,2018-09-27 16:27:38,Q2,96040000,56220000,39820000,0.414618908788005,7600000.0,24510000,12523000,3459000.0,37599999.99999999,93820000,3767000.0,5189999.999999999,7606999.999999999,0.079207,2220000.0,0.023115,-280000.0,-820000.0,-0.008538,-500000.0,-850000.0,-0.00885,-0.02439,-0.02439,34850000,34850000,https://www.sec.gov/Archives/edgar/data/730255/000156459018023653/0001564590-18-023653-index.htm,https://www.sec.gov/Archives/edgar/data/730255/000156459018023653/camp-10q_20180831.htm
0,2018-05-31,CAMP,2018-06-28,2018-06-27 18:03:05,Q1,94890000,56800000,38090000,0.4014121614501001,6600000.0,25930000,12497000,6131000.0,25330000,82130000,2665000.0,4790000.0,11135000,0.117346,12760000,0.134471,-230000.0,10720000,0.112973,-4830000.0,8510000.0,0.089683,0.23347,0.23347,36450000,36450000,https://www.sec.gov/Archives/edgar/data/730255/000156459018016296/0001564590-18-016296-index.htm,https://www.sec.gov/Archives/edgar/data/730255/000156459018012631/camp-10k_20180228.htm
0,2018-02-28,CAMP,2018-05-10,2018-05-09 21:11:45,Q4,94400000,55970000,38430000,0.40709745762711863,6910000.0,25860000,50096000,3711000.0,36480000.00000001,92450000,2622000.0,5730000.0,-658000.0,-0.00697,1940000.0,0.020551,3000.0,230000.0,0.002436,-4240000.0,-4770000.0,-0.05053,-0.13482,-0.13482,35380000,35380000,https://www.sec.gov/Archives/edgar/data/730255/000156459018012631/0001564590-18-012631-index.htm,https://www.sec.gov/Archives/edgar/data/730255/000156459018012631/camp-10k_20180228.htm
0,2017-11-30,CAMP,2017-12-21,2017-12-21 16:26:56,Q3,93670000,55480000,38190000,0.4077079107505071,6300000.0,23970000,12981000,16691000,20680000,76160000,2573000.0,5680000.0,23413000,0.249952,17510000,0.186933,10000.0,15570000,0.166222,3350000.0,11810000,0.126081,0.32579,0.32579,36250000,36250000,https://www.sec.gov/Archives/edgar/data/730255/000120677417003491/0001206774-17-003491-index.htm,https://www.sec.gov/Archives/edgar/data/730255/000120677417003491/calamp31910922-10q.htm
0,2017-08-31,CAMP,2017-09-28,2017-09-28 16:22:18,Q2,89770000,52930000,36840000,0.4103820875570903,6730000.0,23270000,12515000,16225000,18669999.999999996,71600000,2567000.0,5660000.0,24157000,0.269099,18160000,0.202295,430000.0,16310000,0.181687,3700000.0,12230000,0.136237,0.33953,0.33953,36020000,36020000,https://www.sec.gov/Archives/edgar/data/730255/000120677417002874/0001206774-17-002874-index.htm,https://www.sec.gov/Archives/edgar/data/730255/000120677417002874/calamp31910918-10q.htm
0,2017-05-31,CAMP,2017-06-27,2017-06-27 16:22:49,Q1,88080000,50640000,37440000,0.4250681198910082,5830000.0,29080000,12671000,16529000,38769999.99999999,89410000,2518000.0,5890000.0,4678000.0,0.053111,-1330000.0,-0.0151,240000.0,-3400000.0,-0.038601,-1080000.0,-2650000.0,-0.030086,-0.07556,-0.07556,35070000,35070000,https://www.sec.gov/Archives/edgar/data/730255/000120677417001913/0001206774-17-001913-index.htm,https://www.sec.gov/Archives/edgar/data/730255/000120677417001612/calamp3191093-10k.htm
0,2017-02-28,CAMP,2017-05-15,2017-05-12 21:55:11,Q4,86130000,50340000,35790000,0.41553465691396724,4730000.0,30740000,12235000,16093000,39319999.99999999,89659999.99999999,2519000.0,6240000.000000001,3079000.000000001,0.035748,-3540000.0,-0.041101,70000.0,-5400000.0,-0.062696,-1440000.0,-4240000.0,-0.049228,-0.12087,-0.12087,35080000,35080000,https://www.sec.gov/Archives/edgar/data/730255/000120677417001612/0001206774-17-001612-index.htm,https://www.sec.gov/Archives/edgar/data/730255/000120677417001612/calamp3191093-10k.htm
0,2016-11-30,CAMP,2016-12-21,2016-12-21 16:13:26,Q3,83350000,48230000,35120000,0.4213557288542292,5300000.0,24170000,12818000,16675000,33330000.000000004,81560000,2479000.0,5850000.0,6939000.0,0.083251,1790000.0,0.021476,-590000.0,-1070000.0,-0.012837,140000.0,-1530000.0,-0.018356,-0.04282,-0.04282,35730000,35730000,https://www.sec.gov/Archives/edgar/data/730255/000120677416007837/0001206774-16-007837-index.htm,https://www.sec.gov/Archives/edgar/data/730255/000120677416007837/calamp29882139-10q.htm
0,2016-08-31,CAMP,2016-09-29,2016-09-29 16:13:30,Q2,90480000,52870000,37610000,0.4156719717064545,5890000.0,23970000,12683000,16539000,33699999.99999999,86570000,2474000.0,6069999.999999999,9923999.999999998,0.109682,3910000.0,0.043214,-130000.0,1760000.0,0.019452,860000.0,520000.0,0.005747,0.01411,0.01411,36850000,36850000,https://www.sec.gov/Archives/edgar/data/730255/000120677416007284/0001206774-16-007284-index.htm,https://www.sec.gov/Archives/edgar/data/730255/000120677416007284/calamp29882137-10q.htm
0,2016-05-31,CAMP,2016-06-29,2016-06-29 06:46:43,Q1,91150000,56310000,34840000,0.38222709818979705,6090000.0,27290000,11308000,14798000,36879999.99999999,93190000,2424000.0,5310000.000000001,3954000.0000000005,0.043379,-2040000.0,-0.022381,540000.0,-3470000.0,-0.038069,-1120000.0,-2660000.0,-0.029183,-0.07248,-0.07248,36700000,36700000,https://www.sec.gov/Archives/edgar/data/730255/000120677416006295/0001206774-16-006295-index.htm,https://www.sec.gov/Archives/edgar/data/730255/000120677416005479/calamp_10k.htm
0,2016-02-29,CAMP,2016-04-20,2016-04-19 21:17:56,Q4,70810000,43250000,27560000,0.3892105634797345,5120000.0,16240000,6060000.0,7724000.0,23030000,66280000,2415000.0,2640000.0,8125000.0,0.114744,4530000.0,0.063974,23000.0,3570000.0,0.050417,-2440000.0,5510000.0,0.077814,0.14646,0.14646,37620000,37620000,https://www.sec.gov/Archives/edgar/data/730255/000120677416005479/0001206774-16-005479-index.htm,https://www.sec.gov/Archives/edgar/data/730255/000120677416005479/calamp_10k.htm
0,2015-11-30,CAMP,2015-12-22,2015-12-22 16:11:33,Q3,74680000,48100000,26580000,0.35591858596679166,5120000.0,11180000,5975000.0,22282000,17960000,66060000,5180000.0,2600000.0,14260000,0.190948,8610000.0,0.115292,10000.0,6810000.0,0.091189,2600000.0,3880000.0,0.051955,0.10543,0.10543,36800000,36800000,https://www.sec.gov/Archives/edgar/data/730255/000120677415003890/0001206774-15-003890-index.htm,https://www.sec.gov/Archives/edgar/data/730255/000120677415003890/calamp_10q.htm
0,2015-08-31,CAMP,2015-10-01,2015-10-01 16:17:55,Q2,69810000,44510000,25300000,0.36241226185360265,5000000.0,10760000,5847000.0,1655000.0,17400000,61910000,2308000.0,2530000.0,10398000,0.148947,7900000.0,0.113164,-60000.0,5560000.0,0.079645,2060000.0,3500000.0,0.050136,0.09532,0.09532,36720000,36720000,https://www.sec.gov/Archives/edgar/data/730255/000120677415003149/0001206774-15-003149-index.htm,https://www.sec.gov/Archives/edgar/data/730255/000120677415003149/calamp_10q.htm
0,2015-05-31,CAMP,2015-06-30,2015-06-30 16:17:51,Q1,65430000,41900000,23530000,0.35962096897447654,4570000.0,10270000,5498000.0,1644000.0,16490000.000000002,58390000,620000.0,2440000.0,9470000.0,0.144735,7040000.0,0.107596,-10000.0,6410000.0,0.097967,2350000.0,4060000.0,0.062051,0.11072,0.11072,36670000,36670000,https://www.sec.gov/Archives/edgar/data/730255/000120677415002105/0001206774-15-002105-index.htm,https://www.sec.gov/Archives/edgar/data/730255/000120677415001341/calamp_10k.htm
0,2015-02-28,CAMP,2015-04-21,2015-04-21 16:13:48,Q4,69190000,44610000,24580000,0.35525364937129644,4870000.0,9230000.0,5182000.0,1638000.0,15730000.000000004,60340000.00000001,-36000.0,7350000.000000001,16154000,0.233473,8850000.0,0.127909,-50000.0,8830000.0,0.12762,2320000.0,6520000.0,0.094233,0.17814,0.17814,36600000,36600000,https://www.sec.gov/Archives/edgar/data/730255/000120677415001341/0001206774-15-001341-index.htm,https://www.sec.gov/Archives/edgar/data/730255/000120677415001341/calamp_10k.htm
0,2014-11-30,CAMP,2014-12-23,2014-12-23 16:16:57,Q3,63230000,41120000,22110000,0.3496757868100585,4850000.0,9160000.0,5162000.0,1635000.0,15650000.000000006,56770000.00000001,12000.0,2350000.0000000005,8782000.0,0.13889,6460000.0,0.102167,-20000.0,6420000.0,0.101534,2400000.0,4020000.0,0.063577,0.11005,0.11005,36530000,36530000,https://www.sec.gov/Archives/edgar/data/730255/000120677414003645/0001206774-14-003645-index.htm,https://www.sec.gov/Archives/edgar/data/730255/000120677414003645/calamp_10q.htm
0,2014-08-31,CAMP,2014-10-06,2014-10-06 16:11:06,Q2,59210000,38710000,20500000,0.3462252997804425,5020000.0,8810000.0,4921000.0,1634000.0,15469999.999999998,54180000,-5000.0,2449999.9999999995,7475000.0,0.126246,5030000.0,0.084952,-10000.0,5030000.0,0.084952,1750000.0,3280000.0,0.055396,0.08994,0.08994,36470000,36470000,https://www.sec.gov/Archives/edgar/data/730255/000120677414002977/0001206774-14-002977-index.htm,https://www.sec.gov/Archives/edgar/data/730255/000120677414002977/calamp_10q.htm
0,2014-05-31,CAMP,2014-07-01,2014-07-01 16:17:42,Q1,58980000,38760000,20220000,0.34282807731434384,5120000.0,8810000.0,5177000.0,1683000.0,15620000.000000006,54380000.00000001,-100000.0,2190000.0,6600000.0,0.111902,4600000.0,0.077993,10000.0,4520000.0,0.076636,1820000.0,2690000.0,0.045609,0.07364,0.07364,36530000,36530000,https://www.sec.gov/Archives/edgar/data/730255/000120677414002045/0001206774-14-002045-index.htm,https://www.sec.gov/Archives/edgar/data/730255/000120677414001353/calamp_10k.htm
0,2014-02-28,CAMP,2014-04-24,2014-04-24 16:12:42,Q4,59850000,39230000,20620000,0.3445279866332498,5330000.0,8940000.0,5048000.0,1665000.0,15940000.000000006,55170000.00000001,-90000.0,2139999.9999999995,6630000.0,0.110777,4680000.0,0.078195,-20000.0,4570000.0,0.076358,1510000.0,3070000.0,0.051295,0.08436,0.08436,36390000,36390000,https://www.sec.gov/Archives/edgar/data/730255/000120677414001353/0001206774-14-001353-index.htm,https://www.sec.gov/Archives/edgar/data/730255/000120677414001353/calamp_10k.htm
0,2013-11-30,CAMP,2013-12-23,2013-12-23 16:10:29,Q3,63500000,42510000,20990000,0.3305511811023622,5270000.0,8210000.0,4920000.0,1485000.0,14960000,57470000,-70000.0,1950000.0000000002,7840000.0,0.123465,6030000.0,0.094961,-10000.0,5960000.0,0.093858,1750000.0,4210000.0,0.066299,0.11627,0.11627,36210000,36210000,https://www.sec.gov/Archives/edgar/data/730255/000120677413004609/0001206774-13-004609-index.htm,https://www.sec.gov/Archives/edgar/data/730255/000120677413004609/calamp_10q.htm
0,2013-08-31,CAMP,2013-10-02,2013-10-02 16:18:53,Q2,58810000,38970000,19840000,0.33735759224621664,5300000.0,8300000.0,4884000.0,1484000.0,15079999.999999998,54050000,-90000.0,1949999.9999999998,6530000.0,0.111036,4760000.0,0.080939,10000.0,4680000.0,0.079578,1830000.0,2840000.0,0.048291,0.07926,0.07926,35830000,35830000,https://www.sec.gov/Archives/edgar/data/730255/000120677413003456/0001206774-13-003456-index.htm,https://www.sec.gov/Archives/edgar/data/730255/000120677413003456/calamp_10q.htm
0,2013-05-31,CAMP,2013-06-27,2013-06-27 16:11:38,Q1,53750000,35270000,18480000,0.34381395348837207,5160000.0,8800000.0,4985000.0,1649000.0,15599999.999999994,50869999.99999999,-120000.0,2070000.0,4660000.0,0.086698,2880000.0,0.053581,-50000.0,2710000.0,0.050419,1020000.0,1690000.0,0.031442,0.04739,0.04739,35660000,35660000,https://www.sec.gov/Archives/edgar/data/730255/000120677413002254/0001206774-13-002254-index.htm,https://www.sec.gov/Archives/edgar/data/730255/000120677413001591/calamp_10k.htm
0,2013-02-28,CAMP,2013-04-25,2013-04-25 16:23:55,Q4,48390000,33340000,15050000,0.31101467245298614,3900000.0,7070000.0,3762000.0,476000.0,11439999.999999998,44780000,-316000.0,759999.9999999998,3854000.0,0.079645,3610000.0,0.074602,-30000.0,3410000.0,0.070469,-29220000,32630000,0.674313,1.05667,1.05667,30880000,30880000,https://www.sec.gov/Archives/edgar/data/730255/000120677413001591/0001206774-13-001591-index.htm,https://www.sec.gov/Archives/edgar/data/730255/000120677413001591/calamp_10k.htm
0,2012-11-30,CAMP,2012-12-20,2012-12-20 17:04:09,Q3,44340000,30310000,14030000,0.31641858367162834,3560000.0,5680000.0,2982000.0,3457000.0,9720000.000000002,40030000,129000.0,740000.0,5049000.0,0.11387,4310000.0,0.097203,-10000.0,4170000.0,0.094046,20000.0,4160000.0,0.09382,0.13821,0.13821,30100000,30100000,https://www.sec.gov/Archives/edgar/data/730255/000120677412004915/0001206774-12-004915-index.htm,https://www.sec.gov/Archives/edgar/data/730255/000120677412004915/calamp_10q.htm
0,2012-08-31,CAMP,2012-09-25,2012-09-25 16:39:27,Q2,43990000,29850000,14140000,0.32143669015685383,3660000.0,6230000.0,3173000.0,3648000.0,10360000,40210000,123000.0,720000.0,4523000.0,0.102819,3780000.0,0.085929,20000.0,3680000.0,0.083655,20000.0,3660000.0,0.083201,0.12327,0.12327,29690000,29690000,https://www.sec.gov/Archives/edgar/data/730255/000120677412004131/0001206774-12-004131-index.htm,https://www.sec.gov/Archives/edgar/data/730255/000120677412004131/calamp_10q.htm
0,2012-05-31,CAMP,2012-06-28,2012-06-28 16:46:40,Q1,43860000,30190000,13670000,0.3116735066119471,3170000.0,5910000.0,2808000.0,3125000.0,9389999.999999996,39580000,64000.0,540000.0,4794000.0,0.109302,4280000.0,0.097583,-30000.0,4190000.0,0.095531,10000.0,4180000.0,0.095303,0.14286,0.14286,29260000,29260000,https://www.sec.gov/Archives/edgar/data/730255/000120677412002836/0001206774-12-002836-index.htm,https://www.sec.gov/Archives/edgar/data/730255/000120677412001703/calamp_10k.htm
0,2012-02-28,CAMP,2012-04-26,2012-04-26 16:17:25,Q4,37620000,27030000,10590000,0.28149920255183414,2920000.0,5730000.0,2885000.0,11635000,8960000.0,35990000,1445000.0,550000.0000000003,3655000.0000000005,0.097156,1630000.0,0.043328,70000.0,1660000.0,0.044125,20000.0,1640000.0,0.043594,0.05681,0.05681,28870000,28870000,https://www.sec.gov/Archives/edgar/data/730255/000120677412001703/0001206774-12-001703-index.htm,https://www.sec.gov/Archives/edgar/data/730255/000120677412001703/calamp_10k.htm
0,2011-11-30,CAMP,2011-12-22 00:00:00,2011-12-22 16:08:54,Q3,32750000,22580000,10170000,0.310534,2620000.0,5340000.0,0.0,0.0,8270000.000000003,30850000.000000004,-70000.0,510000.0,2170000.0,0.06626,1900000.0,0.058015,-100000.0,1730000.0,0.052824,30000.0,1700000.0,0.051908,0.05903,0.05903,28800000,28800000,https://www.sec.gov/Archives/edgar/data/730255/000120677411002950/0001206774-11-002950-index.html,https://www.sec.gov/Archives/edgar/data/730255/000120677411002950/calamp_10q.htm
0,2011-11-26,CAMP,2011-12-22,2011-12-22 16:08:54,Q3,32752000,22583000,10169000,0.3104848558866634,2622000.0,2606000.0,2731000.0,310000.0,8269000.0,30852000,0.0,514000.0,2414000.0,0.07370542256961407,1900000.0,0.05801172447484123,-904000.0,1728000.0,0.05276013678553981,-28000.0,1700000.0,0.05190522716170005,0.06014,0.06014,27441000,28268000,https://www.sec.gov/Archives/edgar/data/730255/000120677411002950/0001206774-11-002950-index.htm,https://www.sec.gov/Archives/edgar/data/730255/000120677411002950/calamp_10q.htm
0,2011-08-31,CAMP,2011-09-29 00:00:00,2011-09-29 16:14:44,Q2,33800000,21980000,11830000,0.35,2680000.0,5880000.0,0.0,0.0,8870000.000000002,30850000,-1570000.0,690000.0,490000.0,0.014497,2950000.0,0.087278,-20000.0,1360000.0,0.040237,10000.0,1360000.0,0.040237,0.04804,0.04804,28310000,28310000,https://www.sec.gov/Archives/edgar/data/730255/000120677411002163/0001206774-11-002163-index.html,https://www.sec.gov/Archives/edgar/data/730255/000120677411002163/calamp_10q.htm
0,2011-08-27,CAMP,2011-09-29,2011-09-29 16:14:44,Q2,33801000,21976000,11825000,0.3498417206591521,2679000.0,3030000.0,2852000.0,310000.0,8871000.0,30847000,-6000000.0,-54411000,-51457000,0.0625107391183,2954000.0,0.0355333893308,-18000.0,1362000.0,0.0269010207553,-6000.0,1356000.0,0.0215018541451,0.04804,0.04804,27357000,28226000,https://www.sec.gov/Archives/edgar/data/730255/000120677411002163/0001206774-11-002163-index.htm,https://www.sec.gov/Archives/edgar/data/730255/000120677411002163/calamp_10q.htm
0,2011-05-31,CAMP,2011-06-30 00:00:00,2011-06-30 16:18:51,Q1,34550000,25120000,9430000.0,0.272938,3100000.0,5090000.0,0.0,0.0,8550000.0,33670000,-370000.0,700000.0,860000.0,0.024891,890000.0,0.02576,20000.0,530000.0,0.01534,10000.0,520000.0,0.015051,0.01842,0.01842,28230000,28230000,https://www.sec.gov/Archives/edgar/data/730255/000120677411001479/0001206774-11-001479-index.html,https://www.sec.gov/Archives/edgar/data/730255/000120677411001479/calamp_10q.htm
0,2011-05-28,CAMP,2011-06-30,2011-06-30 16:18:51,Q1,34554000,25122000,9432000.0,0.27296405625976733,3104000.0,2499000.0,2592000.0,352000.0,8547000.0,33669000,374000.0,700000.0,1585000.0,0.045870232100480406,885000.0,0.025612085431498524,18000.0,529000.0,0.01530937083984488,-9000.0,520000.0,0.015048908954100828,0.01842,0.01842,27357000,28226000,https://www.sec.gov/Archives/edgar/data/730255/000120677411001479/0001206774-11-001479-index.htm,https://www.sec.gov/Archives/edgar/data/730255/000120677411001038/calamp_10k.htm
0,2011-02-28,CAMP,2011-04-28,2011-04-28 16:07:07,Q4,28940000,20580000,8360000.0,0.28887353144436767,2850000.0,4800000.0,2633000.0,275000.0,7920000.000000002,28500000.000000004,355000.0,679999.9999999999,1165000.0,0.040256,440000.0,0.015204,50000.0,130000.0,0.004492,-170000.0,300000.0,0.010366,0.01069,0.01069,28070000,28070000,https://www.sec.gov/Archives/edgar/data/730255/000120677411001038/0001206774-11-001038-index.htm,https://www.sec.gov/Archives/edgar/data/730255/000120677411001038/calamp_10k.htm
0,2010-11-30,CAMP,,Not found...,Q3,29550000,21850000,7700000.0,0.260575,2730000.0,4550000.0,0.0,0.0,7570000.0,29420000,-350000.0,610000.0000000001,80000.0000000001,0.002707,140000.0,0.004738,40000.0,-180000.0,-0.006091,0.0,-180000.0,-0.006091,-0.00659,-0.00659,27320000,27320000,,
0,2010-11-27,CAMP,2011-01-04,2011-01-04 16:06:13,Q3,29553000,21854000,7699000.0,0.26051500693669,2733000.0,1981000.0,2573000.0,275000.0,7562000.0,29416000,354000.0,607000.0,1512000.0,0.05116231854634047,905000.0,0.030622948600818867,38000.0,-179000.0,-0.0060569146956315776,0.0,-179000.0,-0.0060569146956315776,-0.0066,-0.0066,27133000,27133000,https://www.sec.gov/Archives/edgar/data/730255/000095012311000298/0000950123-11-000298-index.htm,https://www.sec.gov/Archives/edgar/data/730255/000095012311000298/c10483e10vq.htm
0,2010-08-31,CAMP,2010-10-06 00:00:00,2010-10-06 16:19:00,Q2,29490000,22120000,7370000.0,0.249915,2780000.0,4880000.0,0.0,0.0,7930000.0,30050000,-370000.0,610000.0,-690000.0,-0.023398,-560000.0,-0.018989,0.0,-930000.0,-0.031536,0.0,-930000.0,-0.031536,-0.03433,-0.03433,27090000,27090000,https://www.sec.gov/Archives/edgar/data/730255/000095012310091762/0000950123-10-091762-index.html,https://www.sec.gov/Archives/edgar/data/730255/000095012310091762/c06685e10vq.htm
0,2010-08-28,CAMP,2010-10-06,2010-10-06 16:19:00,Q2,29490000,22122000,7368000.0,0.2498474059003052,2779000.0,2200000.0,2675000.0,276000.0,7930000.0,30052000,369000.0,617000.0,-313000.0,-0.010613767378772464,-930000.0,-0.03153611393692777,-32000.0,-930000.0,-0.03153611393692777,0.0,-930000.0,-0.03153611393692777,-0.0344,-0.0344,27038000,27038000,https://www.sec.gov/Archives/edgar/data/730255/000095012310091762/0000950123-10-091762-index.htm,https://www.sec.gov/Archives/edgar/data/730255/000095012310091762/c06685e10vq.htm
0,2010-05-31,CAMP,2010-07-08 00:00:00,2010-07-08 16:14:28,Q1,26350000,20220000,6120000.0,0.232258,2760000.0,5130000.0,0.0,0.0,8200000.000000003,28420000.000000004,-370000.0,640000.0,-2210000.0,-0.083871,-2080000.0,-0.078937,-30000.0,-2480000.0,-0.094118,0.0,-2480000.0,-0.094118,-0.09192,-0.09192,26980000,26980000,https://www.sec.gov/Archives/edgar/data/730255/000095012310064363/0000950123-10-064363-index.html,https://www.sec.gov/Archives/edgar/data/730255/000095012310064363/c03241e10vq.htm
0,2010-05-29,CAMP,2010-07-08,2010-07-08 16:14:28,Q1,26346000,20223000,6123000.0,0.23240719653837394,2763000.0,2509000.0,2622000.0,306000.0,8200000.0,28423000,367000.0,636000.0,-1841000.0,-0.06987778030820618,-2477000.0,-0.09401806725878692,0.0,-2477000.0,-0.09401806725878692,0.0,-2477000.0,-0.09401806725878692,-0.0918,-0.0918,26982000,26982000,https://www.sec.gov/Archives/edgar/data/730255/000095012310064363/0000950123-10-064363-index.htm,https://www.sec.gov/Archives/edgar/data/730255/000095012310064363/c03241e10vq.htm
0,2010-02-28,CAMP,2010-05-06 00:00:00,2010-05-06 16:14:24,Q4,34480000,27500000,6980000.0,0.202436,2690000.0,4930000.0,0.0,0.0,7960000.000000001,35460000,690000.0,610000.0000000001,-29999.9999999999,-0.00087,-980000.0,-0.028422,-1040000.0,-1330000.0,-0.038573,0.0,-1330000.0,-0.038573,-0.0503,-0.0503,26440000,26440000,https://www.sec.gov/Archives/edgar/data/730255/000095012310045515/0000950123-10-045515-index.html,https://www.sec.gov/Archives/edgar/data/730255/000095012310045515/c00406e10vk.htm
0,2009-11-30,CAMP,2010-01-07 00:00:00,2010-01-07 16:04:44,Q3,30690000,24800000,5900000.0,0.192245,2730000.0,5270000.0,0.0,0.0,8330000.000000002,33130000.000000004,-240000.0,629999.9999999999,-2300000.0,-0.074943,-2440000.0,-0.079505,-10000.0,-2690000.0,-0.087651,-1370000.0,-1320000.0,-0.043011,-0.05276,-0.05276,25020000,25020000,https://www.sec.gov/Archives/edgar/data/730255/000073025510000006/0000730255-10-000006-index.html,https://www.sec.gov/Archives/edgar/data/730255/000073025510000006/fy10-10q_q3.txt
0,2009-08-31,CAMP,2009-10-08 00:00:00,2009-10-08 16:04:49,Q2,23940000,19140000,4800000.0,0.200501,2630000.0,4900000.0,0.0,0.0,7870000.000000001,27010000,-1180000.0,650000.0,-4770000.0,-0.199248,-3070000.0,-0.128237,10000.0,-4240000.0,-0.177109,0.0,-4240000.0,-0.177109,-0.17014,-0.17014,24920000,24920000,https://www.sec.gov/Archives/edgar/data/730255/000073025509000054/0000730255-09-000054-index.html,https://www.sec.gov/Archives/edgar/data/730255/000073025509000054/fy10-10q_q2.txt
0,2009-05-31,CAMP,2009-07-09 00:00:00,2009-07-09 16:06:18,Q1,23000000,18290000,4710000.0,0.204783,2900000.0,4960000.0,0.0,0.0,8200000.0,26490000,-210000.0,630000.0,-3540000.0,-0.153913,-3490000.0,-0.151739,-260000.0,-3960000.0,-0.172174,0.0,-3960000.0,-0.172174,-0.15929,-0.15929,24860000,24860000,https://www.sec.gov/Archives/edgar/data/730255/000073025509000030/0000730255-09-000030-index.html,https://www.sec.gov/Archives/edgar/data/730255/000073025509000030/fy10-10q_q1.txt
0,2009-02-28,CAMP,2009-05-12 00:00:00,2009-05-12 16:04:54,Q4,21330000,7740000.0,13590000,0.637131,3370000.0,5120000.0,0.0,0.0,53839999.99999999,61579999.99999999,270000.0,1000000.0,-38620000,-1.810595,-40250000,-1.887014,90000.0,-39890000,-1.870136,5940000.0,-45830000,-2.148617,-1.84724,-1.84724,24810000,24810000,https://www.sec.gov/Archives/edgar/data/730255/000073025509000017/0000730255-09-000017-index.html,https://www.sec.gov/Archives/edgar/data/730255/000073025509000017/form_10k-09.txt
0,2008-11-30,CAMP,2009-01-13 00:00:00,2009-01-13 16:36:33,Q3,25830000,18190000,7640000.0,0.29578,3200000.0,5650000.0,0.0,0.0,10090000,28280000,-480000.0,1779999.9999999998,-1670000.0000000002,-0.064654,-2440000.0,-0.094464,-50000.0,-2970000.0,-0.114983,-1130000.0,-1840000.0,-0.071235,-0.07416,-0.07416,24810000,24810000,https://www.sec.gov/Archives/edgar/data/730255/000073025509000004/0000730255-09-000004-index.html,https://www.sec.gov/Archives/edgar/data/730255/000073025509000004/fy09-10q_q3.txt
0,2008-08-31,CAMP,2008-10-07 00:00:00,2008-10-07 16:35:24,Q2,23310000,15840000,7470000.0,0.320463,3130000.0,4910000.0,0.0,0.0,9280000.000000002,25120000,-360000.0,1800000.0,-710000.0,-0.030459,-1820000.0,-0.078078,30000.0,-2150000.0,-0.092235,-650000.0,-1500000.0,-0.06435,-0.06063,-0.06063,24740000,24740000,https://www.sec.gov/Archives/edgar/data/730255/000073025508000056/0000730255-08-000056-index.html,https://www.sec.gov/Archives/edgar/data/730255/000073025508000056/fy09-10q_q2.txt
0,2008-05-31,CAMP,2008-07-10 00:00:00,2008-07-10 16:03:13,Q1,27900000,18470000,9430000.0,0.337993,3200000.0,5370000.0,0.0,0.0,9900000.000000002,28370000.000000004,-520000.0,1970000.0,560000.0,0.020072,-470000.0,-0.016846,110000.0,-890000.0,-0.0319,-390000.0,-500000.0,-0.017921,-0.02024,-0.02024,24700000,24700000,https://www.sec.gov/Archives/edgar/data/730255/000073025508000031/0000730255-08-000031-index.html,https://www.sec.gov/Archives/edgar/data/730255/000073025508000031/fy09-10q_q1.txt
0,2008-02-28,CAMP,2008-05-15 00:00:00,2008-05-14 17:53:49,Q4,29790000,22250000,7540000.0,0.253105,3730000.0,8220000.0,0.0,0.0,19040000,41290000,-520000.0,2210000.0,-10840000,-0.36388,-11500000,-0.386036,-250000.0,-12260000,-0.411547,-3050000.0,-9480000.0,-0.318228,-0.38443,-0.38443,24660000,24660000,https://www.sec.gov/Archives/edgar/data/730255/000073025508000019/0000730255-08-000019-index.html,https://www.sec.gov/Archives/edgar/data/730255/000073025508000019/form_10k-08.txt
0,2007-11-30,CAMP,,,Q3,32060000,22030000,10030000,0.312851,3870000.0,6080000.0,0.0,0.0,77250000,99280000,-490000.0,2269999.9999999995,-66060000,-2.060512,-67220000,-2.096694,-140000.0,-67840000,-2.116032,-8910000.0,-58930000,-1.838116,-2.49281,-2.49281,23640000,23640000,,
0,2007-08-31,CAMP,2007-10-11 00:00:00,2007-10-11 17:07:49,Q2,32670000,26350000,6320000.0,0.19345,3800000.0,5830000.0,0.0,0.0,11189999.999999998,37540000,-460000.0,2540000.0,-4410000.0,-0.134986,-4870000.0,-0.149066,-50000.0,-5380000.0,-0.164677,-2120000.0,-4370000.0,-0.133762,-0.18501,-0.18501,23620000,23620000,https://www.sec.gov/Archives/edgar/data/730255/000073025507000042/0000730255-07-000042-index.html,https://www.sec.gov/Archives/edgar/data/730255/000073025507000042/fy08-10q_q2.txt
0,2007-05-31,CAMP,2007-07-17 00:00:00,2007-07-17 16:23:37,Q1,46390000,51780000,-5390000.0,-0.116189,4320000.0,5470000.0,0.0,0.0,11839999.999999996,63619999.99999999,-440000.0,2660000.0,-16010000,-0.345117,-17230000,-0.371416,-140000.0,-17810000,-0.383919,-6870000.0,-11360000,-0.24488,-0.48136,-0.48136,23600000,23600000,https://www.sec.gov/Archives/edgar/data/730255/000073025507000017/0000730255-07-000017-index.html,https://www.sec.gov/Archives/edgar/data/730255/000073025507000017/fy08-10q_q1.txt
0,2007-02-28,CAMP,2007-05-17 00:00:00,2007-05-17 16:19:12,Q4,55030000,44380000,10650000,0.193531,3470000.0,4460000.0,0.0,0.0,9000000.0,53380000,-160000.0,1889999.9999999998,2389999.9999999995,0.043431,1650000.0,0.029984,160000.0,1650000.0,0.029984,-70000.0,730000.0,0.013265,0.03101,0.03101,23540000,23540000,https://www.sec.gov/Archives/edgar/data/730255/000073025507000011/0000730255-07-000011-index.html,https://www.sec.gov/Archives/edgar/data/730255/000073025507000011/form_10k-07.txt
0,2006-11-30,CAMP,,,Q3,59100000,47060000,12040000,0.203723,3400000.0,4720000.0,0.0,0.0,9199999.999999996,56259999.99999999,-260000.0,1920000.0000000005,3820000.0000000005,0.064636,2840000.0,0.048054,120000.0,2700000.0,0.045685,1260000.0,900000.0,0.015228,0.03801,0.03801,23680000,23680000,,
0,2006-08-31,CAMP,,,Q2,54630000,41970000,12660000,0.231741,3610000.0,4670000.0,0.0,0.0,9430000.0,51400000,-340000.0,1989999.9999999998,4180000.0,0.076515,3230000.0,0.059125,100000.0,2990000.0,0.054732,1290000.0,1240000.0,0.022698,0.05234,0.05234,23690000,23690000,,
0,2006-05-31,CAMP,,,Q1,42960000,32870000,10090000,0.23487,2510000.0,2710000.0,0.0,0.0,12230000.000000004,45100000.00000001,300000.0,1120000.0,-30400000,-0.707635,-2140000.0,-0.049814,660000.0,-1180000.0,-0.027467,2230000.0,-34050000,-0.792598,-1.47275,-1.47275,23120000,23120000,,
0,2006-02-28,CAMP,,,Q4,47790000,35620000,12170000,0.254656,1970000.0,4180000.0,0.0,0.0,6530000.000000001,42150000,0.0,1060000.0,7010000.0,0.146683,5640000.0,0.118016,310000.0,5940000.0,0.124294,2480000.0,3470000.0,0.072609,0.14555,0.14555,23840000,23840000,,
0,2005-11-30,CAMP,,,Q3,64460000,48000000,16460000,0.255352,2590000.0,4590000.0,0.0,0.0,7579999.999999998,55580000,160000.0,1010000.0000000002,10220000,0.158548,8880000.0,0.13776,0.0,9050000.0,0.140397,3610000.0,5440000.0,0.084393,0.23061,0.23061,23590000,23590000,,
0,2005-08-31,CAMP,,,Q2,57660000,44250000,13420000,0.232744,2360000.0,4400000.0,0.0,0.0,7320000.0,51570000,40000.0,1219999.9999999998,7380000.0,0.127992,6100000.0,0.105793,-20000.0,6120000.0,0.106139,2440000.0,3680000.0,0.063822,0.15787,0.15787,23310000,23310000,,
0,2005-05-31,CAMP,,,Q1,47580000,36880000,10700000,0.224884,2200000.0,4490000.0,0.0,0.0,7419999.999999995,44299999.99999999,70000.0,1080000.0,4480000.0,0.094157,3280000.0,0.068937,-30000.0,3320000.0,0.069777,1350000.0,1980000.0,0.041614,0.08643,0.08643,22910000,22910000,,
0,2005-02-28,CAMP,,,Q4,67140000,54680000,12450000,0.185433,2130000.0,4840000.0,0.0,0.0,7399999.999999999,62080000,0.0,1119999.9999999998,6180000.0,0.092046,5050000.0,0.075216,10000.0,5060000.0,0.075365,1830000.0,3230000.0,0.048108,0.13983,0.13983,23100000,23100000,,
0,2004-11-30,CAMP,,,Q3,57070000,46770000,10300000,0.18048,2320000.0,4630000.0,0.0,0.0,7430000.0,54200000,0.0,1140000.0,4020000.0,0.07044,2870000.0,0.050289,10000.0,2870000.0,0.050289,1090000.0,1790000.0,0.031365,0.07746,0.07746,23110000,23110000,,
0,2004-08-31,CAMP,,,Q2,50830000,40500000,10320000,0.20303,2070000.0,4910000.0,0.0,0.0,7439999.999999998,47940000,0.0,1120000.0,3930000.0,0.077317,2880000.0,0.056659,-80000.0,2810000.0,0.055282,1060000.0,1750000.0,0.034428,0.07672,0.07672,22810000,22810000,,
0,2004-05-31,CAMP,,,Q1,45000000,36700000,8300000.0,0.184444,1810000.0,3520000.0,0.0,0.0,6049999.999999997,42750000,0.0,960000.0,3140000.0,0.069778,2250000.0,0.05,-60000.0,2180000.0,0.048444,870000.0,1310000.0,0.029111,0.06633,0.06633,19750000,19750000,,
0,2004-02-28,CAMP,,,Q4,41610000,35180000,6430000.0,0.15453,1430000.0,2010000.0,0.0,0.0,3439999.9999999977,38620000,0.0,1020000.0,3950000.0,0.094929,2990000.0,0.071858,-50000.0,2940000.0,0.070656,-40000.0,2970000.0,0.071377,0.18356,0.18356,16180000,16180000,,
0,2003-11-30,CAMP,,,Q3,44250000,37510000,6730000.0,0.15209,1340000.0,1530000.0,0.0,0.0,2890000.0000000005,40400000,0.0,769999.9999999998,4600000.0,0.103955,3840000.0,0.08678,-10000.0,3830000.0,0.086554,380000.0,3450000.0,0.077966,0.22172,0.22172,15560000,15560000,,
0,2003-08-31,CAMP,,,Q2,24200000,21000000,3200000.0,0.132231,1240000.0,1390000.0,0.0,0.0,2649999.9999999986,23650000,0.0,740000.0000000001,1160000.0,0.047934,550000.0,0.022727,-130000.0,420000.0,0.017355,30000.0,390000.0,0.016116,0.02614,0.02614,14920000,14920000,,
0,2003-05-31,CAMP,,,Q1,18570000,17260000,1310000.0,0.070544,1360000.0,1310000.0,0.0,0.0,2699999.999999999,19960000,0.0,870000.0,-580000.0,-0.031233,-1390000.0,-0.074852,-50000.0,-1450000.0,-0.078083,-350000.0,-1100000.0,-0.059235,-0.07458,-0.07458,14750000,14750000,,
0,2003-02-28,CAMP,,,Q4,26070000,22120000,3960000.0,0.151899,1170000.0,1390000.0,0.0,0.0,2559999.9999999986,24680000,0.0,940000.0,2280000.0,0.087457,1400000.0,0.053702,-60000.0,1340000.0,0.0514,370000.0,970000.0,0.037208,0.06484,0.06484,14960000,14960000,,
0,2002-11-30,CAMP,,,Q3,23970000,19590000,4380000.0,0.182728,1390000.0,1370000.0,0.0,0.0,2760000.0000000014,22350000,0.0,909999.9999999999,2450000.0,0.102211,1620000.0,0.067584,-80000.0,1540000.0,0.064247,630000.0,910000.0,0.037964,0.06128,0.06128,14850000,14850000,,
0,2002-08-31,CAMP,,,Q2,27530000,21170000,6360000.0,0.231021,1720000.0,1800000.0,0.0,0.0,3519999.9999999995,24690000,0.0,960000.0000000001,3720000.0,0.135125,2840000.0,0.10316,-80000.0,2760000.0,0.100254,940000.0,1820000.0,0.06611,0.12207,0.12207,14910000,14910000,,
0,2002-05-31,CAMP,2002-07-16 00:00:00,2002-07-16 15:14:37,Q1,22480000,16640000,5840000.0,0.259786,1700000.0,1780000.0,0.0,0.0,3480000.0000000005,20120000,0.0,860000.0,3230000.0,0.143683,2360000.0,0.104982,0.0,2360000.0,0.104982,900000.0,1470000.0,0.065391,0.09959,0.09959,14760000,14760000,https://www.sec.gov/Archives/edgar/data/730255/000073025502000017/0000730255-02-000017-index.html,https://www.sec.gov/Archives/edgar/data/730255/000073025502000017/fy03-10q_q1.txt
0,2002-02-28,CAMP,2002-05-31 00:00:00,2002-05-31 16:45:12,Q4,22500000,18100000,4400000.0,0.195556,1590000.0,1330000.0,0.0,0.0,3119999.999999997,21219999.999999996,50000.0,1520000.0000000005,2910000.0000000005,0.129333,1280000.0,0.056889,0.0,1330000.0,0.059111,370000.0,970000.0,0.043111,0.06879,0.06879,14100000,14100000,https://www.sec.gov/Archives/edgar/data/730255/000073025502000014/0000730255-02-000014-index.html,https://www.sec.gov/Archives/edgar/data/730255/000073025502000014/calamp2002_10-k.txt
0,2001-11-30,CAMP,2001-12-21 00:00:00,2001-12-21 00:00:00,Q3,32760000,25210000,7550000.0,0.230464,2280000.0,2360000.0,0.0,0.0,5559999.999999999,30770000,0.0,929999.9999999997,2909999.9999999995,0.088828,1980000.0,0.06044,0.0,1980000.0,0.06044,630000.0,1350000.0,0.041209,0.09705,0.09705,13910000,13910000,https://www.sec.gov/Archives/edgar/data/730255/000073025501500006/0000730255-01-500006-index.html,https://www.sec.gov/Archives/edgar/data/730255/000073025501500006/fy02_10q-3rd.txt
0,2001-08-31,CAMP,2001-10-15 00:00:00,2001-10-15 00:00:00,Q2,24650000,18500000,6150000.0,0.249493,2060000.0,3370000.0,0.0,0.0,5430000.0,23930000,0.0,840000.0000000001,3190000.0,0.129412,730000.0,0.029615,10000.0,740000.0,0.03002,270000.0,2080000.0,0.084381,0.14857,0.14857,14000000,14000000,https://www.sec.gov/Archives/edgar/data/730255/000073025501500004/0000730255-01-500004-index.html,https://www.sec.gov/Archives/edgar/data/730255/000073025501500004/fy02_10q-2nd.txt
0,2001-06-02,CAMP,2001-07-17 00:00:00,2001-07-17 00:00:00,Q1,20800000,16020000,4780000.0,0.229808,1660000.0,2980000.0,0.0,0.0,4640000.000000001,20660000,0.0,1030000.0,1140000.0,0.054808,140000.0,0.006731,-10000.0,130000.0,0.00625,40000.0,70000.0,0.003365,0.00501,0.00501,13960000,13960000,https://www.sec.gov/Archives/edgar/data/730255/000091205701524143/0000912057-01-524143-index.html,https://www.sec.gov/Archives/edgar/data/730255/000091205701524143/a2054408z10-q.txt
0,2001-03-03,CAMP,,,Q4,24620000,19900000,4730000.0,0.19212,1630000.0,2360000.0,0.0,0.0,3980000.0000000005,23880000,-360000.0,1660000.0,1880000.0,0.076361,740000.0,0.030057,130000.0,510000.0,0.020715,180000.0,400000.0,0.016247,0.02829,0.02829,14140000,14140000,,
0,2000-11-25,CAMP,2001-01-08 00:00:00,2001-01-08 00:00:00,Q3,30900000,24220000,6680000.0,0.216181,1440000.0,2360000.0,0.0,0.0,3800000.000000001,28020000,0.0,869999.9999999999,3750000.0,0.121359,2880000.0,0.093204,-40000.0,2850000.0,0.092233,1030000.0,1850000.0,0.059871,0.12937,0.12937,14300000,14300000,https://www.sec.gov/Archives/edgar/data/730255/000073025501000003/0000730255-01-000003-index.html,https://www.sec.gov/Archives/edgar/data/730255/000073025501000003/0000730255-01-000003-0001.txt
0,2000-08-26,CAMP,2000-10-04 00:00:00,2000-10-04 00:00:00,Q2,31740000,25640000,6100000.0,0.192187,1600000.0,2340000.0,0.0,0.0,3939999.9999999977,29579999.999999996,-30000.0,820000.0,2980000.0,0.093888,2160000.0,0.068053,0.0,2120000.0,0.066793,770000.0,1420000.0,0.044739,0.09895,0.09895,14350000,14350000,https://www.sec.gov/Archives/edgar/data/730255/000073025500000015/0000730255-00-000015-index.html,https://www.sec.gov/Archives/edgar/data/730255/000073025500000015/0000730255-00-000015-0001.txt
0,2000-05-27,CAMP,2000-07-10 00:00:00,2000-07-10 00:00:00,Q1,29870000,24020000,5850000.0,0.195849,1450000.0,2060000.0,0.0,0.0,3510000.0000000014,27530000,30000.0,900000.0,3290000.0,0.110144,2330000.0,0.078005,-90000.0,2270000.0,0.075996,820000.0,1540000.0,0.051557,0.1093,0.1093,14090000,14090000,https://www.sec.gov/Archives/edgar/data/730255/000073025500000012/0000730255-00-000012-index.html,https://www.sec.gov/Archives/edgar/data/730255/000073025500000012/0000730255-00-000012-0001.txt
0,2000-02-26,CAMP,,,Q4,27710000,20160000,7550000.0,0.272465,1300000.0,3090000.0,0.0,0.0,13889999.999999996,34050000,-280000.0,920000.0000000003,-5980000.0,-0.215807,-6340000.0,-0.228798,0.0,-6620000.0,-0.238903,-2380000.0,-4240000.0,-0.153013,-0.33866,-0.33866,12520000,12520000,,
0,1999-11-27,CAMP,,,Q3,26250000,19530000,6720000.0,0.256,1390000.0,2730000.0,0.0,0.0,4119999.999999997,23649999.999999996,-130000.0,599999.9999999999,2950000.0,0.112381,2600000.0,0.099048,0.0,2480000.0,0.094476,890000.0,1590000.0,0.060571,0.11657,0.11657,13640000,13640000,,
0,1999-08-28,CAMP,1999-10-12 00:00:00,1999-10-12 00:00:00,Q2,18580000,13330000,5240000.0,0.282024,1330000.0,2380000.0,0.0,0.0,3720000.0000000005,17050000,-120000.0,830000.0,2120000.0,0.114101,1530000.0,0.082347,0.0,1410000.0,0.075888,510000.0,900000.0,0.048439,0.06691,0.06691,13450000,13450000,https://www.sec.gov/Archives/edgar/data/730255/000073025599000016/0000730255-99-000016-index.html,https://www.sec.gov/Archives/edgar/data/730255/0000730255-99-000016.txt
0,1999-05-29,CAMP,1999-07-12 00:00:00,1999-07-12 00:00:00,Q1,13090000,9180000.0,3910000.0,0.298701,1200000.0,2190000.0,0.0,0.0,3390000.0000000005,12570000,30000.0,640000.0,1230000.0,0.093965,530000.0,0.040489,0.0,560000.0,0.042781,200000.0,360000.0,0.027502,0.02915,0.02915,12350000,12350000,https://www.sec.gov/Archives/edgar/data/730255/000073025599000013/0000730255-99-000013-index.html,https://www.sec.gov/Archives/edgar/data/730255/0000730255-99-000013.txt
0,1999-02-27,CAMP,,,Q4,10080000,7040000.0,3040000.0,0.301587,1130000.0,1840000.0,0.0,0.0,2970000.0,10010000,80000.0,639999.9999999997,859999.9999999997,0.085317,60000.0,0.005952,0.0,140000.0,0.013889,50000.0,90000.0,0.008929,0.00763,0.00763,11790000,11790000,,
0,1998-11-28,CAMP,,,Q3,9680000.0,6910000.0,2780000.0,0.28719,1150000.0,2050000.0,0.0,0.0,3189999.9999999995,10100000,120000.0,760000.0,580000.0,0.059917,-420000.0,-0.043388,0.0,-300000.0,-0.030992,-90000.0,-210000.0,-0.021694,-0.01783,-0.01783,11780000,11780000,,
0,1998-08-29,CAMP,1998-10-09 00:00:00,1998-10-09 00:00:00,Q2,8320000.0,6380000.0,1940000.0,0.233173,1270000.0,2110000.0,0.0,0.0,3389999.9999999995,9770000.0,140000.0,820000.0000000001,-349999.9999999999,-0.042067,-1440000.0,-0.173077,0.0,-1310000.0,-0.157452,-470000.0,-840000.0,-0.100962,-0.07125,-0.07125,11790000,11790000,https://www.sec.gov/Archives/edgar/data/730255/000073025598000011/0000730255-98-000011-index.html,https://www.sec.gov/Archives/edgar/data/730255/0000730255-98-000011.txt
0,1998-05-30,CAMP,1998-07-13 00:00:00,1998-07-13 00:00:00,Q1,9060000.0,6270000.0,2790000.0,0.307947,1220000.0,2320000.0,0.0,0.0,3530000.000000001,9800000.000000002,-20000.0,790000.0,10000.0,0.001104,-740000.0,-0.081678,0.0,-760000.0,-0.083885,-270000.0,-490000.0,-0.054084,-0.0416,-0.0416,11780000,11780000,https://www.sec.gov/Archives/edgar/data/730255/000073025598000009/0000730255-98-000009-index.html,https://www.sec.gov/Archives/edgar/data/730255/0000730255-98-000009.txt
0,1998-02-28,CAMP,,,Q4,8450000.0,8240000.0,210000.0,0.024852,1180000.0,2200000.0,0.0,0.0,3379999.999999999,11619999.999999998,0.0,839999.9999999999,-2450000.0,-0.289941,-3170000.0,-0.375148,-120000.0,-3290000.0,-0.389349,-1180000.0,-2110000.0,-0.249704,-0.1805,-0.1805,11690000,11690000,,
0,1997-11-29,CAMP,,,Q3,13380000,10520000,2870000.0,0.214499,1160000.0,3040000.0,0.0,0.0,4190000.000000001,14710000.000000002,0.0,879999.9999999999,-510000.0000000001,-0.038117,-1330000.0,-0.099402,-70000.0,-1400000.0,-0.104634,-500000.0,-890000.0,-0.066517,-0.07568,-0.07568,11760000,11760000,,
0,1997-08-30,CAMP,1997-10-10 00:00:00,1997-10-10 00:00:00,Q2,13090000,9140000.0,3960000.0,0.302521,1050000.0,2510000.0,0.0,0.0,3559999.9999999986,12699999.999999998,0.0,790000.0,1110000.0,0.084798,400000.0,0.030558,-70000.0,320000.0,0.024446,120000.0,200000.0,0.015279,0.01663,0.01663,12030000,12030000,https://www.sec.gov/Archives/edgar/data/730255/000073025597000003/0000730255-97-000003-index.html,https://www.sec.gov/Archives/edgar/data/730255/0000730255-97-000003.txt
0,1997-05-31,CAMP,1997-07-15 00:00:00,1997-07-15 00:00:00,Q1,12010000,8340000.0,3670000.0,0.305579,1090000.0,2290000.0,0.0,0.0,3370000.000000001,11710000.000000002,0.0,770000.0,980000.0,0.081599,300000.0,0.024979,-90000.0,210000.0,0.017485,80000.0,130000.0,0.010824,0.01085,0.01085,11980000,11980000,https://www.sec.gov/Archives/edgar/data/730255/000091205797024220/0000912057-97-024220-index.html,https://www.sec.gov/Archives/edgar/data/730255/0000912057-97-024220.txt
0,1997-03-01,CAMP,,,Q4,8850000.0,7250000.0,1600000.0,0.180791,1060000.0,1920000.0,0.0,0.0,2980000.0000000005,10230000,0.0,-140000.00000000012,-1510000.0000000002,-0.170621,-1380000.0,-0.155932,10000.0,-1370000.0,-0.154802,-460000.0,-910000.0,-0.102825,-0.07583,-0.07583,12000000,12000000,,
0,1996-11-30,CAMP,1997-01-08 00:00:00,1997-01-08 00:00:00,Q3,11700000,8300000.0,3410000.0,0.291453,1440000.0,1840000.0,0.0,0.0,3269999.9999999995,11570000,0.0,770000.0000000002,980000.0000000002,0.083761,130000.0,0.011111,70000.0,200000.0,0.017094,80000.0,130000.0,0.011111,0.01059,0.01059,12280000,12280000,https://www.sec.gov/Archives/edgar/data/730255/000091205797000463/0000912057-97-000463-index.html,https://www.sec.gov/Archives/edgar/data/730255/0000912057-97-000463.txt
0,1996-08-31,CAMP,1996-10-09 00:00:00,1996-10-09 00:00:00,Q2,11460000,8030000.0,3430000.0,0.299302,1820000.0,2030000.0,0.0,0.0,3850000.0000000014,11880000.000000002,0.0,679999.9999999999,389999.9999999999,0.034031,-420000.0,-0.036649,130000.0,-290000.0,-0.025305,-80000.0,-210000.0,-0.018325,-0.01809,-0.01809,11610000,11610000,https://www.sec.gov/Archives/edgar/data/730255/000091205796022342/0000912057-96-022342-index.html,https://www.sec.gov/Archives/edgar/data/730255/0000912057-96-022342.txt
0,1996-06-01,CAMP,1996-07-11 00:00:00,1996-07-11 00:00:00,Q1,17280000,11230000,6040000.0,0.349537,1470000.0,2220000.0,0.0,0.0,3689999.9999999995,14920000,0.0,710000.0,3200000.0,0.185185,2350000.0,0.135995,140000.0,2490000.0,0.144097,870000.0,1620000.0,0.09375,0.12716,0.12716,12740000,12740000,https://www.sec.gov/Archives/edgar/data/730255/000091205796014379/0000912057-96-014379-index.html,https://www.sec.gov/Archives/edgar/data/730255/0000912057-96-014379.txt
0,1996-03-02,CAMP,,,Q4,18110000,11800000,6310000.0,0.348426,1320000.0,2460000.0,0.0,0.0,3769999.9999999995,15570000,0.0,690000.0,3280000.0,0.181115,2530000.0,0.139702,60000.0,2590000.0,0.143015,910000.0,1680000.0,0.092766,0.13603,0.13603,12350000,12350000,,
0,1995-12-02,CAMP,1995-12-22 00:00:00,1995-12-22 00:00:00,Q3,16310000,10750000,5560000.0,0.340895,1040000.0,2480000.0,0.0,0.0,3519999.9999999995,14270000,0.0,679999.9999999999,2770000.0,0.169834,2040000.0,0.125077,50000.0,2090000.0,0.128142,730000.0,1360000.0,0.083384,0.11093,0.11093,12260000,12260000,https://www.sec.gov/Archives/edgar/data/730255/000091205795011459/0000912057-95-011459-index.html,https://www.sec.gov/Archives/edgar/data/730255/0000912057-95-011459.txt
0,1995-09-02,CAMP,1995-10-13 00:00:00,1995-10-13 00:00:00,Q2,14510000,9630000.0,4880000.0,0.33632,1060000.0,2150000.0,0.0,0.0,3209999.999999999,12839999.999999998,0.0,680000.0,2330000.0,0.160579,1670000.0,0.115093,-20000.0,1650000.0,0.113715,580000.0,1070000.0,0.073742,0.08984,0.08984,11910000,11910000,https://www.sec.gov/Archives/edgar/data/730255/000091205795008551/0000912057-95-008551-index.html,https://www.sec.gov/Archives/edgar/data/730255/0000912057-95-008551.txt
