,date,symbol,fillingDate,acceptedDate,period,revenue,costOfRevenue,grossProfit,grossProfitRatio,researchAndDevelopmentExpenses,generalAndAdministrativeExpenses,sellingAndMarketingExpenses,otherExpenses,operatingExpenses,costAndExpenses,interestExpense,depreciationAndAmortization,ebitda,ebitdaratio,operatingIncome,operatingIncomeRatio,totalOtherIncomeExpensesNet,incomeBeforeTax,incomeBeforeTaxRatio,incomeTaxExpense,netIncome,netIncomeRatio,eps,epsdiluted,weightedAverageShsOut,weightedAverageShsOutDil,link,finalLink
0,2020-06-30,RST,2020-08-06,2020-08-06 16:23:42,Q2,49195000,11436000,37759000,0.7675373513568452,6177000.0,34919000,25974000,18000.0,0.0,52532000,54000.0,0.0,1042000.0,0.021181014330724668,-3337000.0,-0.06836060575261714,18000.0,-3363000.0,-0.06836060575261714,223000.0,-3586000.0,-0.0728935867466206,-0.15,-0.15,24103000,24103000,https://www.sec.gov/Archives/edgar/data/1351285/000156459020037785/0001564590-20-037785-index.htm,https://www.sec.gov/Archives/edgar/data/1351285/000156459020037785/rst-10q_20200630.htm
0,2020-03-31,RST,2020-05-06,2020-05-06 16:18:57,Q1,47179000,11101000,36078000,0.7647046355369974,6917000.0,34996000,25434000,71000.0,0.0,53014000,53000.0,0.0,-1328000.0,-0.028148116746857712,-5835000.0,-0.1229572479281036,71000.0,-5801000.0,-0.1229572479281036,380000.0,-6181000.0,-0.13101167892494542,-0.26,-0.26,23803000,23803000,https://www.sec.gov/Archives/edgar/data/1351285/000156459020021950/0001564590-20-021950-index.htm,https://www.sec.gov/Archives/edgar/data/1351285/000156459020010072/rst-10k_20191231.htm
0,2019-12-31,RST,2020-03-11,2020-03-11 16:19:26,Q4,46693000,10558000,36135000,0.7738847364701347,7479000.0,34186000,25834000,-728000.0,0.0,52223000,38000.0,0.0,-1988000.0,-0.04257597498554387,-5530000.0,-0.13455978412181696,-728000.0,-6283000.0,-0.13455978412181696,405000.0,-6688000.0,-0.14323346111836893,-0.28,-0.28,23666000,23666000,https://www.sec.gov/Archives/edgar/data/1351285/000156459020010072/0001564590-20-010072-index.htm,https://www.sec.gov/Archives/edgar/data/1351285/000156459020010072/rst-10k_20191231.htm
0,2019-09-30,RST,2019-11-06,2019-11-06 16:20:11,Q3,45456000,9416000.0,36040000,0.7928546286518832,5517000.0,33387000,24700000,-33000.0,0.0,48320000,119000.0,0.0,1047000.0,0.023033262935586062,-2864000.0,-0.06621788102780711,-33000.0,-3010000.0,-0.06621788102780711,-93000.0,-2917000.0,-0.06417194649771207,-0.12,-0.12,23609000,23609000,https://www.sec.gov/Archives/edgar/data/1351285/000156459019041048/0001564590-19-041048-index.htm,https://www.sec.gov/Archives/edgar/data/1351285/000156459019041048/rst-10q_20190930.htm
0,2019-06-30,RST,2019-08-06,2019-08-06 16:19:23,Q2,45942000,8861000.0,37081000,0.8071263767358844,5776000.0,34366000,25800000,519000.0,0.0,49003000,99000.0,0.0,924000.0,0.02011231552827478,-3061000.0,-0.057289626050237255,519000.0,-2632000.0,-0.057289626050237255,175000.0,-2807000.0,-0.061098776718471116,-0.12,-0.12,23455000,23455000,https://www.sec.gov/Archives/edgar/data/1351285/000156459019029368/0001564590-19-029368-index.htm,https://www.sec.gov/Archives/edgar/data/1351285/000156459019029368/rst-10q_20190630.htm
0,2019-03-31,RST,2019-05-07,2019-05-07 16:18:50,Q1,44611000,8426000.0,36185000,0.8111228172423842,5738000.0,31930000,23238000,796000.0,0.0,46094000,60000.0,0.0,2875000.0,0.06444598865750599,-1483000.0,-0.016005021183116273,796000.0,-714000.0,-0.016005021183116273,-170000.0,-544000.0,-0.012194301853802873,-0.02,-0.02,23036000,23036000,https://www.sec.gov/Archives/edgar/data/1351285/000156459019016525/0001564590-19-016525-index.htm,https://www.sec.gov/Archives/edgar/data/1351285/000156459019006492/rst-10k_20181231.htm
0,2018-12-31,RST,2019-03-06,2019-03-06 16:20:56,Q4,44574000,9790000.0,34784000,0.7803652353389868,6420000.0,32742000,24898000,295000.0,0.0,48952000,67000.0,0.0,-326000.0,-0.007313680620989815,-4378000.0,-0.09238569569704312,295000.0,-4118000.0,-0.09238569569704312,306000.0,-4424000.0,-0.09925068425539552,-0.19,-0.19,22877000,22877000,https://www.sec.gov/Archives/edgar/data/1351285/000156459019006492/0001564590-19-006492-index.htm,https://www.sec.gov/Archives/edgar/data/1351285/000156459019006492/rst-10k_20181231.htm
0,2018-09-30,RST,2018-11-06,2018-11-06 07:48:20,Q3,42750000,8768000.0,33982000,0.7949005847953217,6465000.0,33458000,24948000,99000.0,0.0,48691000,82000.0,0.0,-2017000.0,-0.0471812865497076,-5941000.0,-0.13803508771929823,99000.0,-5901000.0,-0.13803508771929823,588000.0,-6489000.0,-0.15178947368421053,-0.31,-0.31,20831000,20831000,https://www.sec.gov/Archives/edgar/data/1351285/000135128518000105/0001351285-18-000105-index.htm,https://www.sec.gov/Archives/edgar/data/1351285/000135128518000105/a09301810q.htm
0,2018-06-30,RST,2018-08-02,2018-08-02 16:22:07,Q2,43502000,7930000.0,35572000,0.8177095305962945,6019000.0,33198000,24874000,-1000.0,0.0,47147000,81000.0,0.0,-144000.0,-0.0033101926348213877,-3645000.0,-0.08514551055123902,-1000.0,-3704000.0,-0.08514551055123902,454000.0,-4158000.0,-0.09558181233046756,-0.18,-0.18,22663000,22663000,https://www.sec.gov/Archives/edgar/data/1351285/000135128518000089/0001351285-18-000089-index.htm,https://www.sec.gov/Archives/edgar/data/1351285/000135128518000089/a06301810q.htm
0,2018-03-31,RST,2018-05-09,2018-05-09 16:21:12,Q1,42808000,9434000.0,33374000,0.7796206316576341,6306000.0,32723000,24191000,-228000.0,0.0,48463000,83000.0,0.0,-2248000.0,-0.05251354886937021,-5655000.0,-0.1387824705662493,-228000.0,-5941000.0,-0.1387824705662493,461000.0,-6402000.0,-0.1495514857036068,-0.29,-0.29,22425000,22425000,https://www.sec.gov/Archives/edgar/data/1351285/000135128518000060/0001351285-18-000060-index.htm,https://www.sec.gov/Archives/edgar/data/1351285/000135128518000038/a1231201710k.htm
0,2017-12-31,RST,2018-03-07,2018-03-07 16:20:09,Q4,44789000,8441000.0,36348000,0.8115385474111947,5604000.0,33213000,24801000,60000.0,0.0,47258000,108000.0,0.0,546000.0,0.012190493201455715,-2469000.0,-0.055683315099689656,60000.0,-2494000.0,-0.055683315099689656,-4860000.0,2366000.0,0.05282547053964143,0.11,0.1,22316000,23248000,https://www.sec.gov/Archives/edgar/data/1351285/000135128518000038/0001351285-18-000038-index.htm,https://www.sec.gov/Archives/edgar/data/1351285/000135128518000038/a1231201710k.htm
0,2017-09-30,RST,2017-11-02,2017-11-02 16:21:28,Q3,46206000,9448000.0,36758000,0.7955243907717613,6381000.0,32689000,23654000,85000.0,0.0,48518000,138000.0,0.0,801000.0,0.01733541098558629,-2312000.0,-0.05090248019737696,85000.0,-2352000.0,-0.05090248019737696,879000.0,-3231000.0,-0.06992598363848851,-0.14,-0.14,22285000,22285000,https://www.sec.gov/Archives/edgar/data/1351285/000135128517000105/0001351285-17-000105-index.htm,https://www.sec.gov/Archives/edgar/data/1351285/000135128517000105/a09301710q.htm
0,2017-06-30,RST,2017-08-08,2017-08-08 16:22:28,Q2,45905000,7591000.0,38314000,0.834636749809389,6348000.0,32631000,24037000,425000.0,0.0,46570000,130000.0,0.0,2764000.0,0.06021130595795665,-665000.0,-0.007689794140071888,425000.0,-353000.0,-0.007689794140071888,782000.0,-1135000.0,-0.0247249754928657,-0.05,-0.05,22248000,22248000,https://www.sec.gov/Archives/edgar/data/1351285/000135128517000085/0001351285-17-000085-index.htm,https://www.sec.gov/Archives/edgar/data/1351285/000135128517000085/a06301710q.htm
0,2017-03-31,RST,2017-05-09,2017-05-09 09:11:38,Q1,47693000,8141000.0,39552000,0.8293040907470698,6414000.0,32193000,24168000,311000.0,0.0,46748000,115000.0,0.0,4344000.0,0.09108254880171095,945000.0,0.02419642295515065,311000.0,1154000.0,0.02419642295515065,700000.0,454000.0,0.009519216656532405,0.02,0.02,22125000,22590000,https://www.sec.gov/Archives/edgar/data/1351285/000135128517000046/0001351285-17-000046-index.htm,https://www.sec.gov/Archives/edgar/data/1351285/000135128517000023/a1231201610k.htm
0,2016-12-31,RST,2017-03-14,2017-03-14 16:20:16,Q4,51678000,9938000.0,41740000,0.8076937961995433,6607000.0,37283000,27646000,-491000.0,0.0,53828000,117000.0,0.0,881000.0,0.01704787336971245,-2150000.0,-0.08436859011571655,-2105000.0,-4360000.0,-0.08436859011571655,1253000.0,-5613000.0,-0.10861488447695344,-0.25,-0.25,22065000,22065000,https://www.sec.gov/Archives/edgar/data/1351285/000135128517000023/0001351285-17-000023-index.htm,https://www.sec.gov/Archives/edgar/data/1351285/000135128517000023/a1231201610k.htm
0,2016-09-30,RST,2016-11-07,2016-11-07 16:19:35,Q3,48693000,8371000.0,40322000,0.8280861725504692,6347000.0,37130000,27161000,633000.0,0.0,51848000,120000.0,0.0,715000.0,0.014683835458895528,-3155000.0,-0.07514427125048775,-395000.0,-3659000.0,-0.07514427125048775,1793000.0,-5452000.0,-0.11196681247817962,-0.25,-0.25,21993000,21993000,https://www.sec.gov/Archives/edgar/data/1351285/000135128516000172/0001351285-16-000172-index.htm,https://www.sec.gov/Archives/edgar/data/1351285/000135128516000172/a09301610q.htm
0,2016-06-30,RST,2016-08-03,2016-08-03 16:23:14,Q2,45716000,7964000.0,37752000,0.8257940327237728,6748000.0,38858000,28740000,927000.0,0.0,53570000,121000.0,0.0,-3739000.0,-0.08178755796657626,-7854000.0,-0.21808557179105784,-2005000.0,-9970000.0,-0.21808557179105784,-992000.0,-8978000.0,-0.19638638551054335,-0.41,-0.41,21948000,21948000,https://www.sec.gov/Archives/edgar/data/1351285/000135128516000163/0001351285-16-000163-index.htm,https://www.sec.gov/Archives/edgar/data/1351285/000135128516000163/a06301610q.htm
0,2016-03-31,RST,2016-05-04,2016-05-04 16:19:44,Q1,48002000,8048000.0,39954000,0.8323403191533686,6571000.0,41570000,30793000,1228000.0,0.0,56189000,112000.0,0.0,-3538000.0,-0.0737052622807383,-8187000.0,-0.1470355401858256,1228000.0,-7058000.0,-0.1470355401858256,449000.0,-7507000.0,-0.156389317111787,-0.34,-0.34,21867000,21867000,https://www.sec.gov/Archives/edgar/data/1351285/000135128516000123/0001351285-16-000123-index.htm,https://www.sec.gov/Archives/edgar/data/1351285/000135128516000100/a1231201510k.htm
0,2015-12-31,RST,2016-03-14,2016-03-14 16:27:10,Q4,58015000,9539000.0,48476000,0.8355770059467379,6958000.0,45542000,35145000,-204000.0,0.0,62039000,107000.0,0.0,-732000.0,-0.012617426527622167,-4024000.0,-0.17795397741963284,-6204000.0,-10324000,-0.17795397741963284,1112000.0,-11436000,-0.1971214341118676,0.0,0.0,0.0,0.0,https://www.sec.gov/Archives/edgar/data/1351285/000135128516000100/0001351285-16-000100-index.htm,https://www.sec.gov/Archives/edgar/data/1351285/000135128516000100/a1231201510k.htm
0,2015-09-30,RST,2015-11-04,2015-11-04 16:21:38,Q3,49802000,8666000.0,41136000,0.8259909240592748,7056000.0,42287000,30234000,819000.0,0.0,58009000,90000.0,0.0,-3895000.0,-0.07820971045339545,-8207000.0,-0.1573229990763423,461000.0,-7835000.0,-0.1573229990763423,-534000.0,-7301000.0,-0.14660053813099874,-0.34,-0.34,21771000,21771000,https://www.sec.gov/Archives/edgar/data/1351285/000135128515000072/0001351285-15-000072-index.htm,https://www.sec.gov/Archives/edgar/data/1351285/000135128515000072/a0930201510q.htm
0,2015-06-30,RST,2015-08-06,2015-08-05 21:32:11,Q2,51411000,9020000.0,42391000,0.8245511660928595,6953000.0,42475000,30555000,-503000.0,0.0,58448000,93000.0,0.0,-4200000.0,-0.0816945789811519,-7037000.0,-0.15144618855886874,-663000.0,-7786000.0,-0.15144618855886874,389000.0,-8175000.0,-0.15901266265974207,-0.38,-0.38,21689000,21689000,https://www.sec.gov/Archives/edgar/data/1351285/000135128515000065/0001351285-15-000065-index.htm,https://www.sec.gov/Archives/edgar/data/1351285/000135128515000065/a0630201510q.htm
0,2015-03-31,RST,2015-05-06,2015-05-06 16:08:42,Q1,58442000,11302000,47140000,0.8066116833783923,8972000.0,55904000,40150000,-1581000.0,0.0,76178000,88000.0,0.0,-15963000,-0.2731426029225557,-17736000,-0.3369494541596797,-1872000.0,-19692000,-0.3369494541596797,192000.0,-19884000,-0.34023476267068203,-0.95,-0.95,21018000,21018000,https://www.sec.gov/Archives/edgar/data/1351285/000135128515000042/0001351285-15-000042-index.htm,https://www.sec.gov/Archives/edgar/data/1351285/000135128515000015/a1231201410k.htm
0,2014-12-31,RST,2015-03-16,2015-03-16 15:21:45,Q4,79258000,15935000,63323000,0.7989477402912009,7346000.0,64823000,52508000,-357000.0,0.0,88104000,80000.0,0.0,-5524000.0,-0.06969643442933206,-8846000.0,-0.3481036614600419,-18668000,-27590000,-0.3481036614600419,-6054000.0,-21536000,-0.2717202049004517,-1.01,-1.01,21327000,21327000,https://www.sec.gov/Archives/edgar/data/1351285/000135128515000015/0001351285-15-000015-index.htm,https://www.sec.gov/Archives/edgar/data/1351285/000135128515000015/a1231201410k.htm
0,2014-09-30,RST,2014-11-05,2014-11-05 16:50:14,Q3,64515000,12987000,51528000,0.7986979772146012,8689000.0,58519000,43771000,-752000.0,0.0,80195000,46000.0,0.0,-13094000,-0.20296055180965666,-15680000,-0.2545454545454545,-699000.0,-16422000,-0.2545454545454545,-244000.0,-16178000,-0.2507633883592963,-0.76,-0.76,21305000,21305000,https://www.sec.gov/Archives/edgar/data/1351285/000135128514000041/0001351285-14-000041-index.htm,https://www.sec.gov/Archives/edgar/data/1351285/000135128514000041/a0930201410q.htm
0,2014-06-30,RST,2014-08-08,2014-08-07 18:48:10,Q2,57315000,11960000,45355000,0.7913286225246445,8368000.0,51835000,37833000,-248000.0,0.0,72163000,50000.0,0.0,-11631000,-0.20293116985082438,-14848000,-0.26623048067696065,-366000.0,-15259000,-0.26623048067696065,491000.0,-15750000,-0.2747971735147867,-0.74,-0.74,21252000,21252000,https://www.sec.gov/Archives/edgar/data/1351285/000135128514000031/0001351285-14-000031-index.htm,https://www.sec.gov/Archives/edgar/data/1351285/000135128514000031/a0630201410q.htm
0,2014-03-31,RST,2014-05-08,2014-05-08 16:04:33,Q1,60765000,12171000,48594000,0.7997037768452234,8773000.0,55150000,39096000,226000.0,0.0,76094000,56000.0,0.0,-11664000,-0.19195260429523575,-15329000,-0.34434296058586356,-5544000.0,-20924000,-0.34434296058586356,-683000.0,-20241000,-0.3331029375462849,-0.96,-0.96,21125000,21125000,https://www.sec.gov/Archives/edgar/data/1351285/000135128514000016/0001351285-14-000016-index.htm,https://www.sec.gov/Archives/edgar/data/1351285/000135128514000005/a1231201310k.htm
0,2013-12-31,RST,2014-03-03,2014-03-03 16:36:04,Q4,77711000,14482000,63229000,0.8136428562237006,8747000.0,57423000,41200000,263000.0,0.0,80652000,7000.0,0.0,-36000.0,-0.0004632548802614816,-2941000.0,-0.034486752197243634,256000.0,-2680000.0,-0.034486752197243634,1168000.0,-3848000.0,-0.04951679942350504,-0.18,-0.18,21353000,21353000,https://www.sec.gov/Archives/edgar/data/1351285/000135128514000005/0001351285-14-000005-index.htm,https://www.sec.gov/Archives/edgar/data/1351285/000135128514000005/a1231201310k.htm
0,2013-09-30,RST,2013-11-07,2013-11-06 18:10:03,Q3,60872000,10744000,50128000,0.8234984886318832,8797000.0,48831000,34844000,-305000.0,0.0,68372000,9000.0,0.0,-5375000.0,-0.08830003942699435,-7500000.0,-0.1281377316335918,-312000.0,-7800000.0,-0.1281377316335918,-3631000.0,-4169000.0,-0.06848797476672362,-0.19,-0.19,21827000,21827000,https://www.sec.gov/Archives/edgar/data/1351285/000110465913081821/0001104659-13-081821-index.htm,https://www.sec.gov/Archives/edgar/data/1351285/000110465913081821/a13-19544_110q.htm
0,2013-06-30,RST,2013-08-07,2013-08-07 17:29:28,Q2,62139000,10224000,51915000,0.8354656495920436,9093000.0,46778000,33144000,-9000.0,0.0,66095000,0.0,0.0,-1698000.0,-0.02732583401728383,-3956000.0,-0.06367981460918264,-44000.0,-3957000.0,-0.06367981460918264,-400000.0,-3557000.0,-0.05724263345081189,-0.16,-0.16,21569000,21569000,https://www.sec.gov/Archives/edgar/data/1351285/000110465913061118/0001104659-13-061118-index.htm,https://www.sec.gov/Archives/edgar/data/1351285/000110465913061118/a13-13633_110q.htm
0,2013-03-31,RST,2013-05-08,2013-05-08 16:45:31,Q1,63924000,10264000,53660000,0.8394343282648145,7357000.0,49648000,37060000,419000.0,0.0,67269000,45000.0,0.0,-513000.0,-0.0080251548714098,-3345000.0,-0.05824103623052375,-374000.0,-3723000.0,-0.05824103623052375,977000.0,-4700000.0,-0.07352481071272135,-0.22,-0.22,21360000,21360000,https://www.sec.gov/Archives/edgar/data/1351285/000110465913038907/0001104659-13-038907-index.htm,https://www.sec.gov/Archives/edgar/data/1351285/000104746913002346/a2213285z10-k.htm
0,2012-12-31,RST,2013-03-07,2013-03-07 16:49:52,Q4,78701000,12931000,65770000,0.8356945909200646,5509000.0,55217000,41005000,74000.0,0.0,73657000,0.0,0.0,6940000.0,0.08818185283541505,5044000.0,0.06561543055361431,74000.0,5164000.0,0.06561543055361431,1158000.0,4006000.0,0.050901513322575316,0.19,0.18,21166000,21828000,https://www.sec.gov/Archives/edgar/data/1351285/000104746913002346/0001047469-13-002346-index.htm,https://www.sec.gov/Archives/edgar/data/1351285/000104746913002346/a2213285z10-k.htm
0,2012-09-30,RST,2012-11-08,2012-11-07 17:52:42,Q3,64279000,11185000,53094000,0.8259929370400908,5177000.0,51587000,37113000,0.0,0.0,67949000,0.0,0.0,-1880000.0,-0.029247499183248028,-3670000.0,-0.05686149442275082,-27000.0,-3655000.0,-0.05686149442275082,29735000,-33390000,-0.5194542541109849,-1.58,-1.58,21073000,21073000,https://www.sec.gov/Archives/edgar/data/1351285/000110465912075458/0001104659-12-075458-index.htm,https://www.sec.gov/Archives/edgar/data/1351285/000110465912075458/a12-19958_110q.htm
0,2012-06-30,RST,2012-08-09,2012-08-09 08:11:58,Q2,60812000,11320000,49492000,0.8138525291060975,6493000.0,48044000,35125000,0.0,0.0,65857000,0.0,0.0,-2978000.0,-0.04897059790830757,-5045000.0,-0.07735315398276656,320000.0,-4704000.0,-0.07735315398276656,-160000.0,-4544000.0,-0.07472209432348878,-0.22,-0.22,20995000,20995000,https://www.sec.gov/Archives/edgar/data/1351285/000110465912056216/0001104659-12-056216-index.htm,https://www.sec.gov/Archives/edgar/data/1351285/000110465912056216/a12-13790_110q.htm
0,2012-03-31,RST,2012-05-09,2012-05-09 15:38:48,Q1,69449000,13474000,55975000,0.8059871272444528,6273000.0,52061000,38404000,0.0,0.0,71808000,0.0,0.0,155000.0,0.0022318535904044695,-2359000.0,-0.038085501591095625,-364000.0,-2645000.0,-0.038085501591095625,-742000.0,-1903000.0,-0.0274014024679981,-0.09,-0.09,20942000,20942000,https://www.sec.gov/Archives/edgar/data/1351285/000110465912035114/0001104659-12-035114-index.htm,https://www.sec.gov/Archives/edgar/data/1351285/000104746912002634/a2208083z10-k.htm
0,2011-12-31,RST,2012-03-14,2012-03-14 16:48:40,Q4,80527000,14825000,65702000,0.8159002570566394,6389000.0,62616000,43316000,0.0,0.0,83830000,0.0,0.0,-940000.0,-0.011673103431147316,-3303000.0,-0.03931600581171533,59000.0,-3166000.0,-0.03931600581171533,1814000.0,-4980000.0,-0.061842611794801744,0.0,0.0,0.0,0.0,https://www.sec.gov/Archives/edgar/data/1351285/000104746912002634/0001047469-12-002634-index.htm,https://www.sec.gov/Archives/edgar/data/1351285/000104746912002634/a2208083z10-k.htm
0,2011-09-30,RST,2011-11-08,2011-11-08 08:24:10,Q3,64202000,11309000,52893000,0.8238528394754058,4991000.0,53936000,39821000,0.0,0.0,70236000,1000.0,0.0,-3788000.0,-0.05900127721877823,-6034000.0,-0.09250490638920907,34000.0,-5939000.0,-0.09250490638920907,-4762000.0,-1177000.0,-0.018332762219245506,-0.06,-0.06,20780000,20780000,https://www.sec.gov/Archives/edgar/data/1351285/000110465911061859/0001104659-11-061859-index.htm,https://www.sec.gov/Archives/edgar/data/1351285/000110465911061859/a11-25865_110q.htm
0,2011-06-30,RST,2011-08-08,2011-08-08 15:42:09,Q2,66743000,11520000,55223000,0.8273976297139775,6354000.0,54344000,40535000,0.0,0.0,72218000,2000.0,0.0,-3251000.0,-0.04870922793401555,-5475000.0,-0.08011327030550021,47000.0,-5347000.0,-0.08011327030550021,-797000.0,-4550000.0,-0.06817194312512173,-0.22,-0.22,20716000,20716000,https://www.sec.gov/Archives/edgar/data/1351285/000110465911044816/0001104659-11-044816-index.htm,https://www.sec.gov/Archives/edgar/data/1351285/000110465911044816/a11-14112_110q.htm
0,2011-03-31,RST,2011-05-10,2011-05-09 17:37:45,Q1,56978000,11462000,45516000,0.7988346379304293,6484000.0,52628000,37820000,0.0,0.0,70574000,3000.0,0.0,-11402000,-0.20011232405489837,-13596000,-0.237231914072098,2000.0,-13517000,-0.237231914072098,-4236000.0,-9281000.0,-0.16288743023623153,-0.45,-0.45,20675000,20675000,https://www.sec.gov/Archives/edgar/data/1351285/000104746911004808/0001047469-11-004808-index.htm,https://www.sec.gov/Archives/edgar/data/1351285/000104746911002112/a2202364z10-k.htm
0,2010-12-31,RST,2011-03-14,2011-03-14 16:40:21,Q4,74280000,12327000,61953000,0.8340468497576736,5837000.0,53532000,38983000,0.0,0.0,71696000,41000.0,0.0,4555000.0,0.06132202477113624,2584000.0,0.03435648896068928,-62000.0,2552000.0,0.03435648896068928,-2412000.0,4964000.0,0.06682821755519655,0.0,0.0,0.0,0.0,https://www.sec.gov/Archives/edgar/data/1351285/000104746911002112/0001047469-11-002112-index.htm,https://www.sec.gov/Archives/edgar/data/1351285/000104746911002112/a2202364z10-k.htm
0,2010-09-30,RST,2010-11-12,2010-11-12 16:56:14,Q3,60926000,10429000,50497000,0.828825132127499,6030000.0,46689000,34093000,0.0,0.0,63148000,8000.0,0.0,-413000.0,-0.0067787151626563374,-2222000.0,-0.025342218428913765,601000.0,-1544000.0,-0.025342218428913765,-1159000.0,-385000.0,-0.006319141253323704,-0.02,-0.02,20490000,20490000,https://www.sec.gov/Archives/edgar/data/1351285/000104746910009710/0001047469-10-009710-index.htm,https://www.sec.gov/Archives/edgar/data/1351285/000104746910009710/a2201000z10-q.htm
0,2010-06-30,RST,2010-08-13,2010-08-13 17:14:35,Q2,60648000,7602000.0,53046000,0.8746537396121884,6100000.0,41857000,29441000,0.0,0.0,55559000,8000.0,0.0,6655000.0,0.10973156575649651,5089000.0,0.0808930220287561,-204000.0,4906000.0,0.0808930220287561,1207000.0,3699000.0,0.06099129402453502,0.18,0.17,20346000,21220000,https://www.sec.gov/Archives/edgar/data/1351285/000104746910007505/0001047469-10-007505-index.htm,https://www.sec.gov/Archives/edgar/data/1351285/000104746910007505/a2199825z10-q.htm
0,2010-03-31,RST,2010-05-14,2010-05-14 16:19:36,Q1,63014000,8642000.0,54372000,0.8628558732979973,5470000.0,42004000,28361000,0.0,0.0,56116000,8000.0,0.0,8429000.0,0.13376392547687815,6898000.0,0.11043577617672264,-8000.0,6959000.0,0.11043577617672264,1954000.0,5005000.0,0.0794267940457676,0.25,0.24,20258000,21060000,https://www.sec.gov/Archives/edgar/data/1351285/000104746910005337/0001047469-10-005337-index.htm,https://www.sec.gov/Archives/edgar/data/1351285/000104746910001958/a2197162z10-k.htm
0,2009-12-31,RST,2010-03-10,2010-03-09 19:51:24,Q4,78311000,10289000,68022000,0.8686136047298592,5170000.0,44083000,31876000,0.0,0.0,59542000,8000.0,0.0,20333000,0.2596442389957988,18769000,0.24060476816794577,31000.0,18842000,0.24060476816794577,6685000.0,12157000,0.15524000459705534,0.0,0.0,0.0,0.0,https://www.sec.gov/Archives/edgar/data/1351285/000104746910001958/0001047469-10-001958-index.htm,https://www.sec.gov/Archives/edgar/data/1351285/000104746910001958/a2197162z10-k.htm
0,2009-09-30,RST,2009-11-13,2009-11-13 11:15:43,Q3,67216000,9008000.0,58208000,0.8659842894548917,6125000.0,44177000,32263000,0.0,0.0,59310000,8000.0,0.0,9381000.0,0.13956498452749344,7906000.0,0.11898952630326112,45000.0,7998000.0,0.11898952630326112,2695000.0,5303000.0,0.0788949059747679,0.26,0.25,20177000,20988000,https://www.sec.gov/Archives/edgar/data/1351285/000104746909010089/0001047469-09-010089-index.htm,https://www.sec.gov/Archives/edgar/data/1351285/000104746909010089/a2195458z10-q.htm
0,2009-06-30,RST,2009-08-11,2009-08-11 17:18:38,Q2,56460000,7702000.0,48758000,0.8635848388239462,10101000,50314000,27147000,0.0,0.0,68117000,24000.0,0.0,-10364000,-0.18356358483882396,-11657000,-0.2075628763726532,-61000.0,-11719000,-0.2075628763726532,-4427000.0,-7292000.0,-0.1291533829259653,-0.42,-0.42,17370000,17370000,https://www.sec.gov/Archives/edgar/data/1351285/000104746909007562/0001047469-09-007562-index.htm,https://www.sec.gov/Archives/edgar/data/1351285/000104746909007562/a2194068z10-q.htm
