,date,symbol,fillingDate,acceptedDate,period,revenue,costOfRevenue,grossProfit,grossProfitRatio,researchAndDevelopmentExpenses,generalAndAdministrativeExpenses,sellingAndMarketingExpenses,otherExpenses,operatingExpenses,costAndExpenses,interestExpense,depreciationAndAmortization,ebitda,ebitdaratio,operatingIncome,operatingIncomeRatio,totalOtherIncomeExpensesNet,incomeBeforeTax,incomeBeforeTaxRatio,incomeTaxExpense,netIncome,netIncomeRatio,eps,epsdiluted,weightedAverageShsOut,weightedAverageShsOutDil,link,finalLink
0,2020-09-30,CACI,2020-10-30,2020-10-30 09:58:21,Q1,1459506000,939934000,519572000,0.35599168485775323,0.0,0.0,355004000,970078000,1325082000,1325082000,-9980000.0,30144000,164568000,0.11275595989327895,134424000,0.09210239629025163,0.0,124444000,0.08526446619609648,30800000,93644000,0.06416143544459564,3.73,3.73,25099000,25099000,https://www.sec.gov/Archives/edgar/data/16058/000156459020049135/0001564590-20-049135-index.htm,https://www.sec.gov/Archives/edgar/data/16058/000156459020049135/caci-10q_20200930.htm
0,2020-06-30,CACI,2020-08-14,2020-08-14 11:07:46,Q4,1495581000,981678000,513903000,0.3436142876915393,0.0,351427000,351427000,10447000,380227000,1361905000,10447000,28799999.999999996,162476000,0.108637,133676000,0.089381,0.0,123229000,0.082395,29498000,93731000,0.062672,3.67616,3.67616,25497000,25497000,https://www.sec.gov/Archives/edgar/data/16058/000156459020040205/0001564590-20-040205-index.htm,https://www.sec.gov/Archives/edgar/data/16058/000156459020040205/caci-10k_20200630.htm
0,2020-03-31,CACI,2020-04-30 00:00:00,2020-04-30 13:34:08,Q3,1465600000,953630000,511970000,0.349325,0.0,371135000,371135000,14087000,398294000,1351924000,14087000,27159000.000000007,140835000,0.096094,113676000,0.077563,0.0,99589000,0.067951,19012000,80577000,0.054979,3.16261,3.16261,25478000,25478000,https://www.sec.gov/Archives/edgar/data/16058/000156459020020083/0001564590-20-020083-index.html,https://www.sec.gov/Archives/edgar/data/16058/000156459020020083/caci-10q_20200331.htm
0,2019-12-31,CACI,2020-01-30 00:00:00,2020-01-30 13:25:11,Q2,1395469000,904867000,490602000,0.351568,0.0,352448000,352448000,14714000,380414999.99999994,1285282000,14714000,27967000,138154000,0.099002,110187000,0.078961,0.0,95473000,0.068416,16278000,79195000,0.056752,3.11362,3.11362,25435000,25435000,https://www.sec.gov/Archives/edgar/data/16058/000156459020002663/0001564590-20-002663-index.html,https://www.sec.gov/Archives/edgar/data/16058/000156459020002663/caci-10q_20191231.htm
0,2019-09-30,CACI,2019-11-01 00:00:00,2019-11-01 09:54:21,Q1,1363392000,878881000,484511000,0.355372,0.0,357592000,357592000,16811000,384353999.9999999,1263235000,16811000,26762000,126919000,0.093091,100157000,0.073462,0.0,83346000,0.061131,15369000,67977000,0.049859,2.66242,2.66242,25532000,25532000,https://www.sec.gov/Archives/edgar/data/16058/000156459019039292/0001564590-19-039292-index.html,https://www.sec.gov/Archives/edgar/data/16058/000156459019039292/caci-10q_20190930.htm
0,2019-06-30,CACI,2019-08-21,2019-08-21 12:07:37,Q4,1373878000,906420000,467458000,0.340247,0.0,359282000,359282000,18185000,386361999.99999994,1292782000,18185000,27080000,108176000,0.078738,81096000,0.059027,0.0,62911000,0.045791,12881000,50030000,0.036415,1.96404,1.96404,25473000,25473000,https://www.sec.gov/Archives/edgar/data/16058/000156459019032721/caci-10k_20190630.htm,https://www.sec.gov/Archives/edgar/data/16058/000156459019032721/caci-10k_20190630.htm
0,2019-03-31,CACI,2019-05-02 00:00:00,2019-05-02 12:50:20,Q3,1264958000,824024000,440934000,0.348576,0.0,324828000,324828000,13466000,346025999.99999994,1170050000,13466000,21198000,116106000,0.091786,94908000,0.075029,0.0,81442000,0.064383,13297000,68145000,0.053871,2.68838,2.68838,25348000,25348000,https://www.sec.gov/Archives/edgar/data/16058/000156459019015161/0001564590-19-015161-index.html,https://www.sec.gov/Archives/edgar/data/16058/000156459019015161/caci-10q_20190331.htm
0,2018-12-31,CACI,2019-02-01 00:00:00,2019-02-01 10:33:01,Q2,1181641000,790849000,390792000,0.33072,0.0,269677000,269677000,9421000.0,288528999.9999999,1079378000,9421000.0,18898999.999999996,121662000,0.10296,102263000,0.086543,0.0,92842000,0.07857,24746000,68596000,0.058051,2.70724,2.70724,25338000,25338000,https://www.sec.gov/Archives/edgar/data/16058/000156459019001641/0001564590-19-001641-index.html,https://www.sec.gov/Archives/edgar/data/16058/000156459019001641/caci-10q_20181231.htm
0,2018-09-30,CACI,2018-11-02 00:00:00,2018-11-02 11:50:30,Q1,1165900000,782800000,383100000,0.328587,0.0,264800000,264757000,8886000.0,283500000,1066300000,8886000.0,18700000,120486000,0.103342,99600000,0.085428,0.0,90700000,0.077794,14100000,78800000,0.067587,3.10236,3.10236,25400000,25400000,https://www.sec.gov/Archives/edgar/data/16058/000156459018026407/0001564590-18-026407-index.html,https://www.sec.gov/Archives/edgar/data/16058/000156459018026407/caci-10q_20180930.htm
0,2018-06-30,CACI,2018-08-20 00:00:00,2018-08-20 15:13:34,Q4,1170100000,783300000,386800000,0.33057,0.0,287800000,287787000,9267000.0,306400000.0000001,1089700000,9267000.0,18600000,104167000,0.089024,80300000,0.068627,0.0,71100000,0.060764,24500000,51800000,0.04427,2.04743,2.04743,25300000,25300000,https://www.sec.gov/Archives/edgar/data/16058/000156459018022021/0001564590-18-022021-index.html,https://www.sec.gov/Archives/edgar/data/16058/000156459018022021/caci-10k_20180630.htm
0,2018-03-31,CACI,2018-05-04 00:00:00,2018-05-04 15:27:50,Q3,1124100000,728400000,395700000,0.352015,0.0,273100000,273145000,10566000,290900000,1019300000,10566000,17800000.000000004,128266000,0.114106,104800000,0.09323,0.0,94200000,0.0838,35400000,64500000,0.057379,2.55952,2.55952,25200000,25200000,https://www.sec.gov/Archives/edgar/data/16058/000156459018010965/0001564590-18-010965-index.html,https://www.sec.gov/Archives/edgar/data/16058/000156459018010965/caci-10q_20180331.htm
0,2017-12-31,CACI,2018-02-01 00:00:00,2018-02-01 15:44:48,Q2,1087900000,727200000,360700000,0.331556,0.0,254200000,254180000,10956000,272400000,999600000,10956000,18199999.999999996,198756000,0.182697,88300000,0.081166,0.0,77300000,0.071054,26800000,142800000,0.131262,5.66667,5.66667,25200000,25200000,https://www.sec.gov/Archives/edgar/data/16058/000156459018001197/0001564590-18-001197-index.html,https://www.sec.gov/Archives/edgar/data/16058/000156459018001197/caci-10q_20171231.htm
0,2017-09-30,CACI,2017-11-06 00:00:00,2017-11-06 14:15:03,Q1,1085800000,739700000,346100000,0.318751,0.0,261200000,261244000,11247000,278799999.99999994,1018500000,11247000,17600000,84847000,0.078142,67300000,0.061982,0.0,56100000,0.051667,14000000,42000000,0.038681,1.66667,1.66667,25200000,25200000,https://www.sec.gov/Archives/edgar/data/16058/000156459017021717/0001564590-17-021717-index.html,https://www.sec.gov/Archives/edgar/data/16058/000156459017021717/caci-10q_20170930.htm
0,2017-06-30,CACI,2017-08-21 00:00:00,2017-08-21 14:26:04,Q4,1137400000,769000000,368400000,0.323897,0.0,270400000,270395000,11721000,288299999.99999994,1057300000,11721000,17900000,97921000,0.086092,80100000,0.070424,0.0,68400000,0.060137,24100000,44200000,0.038861,1.75397,1.75397,25200000,25200000,https://www.sec.gov/Archives/edgar/data/16058/000156459017017873/0001564590-17-017873-index.html,https://www.sec.gov/Archives/edgar/data/16058/000156459017017873/caci-10k_20170630.htm
0,2017-03-31,CACI,2017-05-05 00:00:00,2017-05-05 12:36:40,Q3,1086400000,732200000,354200000,0.326031,0.0,269200000,269237000,12107000,287000000,1019200000,12107000,17699999.999999996,85007000,0.078247,67300000,0.061948,0.0,55100000,0.050718,14800000,40400000,0.037187,1.60956,1.60956,25100000,25100000,https://www.sec.gov/Archives/edgar/data/16058/000156459017009008/0001564590-17-009008-index.html,https://www.sec.gov/Archives/edgar/data/16058/000156459017009008/caci-10q_20170331.htm
0,2016-12-31,CACI,2017-02-03 00:00:00,2017-02-03 15:58:27,Q2,1057500000,705300000,352200000,0.33305,0.0,253800000,253822000,12325000,272000000,977300000,12325000,18100000,98325000,0.092979,80300000,0.075934,0.0,67900000,0.064208,25500000,42400000,0.040095,1.68924,1.68924,25100000,25100000,https://www.sec.gov/Archives/edgar/data/16058/000156459017000954/0001564590-17-000954-index.html,https://www.sec.gov/Archives/edgar/data/16058/000156459017000954/caci-10q_20161231.htm
0,2016-09-30,CACI,2016-10-28 00:00:00,2016-10-28 15:24:46,Q1,1073300000,728200000,345100000,0.321532,0.0,257300000,257338000,12489000,275400000,1003600000,12489000,18100000,87789000,0.081794,69700000,0.06494,0.0,57200000,0.053294,20500000,36700000,0.034194,1.4739,1.4739,24900000,24900000,https://www.sec.gov/Archives/edgar/data/16058/000156459016026482/0001564590-16-026482-index.html,https://www.sec.gov/Archives/edgar/data/16058/000156459016026482/caci-10q_20160930.htm
0,2016-06-30,CACI,2016-08-24,2016-08-24 17:03:41,Q4,1113900000,755600000,358300000,0.321663,0.0,258600000,258597000,0.0,277199999.99999994,1032799999.9999999,6281000.0,18699999.999999996,93381000,0.083832,81100000,0.072807,0.0,68400000,0.061406,23800000,44600000,0.04004,1.76984,1.76984,25200000,25200000,https://www.sec.gov/Archives/edgar/data/16058/000156459016024672/caci-10k_20160630.htm,https://www.sec.gov/Archives/edgar/data/16058/000156459016024672/caci-10k_20160630.htm
0,2016-03-31,CACI,2016-05-02 00:00:00,2016-05-02 16:57:34,Q3,977300000,647500000,329800000,0.33746,0.0,249500000,249477000,11115000,266100000,913600000,11115000,16600000,80215000,0.082078,63700000,0.06518,0.0,52600000,0.053822,18400000,34100000,0.034892,1.375,1.375,24800000,24800000,https://www.sec.gov/Archives/edgar/data/16058/000156459016017313/0001564590-16-017313-index.html,https://www.sec.gov/Archives/edgar/data/16058/000156459016017313/caci-10q_20160331.htm
0,2015-12-31,CACI,2016-02-05 00:00:00,2016-02-05 12:39:27,Q2,830400000,547100000,283300000,0.341161,0.0,213100000,213144000,8180000.0,227899999.99999997,775000000,8180000.0,14700000,70280000,0.084634,55500000,0.066835,0.0,47300000,0.056961,16900000,30500000,0.036729,1.22984,1.22984,24800000,24800000,https://www.sec.gov/Archives/edgar/data/16058/000156459016012385/0001564590-16-012385-index.html,https://www.sec.gov/Archives/edgar/data/16058/000156459016012385/caci-10q_20151231.htm
0,2015-09-30,CACI,2015-10-30 00:00:00,2015-10-30 13:35:54,Q1,822400000,537400000,285000000,0.346547,0.0,205700000,205700000,9182000.0,220500000,757900000,9182000.0,14800000,79282000,0.096403,64500000,0.078429,0.0,55300000,0.067242,20700000,34600000,0.042072,1.40081,1.40081,24700000,24700000,https://www.sec.gov/Archives/edgar/data/16058/000156459015008961/0001564590-15-008961-index.html,https://www.sec.gov/Archives/edgar/data/16058/000156459015008961/caci-10q_20150930.htm
0,2015-06-30,CACI,2015-08-21 00:00:00,2015-08-21 13:04:26,Q4,865500000,567400000,298100000,0.344425,0.0,207000000,206996000,0.0,223000000,790400000,12005000,15999999.999999993,94505000,0.109191,75100000,0.086771,0.0,66500000,0.076834,25100000,41400000,0.047834,1.68293,1.68293,24600000,24600000,https://www.sec.gov/Archives/edgar/data/16058/000156459015007527/0001564590-15-007527-index.html,https://www.sec.gov/Archives/edgar/data/16058/000156459015007527/caci-10k_20150630.htm
0,2015-03-31,CACI,2015-05-01 00:00:00,2015-05-01 13:57:55,Q3,817800000,542800000,275000000,0.336268,0.0,205200000,205174000,8473000.0,221300000.00000006,764100000.0000001,8473000.0,16100000,69773000,0.085318,53700000,0.065664,0.0,45200000,0.05527,16200000,29000000,0.035461,1.18367,1.18367,24500000,24500000,https://www.sec.gov/Archives/edgar/data/16058/000119312515165704/0001193125-15-165704-index.html,https://www.sec.gov/Archives/edgar/data/16058/000119312515165704/d916205d10q.htm
0,2014-12-31,CACI,2015-01-30,2015-01-30 13:09:23,Q2,815400000,546700000,268700000,0.329532,0.0,204400000,405233000,8600000.0,221199999.99999994,767899999.9999999,8600000.0,16800000,64300000,0.078857,47500000,0.058254,0.0,38900000,0.047707,14300000,24600000,0.030169,1.01235,1.01235,24300000,24300000,https://www.sec.gov/Archives/edgar/data/16058/000119312515027286/d858591d10q.htm,https://www.sec.gov/Archives/edgar/data/16058/000119312515027286/d858591d10q.htm
0,2014-09-30,CACI,2014-11-04 00:00:00,2014-11-04 15:16:55,Q1,814700000,536600000,278100000,0.341353,0.0,200800000,0.0,9080000.0,218100000.00000003,754700000,9080000.0,17200000,77080000,0.094612,60100000,0.073769,0.0,51000000,0.0626,19700000,31100000,0.038174,1.29046,1.29046,24100000,24100000,https://www.sec.gov/Archives/edgar/data/16058/000119312514396069/0001193125-14-396069-index.html,https://www.sec.gov/Archives/edgar/data/16058/000119312514396069/d786410d10q.htm
0,2014-06-30,CACI,2014-08-28 00:00:00,2014-08-28 17:00:17,Q4,905700000,612600000,293100000,0.323617,0.0,205800000,205754000,9834000.0,223899999.99999997,836500000,-2506000.0,18100000,74894000,0.082692,69200000,0.076405,0.0,59400000,0.065585,22800000,36500000,0.0403,1.4898,1.4898,24500000,24500000,https://www.sec.gov/Archives/edgar/data/16058/000119312514325463/0001193125-14-325463-index.html,https://www.sec.gov/Archives/edgar/data/16058/000119312514325463/d776116d10k.htm
0,2014-03-31,CACI,2014-05-05 00:00:00,2014-05-05 16:34:03,Q3,900400000,605800000,294600000,0.327188,0.0,216200000,216164000,11480000,234100000.00000003,839900000,11480000,17900000.000000004,78180000,0.086828,60500000,0.067192,0.0,49100000,0.054531,18000000,30800000,0.034207,1.18462,1.18462,26000000,26000000,https://www.sec.gov/Archives/edgar/data/16058/000119312514182556/0001193125-14-182556-index.html,https://www.sec.gov/Archives/edgar/data/16058/000119312514182556/d712511d10q.htm
0,2013-12-31,CACI,2014-02-06,2014-02-06 14:54:57,Q2,894200000,606700000,287500000,0.321516,0.0,204800000,204830000,9456000.0,221000000,827700000,9456000.0,16200000,82756000,0.092548,66500000,0.074368,0.0,57000000,0.063744,22100000,35000000,0.039141,1.3834,1.3834,25300000,25300000,https://www.sec.gov/Archives/edgar/data/16058/000119312514038655/d638964d10q.htm,https://www.sec.gov/Archives/edgar/data/16058/000119312514038655/d638964d10q.htm
0,2013-09-30,CACI,2013-11-01 00:00:00,2013-11-01 15:43:26,Q1,864300000,601400000,262800000,0.304061,0.0,188700000,188710000,7388000.0,201700000.00000006,803100000,7388000.0,13000000,73788000,0.085373,61200000,0.070809,0.0,53800000,0.062247,20400000,33000000,0.038181,1.33065,1.33065,24800000,24800000,https://www.sec.gov/Archives/edgar/data/16058/000119312513422947/0001193125-13-422947-index.html,https://www.sec.gov/Archives/edgar/data/16058/000119312513422947/d621272d10q.htm
0,2013-06-30,CACI,2013-08-27 00:00:00,2013-08-27 14:41:06,Q4,912900000,627200000,285700000,0.312959,0.0,204100000,204090000,6510000.0,217799999.99999994,845000000,6510000.0,13800000.000000004,81410000,0.089177,67900000,0.074378,0.0,61400000,0.067258,23200000,37900000,0.041516,1.55967,1.55967,24300000,24300000,https://www.sec.gov/Archives/edgar/data/16058/000119312513348088/0001193125-13-348088-index.html,https://www.sec.gov/Archives/edgar/data/16058/000119312513348088/d584685d10k.htm
0,2013-03-31,CACI,2013-05-06 00:00:00,2013-05-06 15:40:54,Q3,906200000,623100000,283100000,0.312403,0.0,200700000,200684000,6295000.0,214500000,837600000,6295000.0,13699999.999999996,82195000,0.090703,68600000,0.075701,0.0,62300000,0.068749,23800000,38400000,0.042375,1.62025,1.62025,23700000,23700000,https://www.sec.gov/Archives/edgar/data/16058/000119312513201455/0001193125-13-201455-index.html,https://www.sec.gov/Archives/edgar/data/16058/000119312513201455/d531170d10q.htm
0,2012-12-31,CACI,2013-02-01 00:00:00,2013-02-01 13:58:59,Q2,931600000,639600000,292000000,0.313439,0.0,209100000,209068000,6231000.0,222399999.99999997,862000000,6231000.0,13400000.000000002,82731000,0.088805,69600000,0.07471,0.0,63400000,0.068055,23400000,39700000,0.042615,1.68936,1.68936,23500000,23500000,https://www.sec.gov/Archives/edgar/data/16058/000119312513034244/0001193125-13-034244-index.html,https://www.sec.gov/Archives/edgar/data/16058/000119312513034244/d476469d10q.htm
0,2012-09-30,CACI,2012-11-02 00:00:00,2012-11-02 15:40:43,Q1,931200000,853300000,78000000,0.083763,0.0,0.0,207623000,6782000.0,13200000.000000045,866500000,6782000.0,13200000,77682000,0.083421,64700000,0.06948,0.0,58000000,0.062285,22000000,35700000,0.038338,1.4875,1.4875,24000000,24000000,https://www.sec.gov/Archives/edgar/data/16058/000119312512448984/0001193125-12-448984-index.html,https://www.sec.gov/Archives/edgar/data/16058/000119312512448984/d431963d10q.htm
0,2012-06-30,CACI,2012-08-28 00:00:00,2012-08-28 14:05:35,Q4,948900000,858100000,90800000,0.09569,0.0,0.0,206106000,5788000.0,14100000.000000022,872200000,5788000.0,14100000.000000002,90488000,0.095361,76700000,0.08083,0.0,70900000,0.074718,27200000,43400000,0.045737,1.59559,1.59559,27200000,27200000,https://www.sec.gov/Archives/edgar/data/16058/000119312512371503/0001193125-12-371503-index.html,https://www.sec.gov/Archives/edgar/data/16058/000119312512371503/d399636d10k.htm
0,2012-03-31,CACI,2012-05-04,2012-05-04 14:59:05,Q3,928000000,841400000,86500000,0.093211,0.0,0.0,208843000,6175000.0,13800000.000000069,855200000.0000001,6175000.0,13799999.999999996,86375000,0.093077,72800000,0.078448,0.0,66600000,0.071767,25500000,40900000,0.044073,1.45552,1.45552,28100000,28100000,https://www.sec.gov/Archives/edgar/data/16058/000119312512211618/d346763d10q.htm,https://www.sec.gov/Archives/edgar/data/16058/000119312512211618/d346763d10q.htm
0,2011-12-31,CACI,2012-02-06 00:00:00,2012-02-06 15:50:45,Q2,973200000,883900000,89300000,0.091759,0.0,0.0,404823000,6538000.0,14600000.000000022,898500000,6538000.0,14600000.000000002,89138000,0.091593,74700000,0.076757,0.0,68200000,0.070078,26900000,41100000,0.042232,1.50549,1.50549,27300000,27300000,https://www.sec.gov/Archives/edgar/data/16058/000119312512041051/0001193125-12-041051-index.html,https://www.sec.gov/Archives/edgar/data/16058/000119312512041051/d292957d10q.htm
0,2011-09-30,CACI,2011-11-07 00:00:00,2011-11-07 16:05:41,Q1,924400000,835200000,89200000,0.096495,0.0,0.0,0.0,5600000.0,13500000,848700000,5600000.0,13500000,89100000,0.096387,75700000,0.081891,0.0,70100000,0.075833,27900000,42100000,0.045543,1.41275,1.41275,29800000,29800000,https://www.sec.gov/Archives/edgar/data/16058/000119312511299756/0001193125-11-299756-index.html,https://www.sec.gov/Archives/edgar/data/16058/000119312511299756/d253103d10q.htm
0,2011-06-30,CACI,2011-08-29 00:00:00,2011-08-29 09:30:51,Q4,963200000,870900000,92200000,0.095723,0.0,0.0,185680000,5646000.0,14200000.000000045,885100000,5646000.0,14200000.000000004,92046000,0.095563,78100000,0.081084,0.0,72400000,0.075166,26300000,45900000,0.047654,1.43887,1.43887,31900000,31900000,https://www.sec.gov/Archives/edgar/data/16058/000119312511234902/0001193125-11-234902-index.html,https://www.sec.gov/Archives/edgar/data/16058/000119312511234902/d10k.htm
0,2011-03-31,CACI,2011-05-06 00:00:00,2011-05-06 16:17:54,Q3,913400000,836800000,76600000,0.083862,0.0,0.0,191403000,5674000.0,14800000.000000069,851600000.0000001,17498000,14799999.999999996,88098000,0.096451,61800000,0.067659,0.0,56100000,0.061419,19400000,36400000,0.039851,1.16294,1.16294,31300000,31300000,https://www.sec.gov/Archives/edgar/data/16058/000119312511130745/0001193125-11-130745-index.html,https://www.sec.gov/Archives/edgar/data/16058/000119312511130745/d10q.htm
0,2010-12-31,CACI,2011-02-04,2011-02-04 16:15:06,Q2,867300000,793800000,73500000,0.084746,0.0,0.0,185247000,5991000.0,14000000,807800000,-6000000.0,14000000.000000002,61100000,0.070449,59400000,0.068488,0.0,53400000,0.06157,19900000,33200000,0.03828,1.07443,1.07443,30900000,30900000,https://www.sec.gov/Archives/edgar/data/16058/000119312511024449/d10q.htm,https://www.sec.gov/Archives/edgar/data/16058/000119312511024449/d10q.htm
0,2010-09-30,CACI,2010-11-04 00:00:00,2010-11-04 15:53:58,Q1,834000000,768800000,65200000,0.078177,0.0,0.0,179322000,5833000.0,13100000.000000022,781900000,-5800000.0,13100000,53400000,0.064029,52100000,0.06247,0.0,46300000,0.055516,17400000,28700000,0.034412,0.92283,0.92283,31100000,31100000,https://www.sec.gov/Archives/edgar/data/16058/000119312510248022/0001193125-10-248022-index.html,https://www.sec.gov/Archives/edgar/data/16058/000119312510248022/d10q.htm
0,2010-06-30,CACI,2010-08-25 00:00:00,2010-08-25 15:59:53,Q4,848700000,780600000,68100000,0.08024,0.0,0.0,177887000,5479000.0,14100000.000000022,794700000,-5479000.0,14100000.000000002,56721000,0.066833,54000000,0.063627,0.0,48500000,0.057146,18200000,29900000,0.03523,0.96452,0.96452,31000000,31000000,https://www.sec.gov/Archives/edgar/data/16058/000119312510196811/0001193125-10-196811-index.html,https://www.sec.gov/Archives/edgar/data/16058/000119312510196811/d10k.htm
0,2010-03-31,CACI,2010-05-05 00:00:00,2010-05-05 16:49:25,Q3,784200000,722600000,61500000,0.078424,0.0,0.0,171451000,20874000,14199999.999999931,736799999.9999999,-6488000.0,14200000,48512000,0.061862,47300000,0.060316,0.0,40800000,0.052028,14100000,26700000,0.034047,0.87255,0.87255,30600000,30600000,https://www.sec.gov/Archives/edgar/data/16058/000119312510109010/0001193125-10-109010-index.html,https://www.sec.gov/Archives/edgar/data/16058/000119312510109010/d10q.htm
0,2009-12-31,CACI,2010-02-05 00:00:00,2010-02-05 10:12:40,Q2,776700000,715700000,61000000,0.078537,0.0,0.0,172603000,0.0,13599999.999999909,729299999.9999999,-7124000.0,13500000,46676000,0.060095,47500000,0.061156,0.0,40300000,0.051886,14200000,26100000,0.033604,0.85294,0.85294,30600000,30600000,https://www.sec.gov/Archives/edgar/data/16058/000119312510022840/0001193125-10-022840-index.html,https://www.sec.gov/Archives/edgar/data/16058/000119312510022840/d10q.htm
0,2009-09-30,CACI,2009-11-05 00:00:00,2009-11-05 16:13:33,Q1,739500000,682300000,57200000,0.07735,0.0,0.0,171795000,0.0,11200000.000000045,693500000,-7262000.0,11200000,42538000,0.057523,46000000,0.062204,0.0,38800000,0.052468,14700000,23900000,0.032319,0.78361,0.78361,30500000,30500000,https://www.sec.gov/Archives/edgar/data/16058/000119312509225547/0001193125-09-225547-index.html,https://www.sec.gov/Archives/edgar/data/16058/000119312509225547/d10q.htm
0,2009-06-30,CACI,2009-08-26 00:00:00,2009-08-26 16:35:45,Q4,728900000,665400000,63500000,0.087118,0.0,0.0,160275000,5959000.0,10899999.999999978,676300000,-5959000.0,11000000,49941000,0.068516,52600000,0.072164,0.0,45100000,0.061874,17400000,27500000,0.037728,0.90461,0.90461,30400000,30400000,https://www.sec.gov/Archives/edgar/data/16058/000119312509182208/0001193125-09-182208-index.html,https://www.sec.gov/Archives/edgar/data/16058/000119312509182208/d10k.htm
0,2009-03-31,CACI,2009-05-06 00:00:00,2009-05-06 16:32:15,Q3,674000000,617200000,56800000,0.084273,0.0,0.0,155445000,5241000.0,11799999.999999955,629000000,-5241000.0,11800000,43959000,0.065221,45000000,0.066766,0.0,37400000,0.05549,15400000,22000000,0.032641,0.72368,0.72368,30400000,30400000,https://www.sec.gov/Archives/edgar/data/16058/000119312509101608/0001193125-09-101608-index.html,https://www.sec.gov/Archives/edgar/data/16058/000119312509101608/d10q.htm
0,2008-12-31,CACI,2009-02-05 00:00:00,2009-02-05 12:40:19,Q2,672500000,615500000,57000000,0.084758,0.0,0.0,153981000,6122000.0,11799999.999999955,627300000,-6122000.0,11800000,42478000,0.063164,45200000,0.067212,0.0,37100000,0.055167,16100000,20700000,0.030781,0.68092,0.68092,30400000,30400000,https://www.sec.gov/Archives/edgar/data/16058/000119312509019748/0001193125-09-019748-index.html,https://www.sec.gov/Archives/edgar/data/16058/000119312509019748/d10q.htm
0,2008-09-30,CACI,2008-11-07 00:00:00,2008-11-07 16:07:16,Q1,654800000,601400000,53300000,0.081399,0.0,0.0,157871000,5740000.0,12000000,613400000,-5740000.0,12000000,39560000,0.060415,41300000,0.063073,0.0,33300000,0.050855,13700000,19600000,0.029933,0.64052,0.64052,30600000,30600000,https://www.sec.gov/Archives/edgar/data/16058/000119312508230001/0001193125-08-230001-index.html,https://www.sec.gov/Archives/edgar/data/16058/000119312508230001/d10q.htm
0,2008-06-30,CACI,2008-08-27 00:00:00,2008-08-27 14:39:36,Q4,655000000,596500000,58500000,0.089313,0.0,0.0,154702000,11425000,12200000.000000045,608700000,-11425000,12100000.000000002,40475000,0.061794,46400000,0.07084,0.0,39800000,0.060763,16300000,23500000,0.035878,0.76547,0.76547,30700000,30700000,https://www.sec.gov/Archives/edgar/data/16058/000119312508185214/0001193125-08-185214-index.html,https://www.sec.gov/Archives/edgar/data/16058/000119312508185214/d10k.htm
0,2008-03-31,CACI,2008-05-09 00:00:00,2008-05-09 15:05:32,Q3,634200000,578400000,55800000,0.087985,0.0,0.0,153406000,6751000.0,12300000.000000069,590700000.0000001,-6751000.0,12299999.999999996,42249000,0.066618,43500000,0.06859,0.0,36700000,0.057868,14400000,22300000,0.035162,0.72876,0.72876,30600000,30600000,https://www.sec.gov/Archives/edgar/data/16058/000119312508109593/0001193125-08-109593-index.html,https://www.sec.gov/Archives/edgar/data/16058/000119312508109593/d10q.htm
0,2007-12-31,CACI,2008-02-07,2008-02-07 17:18:47,Q2,577800000,527200000,50600000,0.087574,0.0,0.0,140735000,6738000.0,12299999.999999955,539500000,-6738000.0,12400000.000000002,37262000,0.064489,38300000,0.066286,0.0,31600000,0.05469,12400000,19200000,0.033229,0.62745,0.62745,30600000,30600000,https://www.sec.gov/Archives/edgar/data/16058/000119312508023116/d10q.htm,https://www.sec.gov/Archives/edgar/data/16058/000119312508023116/d10q.htm
0,2007-09-30,CACI,2007-11-09 00:00:00,2007-11-09 14:22:53,Q1,553600000,508200000,45400000,0.082009,0.0,0.0,135757000,5152000.0,10699999.999999989,518900000,-5152000.0,10700000,35048000,0.063309,34700000,0.062681,0.0,29500000,0.053288,11200000,18300000,0.033056,0.6,0.6,30500000,30500000,https://www.sec.gov/Archives/edgar/data/16058/000119312507242100/0001193125-07-242100-index.html,https://www.sec.gov/Archives/edgar/data/16058/000119312507242100/d10q.htm
0,2007-06-30,CACI,2007-08-29 00:00:00,2007-08-29 14:35:46,Q4,520400000,472700000,47700000,0.09166,0.0,0.0,124877000,25791000,9800000.000000011,482500000,-9286000.0,9900000.000000002,34414000,0.06613,37900000,0.072829,0.0,33800000,0.06495,13000000,20800000,0.039969,0.67314,0.67314,30900000,30900000,https://www.sec.gov/Archives/edgar/data/16058/000119312507191648/0001193125-07-191648-index.html,https://www.sec.gov/Archives/edgar/data/16058/000119312507191648/d10k.htm
0,2007-03-31,CACI,2007-05-04 00:00:00,2007-05-04 16:23:40,Q3,473100000,428900000,44200000,0.093426,0.0,0.0,121201000,0.0,9700000.000000045,438600000.00000006,-4934000.0,9599999.999999998,34166000,0.072217,34500000,0.072923,0.0,29500000,0.062355,11100000,18400000,0.038892,0.58599,0.58599,31400000,31400000,https://www.sec.gov/Archives/edgar/data/16058/000119312507102887/0001193125-07-102887-index.html,https://www.sec.gov/Archives/edgar/data/16058/000119312507102887/d10q.htm
0,2006-12-31,CACI,2007-02-09,2007-02-08 17:47:50,Q2,476900000,430900000,46000000,0.096456,0.0,0.0,119426000,0.0,9000000.0,439900000,-5362000.0,9100000.000000002,35338000,0.074099,37000000,0.077584,0.0,31600000,0.066261,11100000,20500000,0.042986,0.65287,0.65287,31400000,31400000,https://www.sec.gov/Archives/edgar/data/16058/000119312507024398/d10q.htm,https://www.sec.gov/Archives/edgar/data/16058/000119312507024398/d10q.htm
0,2006-09-30,CACI,2006-11-09,2006-11-09 13:23:51,Q1,467600000,420600000,47000000,0.100513,0.0,0.0,119855000,0.0,10500000,431100000,-6209000.0,10500000,34591000,0.073976,36500000,0.078058,0.0,30300000,0.064799,11500000,18800000,0.040205,0.60064,0.60064,31300000,31300000,https://www.sec.gov/Archives/edgar/data/16058/000119312506229948/d10q.htm,https://www.sec.gov/Archives/edgar/data/16058/000119312506229948/d10q.htm
0,2006-06-30,CACI,2006-09-13,2006-09-13 17:11:42,Q4,477300000,426700000,50600000,0.106013,0.0,0.0,420502000,0.0,9900000.000000034,436600000.00000006,-5500000.0,9799999.999999996,39500000,0.082757,40700000,0.085271,0.0,35200000,0.073748,13100000,22100000,0.046302,0.70607,0.70607,31300000,31300000,https://www.sec.gov/Archives/edgar/data/16058/000119312506190233/d10k.htm,https://www.sec.gov/Archives/edgar/data/16058/000119312506190233/d10k.htm
0,2006-03-31,CACI,2006-05-10,2006-05-10 17:26:48,Q3,435400000,390400000,44900000,0.103124,0.0,0.0,111281000,0.0,8100000.000000023,398500000,-4346000.0,8100000.000000001,36254000,0.083266,36800000,0.08452,0.0,32500000,0.074644,11100000,21400000,0.04915,0.6859,0.6859,31200000,31200000,https://www.sec.gov/Archives/edgar/data/16058/000119312506107841/d10q.htm,https://www.sec.gov/Archives/edgar/data/16058/000119312506107841/d10q.htm
0,2005-12-31,CACI,2006-02-09,2006-02-09 17:04:08,Q2,419500000,372400000,47200000,0.112515,0.0,0.0,101621000,0.0,7900000.000000034,380300000.00000006,-3777000.0,8000000.0,39723000,0.094691,39200000,0.093445,0.0,35500000,0.084625,13200000,22300000,0.053159,0.71935,0.71935,31000000,31000000,https://www.sec.gov/Archives/edgar/data/16058/000119312506025382/d10q.htm,https://www.sec.gov/Archives/edgar/data/16058/000119312506025382/d10q.htm
0,2005-09-30,CACI,2005-11-09,2005-11-09 17:02:59,Q1,423100000,382100000,41000000,0.096904,0.0,0.0,111206000,0.0,7500000.0,389600000,-3613000.0,7500000.0,33787000,0.079856,33500000,0.079177,0.0,29900000,0.070669,10800000,19100000,0.045143,0.61613,0.61613,31000000,31000000,https://www.sec.gov/Archives/edgar/data/16058/000119312505221708/d10q.htm,https://www.sec.gov/Archives/edgar/data/16058/000119312505221708/d10q.htm
0,2005-06-30,CACI,2005-09-13,2005-09-13 17:22:46,Q4,429800000,383800000,46000000,0.107027,0.0,0.0,103286000,0.0,8000000.0,391800000,-5953000.0,7899999.999999999,36147000,0.084102,38000000,0.088413,0.0,34200000,0.079572,12200000,22000000,0.051187,0.71197,0.71197,30900000,30900000,https://www.sec.gov/Archives/edgar/data/16058/000119312505184854/d10k.htm,https://www.sec.gov/Archives/edgar/data/16058/000119312505184854/d10k.htm
0,2005-03-31,CACI,2005-05-10,2005-05-10 17:11:03,Q3,414900000,370700000,44200000,0.106532,0.0,0.0,108827000,0.0,8100000.000000023,378800000,-3652000.0,8100000.000000001,36948000,0.089053,36200000,0.08725,0.0,32500000,0.078332,12200000,20300000,0.048927,0.66124,0.66124,30700000,30700000,https://www.sec.gov/Archives/edgar/data/16058/000119312505102979/d10q.htm,https://www.sec.gov/Archives/edgar/data/16058/000119312505102979/d10q.htm
0,2004-12-31,CACI,2005-02-09,2005-02-09 17:03:50,Q2,389700000,347300000,42400000,0.108802,0.0,0.0,104072000,0.0,7699999.999999989,355000000,-3820000.0,7699999.999999999,34680000,0.088992,34700000,0.089043,0.0,30900000,0.079292,11700000,19100000,0.049012,0.62418,0.62418,30600000,30600000,https://www.sec.gov/Archives/edgar/data/16058/000119312505023616/d10q.htm,https://www.sec.gov/Archives/edgar/data/16058/000119312505023616/d10q.htm
0,2004-09-30,CACI,2004-11-09,2004-11-09 16:05:13,Q1,388700000,347100000,41600000,0.107023,0.0,0.0,104317000,0.0,8299999.999999955,355399999.99999994,-3473000.0,8300000.0,34627000,0.089084,33300000,0.08567,0.0,29800000,0.076666,11500000,18300000,0.04708,0.60797,0.60797,30100000,30100000,https://www.sec.gov/Archives/edgar/data/16058/000119312504191264/d10q.htm,https://www.sec.gov/Archives/edgar/data/16058/000119312504191264/d10q.htm
0,2004-06-30,CACI,2004-09-13,2004-09-13 14:08:14,Q4,358300000,315900000,42400000,0.118337,0.0,0.0,0.0,0.0,6600000.000000023,322500000,-2400000.0,6600000.0,37600000,0.10494,35800000,0.099916,0.0,33300000,0.092939,12700000,20700000,0.057773,0.69231,0.69231,29900000,29900000,https://www.sec.gov/Archives/edgar/data/16058/000119312504155541/d10k.htm,https://www.sec.gov/Archives/edgar/data/16058/000119312504155541/d10k.htm
0,2004-03-31,CACI,2004-05-17,2004-05-17 15:58:09,Q3,288400000,258800000,29600000,0.102635,0.0,0.0,79377000,183822000,4399999.999999977,263199999.99999997,200000.0,4400000.0,30100000,0.104369,25200000,0.087379,0.0,25400000,0.088072,9700000.0,15800000,0.054785,0.52843,0.52843,29900000,29900000,https://www.sec.gov/Archives/edgar/data/16058/000119312504090002/d10q.htm,https://www.sec.gov/Archives/edgar/data/16058/000119312504090002/d10q.htm
0,2003-12-31,CACI,2004-02-13,2004-02-13 17:01:46,Q2,263400000,236000000,27300000,0.103645,0.0,0.0,72548000,167627000,4199999.999999989,240200000,100000.0,4200000.0,27600000,0.104784,23200000,0.088079,0.0,23200000,0.088079,9000000.0,14300000,0.05429,0.47667,0.47667,30000000,30000000,https://www.sec.gov/Archives/edgar/data/16058/000119312504023351/d10q.htm,https://www.sec.gov/Archives/edgar/data/16058/000119312504023351/d10q.htm
0,2003-09-30,CACI,2003-11-14,2003-11-14 10:41:21,Q1,235700000,211300000,24400000,0.103521,0.0,0.0,65516000,149664000,3899999.999999977,215199999.99999997,300000.0,3800000.0,25000000,0.106067,20600000,0.087399,0.0,20900000,0.088672,7900000.0,13000000,0.055155,0.43771,0.43771,29700000,29700000,https://www.sec.gov/Archives/edgar/data/16058/000119312503081261/d10q.htm,https://www.sec.gov/Archives/edgar/data/16058/000119312503081261/d10q.htm
0,2003-06-30,CACI,2003-09-29,2003-09-29 14:26:27,Q4,228600000,203700000,24900000,0.108924,0.0,0.0,65755000,141811000,3900000.0000000056,207600000,416000.0,3900000.0000000005,25816000,0.112931,21100000,0.092301,0.0,21500000,0.094051,8200000.0,13300000,0.05818,0.45238,0.45238,29400000,29400000,https://www.sec.gov/Archives/edgar/data/16058/000119312503055255/d10k.htm,https://www.sec.gov/Archives/edgar/data/16058/000119312503055255/d10k.htm
0,2003-03-31,CACI,2003-05-15,2003-05-15 14:20:53,Q3,222000000,201100000,20900000,0.094144,0.0,0.0,61696000,142467000,3099999.9999999944,204200000,477000.0,2999999.999999999,21877000,0.098545,17900000,0.080631,0.0,18300000,0.082432,6900000.0,11500000,0.051802,0.38983,0.38983,29500000,29500000,https://www.sec.gov/Archives/edgar/data/16058/000092838503001608/d10q.htm,https://www.sec.gov/Archives/edgar/data/16058/000092838503001608/d10q.htm
0,2002-12-31,CACI,2003-02-13,2003-02-13 17:18:45,Q2,204500000,184800000,19700000,0.096333,0.0,0.0,58859000,128852000,2899999.999999977,187699999.99999997,163000.0,2900000.0000000005,20063000,0.098108,16800000,0.082152,0.0,17000000,0.08313,6400000.0,10600000,0.051834,0.35932,0.35932,29500000,29500000,https://www.sec.gov/Archives/edgar/data/16058/000092838503000276/d10q.htm,https://www.sec.gov/Archives/edgar/data/16058/000092838503000276/d10q.htm
0,2002-09-30,CACI,2002-11-14 00:00:00,2002-11-14 14:42:38,Q1,188000000,170500000,17500000,0.093085,0.0,0.0,55843000,117449000,2800000.000000011,173300000,318000.0,2800000.0,18118000,0.096372,14700000,0.078191,0.0,15000000,0.079787,5600000.0,9400000.0,0.05,0.32082,0.32082,29300000,29300000,https://www.sec.gov/Archives/edgar/data/16058/000092838502003587/0000928385-02-003587-index.html,https://www.sec.gov/Archives/edgar/data/16058/000092838502003587/d10q.htm
0,2002-06-30,CACI,2002-09-27,2002-09-27 09:21:21,Q4,191000000,172800000,18200000,0.095288,0.0,0.0,53451000,122837000,3500000.0,176300000,317000.0,3500000.0,18817000,0.098518,14700000,0.076963,0.0,15000000,0.078534,5700000.0,9300000.0,0.048691,0.31741,0.31741,29300000,29300000,https://www.sec.gov/Archives/edgar/data/16058/000092838502003177/d10k.htm,https://www.sec.gov/Archives/edgar/data/16058/000092838502003177/d10k.htm
0,2002-03-31,CACI,2002-05-13 00:00:00,2002-05-13 17:18:58,Q3,182800000,165200000,17700000,0.096827,0.0,0.0,51053000,117200000,3100000.000000023,168300000.00000003,-718000.0,3100000.0000000005,16282000,0.08907,14600000,0.079869,0.0,13800000,0.075492,5300000.0,8600000.0,0.047046,0.33077,0.33077,26000000,26000000,https://www.sec.gov/Archives/edgar/data/16058/000092838502001954/0000928385-02-001954-index.html,https://www.sec.gov/Archives/edgar/data/16058/000092838502001954/d10q.htm
0,2001-12-31,CACI,2002-02-07 00:00:00,2002-02-07 00:00:00,Q2,162300000,146900000,15500000,0.095502,0.0,0.0,90663000,193634000,3099999.9999999944,150000000,-1221000.0,3200000.0,12479000,0.076888,12400000,0.076402,0.0,11800000,0.072705,4500000.0,6000000.0,0.036969,0.24691,0.24691,24300000,24300000,https://www.sec.gov/Archives/edgar/data/16058/000095016802000106/0000950168-02-000106-index.html,https://www.sec.gov/Archives/edgar/data/16058/000095016802000106/d10q.htm
0,2001-09-30,CACI,2001-11-15 00:00:00,2001-11-15 00:00:00,Q1,145800000,131900000,13900000,0.095336,0.0,0.0,0.0,0.0,2400000.0000000056,134300000,-600000.0,2500000.0,12600000,0.08642,11500000,0.078875,0.0,10800000,0.074074,4100000.0,6600000.0,0.045267,0.27966,0.27966,23600000,23600000,https://www.sec.gov/Archives/edgar/data/16058/000001605801500026/0000016058-01-500026-index.html,https://www.sec.gov/Archives/edgar/data/16058/000001605801500026/r10q901.htm
0,2001-06-30,CACI,2001-09-26,2001-09-26 00:00:00,Q4,152600000,137700000,14900000,0.097641,0.0,0.0,44901000,98268000,3800000.000000011,141500000,-749000.0,3799999.999999999,14750999.999999998,0.096664,11100000,0.072739,0.0,10400000,0.068152,4100000.0,7600000.0,0.049803,0.32479,0.32479,23400000,23400000,https://www.sec.gov/Archives/edgar/data/16058/000001605801500013/r10k901.htm,https://www.sec.gov/Archives/edgar/data/16058/000001605801500013/r10k901.htm
0,2001-03-31,CACI,2001-05-14 00:00:00,2001-05-14 00:00:00,Q3,146700000,133200000,13500000,0.092025,0.0,0.0,0.0,0.0,3600000.000000023,136800000.00000003,-1000000.0,3700000.000000001,11800000.000000002,0.080436,9900000.0,0.067485,0.0,8900000.0,0.060668,3500000.0,5600000.0,0.038173,0.24348,0.24348,23000000,23000000,https://www.sec.gov/Archives/edgar/data/16058/000001605801500006/0000016058-01-500006-index.html,https://www.sec.gov/Archives/edgar/data/16058/000001605801500006/exhibit11.htm
0,2000-12-31,CACI,2001-02-14 00:00:00,2001-02-14 00:00:00,Q2,133800000,121900000,11900000,0.088939,0.0,0.0,0.0,0.0,3399999.9999999916,125299999.99999999,-900000.0,3499999.9999999995,10400000,0.077728,8500000.0,0.063528,0.0,7600000.0,0.056801,3000000.0,4800000.0,0.035874,0.21053,0.21053,22800000,22800000,https://www.sec.gov/Archives/edgar/data/16058/000001605801000005/0000016058-01-000005-index.html,https://www.sec.gov/Archives/edgar/data/16058/000001605801000005/0000016058-01-000005-0001.htm
0,2000-09-30,CACI,2000-11-13 00:00:00,2000-11-13 00:00:00,Q1,124800000,114000000,10800000,0.086538,0.0,0.0,0.0,0.0,3000000.0,117000000,-700000.0,3100000.0,9600000.0,0.076923,7800000.0,0.0625,0.0,7100000.0,0.056891,2800000.0,4400000.0,0.035256,0.1913,0.1913,23000000,23000000,https://www.sec.gov/Archives/edgar/data/16058/000001605800000031/0000016058-00-000031-index.html,https://www.sec.gov/Archives/edgar/data/16058/000001605800000031/0000016058-00-000031-0001.htm
0,2000-06-30,CACI,,,Q4,122700000,110700000,11900000,0.096985,0.0,0.0,0.0,0.0,3000000.0,113700000,-600000.0,3400000.0000000005,10900000,0.088835,9000000.0,0.07335,0.0,8400000.0,0.06846,3300000.0,4800000.0,0.03912,0.20513,0.20513,23400000,23400000,,
0,2000-03-31,CACI,2000-05-15 00:00:00,2000-05-15 00:00:00,Q3,122100000,111300000,10800000,0.088452,0.0,0.0,0.0,0.0,3000000.0,114300000,-500000.0,3000000.0,9700000.0,0.079443,7800000.0,0.063882,0.0,7200000.0,0.058968,2800000.0,4400000.0,0.036036,0.18803,0.18803,23400000,23400000,https://www.sec.gov/Archives/edgar/data/16058/000001605800000017/0000016058-00-000017-index.html,https://www.sec.gov/Archives/edgar/data/16058/000001605800000017/0000016058-00-000017-d1.html
0,1999-12-31,CACI,,,Q2,121100000,110100000,11000000,0.090834,0.0,0.0,0.0,0.0,2800000.000000011,112900000.00000001,-1000000.0,2800000.0,30000000,0.247729,8200000.0,0.067713,0.0,7100000.0,0.058629,2800000.0,25400000,0.209744,1.09957,1.09957,23100000,23100000,,
0,1999-09-30,CACI,1999-11-12 00:00:00,1999-11-12 00:00:00,Q1,118700000,108200000,10500000,0.088458,0.0,0.0,0.0,0.0,2799999.999999997,111000000,-1100000.0,2800000.0,8100000.0,0.068239,7700000.0,0.064869,0.0,6600000.0,0.055602,2600000.0,3800000.0,0.032013,0.1674,0.1674,22700000,22700000,https://www.sec.gov/Archives/edgar/data/16058/000001605899000034/0000016058-99-000034-index.html,https://www.sec.gov/Archives/edgar/data/16058/000001605899000034/0000016058-99-000034-d1.html
0,1999-06-30,CACI,,,Q4,124000000,113100000,10900000,0.087903,0.0,0.0,0.0,0.0,2900000.0000000056,116000000,-1100000.0,3000000.0,8800000.0,0.070968,8000000.0,0.064516,0.0,6900000.0,0.055645,2800000.0,4100000.0,0.033065,0.18222,0.18222,22500000,22500000,,
0,1999-03-31,CACI,1999-05-17 00:00:00,1999-05-17 00:00:00,Q3,117800000,107600000,10100000,0.085739,0.0,0.0,0.0,0.0,2800000.000000011,110400000.00000001,-1200000.0,2900000.0000000005,7800000.0,0.066214,7300000.0,0.061969,0.0,6200000.0,0.052632,2500000.0,3600000.0,0.03056,0.16071,0.16071,22400000,22400000,https://www.sec.gov/Archives/edgar/data/16058/000001605899000006/0000016058-99-000006-index.html,https://www.sec.gov/Archives/edgar/data/16058/0000016058-99-000006.txt
0,1998-12-31,CACI,1999-02-12 00:00:00,1999-02-12 00:00:00,Q2,101800000,92400000,9300000.0,0.091356,0.0,0.0,0.0,0.0,2599999.9999999944,95000000,-1000000.0,2600000.0,7200000.0,0.070727,6700000.0,0.065815,0.0,5800000.0,0.056974,2200000.0,3400000.0,0.033399,0.15179,0.15179,22400000,22400000,https://www.sec.gov/Archives/edgar/data/16058/000001605899000004/0000016058-99-000004-index.html,https://www.sec.gov/Archives/edgar/data/16058/0000016058-99-000004.txt
0,1998-09-30,CACI,1998-11-10 00:00:00,1998-11-10 00:00:00,Q1,89900000,82100000,7800000.0,0.086763,0.0,0.0,0.0,0.0,2300000.000000011,84400000.00000001,-500000.0,2400000.0,6900000.0,0.076752,5500000.0,0.061179,0.0,5000000.0,0.055617,1900000.0,3100000.0,0.034483,0.13839,0.13839,22400000,22400000,https://www.sec.gov/Archives/edgar/data/16058/000001605898000024/0000016058-98-000024-index.html,https://www.sec.gov/Archives/edgar/data/16058/0000016058-98-000024.txt
0,1998-06-30,CACI,,,Q4,91100000,83000000,8100000.0,0.088913,0.0,0.0,0.0,0.0,2400000.0000000056,85400000,-500000.0,2400000.0000000005,7100000.0,0.077936,5700000.0,0.062569,0.0,5200000.0,0.05708,1900000.0,3300000.0,0.036224,0.14732,0.14732,22400000,22400000,,
0,1998-03-31,CACI,1998-05-14 00:00:00,1998-05-14 00:00:00,Q3,85200000,77800000,7500000.0,0.088028,0.0,0.0,0.0,0.0,2100000.0000000084,79900000.00000001,-600000.0,2099999.9999999995,6200000.0,0.07277,5300000.0,0.062207,0.0,4700000.0,0.055164,1600000.0,3100000.0,0.036385,0.13839,0.13839,22400000,22400000,https://www.sec.gov/Archives/edgar/data/16058/000001605898000006/0000016058-98-000006-index.html,https://www.sec.gov/Archives/edgar/data/16058/0000016058-98-000006.txt
0,1997-12-31,CACI,1998-02-13 00:00:00,1998-02-13 00:00:00,Q2,79100000,71700000,7400000.0,0.093552,0.0,0.0,0.0,0.0,2299999.999999997,74000000,-500000.0,2400000.0000000005,6600000.0,0.083439,5100000.0,0.064475,0.0,4600000.0,0.058154,1800000.0,2900000.0,0.036662,0.13004,0.13004,22300000,22300000,https://www.sec.gov/Archives/edgar/data/16058/000001605898000004/0000016058-98-000004-index.html,https://www.sec.gov/Archives/edgar/data/16058/0000016058-98-000004.txt
0,1997-09-30,CACI,1997-11-14 00:00:00,1997-11-14 00:00:00,Q1,70700000,64500000,6200000.0,0.087694,0.0,0.0,0.0,0.0,2000000.0,66500000,-200000.0,2000000.0,5700000.0,0.080622,4200000.0,0.059406,0.0,3900000.0,0.055163,1500000.0,2400000.0,0.033946,0.10811,0.10811,22200000,22200000,https://www.sec.gov/Archives/edgar/data/16058/000001605897000029/0000016058-97-000029-index.html,https://www.sec.gov/Archives/edgar/data/16058/0000016058-97-000029.txt
0,1997-06-30,CACI,,,Q4,70500000,67700000,2800000.0,0.039716,0.0,0.0,0.0,0.0,0.0,67700000,-200000.0,2100000.0000000005,4400000.000000001,0.062411,2800000.0,0.039716,0.0,2600000.0,0.036879,1000000.0,1500000.0,0.021277,0.06757,0.06757,22200000,22200000,,
0,1997-03-31,CACI,1997-05-14 00:00:00,1997-05-14 00:00:00,Q3,70900000,65600000,5300000.0,0.074753,0.0,0.0,0.0,0.0,0.0,65600000,-400000.0,1799999.9999999998,6300000.0,0.088858,5300000.0,0.074753,0.0,4900000.0,0.069111,1900000.0,3000000.0,0.042313,0.13514,0.13514,22200000,22200000,https://www.sec.gov/Archives/edgar/data/16058/000001605897000012/0000016058-97-000012-index.html,https://www.sec.gov/Archives/edgar/data/16058/0000016058-97-000012.txt
0,1996-12-31,CACI,1997-02-13 00:00:00,1997-02-13 00:00:00,Q2,68800000,63800000,5100000.0,0.074128,0.0,0.0,0.0,0.0,0.0,63800000,-300000.0,1600000.0,6000000.0,0.087209,5100000.0,0.074128,0.0,4800000.0,0.069767,1900000.0,2800000.0,0.040698,0.12727,0.12727,22000000,22000000,https://www.sec.gov/Archives/edgar/data/16058/000001605897000009/0000016058-97-000009-index.html,https://www.sec.gov/Archives/edgar/data/16058/0000016058-97-000009.txt
0,1996-09-30,CACI,1996-11-13 00:00:00,1996-11-13 00:00:00,Q1,62700000,58000000,4700000.0,0.07496,0.0,0.0,0.0,0.0,0.0,58000000,-200000.0,1400000.0,5700000.0,0.090909,4700000.0,0.07496,0.0,4500000.0,0.07177,1800000.0,2700000.0,0.043062,0.12385,0.12385,21800000,21800000,https://www.sec.gov/Archives/edgar/data/16058/000001605896000024/0000016058-96-000024-index.html,https://www.sec.gov/Archives/edgar/data/16058/0000016058-96-000024.txt
0,1996-06-30,CACI,,,Q4,65300000,60700000,4600000.0,0.070444,0.0,0.0,0.0,0.0,0.0,60700000,-200000.0,1500000.0,5700000.0,0.087289,4600000.0,0.070444,0.0,4400000.0,0.067381,1700000.0,2700000.0,0.041348,0.125,0.125,21600000,21600000,,
0,1996-03-31,CACI,1996-05-14 00:00:00,1996-05-14 00:00:00,Q3,62300000,57800000,4500000.0,0.072231,0.0,0.0,0.0,0.0,0.0,57800000,-200000.0,1400000.0,5500000.0,0.088283,4500000.0,0.072231,0.0,4200000.0,0.067416,1700000.0,2600000.0,0.041734,0.1215,0.1215,21400000,21400000,https://www.sec.gov/Archives/edgar/data/16058/000001605896000011/0000016058-96-000011-index.html,https://www.sec.gov/Archives/edgar/data/16058/0000016058-96-000011.txt
0,1995-12-31,CACI,1996-02-13 00:00:00,1996-02-13 00:00:00,Q2,59300000,55300000,4000000.0,0.067454,0.0,0.0,0.0,0.0,0.0,55300000,-100000.0,1400000.0,5100000.0,0.086003,4000000.0,0.067454,0.0,3900000.0,0.065767,1500000.0,2300000.0,0.038786,0.10748,0.10748,21400000,21400000,https://www.sec.gov/Archives/edgar/data/16058/000001605896000007/0000016058-96-000007-index.html,https://www.sec.gov/Archives/edgar/data/16058/0000016058-96-000007.txt
0,1995-09-30,CACI,1995-11-13 00:00:00,1995-11-13 00:00:00,Q1,57600000,53900000,3700000.0,0.064236,0.0,0.0,0.0,0.0,0.0,53900000,0.0,1200000.0,4800000.0,0.083333,3700000.0,0.064236,0.0,3600000.0,0.0625,1400000.0,2200000.0,0.038194,0.1028,0.1028,21400000,21400000,https://www.sec.gov/Archives/edgar/data/16058/000001605895000023/0000016058-95-000023-index.html,https://www.sec.gov/Archives/edgar/data/16058/0000016058-95-000023.txt
0,1995-06-30,CACI,,,Q4,59100000,55500000,3500000.0,0.059222,0.0,0.0,0.0,0.0,0.0,55500000,0.0,1299999.9999999998,4800000.0,0.081218,3500000.0,0.059222,0.0,3500000.0,0.059222,1400000.0,2100000.0,0.035533,0.09859,0.09859,21300000,21300000,,
0,1995-03-31,CACI,1995-05-12 00:00:00,1995-05-12 00:00:00,Q3,61600000,57900000,3700000.0,0.060065,0.0,0.0,0.0,0.0,0.0,57900000,-200000.0,1300000.0000000002,4600000.0,0.074675,3700000.0,0.060065,0.0,3500000.0,0.056818,1400000.0,2100000.0,0.034091,0.09906,0.09906,21200000,21200000,https://www.sec.gov/Archives/edgar/data/16058/000001605895000006/0000016058-95-000006-index.html,https://www.sec.gov/Archives/edgar/data/16058/0000016058-95-000006.txt
0,1994-12-31,CACI,1995-02-07 00:00:00,1995-02-07 00:00:00,Q2,57400000,54000000,3400000.0,0.059233,0.0,0.0,0.0,0.0,0.0,54000000,-100000.0,1200000.0,4300000.0,0.074913,3400000.0,0.059233,0.0,3200000.0,0.055749,1200000.0,2000000.0,0.034843,0.09434,0.09434,21200000,21200000,https://www.sec.gov/Archives/edgar/data/16058/000001605895000003/0000016058-95-000003-index.html,https://www.sec.gov/Archives/edgar/data/16058/0000016058-95-000003.txt
0,1994-09-30,CACI,1994-11-14 00:00:00,1994-11-14 00:00:00,Q1,54900000,51600000,3300000.0,0.060109,0.0,0.0,0.0,0.0,0.0,51600000,-100000.0,1200000.0,4200000.0,0.076503,3300000.0,0.060109,0.0,3100000.0,0.056466,1200000.0,1900000.0,0.034608,0.08962,0.08962,21200000,21200000,https://www.sec.gov/Archives/edgar/data/16058/000001605894000014/0000016058-94-000014-index.html,https://www.sec.gov/Archives/edgar/data/16058/0000016058-94-000014.txt
