,date,symbol,fillingDate,acceptedDate,period,revenue,costOfRevenue,grossProfit,grossProfitRatio,researchAndDevelopmentExpenses,generalAndAdministrativeExpenses,sellingAndMarketingExpenses,otherExpenses,operatingExpenses,costAndExpenses,interestExpense,depreciationAndAmortization,ebitda,ebitdaratio,operatingIncome,operatingIncomeRatio,totalOtherIncomeExpensesNet,incomeBeforeTax,incomeBeforeTaxRatio,incomeTaxExpense,netIncome,netIncomeRatio,eps,epsdiluted,weightedAverageShsOut,weightedAverageShsOutDil,link,finalLink
0,2020-08-31,ORCL,,,Q1,9367000000,1880000000,7487000000,0.7992953987402583,1589000000,2149000000,1854000000,55000000,0.0,5963000000,614000000,0.0,4153000000,0.4433650048040995,3404000000,0.27703640439842,-226000000,2595000000,0.27703640439842,344000000,2251000000,0.24031173267855235,0.74,0.72,3041000000,3107000000,,
0,2020-05-31,ORCL,2020-06-22 00:00:00,2020-06-22 16:25:49,Q4,10439000000,1969000000,8470000000,0.8113804004214963,1479000000,2237000000,1959000000,4000000.0,0.0,6050000000,579000000,0.0,5136000000,0.4920011495353961,4389000000,0.3540569020021075,-184000000,3696000000,0.3540569020021075,580000000,3116000000,0.2984960245234218,0.0,0.0,0.0,0.0,https://www.sec.gov/Archives/edgar/data/1341439/000156459020030125/0001564590-20-030125-index.html,https://www.sec.gov/Archives/edgar/data/1341439/000156459020030125/orcl-10k_20200531.htm
0,2020-02-29,ORCL,2020-03-13 00:00:00,2020-03-13 16:21:31,Q3,9796000000,1964000000,7832000000,0.7995100040832993,1500000000,2337000000,2049000000,-43000000,0.0,6201000000,456000000,0.0,4394000000,0.4485504287464271,3595000000,0.31400571661902815,-185000000,3076000000,0.31400571661902815,505000000,2571000000,0.2624540628828093,0.81,0.79,3190000000,3271000000,https://www.sec.gov/Archives/edgar/data/1341439/000156459020010833/0001564590-20-010833-index.html,https://www.sec.gov/Archives/edgar/data/1341439/000156459020010833/orcl-10q_20200229.htm
0,2019-11-30,ORCL,2019-12-13 00:00:00,2019-12-13 16:22:03,Q2,9614000000,2048000000,7566000000,0.7869773247347618,1531000000,2391000000,2068000000,19000000,0.0,6377000000,465000000,0.0,4103000000,0.4267734553775744,3237000000,0.2922820886207614,-107000000,2810000000,0.2922820886207614,499000000,2311000000,0.24037861452049095,0.71,0.69,3245000000,3331000000,https://www.sec.gov/Archives/edgar/data/1341439/000156459019045966/0001564590-19-045966-index.html,https://www.sec.gov/Archives/edgar/data/1341439/000156459019045966/orcl-10q_20191130.htm
0,2019-08-31,ORCL,2019-09-13,2019-09-13 16:22:37,Q1,9218000000,1957000000,7261000000,0.7876979822087221,1557000000,2310000000,2018000000,4000000.0,0.0,6238000000,494000000,0.0,3884000000,0.4213495335213712,2980000000,0.2692558038620091,-194000000,2482000000,0.2692558038620091,345000000,2137000000,0.23182903015838577,0.64,0.63,3317000000,3410000000,https://www.sec.gov/Archives/edgar/data/1341439/000156459019023119/orcl-10k_20190531.htm,https://www.sec.gov/Archives/edgar/data/1341439/000156459019023119/orcl-10k_20190531.htm
0,2019-05-31,ORCL,2019-06-21 00:00:00,2019-06-21 16:29:05,Q4,11137000000,2063000000,9074000000,0.8147616054592799,1562000000,2648000000,2318000000,21000000,0.0,6697000000,525000000,0.0,5371000000,0.4822663194756218,4440000000,0.3471311843404867,-251000000,3866000000,0.3471311843404867,126000000,3740000000,0.3358175451198707,1.1,1.07,3389000000,3495000000,https://www.sec.gov/Archives/edgar/data/1341439/000156459019023119/0001564590-19-023119-index.html,https://www.sec.gov/Archives/edgar/data/1341439/000156459019023119/orcl-10k_20190531.htm
0,2019-02-28,ORCL,2019-03-18 00:00:00,2019-03-18 16:12:45,Q3,9614000000,1976000000,7638000000,0.7944664031620553,1426000000,2367000000,2051000000,198000000,0.0,6176000000,509000000,0.0,4390000000,0.45662575410859163,3438000000,0.321198252548367,-87000000,3088000000,0.321198252548367,343000000,2745000000,0.2855211150405658,0.78,0.76,3526000000,3617000000,https://www.sec.gov/Archives/edgar/data/1341439/000156459019008273/0001564590-19-008273-index.html,https://www.sec.gov/Archives/edgar/data/1341439/000156459019008273/orcl-10q_20190228.htm
0,2018-11-30,ORCL,2018-12-19 00:00:00,2018-12-19 16:15:00,Q2,9562000000,2001000000,7561000000,0.7907341560343024,1475000000,2400000000,2101000000,-50000000,0.0,6300000000,519000000,0.0,4180000000,0.4371470403681238,3262000000,0.29010667224430037,-265000000,2774000000,0.29010667224430037,441000000,2333000000,0.24398661367914662,0.63,0.61,3720000000,3817000000,https://www.sec.gov/Archives/edgar/data/1341439/000156459018031113/0001564590-18-031113-index.html,https://www.sec.gov/Archives/edgar/data/1341439/000156459018031113/orcl-10q_20181130.htm
0,2018-08-31,ORCL,2018-09-19 00:00:00,2018-09-19 16:53:42,Q1,9193000000,1953000000,7240000000,0.7875557489394104,1564000000,2360000000,2039000000,16000000,0.0,6311000000,529000000,0.0,3927000000,0.42717284890677687,2882000000,0.2762971826389644,-161000000,2540000000,0.2762971826389644,275000000,2265000000,0.24638311758947026,0.58,0.57,3904000000,3999000000,https://www.sec.gov/Archives/edgar/data/1341439/000156459018023315/0001564590-18-023315-index.html,https://www.sec.gov/Archives/edgar/data/1341439/000156459018023315/orcl-10q_20180831.htm
0,2018-05-31,ORCL,2018-06-22 00:00:00,2018-06-22 16:09:07,Q4,11252000000,2179000000,9073000000,0.8063455385709207,1544000000,2632000000,2325000000,8000000.0,0.0,6770000000,548000000,0.0,5520000000,0.4905794525417704,4482000000,0.3679345894063278,-146000000,4140000000,0.3679345894063278,733000000,3407000000,0.30279061500177745,0.84,0.82,4046000000,4149000000,https://www.sec.gov/Archives/edgar/data/1341439/000119312518201034/0001193125-18-201034-index.html,https://www.sec.gov/Archives/edgar/data/1341439/000119312518201034/d568983d10k.htm
0,2018-02-28,ORCL,2018-03-21 00:00:00,2018-03-21 16:12:09,Q3,9771000000,2002000000,7769000000,0.7951079725718965,1498000000,2373000000,2033000000,182000000,0.0,6267000000,533000000,0.0,4661000000,0.4770238460751203,3504000000,0.33773411114522567,16000000,3300000000,0.33773411114522567,7324000000,-4024000000,-0.4118309282570873,-0.98,-0.98,4122000000,4122000000,https://www.sec.gov/Archives/edgar/data/1341439/000119312518090646/0001193125-18-090646-index.html,https://www.sec.gov/Archives/edgar/data/1341439/000119312518090646/d548579d10q.htm
0,2017-11-30,ORCL,2017-12-18 00:00:00,2017-12-18 17:03:58,Q2,9621000000,1965000000,7656000000,0.7957592765824758,1475000000,2403000000,2082000000,29000000,0.0,6243000000,475000000,0.0,4346000000,0.451720195405883,3378000000,0.29799397152063195,-315000000,2867000000,0.29799397152063195,634000000,2233000000,0.2320964556698888,0.54,0.52,4160000000,4283000000,https://www.sec.gov/Archives/edgar/data/1341439/000119312517372232/0001193125-17-372232-index.html,https://www.sec.gov/Archives/edgar/data/1341439/000119312517372232/d510241d10q.htm
0,2017-08-31,ORCL,2017-09-18 00:00:00,2017-09-18 17:20:03,Q1,9187000000,1933000000,7254000000,0.7895939915097421,1574000000,2312000000,1992000000,27000000,0.0,6230000000,469000000,0.0,3890000000,0.42342440404919995,2957000000,0.2813758571895069,-160000000,2585000000,0.2813758571895069,375000000,2210000000,0.24055730924131927,0.53,0.52,4156000000,4284000000,https://www.sec.gov/Archives/edgar/data/1341439/000119312517287455/0001193125-17-287455-index.html,https://www.sec.gov/Archives/edgar/data/1341439/000119312517287455/d407367d10q.htm
0,2017-05-31,ORCL,2017-06-27 00:00:00,2017-06-27 16:05:35,Q4,10893000000,2003000000,8890000000,0.8161204443220417,1608000000,2631000000,2314000000,17000000,0.0,6683000000,481000000,0.0,5147000000,0.4725052786192968,4210000000,0.3452676030478289,-192000000,3761000000,0.3452676030478289,529000000,3232000000,0.2967043055173047,0.78,0.76,4132000000,4248000000,https://www.sec.gov/Archives/edgar/data/1341439/000119312517214833/0001193125-17-214833-index.html,https://www.sec.gov/Archives/edgar/data/1341439/000119312517214833/d385998d10k.htm
0,2017-02-28,ORCL,2017-03-17 00:00:00,2017-03-17 16:07:09,Q3,9205000000,1892000000,7313000000,0.7944595328625746,1521000000,2245000000,2004000000,32000000,0.0,6055000000,450000000,0.0,4015000000,0.43617599130907114,3150000000,0.2931015752308528,-199000000,2698000000,0.2931015752308528,459000000,2239000000,0.24323737099402498,0.55,0.53,4107000000,4204000000,https://www.sec.gov/Archives/edgar/data/1341439/000119312517087309/0001193125-17-087309-index.html,https://www.sec.gov/Archives/edgar/data/1341439/000119312517087309/d353998d10q.htm
0,2016-11-30,ORCL,2016-12-19 00:00:00,2016-12-19 16:12:44,Q2,9035000000,1797000000,7238000000,0.8011068068622026,1510000000,2263000000,1960000000,5000000.0,0.0,5872000000,451000000,0.0,3874000000,0.4287769784172662,3163000000,0.2971776425013835,-231000000,2685000000,0.2971776425013835,653000000,2032000000,0.22490315439955727,0.5,0.48,4104000000,4195000000,https://www.sec.gov/Archives/edgar/data/1341439/000119312516797253/0001193125-16-797253-index.html,https://www.sec.gov/Archives/edgar/data/1341439/000119312516797253/d289857d10q.htm
0,2016-08-31,ORCL,2016-09-19,2016-09-19 17:10:13,Q1,8595000000,1776000000,6819000000,0.7933682373472949,1520000000,2234000000,1919000000,19000000,0.0,5841000000,416000000,0.0,3448000000,0.40116346713205353,2754000000,0.27609075043630016,-142000000,2373000000,0.27609075043630016,541000000,1832000000,0.21314717859220478,0.44,0.43,4119000000,4221000000,https://www.sec.gov/Archives/edgar/data/1341439/000119312516628942/d203801d10k.htm,https://www.sec.gov/Archives/edgar/data/1341439/000119312516628942/d203801d10k.htm
0,2016-05-31,ORCL,2016-06-22 00:00:00,2016-06-22 16:24:36,Q4,10594000000,1936000000,8658000000,0.8172550500283179,1534000000,2629000000,2306000000,33000000,0.0,6454000000,362000000,0.0,4891000000,0.46167642061544273,4140000000,0.3522748725693789,-202000000,3732000000,0.3522748725693789,918000000,2814000000,0.265622050217104,0.68,0.66,4147000000,4238000000,https://www.sec.gov/Archives/edgar/data/1341439/000119312516628942/0001193125-16-628942-index.html,https://www.sec.gov/Archives/edgar/data/1341439/000119312516628942/d203801d10k.htm
0,2016-02-29,ORCL,2016-03-18 00:00:00,2016-03-18 16:11:19,Q3,9012000000,1839000000,7173000000,0.7959387483355526,1419000000,2193000000,1903000000,-25000000,0.0,5859000000,360000000,0.0,3855000000,0.427762982689747,3153000000,0.3031513537505548,-202000000,2732000000,0.3031513537505548,590000000,2142000000,0.23768308921438083,0.51,0.5,4182000000,4256000000,https://www.sec.gov/Archives/edgar/data/1341439/000119312516510333/0001193125-16-510333-index.html,https://www.sec.gov/Archives/edgar/data/1341439/000119312516510333/d48108d10q.htm
0,2015-11-30,ORCL,2015-12-18 00:00:00,2015-12-18 16:04:50,Q2,8993000000,1853000000,7140000000,0.7939508506616257,1444000000,2230000000,1945000000,18000000,0.0,5950000000,371000000,0.0,3788000000,0.4212165017235628,3043000000,0.2966751918158568,-127000000,2668000000,0.2966751918158568,471000000,2197000000,0.24430112309574112,0.52,0.51,4239000000,4316000000,https://www.sec.gov/Archives/edgar/data/1341439/000119312515407703/0001193125-15-407703-index.html,https://www.sec.gov/Archives/edgar/data/1341439/000119312515407703/d134252d10q.htm
0,2015-08-31,ORCL,2015-09-18 00:00:00,2015-09-18 17:18:22,Q1,8448000000,1850000000,6598000000,0.7810132575757576,1390000000,1988000000,1731000000,-32000000,0.0,5680000000,374000000,0.0,3494000000,0.41358901515151514,2768000000,0.2734375,-201000000,2310000000,0.2734375,563000000,1747000000,0.20679450757575757,0.4,0.4,4317000000,4412000000,https://www.sec.gov/Archives/edgar/data/1341439/000119312515323532/0001193125-15-323532-index.html,https://www.sec.gov/Archives/edgar/data/1341439/000119312515323532/d64286d10q.htm
0,2015-05-31,ORCL,2015-06-25 00:00:00,2015-06-25 17:03:14,Q4,10706000000,2053000000,8653000000,0.808238371006912,1436000000,2490000000,2212000000,7000000.0,0.0,6486000000,326000000,0.0,5030000000,0.46983000186811136,4220000000,0.34532038109471325,-296000000,3697000000,0.34532038109471325,940000000,2757000000,0.2575191481412292,0.63,0.62,4359000000,4463000000,https://www.sec.gov/Archives/edgar/data/1341439/000119312515235239/0001193125-15-235239-index.html,https://www.sec.gov/Archives/edgar/data/1341439/000119312515235239/d920711d10k.htm
0,2015-02-28,ORCL,2015-03-19,2015-03-19 16:31:53,Q3,9327000000,1900000000,7427000000,0.7962903398734856,1370000000,2091000000,1839000000,7000000.0,0.0,5888000000,273000000,0.0,4215000000,0.4519137986490833,3439000000,0.33772917336764235,-98000000,3150000000,0.33772917336764235,655000000,2495000000,0.2675029484292913,0.57,0.56,4389000000,4494000000,https://www.sec.gov/Archives/edgar/data/1341439/000119312515098586/d851089d10q.htm,https://www.sec.gov/Archives/edgar/data/1341439/000119312515098586/d851089d10q.htm
0,2014-11-30,ORCL,2014-12-19 00:00:00,2014-12-19 16:38:45,Q2,9598000000,1899000000,7699000000,0.802146280475099,1389000000,2169000000,1897000000,-1000000.0,0.0,6025000000,282000000,0.0,4347000000,0.4529068555949156,3573000000,0.3405917899562409,-101000000,3269000000,0.3405917899562409,767000000,2502000000,0.2606793081892061,0.57,0.56,4417000000,4505000000,https://www.sec.gov/Archives/edgar/data/1341439/000119312514448728/0001193125-14-448728-index.html,https://www.sec.gov/Archives/edgar/data/1341439/000119312514448728/d819288d10q.htm
0,2014-08-31,ORCL,2014-09-23 00:00:00,2014-09-23 17:28:28,Q1,8596000000,1681000000,6915000000,0.8044439274080968,1329000000,1982000000,1706000000,14000000,0.0,5539000000,261000000,0.0,3821000000,0.44450907398790135,3057000000,0.3161935784085621,-167000000,2718000000,0.3161935784085621,534000000,2184000000,0.254071661237785,0.49,0.48,4451000000,4548000000,https://www.sec.gov/Archives/edgar/data/1341439/000119312514350291/0001193125-14-350291-index.html,https://www.sec.gov/Archives/edgar/data/1341439/000119312514350291/d770194d10q.htm
0,2014-05-31,ORCL,2014-06-26 00:00:00,2014-06-26 17:07:01,Q4,11320000000,2207000000,9113000000,0.805035335689046,1348000000,2231000000,1966000000,17000000,0.0,6354000000,240000000,0.0,5758000000,0.5086572438162544,4966000000,0.40530035335689046,-212000000,4588000000,0.40530035335689046,942000000,3646000000,0.3220848056537102,0.0,0.0,0.0,0.0,https://www.sec.gov/Archives/edgar/data/1341439/000119312514251351/0001193125-14-251351-index.html,https://www.sec.gov/Archives/edgar/data/1341439/000119312514251351/d725622d10k.htm
0,2014-02-28,ORCL,,,Q3,9307000000,1676000000,7631000000,0.8199204899537982,1292000000,2179000000,1928000000,14000000,0.0,5707000000,228000000,0.0,4368000000,0.4693241646072848,3600000000,0.34909208122918234,-190000000,3249000000,0.34909208122918234,684000000,2565000000,0.2755990114967229,0.57,0.56,4496000000,4575000000,,
0,2014-01-31,ORCL,2014-03-20,2014-03-20 16:28:15,Q3,9308000000,1657000000,7651000000,0.8219810915341642,1293000000,251000000,1928000000,2269000000,5741000000,5741000000,-446000000,150000000,3717000000,0.35603785346,3567000000,0.35603785346,-29000000,3250000000,0.332407774693,685000000,2565000000,0.268827562759,0.55316,0.55316,4571000000,4637000000,https://www.sec.gov/Archives/edgar/data/1341439/000119312514108126/0001193125-14-108126-index.htm,https://www.sec.gov/Archives/edgar/data/1341439/000119312514108126/d669179d10q.htm
0,2013-11-30,ORCL,2013-12-20 00:00:00,2013-12-20 16:33:44,Q2,9275000000,1719000000,7556000000,0.8146630727762804,1273000000,2227000000,1965000000,37000000,0.0,5796000000,230000000,0.0,4275000000,0.4609164420485175,3479000000,0.34533692722371967,-111000000,3203000000,0.34533692722371967,650000000,2553000000,0.27525606469002695,0.56,0.56,4535000000,4600000000,https://www.sec.gov/Archives/edgar/data/1341439/000119312513481081/0001193125-13-481081-index.html,https://www.sec.gov/Archives/edgar/data/1341439/000119312513481081/d626279d10q.htm
0,2013-08-31,ORCL,2013-09-20 00:00:00,2013-09-20 17:01:37,Q1,8372000000,1633000000,6739000000,0.804945054945055,1237000000,1968000000,1708000000,2000000.0,0.0,5433000000,217000000,0.0,3726000000,0.44505494505494503,2939000000,0.3180840898232203,-116000000,2663000000,0.3180840898232203,472000000,2191000000,0.2617056856187291,0.48,0.47,4608000000,4674000000,https://www.sec.gov/Archives/edgar/data/1341439/000119312513373455/0001193125-13-373455-index.html,https://www.sec.gov/Archives/edgar/data/1341439/000119312513373455/d587382d10q.htm
0,2013-05-31,ORCL,2013-06-26 00:00:00,2013-06-26 17:24:42,Q4,10947000000,1828000000,9119000000,0.8330136110349867,1264000000,2482000000,2208000000,9000000.0,0.0,6170000000,209000000,0.0,5566000000,0.5084498035991596,4777000000,0.4408513748058829,201000000,4826000000,0.4408513748058829,1020000000,3806000000,0.34767516214487987,0.0,0.0,0.0,0.0,https://www.sec.gov/Archives/edgar/data/1341439/000119312513272832/0001193125-13-272832-index.html,https://www.sec.gov/Archives/edgar/data/1341439/000119312513272832/d531515d10k.htm
0,2013-02-28,ORCL,2013-03-22 00:00:00,2013-03-22 16:27:38,Q3,8958000000,1716000000,7242000000,0.8084393837910248,1186000000,2062000000,1802000000,15000000,0.0,5550000000,205000000,0.0,4181000000,0.46673364590310334,3408000000,0.3449430676490288,-175000000,3090000000,0.3449430676490288,586000000,2504000000,0.27952668006251397,0.53,0.52,4735000000,4812000000,https://www.sec.gov/Archives/edgar/data/1341439/000119312513122271/0001193125-13-122271-index.html,https://www.sec.gov/Archives/edgar/data/1341439/000119312513122271/d474064d10q.htm
0,2012-11-30,ORCL,2012-12-21 00:00:00,2012-12-21 16:14:27,Q2,9094000000,1794000000,7300000000,0.8027270727952496,1199000000,2036000000,1773000000,11000000,0.0,5613000000,195000000,0.0,4240000000,0.46624147789751486,3481000000,0.3606773696943039,-67000000,3280000000,0.3606773696943039,699000000,2581000000,0.283813503408841,0.54,0.53,4792000000,4868000000,https://www.sec.gov/Archives/edgar/data/1341439/000119312512513009/0001193125-12-513009-index.html,https://www.sec.gov/Archives/edgar/data/1341439/000119312512513009/d454343d10q.htm
0,2012-08-31,ORCL,2012-09-24 00:00:00,2012-09-24 16:59:18,Q1,8181000000,1775000000,6406000000,0.7830338589414497,1201000000,1820000000,1545000000,13000000,0.0,5415000000,188000000,0.0,3549000000,0.43381004767143383,2766000000,0.3302774721916636,67000000,2702000000,0.3302774721916636,668000000,2034000000,0.24862486248624863,0.42,0.41,4867000000,4939000000,https://www.sec.gov/Archives/edgar/data/1341439/000119312512401697/0001193125-12-401697-index.html,https://www.sec.gov/Archives/edgar/data/1341439/000119312512401697/d397317d10q.htm
0,2012-05-31,ORCL,2012-06-26,2012-06-26 17:25:40,Q4,10916000000,2006000000,8910000000,0.8162330524001465,1226000000,2378000000,2100000000,0.0,0.0,6250000000,192000000,0.0,5394000000,0.4941370465371931,4666000000,0.40152070355441555,-147000000,4383000000,0.40152070355441555,931000000,3452000000,0.3162330524001466,0.0,0.0,0.0,0.0,https://www.sec.gov/Archives/edgar/data/1341439/000119312512284007/d369484d10k.htm,https://www.sec.gov/Archives/edgar/data/1341439/000119312512284007/d369484d10k.htm
0,2012-02-29,ORCL,2012-03-23 00:00:00,2012-03-23 17:04:59,Q3,9039000000,1908000000,7131000000,0.7889147029538666,1145000000,1961000000,1700000000,0.0,0.0,5620000000,190000000,0.0,4209000000,0.46564885496183206,3419000000,0.3482686137847107,-141000000,3148000000,0.3482686137847107,650000000,2498000000,0.27635800420400486,0.5,0.49,5007000000,5080000000,https://www.sec.gov/Archives/edgar/data/1341439/000119312512129918/0001193125-12-129918-index.html,https://www.sec.gov/Archives/edgar/data/1341439/000119312512129918/d289615d10q.htm
0,2011-11-30,ORCL,2011-12-23 00:00:00,2011-12-23 16:31:28,Q2,8792000000,1956000000,6836000000,0.7775250227479527,1102000000,1974000000,1697000000,0.0,0.0,5624000000,192000000,0.0,3927000000,0.446656050955414,3168000000,0.33666969972702454,-74000000,2960000000,0.33666969972702454,768000000,2192000000,0.24931756141947226,0.43,0.43,5041000000,5123000000,https://www.sec.gov/Archives/edgar/data/1341439/000119312511351954/0001193125-11-351954-index.html,https://www.sec.gov/Archives/edgar/data/1341439/000119312511351954/d263957d10q.htm
0,2011-08-31,ORCL,2011-09-23 00:00:00,2011-09-23 17:29:18,Q1,8374000000,1988000000,6386000000,0.7625985192261763,1050000000,1941000000,1630000000,0.0,0.0,5571000000,192000000,0.0,3569000000,0.4262001433006926,2803000000,0.2950800095533795,-197000000,2471000000,0.2950800095533795,631000000,1840000000,0.21972772868402196,0.36,0.36,5062000000,5150000000,https://www.sec.gov/Archives/edgar/data/1341439/000119312511255436/0001193125-11-255436-index.html,https://www.sec.gov/Archives/edgar/data/1341439/000119312511255436/d234670d10q.htm
0,2011-05-31,ORCL,2011-06-28 00:00:00,2011-06-27 21:44:56,Q4,10775000000,2169000000,8606000000,0.7987006960556845,1170000000,2353000000,2097000000,0.0,0.0,6291000000,195000000,0.0,5213000000,0.48380510440835267,4484000000,0.3870069605568445,-164000000,4170000000,0.3870069605568445,961000000,3209000000,0.29781902552204176,0.0,0.0,0.0,0.0,https://www.sec.gov/Archives/edgar/data/1341439/000119312511174819/0001193125-11-174819-index.html,https://www.sec.gov/Archives/edgar/data/1341439/000119312511174819/d10k.htm
0,2011-02-28,ORCL,2011-03-29,2011-03-29 15:30:11,Q3,8764000000,2012000000,6752000000,0.7704244637151986,1127000000,1904000000,1618000000,0.0,0.0,5655000000,204000000,0.0,3854000000,0.43975353719762666,3109000000,0.31937471474212686,-150000000,2799000000,0.31937471474212686,683000000,2116000000,0.24144226380648107,0.42,0.41,5057000000,5149000000,https://www.sec.gov/Archives/edgar/data/1341439/000119312511081178/d10q.htm,https://www.sec.gov/Archives/edgar/data/1341439/000119312511081178/d10q.htm
0,2010-11-30,ORCL,2010-12-21 00:00:00,2010-12-21 17:18:21,Q2,8582000000,2157000000,6425000000,0.7486599860172454,1119000000,1686000000,1530000000,0.0,0.0,5576000000,214000000,0.0,3715000000,0.4328827779072477,3006000000,0.3083197389885807,-146000000,2646000000,0.3083197389885807,776000000,1870000000,0.2178979258914006,0.37,0.37,5044000000,5117000000,https://www.sec.gov/Archives/edgar/data/1341439/000119312510285703/0001193125-10-285703-index.html,https://www.sec.gov/Archives/edgar/data/1341439/000119312510285703/d10q.htm
0,2010-08-31,ORCL,2010-09-20 00:00:00,2010-09-20 16:13:29,Q1,7502000000,2062000000,5440000000,0.7251399626766196,1103000000,1605000000,1333000000,0.0,0.0,5373000000,196000000,0.0,2831000000,0.377366035723807,2129000000,0.2392695281258331,-138000000,1795000000,0.2392695281258331,443000000,1352000000,0.18021860837110104,0.27,0.27,5026000000,5083000000,https://www.sec.gov/Archives/edgar/data/1341439/000119312510213084/0001193125-10-213084-index.html,https://www.sec.gov/Archives/edgar/data/1341439/000119312510213084/d10q.htm
0,2010-05-31,ORCL,2010-07-01 00:00:00,2010-06-30 21:59:05,Q4,9505000000,2242000000,7263000000,0.7641241451867438,1063000000,2037000000,1745000000,0.0,0.0,5946000000,201000000,0.0,4265000000,0.44871120462914255,3559000000,0.3235139400315623,-283000000,3075000000,0.3235139400315623,712000000,2363000000,0.24860599684376644,0.0,0.0,0.0,0.0,https://www.sec.gov/Archives/edgar/data/1341439/000119312510151896/0001193125-10-151896-index.html,https://www.sec.gov/Archives/edgar/data/1341439/000119312510151896/d10k.htm
0,2010-02-28,ORCL,2010-03-29 00:00:00,2010-03-29 17:23:54,Q3,6404000000,1419000000,4985000000,0.77841973766396,823000000,1477000000,1241000000,0.0,0.0,4221000000,186000000,0.0,2758000000,0.4306683322923173,2183000000,0.24703310430980638,-415000000,1582000000,0.24703310430980638,393000000,1189000000,0.18566520924422236,0.24,0.23,5015000000,5076000000,https://www.sec.gov/Archives/edgar/data/1341439/000119312510070192/0001193125-10-070192-index.html,https://www.sec.gov/Archives/edgar/data/1341439/000119312510070192/d10q.htm
0,2009-11-30,ORCL,2009-12-22 00:00:00,2009-12-21 17:56:40,Q2,5858000000,832000000,5026000000,0.8579720040969614,708000000,1316000000,1133000000,0.0,264000000,3556000000,188000000,0.0,2800000000,0.4779788323659952,2302000000,0.34533970638443157,-91000000,2023000000,0.34533970638443157,565000000,1458000000,0.2488904062820075,0.29,0.29,5010000000,5064000000,https://www.sec.gov/Archives/edgar/data/1341439/000119312509257212/0001193125-09-257212-index.html,https://www.sec.gov/Archives/edgar/data/1341439/000119312509257212/d10q.htm
0,2009-08-31,ORCL,2009-09-21 00:00:00,2009-09-21 16:59:46,Q1,5054000000,782000000,4272000000,0.8452710724178868,660000000,1387000000,960000000,0.0,0.0,3260000000,179000000,0.0,2286000000,0.4523149980213692,1794000000,0.30906212900672736,-53000000,1562000000,0.30906212900672736,438000000,1124000000,0.222398100514444,0.22,0.22,5009000000,5063000000,https://www.sec.gov/Archives/edgar/data/1341439/000119312509195193/0001193125-09-195193-index.html,https://www.sec.gov/Archives/edgar/data/1341439/000119312509195193/d10q.htm
0,2009-05-31,ORCL,2009-06-29 00:00:00,2009-06-29 17:05:21,Q4,6861000000,1179000000,5682000000,0.8281591604722344,730000000,1540000000,0.0,0.0,0.0,3886000000,0.0,0.0,3262000000,0.4754408978283049,2975000000,0.4015449642909197,124000000,2755000000,0.4015449642909197,864000000,1891000000,0.2756157994461449,0.0,0.0,0.0,0.0,https://www.sec.gov/Archives/edgar/data/1341439/000095012309018689/0000950123-09-018689-index.html,https://www.sec.gov/Archives/edgar/data/1341439/000095012309018689/f52658e10vk.htm
0,2009-02-28,ORCL,2009-03-23 00:00:00,2009-03-23 15:29:36,Q3,5453000000,1111000000,4342000000,0.7962589400330093,677000000,1246000000,0.0,0.0,0.0,3471000000,0.0,0.0,2536000000,0.46506510177883736,1982000000,0.33192737942417017,-53000000,1810000000,0.33192737942417017,481000000,1329000000,0.2437190537318907,0.27,0.26,5005000000,5056000000,https://www.sec.gov/Archives/edgar/data/1341439/000095013409005859/0000950134-09-005859-index.html,https://www.sec.gov/Archives/edgar/data/1341439/000095013409005859/f51802e10vq.htm
0,2008-11-30,ORCL,2008-12-22 00:00:00,2008-12-22 17:20:40,Q2,5607000000,1196000000,4411000000,0.7866952024255395,651000000,1320000000,0.0,0.0,0.0,3594000000,0.0,0.0,2617000000,0.46673800606384874,2013000000,0.3256643481362583,-108000000,1826000000,0.3256643481362583,530000000,1296000000,0.23113964686998395,0.25,0.25,5127000000,5187000000,https://www.sec.gov/Archives/edgar/data/1341439/000095013408022578/0000950134-08-022578-index.html,https://www.sec.gov/Archives/edgar/data/1341439/000095013408022578/f50703e10vq.htm
0,2008-08-31,ORCL,2008-09-22 00:00:00,2008-09-22 10:11:23,Q1,5331000000,1308000000,4023000000,0.7546426561620709,708000000,1318000000,0.0,0.0,0.0,3747000000,0.0,0.0,2042000000,0.38304258112924405,1584000000,0.2708685049709248,19000000,1444000000,0.2708685049709248,367000000,1077000000,0.2020258863252673,0.21,0.21,5152000000,5235000000,https://www.sec.gov/Archives/edgar/data/1341439/000095013408016926/0000950134-08-016926-index.html,https://www.sec.gov/Archives/edgar/data/1341439/000095013408016926/f43743e10vq.htm
0,2008-05-31,ORCL,2008-07-02 00:00:00,2008-07-02 06:01:47,Q4,7239000000,1341000000,5898000000,0.8147534189805222,734000000,1726000000,0.0,0.0,0.0,4146000000,0.0,0.0,3596000000,0.4967536952617765,3093000000,0.4062715844729935,-92000000,2941000000,0.4062715844729935,904000000,2037000000,0.2813924575217571,0.0,0.0,0.0,0.0,https://www.sec.gov/Archives/edgar/data/1341439/000095013408012257/0000950134-08-012257-index.html,https://www.sec.gov/Archives/edgar/data/1341439/000095013408012257/f41477e10vk.htm
0,2008-02-29,ORCL,2008-04-01 00:00:00,2008-04-01 16:32:46,Q3,5349000000,1243000000,4106000000,0.7676201159095158,682000000,1289000000,0.0,0.0,0.0,3506000000,0.0,0.0,2156000000,0.40306599364367174,1843000000,0.35090671153486636,44000000,1877000000,0.35090671153486636,537000000,1340000000,0.2505141147878108,0.26,0.26,5148000000,5235000000,https://www.sec.gov/Archives/edgar/data/1341439/000089161808000197/0000891618-08-000197-index.html,https://www.sec.gov/Archives/edgar/data/1341439/000089161808000197/f38202e10vq.htm
0,2007-11-30,ORCL,2007-12-21 00:00:00,2007-12-21 10:59:45,Q2,5313000000,1238000000,4075000000,0.766986636551854,674000000,1301000000,0.0,0.0,0.0,3503000000,0.0,0.0,2149000000,0.4044795783926219,1810000000,0.3416149068322981,21000000,1815000000,0.3416149068322981,512000000,1303000000,0.24524750611707133,0.25,0.25,5125000000,5232000000,https://www.sec.gov/Archives/edgar/data/1341439/000089161807000697/0000891618-07-000697-index.html,https://www.sec.gov/Archives/edgar/data/1341439/000089161807000697/f35957e10vq.htm
0,2007-08-31,ORCL,2007-09-26 00:00:00,2007-09-26 14:22:48,Q1,4529000000,1159000000,3370000000,0.7440936189004195,652000000,1169000000,0.0,0.0,0.0,3265000000,0.0,0.0,1586000000,0.3501876793994259,1264000000,0.2649591521307132,30000000,1200000000,0.2649591521307132,360000000,840000000,0.18547140649149924,0.16,0.16,5110000000,5217000000,https://www.sec.gov/Archives/edgar/data/1341439/000095013407020490/0000950134-07-020490-index.html,https://www.sec.gov/Archives/edgar/data/1341439/000095013407020490/f33605e10vq.htm
0,2007-05-31,ORCL,2007-06-29 00:00:00,2007-06-29 17:04:46,Q4,5829000000,1159000000,4670000000,0.8011665808886601,599000000,1464000000,0.0,0.0,0.0,3477000000,0.0,0.0,2787000000,0.4781266083376222,2352000000,0.38840281351861383,-115000000,2264000000,0.38840281351861383,660000000,1604000000,0.2751758449133642,0.0,0.0,0.0,0.0,https://www.sec.gov/Archives/edgar/data/1341439/000095013407014478/0000950134-07-014478-index.html,https://www.sec.gov/Archives/edgar/data/1341439/000095013407014478/f31530e10vk.htm
0,2007-02-28,ORCL,2007-03-27,2007-03-27 17:00:49,Q3,4414000000,1030000000,3384000000,0.7666515632079747,570000000,1142000000,0.0,0.0,0.0,2964000000,0.0,0.0,1741000000,0.39442682374263704,1450000000,0.31853194381513367,-9000000.0,1406000000,0.31853194381513367,373000000,1033000000,0.2340280924331672,0.2,0.2,5159000000,5257000000,https://www.sec.gov/Archives/edgar/data/1341439/000119312507065645/d10q.htm,https://www.sec.gov/Archives/edgar/data/1341439/000119312507065645/d10q.htm
0,2006-11-30,ORCL,2006-12-21,2006-12-21 16:48:08,Q2,4163000000,1025000000,3138000000,0.7537833293298102,519000000,1085000000,0.0,0.0,0.0,2831000000,0.0,0.0,1557000000,0.3740091280326687,1332000000,0.32524621667067016,43000000,1354000000,0.32524621667067016,387000000,967000000,0.23228441028104732,0.19,0.18,5184000000,5287000000,https://www.sec.gov/Archives/edgar/data/1341439/000119312506258170/d10q.htm,https://www.sec.gov/Archives/edgar/data/1341439/000119312506258170/d10q.htm
0,2006-08-31,ORCL,2006-09-25,2006-09-25 16:26:27,Q1,3591000000,980000000,2611000000,0.7270955165692008,506000000,907000000,0.0,0.0,0.0,2591000000,0.0,0.0,1292000000,0.35978835978835977,1000000000,0.2678919521024784,-20000000,962000000,0.2678919521024784,292000000,670000000,0.18657755499860762,0.13,0.13,5217000000,5307000000,https://www.sec.gov/Archives/edgar/data/1341439/000119312506151154/d10k.htm,https://www.sec.gov/Archives/edgar/data/1341439/000119312506151154/d10k.htm
0,2006-05-31,ORCL,2006-07-21,2006-07-21 17:24:26,Q4,4851000000,964000000,3887000000,0.8012780869923727,537000000,1246000000,0.0,0.0,0.0,2932000000,0.0,0.0,2238000000,0.4613481756338899,1919000000,0.38734281591424446,-55000000,1879000000,0.38734281591424446,579000000,1300000000,0.26798598227169657,0.0,0.0,0.0,0.0,https://www.sec.gov/Archives/edgar/data/1341439/000119312506151154/d10k.htm,https://www.sec.gov/Archives/edgar/data/1341439/000119312506151154/d10k.htm
