,date,symbol,fillingDate,acceptedDate,period,revenue,costOfRevenue,grossProfit,grossProfitRatio,researchAndDevelopmentExpenses,generalAndAdministrativeExpenses,sellingAndMarketingExpenses,otherExpenses,operatingExpenses,costAndExpenses,interestExpense,depreciationAndAmortization,ebitda,ebitdaratio,operatingIncome,operatingIncomeRatio,totalOtherIncomeExpensesNet,incomeBeforeTax,incomeBeforeTaxRatio,incomeTaxExpense,netIncome,netIncomeRatio,eps,epsdiluted,weightedAverageShsOut,weightedAverageShsOutDil,link,finalLink
0,2020-09-30,ITRI,2020-11-02,2020-11-02 12:37:55,Q3,540184000,793866000,143251000,0.265189268841728,46224000,64982000,0.0,56025000,167231000,961097000,10810000,24076000,96000.0,0.00017771722227981576,-23980000,-0.04439228114864565,-2607000.0,-37043000,-0.0685747819261585,11985000,-25058000,-0.04638789745716274,-1.98,-1.98,40199000,40199000,https://www.sec.gov/Archives/edgar/data/780571/000078057120000025/0000780571-20-000025-index.htm,https://www.sec.gov/Archives/edgar/data/780571/000078057120000025/itri-20200930.htm
0,2020-06-30,ITRI,2020-08-04,2020-08-03 18:37:49,Q2,509594000,371077000,138517000,0.2718183495096096,48994000,69538000,0.0,65372000,183904000,554981000,9426000.0,24198999.999999996,-24376000.000000004,-0.047834,-45387000,-0.089065,-1873000.0,-57686000,-0.1132,4801000.0,-62802000,-0.123239,-1.56162,-1.56162,40216000,40216000,https://www.sec.gov/Archives/edgar/data/780571/000078057120000021/0000780571-20-000021-index.htm,https://www.sec.gov/Archives/edgar/data/780571/000078057120000021/itri-20200630.htm
0,2020-03-31,ITRI,2020-05-05 00:00:00,2020-05-04 19:16:33,Q1,598415000,426849000,171566000,0.286701,53781000,80498000,0.0,10917000,145195999.99999997,572045000,-9231000.0,24031000,31034000,0.05186,26370000,0.044066,-427000.0,16712000,0.027927,7550000.0,8684000.0,0.014512,0.21456,0.21456,40474000,40474000,https://www.sec.gov/Archives/edgar/data/780571/000078057120000011/0000780571-20-000011-index.html,https://www.sec.gov/Archives/edgar/data/780571/000078057120000011/itri-20200331.htm
0,2019-12-31,ITRI,2020-02-27 00:00:00,2020-02-26 19:10:13,Q4,628383000,450945000,177438000,0.282372,51649000,82232000,0.0,14694000,148575000,599520000,38918000,28709000.000000004,82172000,0.130767,28863000,0.045932,-1400000.0,14195000,0.02259,-75000.0,14620000,0.023266,0.36307,0.36307,40268000,40268000,https://www.sec.gov/Archives/edgar/data/780571/000078057120000004/0000780571-20-000004-index.html,https://www.sec.gov/Archives/edgar/data/780571/000078057120000004/itri-20191231.htm
0,2019-09-30,ITRI,2019-11-05 00:00:00,2019-11-04 18:46:18,Q3,624474000,428070000,196404000,0.314511,50612000,83666000,0.0,22687000,156964999.99999997,585035000,12868000,28623000.000000004,64490000.00000001,0.103271,39439000,0.063156,-2430000.0,24329000,0.038959,6152000.0,16847000,0.026978,0.4222,0.4222,39903000,39903000,https://www.sec.gov/Archives/edgar/data/780571/000078057119000027/0000780571-19-000027-index.html,https://www.sec.gov/Archives/edgar/data/780571/000078057119000027/itri10q09302019.htm
0,2019-06-30,ITRI,2019-08-06,2019-08-05 18:42:24,Q2,635037000,443823000,191214000,0.301107,49449000,88259000,0.0,9948000.0,147656000.00000006,591479000.0000001,13496000,28641000,70002000,0.110233,43558000,0.068591,-1939000.0,28536000,0.044936,8419000.0,19446000,0.030622,0.49,0.49,39686000,39686000,https://www.sec.gov/Archives/edgar/data/780571/000078057119000023/itri10q06302019.htm,https://www.sec.gov/Archives/edgar/data/780571/000078057119000023/itri10q06302019.htm
0,2019-03-31,ITRI,2019-05-08 00:00:00,2019-05-08 16:53:02,Q1,614576000,427313000,187263000,0.304703,50490000,92715000,0.0,23235000,166440000.00000006,593753000,13535000,28427000,46176000,0.075135,20823000,0.033882,-854000.0,5972000.0,0.009717,6121000.0,-1907000.0,-0.003103,-0.04809,-0.04809,39658000,39658000,https://www.sec.gov/Archives/edgar/data/780571/000078057119000013/0000780571-19-000013-index.html,https://www.sec.gov/Archives/edgar/data/780571/000078057119000013/itri10q03312019.htm
0,2018-12-31,ITRI,2019-02-28 00:00:00,2019-02-28 17:29:20,Q4,587044000,410254000,176790000,0.301153,45607000,234950000,-144573000,0.0,148273000.00000003,558527000,13883000,30069000.000000004,56951000,0.097013,28517000,0.048577,-3295000.0,14251000,0.024276,-10878000,23877000,0.040673,0.60532,0.60532,39445000,39445000,https://www.sec.gov/Archives/edgar/data/780571/000078057119000007/0000780571-19-000007-index.html,https://www.sec.gov/Archives/edgar/data/780571/000078057119000007/itri10k12312018.htm
0,2018-09-30,ITRI,2018-11-06 00:00:00,2018-11-05 19:41:06,Q3,595962000,398865000,197097000,0.330721,47239000,89556000,47204000,0.0,155420999.99999994,554285999.9999999,14171000,30427999.999999996,70196000,0.117786,41676000,0.069931,-1285000.0,25502000,0.042791,5715000.0,19882000,0.033361,0.49818,0.49818,39909000,39909000,https://www.sec.gov/Archives/edgar/data/780571/000078057118000048/0000780571-18-000048-index.html,https://www.sec.gov/Archives/edgar/data/780571/000078057118000048/itri10q09302018.htm
0,2018-06-30,ITRI,2018-08-07 00:00:00,2018-08-06 18:25:04,Q2,585900000,409300000,176600000,0.301417,54800000,88900000,45448000,12376000,155999999.99999994,565299999.9999999,14645000,30900000,52045000,0.088829,20600000,0.03516,-2600000.0,7600000.0,0.012971,3800000.0,2700000.0,0.004608,0.06784,0.06784,39800000,39800000,https://www.sec.gov/Archives/edgar/data/780571/000078057118000041/0000780571-18-000041-index.html,https://www.sec.gov/Archives/edgar/data/780571/000078057118000041/itri10q06302018.htm
0,2018-03-31,ITRI,2018-05-15 00:00:00,2018-05-14 18:03:30,Q1,607200000,427400000,179900000,0.296278,60300000,154400000,51921000,105605000,320300000.00000006,747700000.0000001,15504000,31100000,-110296000,-0.181647,-140400000,-0.231225,400000.0,-156500000,-0.25774,-11200000,-145700000,-0.239954,-3.7455,-3.7455,38900000,38900000,https://www.sec.gov/Archives/edgar/data/780571/000078057118000024/0000780571-18-000024-index.html,https://www.sec.gov/Archives/edgar/data/780571/000078057118000024/itri10q03312018.htm
0,2017-12-31,ITRI,2018-03-01 00:00:00,2018-02-28 18:41:29,Q4,550800000,375700000,175100000,0.317901,43200000,205400000,43007000,-126300000,126900000.00000003,502600000.00000006,3133000.0,17200000.000000004,33833000,0.061425,48200000,0.087509,100000.0,44500000,0.080792,11700000,1800000.0,0.003268,0.04557,0.04557,39500000,39500000,https://www.sec.gov/Archives/edgar/data/780571/000078057118000013/0000780571-18-000013-index.html,https://www.sec.gov/Archives/edgar/data/780571/000078057118000013/itri10k12312017.htm
0,2017-09-30,ITRI,2017-11-02 00:00:00,2017-11-01 18:04:42,Q3,486700000,321000000,165800000,0.340662,42500000,80100000,40780000,4947000.0,127500000,448500000,2898000.0,16500000,51598000,0.106016,38200000,0.078488,-200000.0,33500000,0.068831,6600000.0,25600000,0.052599,0.6481,0.6481,39500000,39500000,https://www.sec.gov/Archives/edgar/data/780571/000078057117000028/0000780571-17-000028-index.html,https://www.sec.gov/Archives/edgar/data/780571/000078057117000028/itri10q09302017.htm
0,2017-06-30,ITRI,2017-08-03 00:00:00,2017-08-02 18:33:55,Q2,503100000,324800000,178300000,0.354403,43000000,87600000,44753000,10013000,140700000,465500000,2876000.0,15100000,48676000,0.096752,37600000,0.074737,-1100000.0,31600000,0.062811,16600000,14100000,0.028026,0.35878,0.35878,39300000,39300000,https://www.sec.gov/Archives/edgar/data/780571/000078057117000019/0000780571-17-000019-index.html,https://www.sec.gov/Archives/edgar/data/780571/000078057117000019/itri10q06302017.htm
0,2017-03-31,ITRI,2017-05-04 00:00:00,2017-05-03 18:01:06,Q1,477600000,320000000,157600000,0.329983,40800000,78400000,41468000,7601000.0,126800000.00000001,446800000,2674000.0,14400000,41874000,0.087676,30800000,0.064489,-1100000.0,25100000,0.052554,9000000.0,15800000,0.033082,0.40306,0.40306,39200000,39200000,https://www.sec.gov/Archives/edgar/data/780571/000078057117000010/0000780571-17-000010-index.html,https://www.sec.gov/Archives/edgar/data/780571/000078057117000010/itri10q03312017.htm
0,2016-12-31,ITRI,2017-03-01 00:00:00,2017-02-28 18:47:31,Q4,495700000,336800000,158900000,0.320557,39700000,188800000,39846000,-119000000,123399999.99999999,460200000,2604000.0,16699999.999999996,46203999.99999999,0.09321,35500000,0.071616,-3700000.0,28000000,0.056486,15300000,11600000,0.023401,0.29744,0.29744,39000000,39000000,https://www.sec.gov/Archives/edgar/data/780571/000078057117000003/0000780571-17-000003-index.html,https://www.sec.gov/Archives/edgar/data/780571/000078057117000003/itri10k12312016.htm
0,2016-09-30,ITRI,2016-11-03 00:00:00,2016-11-03 13:56:29,Q3,506900000,336100000,170700000,0.336753,39400000,79300000,38894000,45675000,164299999.99999994,500399999.99999994,2691000.0,16100000,22291000,0.043975,6400000.0,0.012626,1300000.0,4500000.0,0.008877,13400000,-9900000.0,-0.01953,-0.25916,-0.25916,38200000,38200000,https://www.sec.gov/Archives/edgar/data/780571/000078057116000072/0000780571-16-000072-index.html,https://www.sec.gov/Archives/edgar/data/780571/000078057116000072/itri10q09302016.htm
0,2016-06-30,ITRI,2016-08-12 00:00:00,2016-08-12 16:21:07,Q2,513000000,343300000,169700000,0.330799,43400000,84700000,39376000,6174000.0,134300000,477600000,2735000.0,18800000,53635000,0.104552,35500000,0.069201,-1100000.0,32700000,0.063743,12200000,19900000,0.038791,0.51688,0.51688,38500000,38500000,https://www.sec.gov/Archives/edgar/data/780571/000078057116000064/0000780571-16-000064-index.html,https://www.sec.gov/Archives/edgar/data/780571/000078057116000064/itri10q33116.htm
0,2016-03-31,ITRI,2016-06-30 00:00:00,2016-06-29 19:08:06,Q1,497600000,334400000,163200000,0.327974,45300000,85800000,40767000,8447000.0,139600000.00000003,474000000,2918000.0,16700000,38318000,0.077006,23600000,0.047428,-700000.0,19400000,0.038987,8600000.0,10100000,0.020297,0.26302,0.26302,38400000,38400000,https://www.sec.gov/Archives/edgar/data/780571/000078057116000059/0000780571-16-000059-index.html,https://www.sec.gov/Archives/edgar/data/780571/000078057116000059/itri10k12312015.htm
0,2015-12-31,ITRI,2016-06-30,2016-06-29 19:08:06,Q4,496100000,343100000,152900000,0.308204,35900000,90600000,38078000,10366000,136899999.99999997,480000000,2953000.0,18200000.000000004,32853000.000000004,0.066223,16100000,0.032453,-1100000.0,12200000,0.024592,2400000.0,9300000.0,0.018746,0.24282,0.24282,38300000,38300000,https://www.sec.gov/Archives/edgar/data/780571/000078057116000059/itri10k12312015.htm,https://www.sec.gov/Archives/edgar/data/780571/000078057116000059/itri10k12312015.htm
0,2015-09-30,ITRI,2015-11-05 00:00:00,2015-11-04 20:52:12,Q3,469500000,322200000,147300000,0.313738,41600000,70300000,39217000,7864000.0,120400000.00000003,442600000.00000006,2799000.0,19000000,44299000,0.094354,26900000,0.057295,200000.0,23200000,0.049414,9900000.0,12600000,0.026837,0.32813,0.32813,38400000,38400000,https://www.sec.gov/Archives/edgar/data/780571/000078057115000035/0000780571-15-000035-index.html,https://www.sec.gov/Archives/edgar/data/780571/000078057115000035/itri10q93015.htm
0,2015-06-30,ITRI,2015-08-06 00:00:00,2015-08-06 16:30:23,Q2,470800000,352300000,118600000,0.251912,43300000,75600000,43058000,3654000.0,122500000,474800000,3855000.0,19400000,13055000,0.027729,-4000000.0,-0.008496,-3000000.0,-9500000.0,-0.020178,4100000.0,-14300000,-0.030374,-0.3724,-0.3724,38400000,38400000,https://www.sec.gov/Archives/edgar/data/780571/000078057115000030/0000780571-15-000030-index.html,https://www.sec.gov/Archives/edgar/data/780571/000078057115000030/itri10q63015.htm
0,2015-03-31,ITRI,2015-05-05 00:00:00,2015-05-04 20:51:53,Q1,446700000,308300000,138400000,0.309828,41500000,80600000,41027000,2526000.0,125000000,433300000,2682000.0,19400000,32482000,0.072715,13500000,0.030222,2800000.0,10900000,0.024401,5000000.0,5400000.0,0.012089,0.13918,0.13918,38800000,38800000,https://www.sec.gov/Archives/edgar/data/780571/000078057115000015/0000780571-15-000015-index.html,https://www.sec.gov/Archives/edgar/data/780571/000078057115000015/itri10q33115.htm
0,2014-12-31,ITRI,2015-02-20,2015-02-20 17:30:58,Q4,487000000,341300000,145700000,0.299179,44800000,92100000,47027000,63591000,198200000,539500000,2765000.0,22899999.99999999,-31935000.00000001,-0.065575,-52400000,-0.107598,-1300000.0,-57200000,-0.117454,-7600000.0,-50000000,-0.102669,-1.28535,-1.28535,38900000,38900000,https://www.sec.gov/Archives/edgar/data/780571/000078057115000010/itri10k123114.htm,https://www.sec.gov/Archives/edgar/data/780571/000078057115000010/itri10k123114.htm
0,2014-09-30,ITRI,2014-11-05 00:00:00,2014-11-04 21:28:33,Q3,496500000,345700000,150800000,0.303726,42300000,81000000,44484000,10975000,134300000,480000000,3015000.0,24600000,39415000,0.079386,16500000,0.033233,900000.0,12000000,0.024169,4500000.0,7300000.0,0.014703,0.18481,0.18481,39500000,39500000,https://www.sec.gov/Archives/edgar/data/780571/000078057114000036/0000780571-14-000036-index.html,https://www.sec.gov/Archives/edgar/data/780571/000078057114000036/itri10q93014.htm
0,2014-06-30,ITRI,2014-08-06 00:00:00,2014-08-05 20:49:21,Q2,489400000,326300000,163000000,0.333061,44000000,83800000,46119000,3316000.0,131099999.99999997,457399999.99999994,2913000.0,25000000,55013000,0.112409,31900000,0.065182,-300000.0,27700000,0.0566,7800000.0,19300000,0.039436,0.48861,0.48861,39500000,39500000,https://www.sec.gov/Archives/edgar/data/780571/000078057114000027/0000780571-14-000027-index.html,https://www.sec.gov/Archives/edgar/data/780571/000078057114000027/itri10q63014.htm
0,2014-03-31,ITRI,2014-05-01 00:00:00,2014-04-30 21:24:29,Q1,474800000,320300000,154500000,0.3254,44400000,88000000,47609000,17571000,150000000,470300000,2909000.0,25600000,27509000,0.057938,4500000.0,0.009478,-1700000.0,-800000.0,-0.001685,-700000.0,-300000.0,-0.000632,-0.00765,-0.00765,39200000,39200000,https://www.sec.gov/Archives/edgar/data/780571/000078057114000018/0000780571-14-000018-index.html,https://www.sec.gov/Archives/edgar/data/780571/000078057114000018/itri10q33114.htm
0,2013-12-31,ITRI,2014-02-26,2014-02-25 19:10:46,Q4,512800000,347900000,165000000,0.321763,46200000,84000000,41923000,186609000,318600000,666500000,3165000.0,25500000,-130635000,-0.254748,-153700000,-0.299727,-1000000.0,-158400000,-0.308892,1500000.0,-160800000,-0.313573,-4.11253,-4.11253,39100000,39100000,https://www.sec.gov/Archives/edgar/data/780571/000078057114000014/itri10k123113.htm,https://www.sec.gov/Archives/edgar/data/780571/000078057114000014/itri10k123113.htm
0,2013-09-30,ITRI,2013-11-05 00:00:00,2013-11-04 21:51:29,Q3,495500000,345400000,150100000,0.302926,41500000,76300000,44050000,38767000,156600000.00000003,502000000,2847000.0,24700000.000000004,17647000.000000004,0.035615,-6500000.0,-0.013118,-1000000.0,-9300000.0,-0.018769,-2600000.0,-7300000.0,-0.014733,-0.1867,-0.1867,39100000,39100000,https://www.sec.gov/Archives/edgar/data/780571/000078057113000028/0000780571-13-000028-index.html,https://www.sec.gov/Archives/edgar/data/780571/000078057113000028/itri10q93013.htm
0,2013-06-30,ITRI,2013-08-06 00:00:00,2013-08-06 11:39:14,Q2,482200000,322600000,159600000,0.330983,43500000,84500000,46182000,13632000,141599999.99999997,464199999.99999994,2336000.0,24200000,40836000,0.084687,18000000,0.037329,-800000.0,14100000,0.029241,1900000.0,12400000,0.025715,0.31234,0.31234,39700000,39700000,https://www.sec.gov/Archives/edgar/data/780571/000078057113000024/0000780571-13-000024-index.html,https://www.sec.gov/Archives/edgar/data/780571/000078057113000024/itri10q63013.htm
0,2013-03-31,ITRI,2013-05-03 00:00:00,2013-05-02 21:17:53,Q1,447500000,307400000,140100000,0.313073,44200000,81800000,48216000,11757000,137800000,445200000,2338000.0,24800000,26538000,0.059303,2300000.0,0.00514,-800000.0,300000.0,0.00067,-3200000.0,2600000.0,0.00581,0.06533,0.06533,39800000,39800000,https://www.sec.gov/Archives/edgar/data/780571/000078057113000017/0000780571-13-000017-index.html,https://www.sec.gov/Archives/edgar/data/780571/000078057113000017/itri10q33113.htm
0,2012-12-31,ITRI,2013-02-22 00:00:00,2013-02-21 21:51:58,Q4,523300000,359800000,163500000,0.31244,44400000,89500000,51987000,10153000,144099999.99999997,503899999.99999994,2521000.0,27599999.999999993,45420999.99999999,0.086797,19500000,0.037264,-1500000.0,15700000,0.030002,-700000.0,16000000,0.030575,0.40404,0.40404,39600000,39600000,https://www.sec.gov/Archives/edgar/data/780571/000078057113000004/0000780571-13-000004-index.html,https://www.sec.gov/Archives/edgar/data/780571/000078057113000004/itri10k123112.htm
0,2012-09-30,ITRI,2012-11-06 00:00:00,2012-11-05 21:21:18,Q3,504100000,332300000,171800000,0.340805,43300000,75700000,44913000,6875000.0,125800000.00000001,458100000,2551000.0,27600000.00000001,71951000.00000001,0.142732,46000000,0.091252,-1300000.0,42400000,0.08411,6500000.0,35300000,0.070026,0.88693,0.88693,39800000,39800000,https://www.sec.gov/Archives/edgar/data/780571/000078057112000056/0000780571-12-000056-index.html,https://www.sec.gov/Archives/edgar/data/780571/000078057112000056/itri10q93012.htm
0,2012-06-30,ITRI,2012-08-06 00:00:00,2012-08-06 17:25:53,Q2,579100000,382400000,196700000,0.339665,46600000,84300000,50847000,19745000,150700000.00000006,533100000.00000006,2606000.0,27099999.999999996,71906000,0.124169,46100000,0.079606,-800000.0,42900000,0.07408,10600000,31600000,0.054567,0.78803,0.78803,40100000,40100000,https://www.sec.gov/Archives/edgar/data/780571/000078057112000046/0000780571-12-000046-index.html,https://www.sec.gov/Archives/edgar/data/780571/000078057112000046/itri10q63012.htm
0,2012-03-31,ITRI,2012-05-04,2012-05-03 20:49:33,Q1,571600000,388500000,183100000,0.320329,44400000,86400000,49856000,12702000,143500000,532000000,2437000.0,27200000,64637000,0.113081,39600000,0.069279,-2200000.0,35200000,0.061582,9600000.0,25400000,0.044437,0.63184,0.63184,40200000,40200000,https://www.sec.gov/Archives/edgar/data/780571/000078057112000006/itri10k123111.htm,https://www.sec.gov/Archives/edgar/data/780571/000078057112000006/itri10k123111.htm
0,2011-12-31,ITRI,2012-02-17 00:00:00,2012-02-16 19:52:10,Q4,642500000,449900000,192500000,0.299611,42200000,85400000,47267000,125113000,252700000.00000006,702600000,2464000.0,32599999.999999993,-30636000.000000007,-0.047682,-60100000,-0.093541,-2300000.0,-64600000,-0.100545,-11100000,-54600000,-0.084981,-1.34815,-1.34815,40500000,40500000,https://www.sec.gov/Archives/edgar/data/780571/000078057112000006/0000780571-12-000006-index.html,https://www.sec.gov/Archives/edgar/data/780571/000078057112000006/itri10k123111.htm
0,2011-09-30,ITRI,2011-11-01 00:00:00,2011-10-31 19:28:21,Q3,615600000,438600000,177000000,0.287524,38400000,78400000,45037000,557509000,674199999.9999999,1112800000,10796000,32600000.00000001,-467704000,-0.759753,-497300000,-0.80783,-1400000.0,-509300000,-0.827323,6000000.0,-517100000,-0.839994,-12.70516,-12.70516,40700000,40700000,https://www.sec.gov/Archives/edgar/data/780571/000078057111000017/0000780571-11-000017-index.html,https://www.sec.gov/Archives/edgar/data/780571/000078057111000017/itri10q93011.htm
0,2011-06-30,ITRI,2011-08-02 00:00:00,2011-08-01 19:00:54,Q2,612400000,420500000,192000000,0.313521,40600000,85100000,48845000,18104000,143799999.99999994,564300000,11420000,32800000,78520000,0.128217,48100000,0.078543,-1400000.0,35500000,0.057969,-100000.0,34400000,0.056172,0.83698,0.83698,41100000,41100000,https://www.sec.gov/Archives/edgar/data/780571/000078057111000004/0000780571-11-000004-index.html,https://www.sec.gov/Archives/edgar/data/780571/000078057111000004/itri10q63011.htm
0,2011-03-31,ITRI,2011-05-04 00:00:00,2011-05-03 17:52:28,Q1,563700000,378700000,185000000,0.328189,40100000,79200000,44648000,15597000,134900000.00000003,513600000.00000006,12114000,31500000,80314000,0.142476,50100000,0.088877,-1600000.0,36700000,0.065106,9600000.0,27100000,0.048075,0.66098,0.66098,41000000,41000000,https://www.sec.gov/Archives/edgar/data/780571/000119312511124213/0001193125-11-124213-index.html,https://www.sec.gov/Archives/edgar/data/780571/000119312511124213/d10q.htm
0,2010-12-31,ITRI,2011-02-25,2011-02-24 21:45:12,Q4,620700000,432900000,187800000,0.302562,39100000,87500000,47968000,17592000,144100000.00000003,577000000,12688000,33999999.999999985,74087999.99999999,0.119362,43600000,0.070243,0.0,31100000,0.050105,800000.0,26600000,0.042855,0.65037,0.65037,40900000,40900000,https://www.sec.gov/Archives/edgar/data/780571/000119312511045950/d10k.htm,https://www.sec.gov/Archives/edgar/data/780571/000119312511045950/d10k.htm
0,2010-09-30,ITRI,2010-11-02 00:00:00,2010-11-02 16:11:12,Q3,573700000,391900000,181800000,0.31689,34000000,71900000,41197000,16882000,122800000.00000007,514700000.00000006,13328000,32100000.00000001,86728000.00000001,0.151173,58900000,0.102667,-4400000.0,41400000,0.072163,13700000,27600000,0.048109,0.67647,0.67647,40800000,40800000,https://www.sec.gov/Archives/edgar/data/780571/000119312510244339/0001193125-10-244339-index.html,https://www.sec.gov/Archives/edgar/data/780571/000119312510244339/d10q.htm
0,2010-06-30,ITRI,2010-08-04 00:00:00,2010-08-03 17:48:06,Q2,567300000,393300000,174100000,0.306892,33000000,74300000,82511000,34577000,123999999.99999994,517299999.99999994,27961632,31799999.999999996,95461632,0.168274,50000000,0.088137,-400000.0,35700000,0.06293,10400000,25300000,0.044597,0.61408,0.61408,41200000,41200000,https://www.sec.gov/Archives/edgar/data/780571/000119312510175491/0001193125-10-175491-index.html,https://www.sec.gov/Archives/edgar/data/780571/000119312510175491/d10q.htm
0,2010-03-31,ITRI,2010-05-05 00:00:00,2010-05-05 16:19:38,Q1,497600000,340600000,157100000,0.315715,33000000,74600000,15567000,25264000,125399999.99999999,466000000,15582000,33300000,65182000,0.130993,31600000,0.063505,-600000.0,16300000,0.032757,-9000000.0,25300000,0.050844,0.61858,0.61858,40900000,40900000,https://www.sec.gov/Archives/edgar/data/780571/000119312510108886/0001193125-10-108886-index.html,https://www.sec.gov/Archives/edgar/data/780571/000119312510108886/d10q.htm
0,2009-12-31,ITRI,2010-02-25 00:00:00,2010-02-24 19:35:15,Q4,476800000,331500000,145300000,0.30474,29300000,74900000,10399000,20345000,126300000.00000001,457800000,25164000,41899999.99999999,65963999.99999999,0.138347,19000000,0.039849,-3400000.0,-1200000.0,-0.002517,-6300000.0,5200000.0,0.010906,0.12935,0.12935,40200000,40200000,https://www.sec.gov/Archives/edgar/data/780571/000078057110000007/0000780571-10-000007-index.html,https://www.sec.gov/Archives/edgar/data/780571/000078057110000007/form10k.htm
0,2009-09-30,ITRI,2009-11-03 00:00:00,2009-11-02 17:55:30,Q3,408400000,278900000,129500000,0.317091,31100000,64300000,13541000,24385000,122900000.00000003,401800000.00000006,20910000,39399999.99999999,42209999.99999999,0.103355,6500000.0,0.015916,-4500000.0,-18100000,-0.044319,-15100000,-3000000.0,-0.007346,-0.075,-0.075,40000000,40000000,https://www.sec.gov/Archives/edgar/data/780571/000078057109000041/0000780571-09-000041-index.html,https://www.sec.gov/Archives/edgar/data/780571/000078057109000041/form10_q.htm
0,2009-08-03,ITRI,2009-08-04 00:00:00,2009-08-03 21:06:27,Q2,158274000,95268000,63006000,0.3980818074983889,0.0,13420000,14098000,25862000,53380000,148648000,25698000,-13293000,-3667000.0,-0.023168682158787923,9626000.0,0.0608185804364583,-178000.0,15952000,0.10078724237714344,1873000.0,11089000,0.07006204430291772,0.0,0.0,0.0,0.0,https://www.sec.gov/Archives/edgar/data/780571/000078057109000036/0000780571-09-000036-index.html,https://www.sec.gov/Archives/edgar/data/780571/000078057109000036/form10-q2_2009.htm
0,2009-06-30,ITRI,2009-08-04 00:00:00,2009-08-03 21:06:27,Q2,413700000,280600000,133100000,0.321731,30800000,66400000,0.0,0.0,121399999.99999999,402000000,-15900000,38200000,15200000,0.036742,11700000,0.028281,-2900000.0,-7100000.0,-0.017162,-22400000,15300000,0.036983,0.40157,0.40157,38100000,38100000,https://www.sec.gov/Archives/edgar/data/780571/000078057109000036/0000780571-09-000036-index.html,https://www.sec.gov/Archives/edgar/data/780571/000078057109000036/form10-q2_2009.htm
0,2009-03-31,ITRI,2009-05-05 00:00:00,2009-05-04 21:01:30,Q1,388500000,258900000,129600000,0.333591,31200000,66000000,0.0,0.0,131000000,389900000,-16300000,36200000,200000.0,0.000515,-1400000.0,-0.003604,-2000000.0,-19700000,-0.050708,0.0,-19700000,-0.050708,-0.5442,-0.5442,36200000,36200000,https://www.sec.gov/Archives/edgar/data/780571/000078057109000024/0000780571-09-000024-index.html,https://www.sec.gov/Archives/edgar/data/780571/000078057109000024/form10-q1_2009.htm
0,2009-03-30,ITRI,2009-05-05 00:00:00,2009-05-04 21:01:30,Q1,146007000,89736000,56271000,0.3853993301691015,0.0,13234000,13131000,22875000,49240000,138976000,28223000,36236000,43267000,0.2963351072208867,7031000.0,0.04815522543439698,1675000.0,11168000,0.0764894833809338,3041000.0,953000.0,0.0065270843178751705,0.0,0.0,0.0,0.0,https://www.sec.gov/Archives/edgar/data/780571/000078057109000024/0000780571-09-000024-index.html,https://www.sec.gov/Archives/edgar/data/780571/000078057109000024/form10-q1_2009.htm
0,2008-12-31,ITRI,2009-02-26 00:00:00,2009-02-26 00:00:00,Q4,432400000,287300000,145100000,0.335569,28400000,68400000,13742000,23570000,127099999.99999997,414399999.99999994,29664000,40399999.99999998,72363999.99999999,0.167354,18000000,0.041628,1900000.0,2200000.0,0.005088,100000.0,2200000.0,0.005088,0.06304,0.06304,34900000,34900000,https://www.sec.gov/Archives/edgar/data/780571/000078057109000015/0000780571-09-000015-index.html,https://www.sec.gov/Archives/edgar/data/780571/000078057109000015/form10k.htm
0,2008-09-30,ITRI,2008-11-04 00:00:00,2008-11-03 21:39:11,Q3,484800000,321900000,163000000,0.336221,31800000,75500000,11715000,23481000,137600000.00000003,459500000,32650000,43800000.00000001,82450000.00000001,0.17007,25300000,0.052186,-300000.0,6000000.0,0.012376,400000.0,5600000.0,0.011551,0.15176,0.15176,36900000,36900000,https://www.sec.gov/Archives/edgar/data/780571/000078057108000138/0000780571-08-000138-index.html,https://www.sec.gov/Archives/edgar/data/780571/000078057108000138/form10q3_2008.htm
0,2008-08-04,ITRI,2008-08-05 00:00:00,2008-08-05 12:59:35,Q2,135332000,75260000,60072000,0.44388614666154347,0.0,13701000,12581000,23541000,49823000,125083000,1759000.0,78640000,88889000,0.656821742086129,10249000,0.07573227322436674,6153000.0,15590000,0.11519817929240682,-720000.0,-19653000,-0.14522064256790707,0.0,0.0,0.0,0.0,https://www.sec.gov/Archives/edgar/data/780571/000078057108000111/0000780571-08-000111-index.html,https://www.sec.gov/Archives/edgar/data/780571/000078057108000111/form10-q2_2008.htm
0,2008-06-30,ITRI,2008-08-05 00:00:00,2008-08-05 12:59:35,Q2,513900000,337700000,176200000,0.342868,31500000,77100000,0.0,0.0,140100000.00000003,477800000,-24300000,45200000,30900000,0.060128,36200000,0.070442,-1800000.0,10000000,0.019459,-1100000.0,11100000,0.0216,0.31445,0.31445,35300000,35300000,https://www.sec.gov/Archives/edgar/data/780571/000078057108000111/0000780571-08-000111-index.html,https://www.sec.gov/Archives/edgar/data/780571/000078057108000111/form10-q2_2008.htm
0,2008-03-31,ITRI,2008-05-06 00:00:00,2008-05-05 19:49:20,Q1,478500000,315900000,162600000,0.339812,29000000,75000000,0.0,0.0,135300000,451200000,-27100000,44300000,17600000,0.036782,27300000,0.057053,200000.0,400000.0,0.000836,-600000.0,1000000.0,0.00209,0.03058,0.03058,32700000,32700000,https://www.sec.gov/Archives/edgar/data/780571/000078057108000058/0000780571-08-000058-index.html,https://www.sec.gov/Archives/edgar/data/780571/000078057108000058/form_10q.htm
0,2008-03-24,ITRI,2008-05-06 00:00:00,2008-05-05 19:49:20,Q1,146007000,89736000,56271000,0.3853993301691015,0.0,13234000,13131000,22875000,49240000,138976000,24952000,10826000,17857000,0.12230235536652352,7031000.0,0.04815522543439698,1675000.0,14439000,0.09889251885183586,1770000.0,2953000.0,0.020225057702712882,0.0,0.0,0.0,0.0,https://www.sec.gov/Archives/edgar/data/780571/000078057108000058/0000780571-08-000058-index.html,https://www.sec.gov/Archives/edgar/data/780571/000078057108000058/form_10q.htm
0,2008-02-25,ITRI,2008-05-06 00:00:00,2008-05-05 19:49:20,Q4,164182000,98673000,65509000,0.3990023266862384,0.0,13004000,13742000,23570000,50316000,148989000,29664000,11201000,26394000,0.16076061931271393,15193000,0.09253754979230366,-325000.0,15262000,0.09295781510762446,0.0,4002000.0,0.024375388288606546,0.0,0.0,0.0,0.0,https://www.sec.gov/Archives/edgar/data/780571/000078057108000058/0000780571-08-000058-index.html,https://www.sec.gov/Archives/edgar/data/780571/000078057108000058/form_10q.htm
0,2007-12-31,ITRI,,,Q4,480500000,324100000,156400000,0.325494,27100000,71800000,0.0,0.0,124899999.99999999,449000000,-25100000,41100000.00000001,16800000.00000001,0.034964,31500000,0.065557,-5600000.0,800000.0,0.001665,-3200000.0,4000000.0,0.008325,0.12232,0.12232,32700000,32700000,,
0,2007-11-06,ITRI,2007-11-07 00:00:00,2007-11-06 21:01:16,Q3,141031000,85485000,55546000,0.3938566698101836,0.0,12798000,11715000,23481000,47994000,133479000,32650000,11218000,18770000,0.1330913061667293,7552000.0,0.053548510611142235,1640000.0,7005000.0,0.04966993072445065,-1050000.0,-4259000.0,-0.030199034254880134,0.0,0.0,0.0,0.0,https://www.sec.gov/Archives/edgar/data/780571/000078057107000167/0000780571-07-000167-index.html,https://www.sec.gov/Archives/edgar/data/780571/000078057107000167/form10q.htm
0,2007-09-30,ITRI,2007-11-07 00:00:00,2007-11-06 21:01:16,Q3,434000000,289200000,144800000,0.333641,26500000,63200000,0.0,0.0,115800000.00000001,405000000,-34300000,38099999.99999999,-2300000.000000006,-0.0053,29000000,0.06682,-900000.0,-6100000.0,-0.014055,-2700000.0,-3400000.0,-0.007834,-0.11184,-0.11184,30400000,30400000,https://www.sec.gov/Archives/edgar/data/780571/000078057107000167/0000780571-07-000167-index.html,https://www.sec.gov/Archives/edgar/data/780571/000078057107000167/form10q.htm
0,2007-06-30,ITRI,2007-08-09 00:00:00,2007-08-08 19:00:25,Q2,401600000,276800000,124700000,0.310508,25500000,61800000,10792000,23555000,148099999.99999997,424899999.99999994,21214000,35700000,18214000,0.045354,-23400000,-0.058267,5400000.0,-38600000,-0.096116,-14800000,-23900000,-0.059512,-0.79402,-0.79402,30100000,30100000,https://www.sec.gov/Archives/edgar/data/780571/000078057107000145/0000780571-07-000145-index.html,https://www.sec.gov/Archives/edgar/data/780571/000078057107000145/form10q.htm
0,2007-05-07,ITRI,2007-05-08 00:00:00,2007-05-07 20:30:04,Q1,147911000,86586000,61325000,0.4146074328481317,0.0,14244000,14920000,22861000,52025000,138611000,5497000.0,11460000,20760000,0.14035467274239238,9300000.0,0.0628756481938463,1508000.0,11400000,0.07707337520535998,-4220000.0,7180000.0,0.04854270473460392,0.25661,0.25661,27198000,27980000,https://www.sec.gov/Archives/edgar/data/780571/000078057107000070/0000780571-07-000070-index.html,https://www.sec.gov/Archives/edgar/data/780571/000078057107000070/form10-q.htm
0,2007-03-31,ITRI,2007-05-08 00:00:00,2007-05-07 20:30:04,Q1,147900000,86600000,61300000,0.414469,15800000,29200000,0.0,0.0,52000000,138600000,600000.0,11500000,23500000,0.158891,9300000.0,0.06288,1500000.0,11400000,0.077079,4200000.0,7200000.0,0.048682,0.25714,0.25714,28000000,28000000,https://www.sec.gov/Archives/edgar/data/780571/000078057107000070/0000780571-07-000070-index.html,https://www.sec.gov/Archives/edgar/data/780571/000078057107000070/form10-q.htm
0,2006-12-31,ITRI,2007-02-23,2007-02-22 21:25:08,Q4,160000000,95800000,64200000,0.40125,15400000,31700000,16609000,23274000,55000000.000000015,150800000,5426000.0,11900000.000000006,26126000.000000007,0.163288,9200000.0,0.0575,-300000.0,8800000.0,0.055,1500000.0,7300000.0,0.045625,0.27652,0.27652,26400000,26400000,https://www.sec.gov/Archives/edgar/data/780571/000119312507037418/d10k.htm,https://www.sec.gov/Archives/edgar/data/780571/000119312507037418/d10k.htm
0,2006-09-30,ITRI,2006-11-06,2006-11-06 13:26:41,Q3,164700000,97300000,67400000,0.409229,15600000,27600000,15176000,23910000,51500000.000000015,148800000,4028000.0,11999999.999999996,31127999.999999996,0.188998,15900000,0.096539,-200000.0,15100000,0.091682,5900000.0,9200000.0,0.055859,0.34981,0.34981,26300000,26300000,https://www.sec.gov/Archives/edgar/data/780571/000119312506224846/d10q.htm,https://www.sec.gov/Archives/edgar/data/780571/000119312506224846/d10q.htm
0,2006-06-30,ITRI,2006-07-27,2006-07-26 18:53:42,Q2,163800000,94800000,69000000,0.421245,14900000,28800000,16321000,22532000,51399999.99999999,146200000,2585000.0,11400000,29185000,0.178175,17700000,0.108059,-200000.0,15200000,0.092796,5000000.0,10200000,0.062271,0.38636,0.38636,26400000,26400000,https://www.sec.gov/Archives/edgar/data/780571/000119312506153918/d10q.htm,https://www.sec.gov/Archives/edgar/data/780571/000119312506153918/d10q.htm
0,2006-03-31,ITRI,2006-05-04,2006-05-04 14:43:17,Q1,155600000,88800000,66800000,0.429306,12900000,27600000,15481000,20183000,47800000,136600000,5746000.0,10900000,29846000,0.191812,19000000,0.122108,-400000.0,13200000,0.084833,6100000.0,7100000.0,0.04563,0.27203,0.27203,26100000,26100000,https://www.sec.gov/Archives/edgar/data/780571/000119312506038135/d10k.htm,https://www.sec.gov/Archives/edgar/data/780571/000119312506038135/d10k.htm
0,2005-12-31,ITRI,2006-02-24,2006-02-24 06:30:52,Q4,160000000,95100000,64900000,0.405625,11900000,27200000,16186000,21645000,48900000.00000001,144000000,3664000.0,12800000.000000004,28764000.000000004,0.179775,16000000,0.1,-100000.0,12400000,0.0775,-4600000.0,16900000,0.105625,0.65,0.65,26000000,26000000,https://www.sec.gov/Archives/edgar/data/780571/000119312506038135/d10k.htm,https://www.sec.gov/Archives/edgar/data/780571/000119312506038135/d10k.htm
0,2005-09-30,ITRI,2005-11-04,2005-11-03 17:45:29,Q3,141100000,80100000,61000000,0.432318,11800000,25300000,13688000,21519000,46900000.00000001,127000000,4328000.0,12699999.999999996,26427999.999999996,0.1873,14200000,0.100638,-500000.0,9400000.0,0.066619,3400000.0,6000000.0,0.042523,0.23166,0.23166,25900000,25900000,https://www.sec.gov/Archives/edgar/data/780571/000119312505215820/d10q.htm,https://www.sec.gov/Archives/edgar/data/780571/000119312505215820/d10q.htm
0,2005-06-30,ITRI,2005-08-03,2005-08-03 07:05:13,Q2,135100000,78400000,56700000,0.419689,11400000,25300000,13529000,21129000,46399999.99999999,124799999.99999999,6385000.0,13100000.000000002,23985000,0.177535,10300000,0.07624,500000.0,4500000.0,0.033309,-4800000.0,9300000.0,0.068838,0.38115,0.38115,24400000,24400000,https://www.sec.gov/Archives/edgar/data/780571/000119312505155593/d10q.htm,https://www.sec.gov/Archives/edgar/data/780571/000119312505155593/d10q.htm
0,2005-03-31,ITRI,2005-05-03,2005-05-03 16:05:05,Q1,116500000,65500000,51000000,0.437768,11900000,23200000,13239000,22020000,45200000,110700000,4567000.0,13000000,18867000,0.161948,5800000.0,0.049785,100000.0,1300000.0,0.011159,500000.0,800000.0,0.006867,0.03524,0.03524,22700000,22700000,https://www.sec.gov/Archives/edgar/data/780571/000119312505047028/d10k.htm,https://www.sec.gov/Archives/edgar/data/780571/000119312505047028/d10k.htm
0,2004-12-31,ITRI,2005-03-11,2005-03-11 06:20:10,Q4,131400000,76400000,55100000,0.41933,11400000,24600000,13308000,31593000,62299999.99999998,138699999.99999997,4983000.0,19499999.999999996,12382999.999999996,0.094239,-7300000.0,-0.055556,100000.0,-12100000,-0.092085,-5100000.0,-7000000.0,-0.053272,-0.33019,-0.33019,21200000,21200000,https://www.sec.gov/Archives/edgar/data/780571/000119312505047028/d10k.htm,https://www.sec.gov/Archives/edgar/data/780571/000119312505047028/d10k.htm
0,2004-09-30,ITRI,2004-11-05,2004-11-05 13:02:05,Q3,122500000,73000000,49500000,0.404082,11900000,21200000,12045000,20681000,41900000.00000001,114900000,5147000.0,10500000,18347000,0.149771,7600000.0,0.062041,200000.0,2700000.0,0.022041,1000000.0,1700000.0,0.013878,0.07692,0.07692,22100000,22100000,https://www.sec.gov/Archives/edgar/data/780571/000119312504187565/d10q.htm,https://www.sec.gov/Archives/edgar/data/780571/000119312504187565/d10q.htm
0,2004-06-30,ITRI,2004-08-04,2004-08-04 15:55:52,Q2,79600000,43400000,36300000,0.45603,10600000,18900000,10853000,12340000,31500000.000000007,74900000,2261000.0,4400000.0,8161000.0,0.102525,4700000.0,0.059045,-1000000.0,1600000.0,0.020101,700000.0,800000.0,0.01005,0.0362,0.0362,22100000,22100000,https://www.sec.gov/Archives/edgar/data/780571/000119312504131297/d10q.htm,https://www.sec.gov/Archives/edgar/data/780571/000119312504131297/d10q.htm
0,2004-03-31,ITRI,2004-05-10,2004-05-10 12:42:50,Q1,65600000,35700000,29900000,0.455793,10500000,16000000,9073000.0,14924000,30899999.99999999,66599999.99999999,754000.0,4400000.0,3654000.0,0.055701,-1000000.0,-0.015244,300000.0,-1500000.0,-0.022866,-800000.0,-700000.0,-0.010671,-0.03382,-0.03382,20700000,20700000,https://www.sec.gov/Archives/edgar/data/780571/000119312504040650/d10k.htm,https://www.sec.gov/Archives/edgar/data/780571/000119312504040650/d10k.htm
0,2003-12-31,ITRI,2004-03-12,2004-03-12 17:02:56,Q4,80000000,52200000,27800000,0.3475,9700000.0,15400000,8976000.0,12696000,27700000.000000004,79900000,421000.0,4900000.0,3021000.0,0.037763,100000.0,0.00125,-1900000.0,-2300000.0,-0.02875,-700000.0,-1600000.0,-0.02,-0.07767,-0.07767,20600000,20600000,https://www.sec.gov/Archives/edgar/data/780571/000119312504040650/d10k.htm,https://www.sec.gov/Archives/edgar/data/780571/000119312504040650/d10k.htm
0,2003-09-30,ITRI,2003-11-13,2003-11-13 15:04:05,Q3,82100000,42600000,39500000,0.481121,10800000,17500000,9474000.0,14169000,31199999.999999996,73800000,832000.0,4799999.999999999,13631999.999999998,0.166041,8300000.0,0.101096,500000.0,8100000.0,0.09866,3000000.0,5000000.0,0.060901,0.22831,0.22831,21900000,21900000,https://www.sec.gov/Archives/edgar/data/780571/000119312503080001/d10q.htm,https://www.sec.gov/Archives/edgar/data/780571/000119312503080001/d10q.htm
0,2003-06-30,ITRI,2003-08-13,2003-08-13 12:49:41,Q2,80300000,40900000,39400000,0.49066,11500000,17300000,9786000.0,14267000,31500000.000000007,72400000,929000.0,5200000.000000001,13029000.000000002,0.162254,7800000.0,0.097136,-100000.0,6900000.0,0.085928,2700000.0,4200000.0,0.052304,0.19266,0.19266,21800000,21800000,https://www.sec.gov/Archives/edgar/data/780571/000119312503035546/d10q.htm,https://www.sec.gov/Archives/edgar/data/780571/000119312503035546/d10q.htm
0,2003-03-31,ITRI,2003-05-09,2003-05-09 15:19:05,Q1,74600000,37800000,36900000,0.494638,10200000,16200000,8437000.0,14211000,31299999.999999996,69100000,456000.0,4100000.0,9856000.0,0.132118,5500000.0,0.073727,0.0,5300000.0,0.071046,2400000.0,2900000.0,0.038874,0.13551,0.13551,21400000,21400000,https://www.sec.gov/Archives/edgar/data/780571/000103221003000460/d10k.htm,https://www.sec.gov/Archives/edgar/data/780571/000103221003000460/d10k.htm
0,2002-12-31,ITRI,2003-03-27,2003-03-27 16:38:00,Q4,77300000,40500000,36800000,0.476067,8900000.0,17500000,7167000.0,20261000,37800000,78300000,2061000.0,2699999.999999999,4460999.999999999,0.05771,-1000000.0,-0.012937,200000.0,-400000.0,-0.005175,300000.0,-600000.0,-0.007762,-0.0297,-0.0297,20200000,20200000,https://www.sec.gov/Archives/edgar/data/780571/000103221003000460/d10k.htm,https://www.sec.gov/Archives/edgar/data/780571/000103221003000460/d10k.htm
0,2002-09-30,ITRI,2002-11-08,2002-11-08 12:56:39,Q3,73100000,38700000,34300000,0.46922,10000000,14300000,8159000.0,10605000,25000000,63700000,100000.0,2599999.9999999995,12300000,0.168263,9400000.0,0.128591,0.0,9500000.0,0.129959,3600000.0,6000000.0,0.082079,0.2765,0.2765,21700000,21700000,https://www.sec.gov/Archives/edgar/data/780571/000103221002001536/d10q.htm,https://www.sec.gov/Archives/edgar/data/780571/000103221002001536/d10q.htm
0,2002-06-30,ITRI,2002-08-12 00:00:00,2002-08-12 16:49:29,Q2,72400000,38600000,33900000,0.468232,10400000,13800000,8233000.0,10961000,24600000,63200000,-300000.0,2500000.0000000005,12200000,0.168508,9200000.0,0.127072,1100000.0,10000000,0.138122,3700000.0,6300000.0,0.087017,0.27753,0.27753,22700000,22700000,https://www.sec.gov/Archives/edgar/data/780571/000103221002001221/0001032210-02-001221-index.html,https://www.sec.gov/Archives/edgar/data/780571/000103221002001221/d10q.htm
0,2002-03-31,ITRI,,,Q1,62100000,34800000,27300000,0.439614,7500000.0,11500000,0.0,0.0,26800000.000000004,61600000.00000001,-1000000.0,2500000.0,1200000.0,0.019324,500000.0,0.008052,100000.0,-300000.0,-0.004831,2700000.0,-3000000.0,-0.048309,-0.18182,-0.18182,16500000,16500000,,
0,2001-12-31,ITRI,,,Q4,64200000,35200000,29000000,0.451713,8400000.0,11600000,0.0,0.0,20000000,55200000,-1400000.0,2400000.0000000005,8600000.0,0.133956,9000000.0,0.140187,0.0,7600000.0,0.11838,2700000.0,4900000.0,0.076324,0.23005,0.23005,21300000,21300000,,
0,2001-09-30,ITRI,2001-11-08 00:00:00,2001-11-08 00:00:00,Q3,60900000,33800000,27100000,0.444992,8200000.0,11200000,0.0,0.0,19800000.000000004,53600000.00000001,-1000000.0,2300000.0,7600000.0,0.124795,7300000.0,0.119869,0.0,6300000.0,0.103448,2400000.0,3900000.0,0.064039,0.18841,0.18841,20700000,20700000,https://www.sec.gov/Archives/edgar/data/780571/000103221001501295/0001032210-01-501295-index.html,https://www.sec.gov/Archives/edgar/data/780571/000103221001501295/d10q.txt
0,2001-06-30,ITRI,2001-08-13 00:00:00,2001-08-13 00:00:00,Q2,53000000,29900000,23100000,0.435849,7600000.0,10100000,0.0,0.0,17300000.000000004,47200000.00000001,-800000.0,2600000.0,6900000.0,0.130189,5900000.0,0.111321,0.0,5100000.0,0.096226,1900000.0,3200000.0,0.060377,0.17112,0.17112,18700000,18700000,https://www.sec.gov/Archives/edgar/data/780571/000103221001501019/0001032210-01-501019-index.html,https://www.sec.gov/Archives/edgar/data/780571/000103221001501019/d10q.txt
0,2001-03-31,ITRI,2001-05-15 00:00:00,2001-05-15 00:00:00,Q1,47500000,28800000,18700000,0.393684,5700000.0,8900000.0,0.0,0.0,14999999.999999996,43799999.99999999,-1300000.0,2600000.0,3800000.0,0.08,3700000.0,0.077895,0.0,2400000.0,0.050526,1000000.0,1500000.0,0.031579,0.09554,0.09554,15700000,15700000,https://www.sec.gov/Archives/edgar/data/780571/000103221001500598/0001032210-01-500598-index.html,https://www.sec.gov/Archives/edgar/data/780571/000103221001500598/d10q.txt
0,2000-12-31,ITRI,,,Q4,48200000,28400000,19800000,0.410788,5200000.0,9900000.0,0.0,0.0,15500000,43900000,-500000.0,3000000.0,6200000.0,0.128631,4300000.0,0.089212,0.0,3700000.0,0.076763,1500000.0,2200000.0,0.045643,0.14379,0.14379,15300000,15300000,,
0,2000-09-30,ITRI,2000-11-14 00:00:00,2000-11-14 00:00:00,Q3,41800000,25100000,16700000,0.399522,4600000.0,9400000.0,0.0,0.0,14600000.000000002,39700000,-800000.0,3200000.000000001,3800000.000000001,0.090909,2200000.0,0.052632,0.0,1400000.0,0.033493,500000.0,900000.0,0.021531,0.05806,0.05806,15500000,15500000,https://www.sec.gov/Archives/edgar/data/780571/000078057100000021/0000780571-00-000021-index.html,https://www.sec.gov/Archives/edgar/data/780571/000078057100000021/0000780571-00-000021-0001.txt
0,2000-06-30,ITRI,2000-08-14 00:00:00,2000-08-14 00:00:00,Q2,45400000,27800000,17600000,0.387665,5300000.0,9300000.0,0.0,0.0,14999999.999999996,42799999.99999999,-700000.0,3000000.0,4200000.0,0.092511,2600000.0,0.057269,0.0,1900000.0,0.04185,700000.0,1200000.0,0.026432,0.07843,0.07843,15300000,15300000,https://www.sec.gov/Archives/edgar/data/780571/000078057100000018/0000780571-00-000018-index.html,https://www.sec.gov/Archives/edgar/data/780571/000078057100000018/0000780571-00-000018-0001.txt
0,2000-03-31,ITRI,2000-05-15 00:00:00,2000-05-15 00:00:00,Q1,48600000,30200000,18400000,0.378601,6200000.0,9600000.0,0.0,0.0,16099999.999999998,46300000,-700000.0,4100000.0,4400000.0,0.090535,2300000.0,0.047325,0.0,1600000.0,0.032922,600000.0,400000.0,0.00823,0.02597,0.02597,15400000,15400000,https://www.sec.gov/Archives/edgar/data/780571/000089102000001068/0000891020-00-001068-index.html,https://www.sec.gov/Archives/edgar/data/780571/0000891020-00-001068.txt
0,1999-12-31,ITRI,,,Q4,41700000,101400000,-59700000,-1.431655,7200000.0,13100000,0.0,0.0,27699999.99999999,129099999.99999999,-1600000.0,4600000.0,-86300000,-2.069544,-87400000,-2.095923,-200000.0,-89200000,-2.139089,-24700000,-64600000,-1.549161,-4.30667,-4.30667,15000000,15000000,,
0,1999-09-30,ITRI,,,Q3,48500000,30900000,17600000,0.362887,6000000.0,9400000.0,0.0,0.0,24600000,55500000,-1500000.0,4600000.0,-5300000.0,-0.109278,-7000000.0,-0.14433,100000.0,-8400000.0,-0.173196,-2500000.0,-5900000.0,-0.121649,-0.39597,-0.39597,14900000,14900000,,
0,1999-06-30,ITRI,,,Q2,51200000,34500000,16700000,0.326172,7000000.0,9900000.0,0.0,0.0,17400000,51900000,-1700000.0,4600000.000000001,600000.0000000005,0.011719,-700000.0,-0.013672,100000.0,-2300000.0,-0.044922,-700000.0,-1600000.0,-0.03125,-0.10811,-0.10811,14800000,14800000,,
0,1999-03-31,ITRI,,,Q1,51900000,33300000,18700000,0.360308,6600000.0,8800000.0,0.0,0.0,17000000,50300000,-2000000.0,4700000.0,5900000.0,0.11368,1600000.0,0.030829,0.0,-400000.0,-0.007707,-200000.0,3400000.0,0.065511,0.22973,0.22973,14800000,14800000,,
0,1998-12-31,ITRI,,,Q4,62100000,41100000,21000000,0.338164,7100000.0,9900000.0,0.0,0.0,18199999.999999996,59299999.99999999,0.0,4699999.999999999,5699999.999999999,0.091787,2800000.0,0.045089,-1800000.0,1000000.0,0.016103,400000.0,600000.0,0.009662,0.04082,0.04082,14700000,14700000,,
0,1998-09-30,ITRI,1998-11-13 00:00:00,1998-11-13 00:00:00,Q3,54800000,39800000,15000000,0.273723,8400000.0,9800000.0,0.0,0.0,22000000,61800000,-2600000.0,5899999.999999999,-6200000.000000001,-0.113139,-7000000.0,-0.127737,0.0,-9600000.0,-0.175182,-3600000.0,-5900000.0,-0.107664,-0.40136,-0.40136,14700000,14700000,https://www.sec.gov/Archives/edgar/data/780571/000078057198000021/0000780571-98-000021-index.html,https://www.sec.gov/Archives/edgar/data/780571/0000780571-98-000021.txt
0,1998-06-30,ITRI,1998-08-14 00:00:00,1998-08-14 00:00:00,Q2,60800000,40800000,20000000,0.328947,9000000.0,10300000,0.0,0.0,19800000.000000004,60600000.00000001,-1900000.0,4600000.000000001,900000.0000000005,0.014803,100000.0,0.001645,0.0,-1700000.0,-0.027961,-700000.0,-1100000.0,-0.018092,-0.07483,-0.07483,14700000,14700000,https://www.sec.gov/Archives/edgar/data/780571/000078057198000017/0000780571-98-000017-index.html,https://www.sec.gov/Archives/edgar/data/780571/0000780571-98-000017.txt
0,1998-03-31,ITRI,,,Q1,63700000,42900000,20800000,0.326531,8900000.0,9600000.0,0.0,0.0,19100000,62000000,-1400000.0,4700000.0,3600000.0,0.056515,1700000.0,0.026688,0.0,300000.0,0.00471,100000.0,200000.0,0.00314,0.01342,0.01342,14900000,14900000,,
0,1997-12-31,ITRI,,,Q4,64400000,38600000,25700000,0.399068,8700000.0,11700000,0.0,0.0,21100000,59700000,0.0,3900000.0000000005,9100000.0,0.141304,4700000.0,0.072981,500000.0,5200000.0,0.080745,1900000.0,3300000.0,0.051242,0.22,0.22,15000000,15000000,,
0,1997-09-30,ITRI,1997-11-14 00:00:00,1997-11-14 00:00:00,Q3,58400000,36300000,22100000,0.378425,8100000.0,9700000.0,0.0,0.0,18300000.000000004,54600000.00000001,0.0,4800000.000000001,7400000.000000001,0.126712,3800000.0,0.065068,-1200000.0,2600000.0,0.044521,1000000.0,1600000.0,0.027397,0.10667,0.10667,15000000,15000000,https://www.sec.gov/Archives/edgar/data/780571/000078057197000036/0000780571-97-000036-index.html,https://www.sec.gov/Archives/edgar/data/780571/0000780571-97-000036.txt
0,1997-06-30,ITRI,1997-08-13 00:00:00,1997-08-13 00:00:00,Q2,52700000,33400000,19300000,0.366224,8100000.0,10300000,0.0,0.0,19000000,52400000,0.0,4300000.0,3300000.0,0.062619,300000.0,0.005693,-1300000.0,-1000000.0,-0.018975,-300000.0,-700000.0,-0.013283,-0.04895,-0.04895,14300000,14300000,https://www.sec.gov/Archives/edgar/data/780571/000078057197000024/0000780571-97-000024-index.html,https://www.sec.gov/Archives/edgar/data/780571/0000780571-97-000024.txt
0,1997-03-31,ITRI,1997-05-15 00:00:00,1997-05-15 00:00:00,Q1,40600000,27000000,13600000,0.334975,7300000.0,9900000.0,0.0,0.0,17799999.999999996,44800000,0.0,3800000.0,-1500000.0,-0.036946,-4200000.0,-0.103448,-1100000.0,-5300000.0,-0.130542,-2000000.0,-3300000.0,-0.081281,-0.24627,-0.24627,13400000,13400000,https://www.sec.gov/Archives/edgar/data/780571/000078057197000004/0000780571-97-000004-index.html,https://www.sec.gov/Archives/edgar/data/780571/0000780571-97-000004.txt
0,1996-12-31,ITRI,,,Q4,42600000,26800000,15800000,0.370892,7900000.0,11000000,0.0,0.0,19300000,46100000,0.0,3000000.0,-900000.0,-0.021127,-3500000.0,-0.08216,-400000.0,-3900000.0,-0.091549,-1600000.0,-2300000.0,-0.053991,-0.17037,-0.17037,13500000,13500000,,
0,1996-09-30,ITRI,1996-11-14 00:00:00,1996-11-14 00:00:00,Q3,38700000,24200000,14600000,0.377261,10400000,10200000,0.0,0.0,20900000.000000004,45100000,0.0,2800000.0,-3800000.0,-0.098191,-6400000.0,-0.165375,-300000.0,-6700000.0,-0.173127,-2100000.0,-4500000.0,-0.116279,-0.33835,-0.33835,13300000,13300000,https://www.sec.gov/Archives/edgar/data/780571/000078057196000007/0000780571-96-000007-index.html,https://www.sec.gov/Archives/edgar/data/780571/0000780571-96-000007.txt
0,1996-06-30,ITRI,1996-08-14 00:00:00,1996-08-14 00:00:00,Q2,48200000,27200000,21000000,0.435685,7700000.0,9000000.0,0.0,0.0,17099999.999999996,44300000,0.0,2500000.0,6500000.0,0.134855,3900000.0,0.080913,0.0,3900000.0,0.080913,1600000.0,2400000.0,0.049793,0.16901,0.16901,14200000,14200000,https://www.sec.gov/Archives/edgar/data/780571/000078057196000005/0000780571-96-000005-index.html,https://www.sec.gov/Archives/edgar/data/780571/0000780571-96-000005.txt
