,date,symbol,fillingDate,acceptedDate,period,revenue,costOfRevenue,grossProfit,grossProfitRatio,researchAndDevelopmentExpenses,generalAndAdministrativeExpenses,sellingAndMarketingExpenses,otherExpenses,operatingExpenses,costAndExpenses,interestExpense,depreciationAndAmortization,ebitda,ebitdaratio,operatingIncome,operatingIncomeRatio,totalOtherIncomeExpensesNet,incomeBeforeTax,incomeBeforeTaxRatio,incomeTaxExpense,netIncome,netIncomeRatio,eps,epsdiluted,weightedAverageShsOut,weightedAverageShsOutDil,link,finalLink
0,2020-09-30,EXTR,2020-10-29,2020-10-29 16:10:43,Q1,235802000,100784000,135018000,0.5725905632691835,49524000,16461000,64325000,4768000.0,135078000,235862000,6663000.0,6727000.0,-765000.0,-0.0032442472922197436,-7492000.0,-0.03177241923308539,-887000.0,-7492000.0,-0.03177241923308539,1320000.0,-8812000.0,-0.037370336129464554,-0.07,121705.0,121705000,121705000,https://www.sec.gov/Archives/edgar/data/1078271/000156459020048853/0001564590-20-048853-index.htm,https://www.sec.gov/Archives/edgar/data/1078271/000156459020048853/extr-10q_20200930.htm
0,2020-06-30,EXTR,2020-08-31,2020-08-31 17:11:46,Q4,215522000,94932000,120590000,0.5595252456825753,44533000,82499000,66707000,6661000.0,133692999.99999999,228624999.99999997,6373000.0,15642000.000000004,2202000.000000003,0.010217,-13103000,-0.060797,-391000.0,-19813000,-0.09193,1404000.0,-21217000,-0.098445,-0.17635,-0.17635,120312000,120312000,https://www.sec.gov/Archives/edgar/data/1078271/000156459020042032/0001564590-20-042032-index.htm,https://www.sec.gov/Archives/edgar/data/1078271/000156459020042032/extr-10k_20200630.htm
0,2020-03-31,EXTR,2020-05-11 00:00:00,2020-05-11 16:39:06,Q3,209519000,98184000,111335000,0.531384,50577000,85251000,70132000,13863000,149691000,247875000,5979000.0,16156000.000000006,-20659999.999999993,-0.098607,-38356000,-0.183067,1318000.0,-42795000,-0.204254,1557000.0,-44352000,-0.211685,-0.3722,-0.3722,119162000,119162000,https://www.sec.gov/Archives/edgar/data/1078271/000156459020024274/0001564590-20-024274-index.html,https://www.sec.gov/Archives/edgar/data/1078271/000156459020024274/extr-10q_20200331.htm
0,2019-12-31,EXTR,2020-01-30 00:00:00,2020-01-30 16:38:19,Q2,267472000,118801000,148671000,0.555838,55380000,90534000,75436000,17993000,163907000.00000003,282708000.00000006,6234000.0,16496999.999999996,989999.999999996,0.003701,-15236000,-0.056963,-748000.0,-21741000,-0.081283,1797000.0,-23538000,-0.088002,-0.19688,-0.19688,119555000,119555000,https://www.sec.gov/Archives/edgar/data/1078271/000156459020002754/0001564590-20-002754-index.html,https://www.sec.gov/Archives/edgar/data/1078271/000156459020002754/extr-10q_20191231.htm
0,2019-09-30,EXTR,2019-10-31 00:00:00,2019-10-31 16:57:42,Q1,255506000,118263000,137243000,0.537142,59116000,86339000,71357000,23992000,169446999.99999997,287709999.99999994,5164000.0,15526000,-15453000,-0.06048,-32204000,-0.12604,558000.0,-36143000,-0.141457,1595000.0,-37738000,-0.147699,-0.31389,-0.31389,120226000,120226000,https://www.sec.gov/Archives/edgar/data/1078271/000156459019039190/0001564590-19-039190-index.html,https://www.sec.gov/Archives/edgar/data/1078271/000156459019039190/extr-10q_20190930.htm
0,2019-06-30,EXTR,2019-08-29 00:00:00,2019-08-29 17:04:54,Q4,252359000,113413000,138946000,0.550589,54606000,90568000,77081000,5977000.0,151151000,264564000,3009000.0,13113000,1037000.0,0.004109,-12205000,-0.048364,-438000.0,-15085000,-0.059776,1970000.0,-17055000,-0.067582,-0.14337,-0.14337,118959000,118959000,https://www.sec.gov/Archives/edgar/data/1078271/000156459019033615/0001564590-19-033615-index.html,https://www.sec.gov/Archives/edgar/data/1078271/000156459019033615/extr-10k_20190630.htm
0,2019-03-31,EXTR,2019-05-10 00:00:00,2019-05-10 16:36:55,Q3,250864000,111945000,138919000,0.553762,52081000,87800000,72321000,1292000.0,141173000,253118000,2996000.0,12732000.000000002,10673000.000000002,0.042545,-2254000.0,-0.008985,-433000.0,-5055000.0,-0.02015,1877000.0,-6932000.0,-0.027633,-0.05877,-0.05877,117944000,117944000,https://www.sec.gov/Archives/edgar/data/1078271/000156459019018574/0001564590-19-018574-index.html,https://www.sec.gov/Archives/edgar/data/1078271/000156459019018574/extr-10q_20190331.htm
0,2018-12-31,EXTR,2019-01-30 00:00:00,2019-01-30 16:21:23,Q2,252680000,111381000,141299000,0.559201,52204000,82228000,68342000,2116000.0,136548000,247929000,3066000.0,13128000,18123000,0.071723,4751000.0,0.018802,-399000.0,1929000.0,0.007634,-5270000.0,7199000.0,0.028491,0.06022,0.06022,119544000,119544000,https://www.sec.gov/Archives/edgar/data/1078271/000156459019001400/0001564590-19-001400-index.html,https://www.sec.gov/Archives/edgar/data/1078271/000156459019001400/extr-10q_20181231.htm
0,2018-09-30,EXTR,2018-11-02 00:00:00,2018-11-02 17:07:51,Q1,239900000,107800000,132100000,0.550646,51200000,80400000,67582000,5495000.0,137100000.00000003,244900000.00000003,3526000.0,13899999.999999998,9725999.999999998,0.040542,-5000000.0,-0.020842,500000.0,-7700000.0,-0.032097,1400000.0,-9100000.0,-0.037932,-0.07751,-0.07751,117400000,117400000,https://www.sec.gov/Archives/edgar/data/1078271/000156459018026529/0001564590-18-026529-index.html,https://www.sec.gov/Archives/edgar/data/1078271/000156459018026529/extr-10q_20180930.htm
0,2018-06-30,EXTR,2018-08-29 00:00:00,2018-08-29 16:05:46,Q4,278300000,128100000,150200000,0.539705,52800000,89100000,73647000,11699000,153600000,281700000,5160000.0,15900000,13860000,0.049802,-3400000.0,-0.012217,500000.0,-7300000.0,-0.026231,-1600000.0,-5600000.0,-0.020122,-0.04828,-0.04828,116000000,116000000,https://www.sec.gov/Archives/edgar/data/1078271/000156459018022453/0001564590-18-022453-index.html,https://www.sec.gov/Archives/edgar/data/1078271/000156459018022453/extr-10k_20180630.htm
0,2018-03-31,EXTR,2018-05-10 00:00:00,2018-05-10 06:44:15,Q3,262000000,119000000,143000000,0.545802,50900000,83900000,72240000,16337000,151200000,270200000,4044000.0,14100000.000000002,6244000.000000001,0.023832,-8200000.0,-0.031298,-400000.0,-11900000,-0.04542,1700000.0,-13600000,-0.051908,-0.11816,-0.11816,115100000,115100000,https://www.sec.gov/Archives/edgar/data/1078271/000156459018012675/0001564590-18-012675-index.html,https://www.sec.gov/Archives/edgar/data/1078271/000156459018012675/extr-10q_20180331.htm
0,2017-12-31,EXTR,2018-02-08 00:00:00,2018-02-08 16:05:44,Q2,231100000,102100000,129000000,0.5582,45900000,77300000,65659000,36861000,160100000,262200000,2504000.0,11700000,-19296000,-0.083496,-31100000,-0.134574,-600000.0,-33500000,-0.144959,-1600000.0,-31900000,-0.138035,-0.28081,-0.28081,113600000,113600000,https://www.sec.gov/Archives/edgar/data/1078271/000156459018001677/0001564590-18-001677-index.html,https://www.sec.gov/Archives/edgar/data/1078271/000156459018001677/extr-10q_20171231.htm
0,2017-09-30,EXTR,2017-11-09 00:00:00,2017-11-09 17:00:53,Q1,211700000,99300000,112400000,0.53094,34300000,67700000,55561000,5858000.0,107899999.99999999,207200000,2215000.0,7400000.0,15715000,0.074232,4500000.0,0.021256,3100000.0,6100000.0,0.028814,1700000.0,4400000.0,0.020784,0.03716,0.03716,118400000,118400000,https://www.sec.gov/Archives/edgar/data/1078271/000156459017023316/0001564590-17-023316-index.html,https://www.sec.gov/Archives/edgar/data/1078271/000156459017023316/extr-10q_20170930.htm
0,2017-06-30,EXTR,2017-09-13 00:00:00,2017-09-13 16:05:34,Q4,178900000,76300000,102600000,0.573505,26700000,56500000,46103000,3713000.0,86899999.99999999,163200000,1086000.0,4799999.999999998,20185999.999999996,0.112834,15700000,0.087759,-600000.0,14300000,0.079933,1100000.0,13200000,0.073784,0.11946,0.11946,110500000,110500000,https://www.sec.gov/Archives/edgar/data/1078271/000156459017018633/0001564590-17-018633-index.html,https://www.sec.gov/Archives/edgar/data/1078271/000156459017018633/extr-10k_20170630.htm
0,2017-03-31,EXTR,2017-05-04 00:00:00,2017-05-04 17:27:03,Q3,149200000,66400000,82800000,0.55496,24700000,48400000,38759000,12330000,85400000,151800000,1177000.0,5100000.000000001,2477000.000000001,0.016602,-2600000.0,-0.017426,-300000.0,-3800000.0,-0.025469,1200000.0,-5000000.0,-0.033512,-0.04579,-0.04579,109200000,109200000,https://www.sec.gov/Archives/edgar/data/1078271/000156459017008860/0001564590-17-008860-index.html,https://www.sec.gov/Archives/edgar/data/1078271/000156459017008860/extr-10q_20170331.htm
0,2016-12-31,EXTR,2017-02-02 00:00:00,2017-02-02 17:22:04,Q2,156400000,76700000,79700000,0.509591,24000000,50400000,41109000,8197000.0,82700000,159400000,1176000.0,6400000.0,4576000.0,0.029258,-3000000.0,-0.019182,1000000.0,-3100000.0,-0.019821,1200000.0,-4200000.0,-0.026854,-0.03911,-0.03911,107400000,107400000,https://www.sec.gov/Archives/edgar/data/1078271/000156459017000906/0001564590-17-000906-index.html,https://www.sec.gov/Archives/edgar/data/1078271/000156459017000906/extr-10q_20161231.htm
0,2016-09-30,EXTR,2016-11-02 00:00:00,2016-11-02 17:26:04,Q1,122600000,56700000,65900000,0.53752,18300000,45100000,36956000,6463000.0,69899999.99999999,126599999.99999999,647000.0,10000000,5847000.0,0.047692,-4000000.0,-0.032626,-200000.0,-4800000.0,-0.039152,900000.0,-5700000.0,-0.046493,-0.05377,-0.05377,106000000,106000000,https://www.sec.gov/Archives/edgar/data/1078271/000156459016027054/0001564590-16-027054-index.html,https://www.sec.gov/Archives/edgar/data/1078271/000156459016027054/extr-10q_20160930.htm
0,2016-06-30,EXTR,2016-09-06 00:00:00,2016-09-02 19:54:21,Q4,139600000,66900000,72700000,0.520774,18900000,49100000,39364000,5139000.0,73199999.99999999,140100000,694000.0,10300000,10094000,0.072307,-500000.0,-0.003582,200000.0,-1000000.0,-0.007163,1400000.0,-2300000.0,-0.016476,-0.02195,-0.02195,104800000,104800000,https://www.sec.gov/Archives/edgar/data/1078271/000156459016024924/0001564590-16-024924-index.html,https://www.sec.gov/Archives/edgar/data/1078271/000156459016024924/extr-10k_20160630.htm
0,2016-03-31,EXTR,2016-04-29 00:00:00,2016-04-29 17:31:45,Q3,124900000,62200000,62700000,0.502002,18900000,47300000,38322000,5500000.0,71600000.00000001,133800000.00000001,769000.0,10499999.999999998,1368999.999999998,0.010961,-8900000.0,-0.071257,-300000.0,-9900000.0,-0.079263,900000.0,-10800000,-0.086469,-0.10375,-0.10375,104100000,104100000,https://www.sec.gov/Archives/edgar/data/1078271/000156459016017216/0001564590-16-017216-index.html,https://www.sec.gov/Archives/edgar/data/1078271/000156459016017216/extr-10q_20160331.htm
0,2015-12-31,EXTR,2016-02-02 00:00:00,2016-02-02 16:49:19,Q2,139300000,69000000,70300000,0.504666,20700000,46800000,37058000,8089000.0,75699999.99999999,144700000,809000.0,10400000,5209000.0,0.037394,-5400000.0,-0.038765,100000.0,-6000000.0,-0.043073,1200000.0,-7200000.0,-0.051687,-0.07031,-0.07031,102400000,102400000,https://www.sec.gov/Archives/edgar/data/1078271/000156459016012196/0001564590-16-012196-index.html,https://www.sec.gov/Archives/edgar/data/1078271/000156459016012196/extr-10q_20151231.htm
0,2015-09-30,EXTR,2015-11-02 00:00:00,2015-10-30 20:43:28,Q1,124600000,59500000,65100000,0.522472,20300000,45200000,36062000,10408000,75900000,135400000,826000.0,12000000,2226000.0,0.017865,-10800000,-0.086677,1000000.0,-10600000,-0.085072,900000.0,-11500000,-0.092295,-0.11386,-0.11386,101000000,101000000,https://www.sec.gov/Archives/edgar/data/1078271/000107827115000127/0001078271-15-000127-index.html,https://www.sec.gov/Archives/edgar/data/1078271/000107827115000127/extr-093015x10q.htm
0,2015-06-30,EXTR,2015-09-14 00:00:00,2015-09-14 16:58:50,Q4,149900000,73500000,76300000,0.509006,22200000,52300000,41323000,15208000,89800000.00000001,163300000,758000.0,12100000.000000002,-1541999.999999999,-0.010287,-13500000,-0.09006,-200000.0,-14300000,-0.095397,1300000.0,-15700000,-0.104736,-0.15669,-0.15669,100200000,100200000,https://www.sec.gov/Archives/edgar/data/1078271/000107827115000120/0001078271-15-000120-index.html,https://www.sec.gov/Archives/edgar/data/1078271/000107827115000120/extr-06301510k.htm
0,2015-03-31,EXTR,2015-05-07 00:00:00,2015-05-07 16:58:52,Q3,119600000,61900000,57700000,0.482441,23900000,48900000,39226000,6193000.0,79000000,140900000,758000.0,12299999.999999998,-9342000.000000002,-0.07811,-21300000,-0.178094,-500000.0,-22400000,-0.187291,1100000.0,-23500000,-0.196488,-0.23547,-0.23547,99800000,99800000,https://www.sec.gov/Archives/edgar/data/1078271/000107827115000052/0001078271-15-000052-index.html,https://www.sec.gov/Archives/edgar/data/1078271/000107827115000052/extr-03311510q.htm
0,2014-12-31,EXTR,2015-01-30,2015-01-29 21:51:09,Q2,147200000,72000000,75200000,0.51087,24000000,54300000,43971000,7967000.0,86300000.00000001,158300000,825000.0,12400000,1425000.0,0.009681,-11100000,-0.075408,-100000.0,-11800000,-0.080163,1300000.0,-13100000,-0.088995,-0.12831,-0.12831,102100000,102100000,https://www.sec.gov/Archives/edgar/data/1078271/000107827115000007/extr-12311410q.htm,https://www.sec.gov/Archives/edgar/data/1078271/000107827115000007/extr-12311410q.htm
0,2014-09-30,EXTR,2014-10-29 00:00:00,2014-10-29 17:11:05,Q1,136300000,65700000,70500000,0.517241,23300000,55900000,44779000,8525000.0,87800000,153500000,836000.0,12000000,-5464000.0,-0.040088,-17200000,-0.126192,-400000.0,-18300000,-0.134263,1000000.0,-19300000,-0.141599,-0.19836,-0.19836,97300000,97300000,https://www.sec.gov/Archives/edgar/data/1078271/000107827114000064/0001078271-14-000064-index.html,https://www.sec.gov/Archives/edgar/data/1078271/000107827114000064/extr-09301410q.htm
0,2014-06-30,EXTR,2014-09-15 00:00:00,2014-09-15 16:20:06,Q4,155300000,72400000,82900000,0.533806,24000000,60100000,48633000,12168000,96299999.99999999,168699999.99999997,797000.0,12700000.000000004,-802999.999999997,-0.005171,-13400000,-0.086285,-200000.0,-14300000,-0.09208,1900000.0,-16200000,-0.104314,-0.16753,-0.16753,96700000,96700000,https://www.sec.gov/Archives/edgar/data/1078271/000107827114000053/0001078271-14-000053-index.html,https://www.sec.gov/Archives/edgar/data/1078271/000107827114000053/extr-06301410k.htm
0,2014-03-31,EXTR,2014-05-07 00:00:00,2014-05-07 16:11:23,Q3,141800000,70900000,70900000,0.5,24300000,56000000,44703000,14004000,94299999.99999999,165199999.99999997,764000.0,15599999.999999998,-7836000.000000002,-0.055261,-23400000,-0.165021,-100000.0,-24100000,-0.169958,900000.0,-25100000,-0.17701,-0.26119,-0.26119,96100000,96100000,https://www.sec.gov/Archives/edgar/data/1078271/000107827114000020/0001078271-14-000020-index.html,https://www.sec.gov/Archives/edgar/data/1078271/000107827114000020/extr-331201410q.htm
0,2013-12-31,EXTR,2014-02-06,2014-02-06 16:18:54,Q2,146600000,76700000,69800000,0.476126,18900000,51800000,40636000,12895000,83700000,160400000,524000.0,9400000.0,-5176000.0,-0.035307,-13800000,-0.094134,-900000.0,-15100000,-0.103001,900000.0,-16000000,-0.109141,-0.16293,-0.16293,98200000,98200000,https://www.sec.gov/Archives/edgar/data/1078271/000107827114000008/extr-1231201310q.htm,https://www.sec.gov/Archives/edgar/data/1078271/000107827114000008/extr-1231201310q.htm
0,2013-09-30,EXTR,2013-11-04 00:00:00,2013-11-04 16:28:57,Q1,75900000,32200000,43700000,0.575758,9900000.0,29600000,22694000,3770000.0,43300000,75500000,300000.0,1700000.0,2400000.0,0.031621,400000.0,0.00527,-300000.0,400000.0,0.00527,400000.0,0.0,0.0,0.03,0.03,94100000,94100000,https://www.sec.gov/Archives/edgar/data/1078271/000107827113000062/0001078271-13-000062-index.html,https://www.sec.gov/Archives/edgar/data/1078271/000107827113000062/extr-0930201310q.htm
0,2013-06-30,EXTR,2013-08-30 00:00:00,2013-08-29 21:44:06,Q4,79500000,35500000,44000000,0.553459,9600000.0,30900000,22438000,243000.0,41000000,76500000,300000.0,1400000.0,5200000.0,0.065409,2900000.0,0.036478,200000.0,3500000.0,0.044025,300000.0,3200000.0,0.040252,0.03372,0.03372,94900000,94900000,https://www.sec.gov/Archives/edgar/data/1078271/000107827113000049/0001078271-13-000049-index.html,https://www.sec.gov/Archives/edgar/data/1078271/000107827113000049/extr-06301310k.htm
0,2013-03-31,EXTR,2013-05-01 00:00:00,2013-05-01 16:12:16,Q3,68200000,30300000,37900000,0.555718,9400000.0,26900000,20644000,-6024000.0,39800000,70100000,-1000.0,1500000.0,-301000.0,-0.004413,-1900000.0,-0.027859,-200000.0,-1800000.0,-0.026393,400000.0,-2200000.0,-0.032258,-0.02366,-0.02366,93000000,93000000,https://www.sec.gov/Archives/edgar/data/1078271/000107827113000020/0001078271-13-000020-index.html,https://www.sec.gov/Archives/edgar/data/1078271/000107827113000020/extr-0331201310q.htm
0,2012-12-31,EXTR,2013-01-31 00:00:00,2013-01-31 16:20:02,Q2,75600000,34800000,40700000,0.53836,11000000,28700000,22093000,5558000.0,44500000,79300000,300000.0,1500000.0,-2000000.0,-0.026455,-3800000.0,-0.050265,-300000.0,-3800000.0,-0.050265,400000.0,-4200000.0,-0.055556,-0.04444,-0.04444,94500000,94500000,https://www.sec.gov/Archives/edgar/data/1078271/000107827113000006/0001078271-13-000006-index.html,https://www.sec.gov/Archives/edgar/data/1078271/000107827113000006/extr-1231201210q.htm
0,2012-09-30,EXTR,2012-11-01 00:00:00,2012-11-01 16:08:58,Q1,76100000,36200000,40000000,0.525624,10600000,27400000,22027000,-348000.0,26400000,62600000,1000.0,1600000.0,15101000,0.198436,13600000,0.178712,-300000.0,13500000,0.177398,600000.0,12900000,0.169514,0.13508,0.13508,95500000,95500000,https://www.sec.gov/Archives/edgar/data/1078271/000107827112000073/0001078271-12-000073-index.html,https://www.sec.gov/Archives/edgar/data/1078271/000107827112000073/extr-0930201210q.htm
0,2012-06-30,EXTR,2012-08-23 00:00:00,2012-08-22 21:57:44,Q4,87600000,38800000,48800000,0.557078,11800000,31500000,24655000,116000.0,43400000.00000001,82200000,300000.0,1700000.0,9800000.0,0.111872,5400000.0,0.061644,2000000.0,7800000.0,0.089041,0.0,7800000.0,0.089041,0.08193,0.08193,95200000,95200000,https://www.sec.gov/Archives/edgar/data/1078271/000107827112000048/0001078271-12-000048-index.html,https://www.sec.gov/Archives/edgar/data/1078271/000107827112000048/extr-06301210k.htm
0,2012-04-01,EXTR,2012-05-04 00:00:00,2012-05-04 16:22:53,Q3,73400000,32200000,41200000,0.561308,10400000,28200000,20657000,-35000.0,38500000,70700000,300000.0,1799999.9999999998,5000000.0,0.06812,2700000.0,0.036785,-100000.0,2900000.0,0.03951,500000.0,2400000.0,0.032698,0.02537,0.02537,94600000,94600000,https://www.sec.gov/Archives/edgar/data/1078271/000107827112000025/0001078271-12-000025-index.html,https://www.sec.gov/Archives/edgar/data/1078271/000107827112000025/extr10q040112.htm
0,2012-01-01,EXTR,2012-02-07 00:00:00,2012-02-07 16:23:39,Q2,82800000,36500000,46300000,0.559179,11100000,30700000,22734000,437000.0,42300000,78800000,38000.0,1800000.0,6138000.0,0.07413,4100000.0,0.049517,0.0,4300000.0,0.051932,200000.0,4100000.0,0.049517,0.04357,0.04357,94100000,94100000,https://www.sec.gov/Archives/edgar/data/1078271/000107827112000006/0001078271-12-000006-index.html,https://www.sec.gov/Archives/edgar/data/1078271/000107827112000006/extr10q010112.htm
0,2011-10-02,EXTR,2011-11-10 00:00:00,2011-11-10 13:47:29,Q1,78900000,35400000,43500000,0.551331,12400000,28400000,22121000,955000.0,41699999.99999999,77100000,37000.0,1800000.0,3937000.0,0.049899,1800000.0,0.022814,100000.0,2100000.0,0.026616,500000.0,1600000.0,0.020279,0.017,0.017,94100000,94100000,https://www.sec.gov/Archives/edgar/data/1078271/000107827111000101/0001078271-11-000101-index.html,https://www.sec.gov/Archives/edgar/data/1078271/000107827111000101/extr10q100211.htm
0,2011-07-03,EXTR,2011-08-30 00:00:00,2011-08-30 13:53:20,Q4,89800000,41200000,48600000,0.541203,13200000,34500000,28454000,-254000.0,50500000,91700000,37000.0,2300000.0,437000.0,0.004866,-1900000.0,-0.021158,-300000.0,-1900000.0,-0.021158,200000.0,-2100000.0,-0.023385,-0.02273,-0.02273,92400000,92400000,https://www.sec.gov/Archives/edgar/data/1078271/000107827111000066/0001078271-11-000066-index.html,https://www.sec.gov/Archives/edgar/data/1078271/000107827111000066/extr-70311x10k.htm
0,2011-03-27,EXTR,2011-05-02 00:00:00,2011-04-29 18:55:03,Q3,75700000,39100000,36600000,0.483487,11200000,30900000,24830000,-162000.0,43199999.99999999,82300000,36000.0,2500000.0,-3864000.0,-0.051044,-6600000.0,-0.087186,-200000.0,-6500000.0,-0.085865,400000.0,-6800000.0,-0.089828,-0.07424,-0.07424,91600000,91600000,https://www.sec.gov/Archives/edgar/data/1078271/000107827111000022/0001078271-11-000022-index.html,https://www.sec.gov/Archives/edgar/data/1078271/000107827111000022/extr10q032711.htm
0,2010-12-26,EXTR,2011-02-03,2011-02-02 21:49:42,Q2,85100000,37200000,48000000,0.564042,12000000,31100000,25087000,119000.0,38800000,76000000,29000.0,2100000.0,11629000,0.136651,9100000.0,0.106933,100000.0,9500000.0,0.111633,600000.0,8900000.0,0.104583,0.09748,0.09748,91300000,91300000,https://www.sec.gov/Archives/edgar/data/1078271/000107827111000010/extr12261010q.htm,https://www.sec.gov/Archives/edgar/data/1078271/000107827111000010/extr12261010q.htm
0,2010-09-26,EXTR,2010-11-03 00:00:00,2010-11-03 17:12:06,Q1,83800000,37000000,46800000,0.558473,12900000,31500000,24906000,-277000.0,44400000.00000001,81400000,30000.0,2000000.0,4530000.0,0.054057,2500000.0,0.029833,-300000.0,2500000.0,0.029833,-200000.0,2700000.0,0.03222,0.0298,0.0298,90600000,90600000,https://www.sec.gov/Archives/edgar/data/1078271/000119312510246328/0001193125-10-246328-index.html,https://www.sec.gov/Archives/edgar/data/1078271/000119312510246328/d10q.htm
0,2010-06-27,EXTR,2010-08-20 00:00:00,2010-08-20 15:26:22,Q4,85500000,36800000,48600000,0.568421,12000000,32800000,25832000,1063000.0,45900000.00000001,82700000,43000.0,2599999.9999999995,5643000.0,0.066,2800000.0,0.032749,0.0,3000000.0,0.035088,-400000.0,3400000.0,0.039766,0.03774,0.03774,90100000,90100000,https://www.sec.gov/Archives/edgar/data/1078271/000119312510194128/0001193125-10-194128-index.html,https://www.sec.gov/Archives/edgar/data/1078271/000119312510194128/d10k.htm
0,2010-03-28,EXTR,2010-04-30 00:00:00,2010-04-30 15:42:15,Q3,78200000,32800000,45400000,0.580563,11300000,30700000,24634000,371000.0,42400000.00000001,75200000,29000.0,1299999.9999999998,4829000.0,0.061752,3000000.0,0.038363,100000.0,3500000.0,0.044757,-200000.0,3700000.0,0.047315,0.04088,0.04088,90500000,90500000,https://www.sec.gov/Archives/edgar/data/1078271/000119312510101753/0001193125-10-101753-index.html,https://www.sec.gov/Archives/edgar/data/1078271/000119312510101753/d10q.htm
0,2009-12-27,EXTR,2010-02-03 00:00:00,2010-02-03 15:37:48,Q2,79400000,33600000,45800000,0.576826,12400000,31100000,24553000,3792000.0,47800000.00000001,81400000,30000.0,1400000.0,-270000.0,-0.003401,-2000000.0,-0.025189,0.0,-1600000.0,-0.020151,-300000.0,-1400000.0,-0.017632,-0.01571,-0.01571,89100000,89100000,https://www.sec.gov/Archives/edgar/data/1078271/000119312510020714/0001193125-10-020714-index.html,https://www.sec.gov/Archives/edgar/data/1078271/000119312510020714/d10q.htm
0,2009-09-27,EXTR,2009-10-30 00:00:00,2009-10-30 15:06:48,Q1,66300000,29500000,36800000,0.555053,13600000,28900000,21602000,-159000.0,42099999.99999999,71600000,39000.0,1600000.0,-3461000.0,-0.052202,-5300000.0,-0.07994,-100000.0,-5000000.0,-0.075415,400000.0,-5500000.0,-0.082956,-0.06194,-0.06194,88800000,88800000,https://www.sec.gov/Archives/edgar/data/1078271/000119312509218759/0001193125-09-218759-index.html,https://www.sec.gov/Archives/edgar/data/1078271/000119312509218759/d10q.htm
0,2009-06-28,EXTR,2009-08-28 00:00:00,2009-08-28 16:53:16,Q4,81300000,35300000,46000000,0.565806,13700000,30400000,23311000,153000.0,44300000,79600000,55000.0,3600000.0,5155000.0,0.063407,1700000.0,0.02091,-600000.0,1400000.0,0.01722,600000.0,900000.0,0.01107,0.01015,0.01015,88700000,88700000,https://www.sec.gov/Archives/edgar/data/1078271/000119312509183942/0001193125-09-183942-index.html,https://www.sec.gov/Archives/edgar/data/1078271/000119312509183942/d10k.htm
0,2009-03-29,EXTR,2009-05-06 00:00:00,2009-05-06 15:00:38,Q3,77200000,32700000,44500000,0.576425,13900000,30300000,24293000,776000.0,46200000,78900000,23000.0,1500000.0,-277000.0,-0.003588,-1700000.0,-0.022021,-700000.0,-1800000.0,-0.023316,400000.0,-2200000.0,-0.028497,-0.02207,-0.02207,99700000,99700000,https://www.sec.gov/Archives/edgar/data/1078271/000119312509101400/0001193125-09-101400-index.html,https://www.sec.gov/Archives/edgar/data/1078271/000119312509101400/d10q.htm
0,2008-12-28,EXTR,2009-02-05 00:00:00,2009-02-05 14:17:50,Q2,87500000,38900000,48700000,0.556571,13900000,33200000,25776000,768000.0,47100000,86000000,19000.0,1000000.0000000002,4219000.0,0.048217,1600000.0,0.018286,800000.0,3200000.0,0.036571,700000.0,2500000.0,0.028571,0.02828,0.02828,88400000,88400000,https://www.sec.gov/Archives/edgar/data/1078271/000119312509019863/0001193125-09-019863-index.html,https://www.sec.gov/Archives/edgar/data/1078271/000119312509019863/d10q.htm
0,2008-09-28,EXTR,2008-11-07 00:00:00,2008-11-07 16:26:39,Q1,89500000,38100000,51400000,0.574302,16600000,34300000,25857000,548000.0,50900000,89000000,50000.0,1700000.0,4150000.0,0.046369,500000.0,0.005587,500000.0,2500000.0,0.027933,800000.0,1600000.0,0.017877,0.01435,0.01435,111500000,111500000,https://www.sec.gov/Archives/edgar/data/1078271/000119312508230060/0001193125-08-230060-index.html,https://www.sec.gov/Archives/edgar/data/1078271/000119312508230060/d10q.htm
0,2008-06-29,EXTR,2008-09-09 00:00:00,2008-09-09 16:36:55,Q4,98300000,42200000,56100000,0.570702,16100000,39400000,28432000,893000.0,56399999.99999999,98599999.99999999,89000.0,1600000.0000000005,3289000.0000000005,0.033459,-200000.0,-0.002035,-100000.0,1500000.0,0.015259,800000.0,800000.0,0.008138,0.00688,0.00688,116200000,116200000,https://www.sec.gov/Archives/edgar/data/1078271/000119312508193042/0001193125-08-193042-index.html,https://www.sec.gov/Archives/edgar/data/1078271/000119312508193042/d10k.htm
0,2008-03-30,EXTR,2008-05-12 00:00:00,2008-05-09 17:35:03,Q3,82000000,34900000,47100000,0.57439,15600000,33800000,25232000,0.0,49400000,84300000,2700000.0,1899999.9999999995,4799999.999999999,0.058537,-2300000.0,-0.028049,-200000.0,200000.0,0.002439,400000.0,-200000.0,-0.002439,-0.00173,-0.00173,115600000,115600000,https://www.sec.gov/Archives/edgar/data/1078271/000119312508110045/0001193125-08-110045-index.html,https://www.sec.gov/Archives/edgar/data/1078271/000119312508110045/d10q.htm
0,2007-12-30,EXTR,2008-02-13,2008-02-13 16:43:08,Q2,92500000,39600000,53000000,0.572973,17200000,33600000,25050000,0.0,50699999.99999999,90300000,2800000.0,1800000.0000000002,9300000.0,0.100541,2200000.0,0.023784,-200000.0,4800000.0,0.051892,600000.0,4100000.0,0.044324,0.03544,0.03544,115700000,115700000,https://www.sec.gov/Archives/edgar/data/1078271/000119312508029377/d10q.htm,https://www.sec.gov/Archives/edgar/data/1078271/000119312508029377/d10q.htm
0,2007-09-30,EXTR,2007-11-09 00:00:00,2007-11-09 17:09:21,Q1,89000000,39900000,49100000,0.551685,16500000,31100000,24538000,0.0,47500000.00000001,87400000.00000001,2800000.0,1900000.0,8700000.0,0.097753,1500000.0,0.016854,-200000.0,4100000.0,0.046067,400000.0,3600000.0,0.040449,0.03125,0.03125,115200000,115200000,https://www.sec.gov/Archives/edgar/data/1078271/000119312507242649/0001193125-07-242649-index.html,https://www.sec.gov/Archives/edgar/data/1078271/000119312507242649/d10q.htm
0,2007-07-01,EXTR,2007-08-30 00:00:00,2007-08-30 16:49:53,Q4,87100000,39400000,47700000,0.547646,17300000,34200000,25894000,2857000.0,54400000,93800000,3149000.0,1700000.0000000002,449000.0000000002,0.005155,-6700000.0,-0.076923,2200000.0,-4500000.0,-0.051665,600000.0,-5000000.0,-0.057405,-0.04401,-0.04401,113600000,113600000,https://www.sec.gov/Archives/edgar/data/1078271/000119312507193082/0001193125-07-193082-index.html,https://www.sec.gov/Archives/edgar/data/1078271/000119312507193082/d10k.htm
0,2007-04-01,EXTR,2007-06-28 00:00:00,2007-06-28 06:19:30,Q3,85100000,37300000,47900000,0.562867,18400000,33800000,24886000,-157000.0,52000000,89300000,0.0,1900000.0000000005,-299999.9999999996,-0.003525,-4200000.0,-0.049354,2000000.0,-2200000.0,-0.025852,200000.0,-2400000.0,-0.028202,-0.02113,-0.02113,113600000,113600000,https://www.sec.gov/Archives/edgar/data/1078271/000119312507144848/0001193125-07-144848-index.html,https://www.sec.gov/Archives/edgar/data/1078271/000119312507144848/d10q.htm
0,2006-12-31,EXTR,2007-06-28,2007-06-28 06:19:30,Q2,86900000,40400000,46500000,0.535098,15600000,34600000,25829000,-231000.0,50000000.00000001,90400000.00000001,0.0,1900000.0,600000.0,0.006904,-3500000.0,-0.040276,2200000.0,-1300000.0,-0.01496,600000.0,-1900000.0,-0.021864,-0.01673,-0.01673,113600000,113600000,https://www.sec.gov/Archives/edgar/data/1078271/000119312507144848/d10q.htm,https://www.sec.gov/Archives/edgar/data/1078271/000119312507144848/d10q.htm
0,2006-10-01,EXTR,2007-06-28,2007-06-28 06:18:38,Q1,83800000,40600000,43200000,0.515513,15800000,33000000,25443000,1534000.0,50400000,91000000,0.0,2400000.0,-1700000.0,-0.020286,-7200000.0,-0.085919,3100000.0,-4100000.0,-0.048926,800000.0,-4900000.0,-0.058473,-0.04235,-0.04235,115700000,115700000,https://www.sec.gov/Archives/edgar/data/1078271/000119312507144846/d10q.htm,https://www.sec.gov/Archives/edgar/data/1078271/000119312507144846/d10q.htm
0,2006-07-02,EXTR,2007-06-28,2007-06-28 06:11:56,Q4,82400000,38800000,43600000,0.529126,15600000,31200000,25426000,3268000.0,50100000.00000001,88900000.00000001,7252000.0,2800000.000000001,5552000.000000001,0.067379,-6400000.0,-0.07767,-6000000.0,-4600000.0,-0.055825,-200000.0,-4300000.0,-0.052184,-0.03629,-0.03629,118500000,118500000,https://www.sec.gov/Archives/edgar/data/1078271/000119312507144835/d10k.htm,https://www.sec.gov/Archives/edgar/data/1078271/000119312507144835/d10k.htm
0,2006-04-02,EXTR,2006-05-09,2006-05-09 16:43:01,Q3,85500000,39200000,46200000,0.540351,14500000,29700000,23148000,0.0,44099999.99999999,83300000,0.0,3000000.0,6400000.0,0.074854,2100000.0,0.024561,1400000.0,3500000.0,0.040936,600000.0,2800000.0,0.032749,0.0228,0.0228,122800000,122800000,https://www.sec.gov/Archives/edgar/data/1078271/000119312506105519/d10q.htm,https://www.sec.gov/Archives/edgar/data/1078271/000119312506105519/d10q.htm
0,2006-01-01,EXTR,2006-02-09,2006-02-09 15:57:10,Q2,92800000,42000000,50800000,0.547414,15700000,30000000,23962000,0.0,45700000,87700000,0.0,2899999.9999999995,9500000.0,0.102371,5100000.0,0.054957,1400000.0,6500000.0,0.070043,900000.0,5700000.0,0.061422,0.04567,0.04567,124800000,124800000,https://www.sec.gov/Archives/edgar/data/1078271/000119312506025202/d10q.htm,https://www.sec.gov/Archives/edgar/data/1078271/000119312506025202/d10q.htm
0,2005-10-02,EXTR,2005-11-09,2005-11-09 15:55:02,Q1,97900000,44600000,53300000,0.544433,16300000,33100000,25916000,0.0,49400000,94000000,0.0,3200000.0,8100000.0,0.082737,3900000.0,0.039837,900000.0,4900000.0,0.050051,500000.0,4400000.0,0.044944,0.03526,0.03526,124800000,124800000,https://www.sec.gov/Archives/edgar/data/1078271/000119312505221511/d10q.htm,https://www.sec.gov/Archives/edgar/data/1078271/000119312505221511/d10q.htm
0,2005-07-03,EXTR,2005-09-08,2005-09-07 19:47:46,Q4,96100000,45200000,50900000,0.529657,15700000,35700000,25863000,0.0,51399999.99999999,96599999.99999999,7037000.0,3599999.9999999995,11237000,0.11693,-500000.0,-0.005203,1100000.0,600000.0,0.006243,500000.0,100000.0,0.001041,0.0008,0.0008,124300000,124300000,https://www.sec.gov/Archives/edgar/data/1078271/000119312505181688/d10k.htm,https://www.sec.gov/Archives/edgar/data/1078271/000119312505181688/d10k.htm
0,2005-03-27,EXTR,2005-05-05,2005-05-05 17:28:54,Q3,91900000,44600000,47300000,0.51469,15300000,31200000,23945000,2002000.0,48600000,93200000,0.0,3900000.0000000005,3400000.0000000005,0.036997,-1300000.0,-0.014146,800000.0,-400000.0,-0.004353,800000.0,-1300000.0,-0.014146,-0.01071,-0.01071,121400000,121400000,https://www.sec.gov/Archives/edgar/data/1078271/000119312505097696/d10q.htm,https://www.sec.gov/Archives/edgar/data/1078271/000119312505097696/d10q.htm
0,2004-12-26,EXTR,2005-02-04 00:00:00,2005-02-03 18:43:03,Q2,100300000,46300000,54000000,0.538385,14900000,31300000,23766000,5000.0,46200000,92500000,0.0,4299999.999999999,15799999.999999998,0.157527,7800000.0,0.077767,3600000.0,11400000,0.113659,1500000.0,10000000,0.099701,0.08039,0.08039,124400000,124400000,https://www.sec.gov/Archives/edgar/data/1078271/000119312505018885/0001193125-05-018885-index.html,https://www.sec.gov/Archives/edgar/data/1078271/000119312505018885/d10q.htm
0,2004-09-26,EXTR,2004-11-04 00:00:00,2004-11-04 16:50:38,Q1,95100000,44500000,50600000,0.532072,15400000,30400000,23230000,62000.0,45800000,90300000,0.0,4400000.0,9300000.0,0.097792,4700000.0,0.049422,100000.0,4900000.0,0.051525,800000.0,4100000.0,0.043113,0.03323,0.03323,123400000,123400000,https://www.sec.gov/Archives/edgar/data/1078271/000119312504186406/0001193125-04-186406-index.html,https://www.sec.gov/Archives/edgar/data/1078271/000119312504186406/d10q.htm
0,2004-06-27,EXTR,2004-09-03 00:00:00,2004-09-03 17:09:06,Q4,92200000,43800000,48400000,0.524946,15200000,31200000,24441000,5655000.0,52000000,95800000,6982000.0,4500000.000000002,15782000.000000002,0.171171,-3600000.0,-0.039046,8000000.0,4400000.0,0.047722,2000000.0,2300000.0,0.024946,0.01862,0.01862,123500000,123500000,https://www.sec.gov/Archives/edgar/data/1078271/000119312504152272/0001193125-04-152272-index.html,https://www.sec.gov/Archives/edgar/data/1078271/000119312504152272/d10k.htm
0,2004-03-28,EXTR,2004-05-12 00:00:00,2004-05-12 14:13:08,Q3,88900000,43400000,45500000,0.511811,15000000,31600000,23343000,198000.0,46600000,90000000,0.0,5100000.0,4300000.0,0.048369,-1100000.0,-0.012373,300000.0,-800000.0,-0.008999,300000.0,-1100000.0,-0.012373,-0.00926,-0.00926,118800000,118800000,https://www.sec.gov/Archives/edgar/data/1078271/000119312504086100/0001193125-04-086100-index.html,https://www.sec.gov/Archives/edgar/data/1078271/000119312504086100/d10q.htm
0,2003-12-28,EXTR,2004-02-11 00:00:00,2004-02-11 15:54:35,Q2,83400000,43000000,40400000,0.484412,14600000,31700000,23611000,181000.0,46200000,89200000,0.0,5200000.0,-500000.0,-0.005995,-5800000.0,-0.069544,100000.0,-5700000.0,-0.068345,-100000.0,-5600000.0,-0.067146,-0.04758,-0.04758,117700000,117700000,https://www.sec.gov/Archives/edgar/data/1078271/000119312504019643/0001193125-04-019643-index.html,https://www.sec.gov/Archives/edgar/data/1078271/000119312504019643/d10q.htm
0,2003-09-28,EXTR,2003-11-10 00:00:00,2003-11-07 21:20:36,Q1,87400000,42500000,44900000,0.51373,13300000,29400000,21825000,1514000.0,43599999.99999999,86100000,0.0,5300000.0,8800000.0,0.100686,1200000.0,0.01373,2300000.0,3500000.0,0.040046,900000.0,2600000.0,0.029748,0.02189,0.02189,118800000,118800000,https://www.sec.gov/Archives/edgar/data/1078271/000119312503075541/0001193125-03-075541-index.html,https://www.sec.gov/Archives/edgar/data/1078271/000119312503075541/d10q.htm
0,2003-06-29,EXTR,2003-09-26 00:00:00,2003-09-26 15:34:17,Q4,87300000,54600000,32700000,0.37457,16300000,27500000,8992000.0,30361000,46600000,101200000,7058000.0,5699999.999999999,-242000.000000001,-0.002772,-14000000,-0.160367,-3100000.0,-13000000,-0.148912,154100000,-167100000,-1.914089,-1.44052,-1.44052,116000000,116000000,https://www.sec.gov/Archives/edgar/data/1078271/000119312503054663/0001193125-03-054663-index.html,https://www.sec.gov/Archives/edgar/data/1078271/000119312503054663/d10k.htm
0,2003-03-30,EXTR,2003-05-12 00:00:00,2003-05-09 20:10:15,Q3,85200000,51300000,33900000,0.397887,13700000,32300000,29830000,0.0,46100000.00000001,97400000.00000001,0.0,5899999.999999999,-5300000.000000001,-0.062207,-12200000,-0.143192,1000000.0,-11200000,-0.131455,-4100000.0,-7100000.0,-0.083333,-0.06147,-0.06147,115500000,115500000,https://www.sec.gov/Archives/edgar/data/1078271/000101287003002439/0001012870-03-002439-index.html,https://www.sec.gov/Archives/edgar/data/1078271/000101287003002439/d10q.htm
0,2002-12-31,EXTR,2003-02-11 00:00:00,2003-02-11 17:14:53,Q2,90200000,49700000,40500000,0.449002,13400000,33300000,0.0,0.0,73700000,123400000,0.0,5600000.000000001,-26600000,-0.2949,-33200000,-0.368071,1000000.0,-32200000,-0.356984,-13200000,-19000000,-0.210643,-0.16551,-0.16551,114800000,114800000,https://www.sec.gov/Archives/edgar/data/1078271/000101287003000515/0001012870-03-000515-index.html,https://www.sec.gov/Archives/edgar/data/1078271/000101287003000515/d10q.htm
0,2002-12-29,EXTR,2003-02-11 00:00:00,2003-02-11 17:14:53,Q2,90216000,44926000,45290000,0.5020173805090006,13418000,6729000.0,30397000,0.0,50544000,124118000,0.0,5630000.0,-14109000,-0.156391,-32912000,-0.364813336880376,990000.0,-32912000,-0.364813336880376,0.0,-19739000,-0.21879710916023765,-0.17405,-0.17405,113409000,113409000,https://www.sec.gov/Archives/edgar/data/1078271/000101287003000515/0001012870-03-000515-index.html,https://www.sec.gov/Archives/edgar/data/1078271/000101287003000515/d10q.htm
0,2002-09-30,EXTR,2002-11-12 00:00:00,2002-11-12 17:24:52,Q1,100600000,57300000,43300000,0.430417,14500000,35700000,0.0,0.0,50200000,107500000,0.0,8700000.0,2700000.0,0.026839,-6900000.0,-0.068588,900000.0,-6100000.0,-0.060636,-2000000.0,-4000000.0,-0.039761,-0.03497,-0.03497,114400000,114400000,https://www.sec.gov/Archives/edgar/data/1078271/000101287002004342/0001012870-02-004342-index.html,https://www.sec.gov/Archives/edgar/data/1078271/000101287002004342/d10q.htm
0,2002-09-29,EXTR,2002-09-30 00:00:00,2002-09-30 12:15:48,Q1,100569000,51499000,49070000,0.487923714066959,14509000,6935000.0,33253000,0.0,54697000,108197000,0.0,8652000.0,3921000.0,0.038988,-6748000.0,-0.06709821117839493,880000.0,-6748000.0,-0.06709821117839493,0.0,-4731000.0,-0.0470423291471527,-0.04135,-0.04135,114420000,114420000,https://www.sec.gov/Archives/edgar/data/1078271/000101287002003922/0001012870-02-003922-index.html,https://www.sec.gov/Archives/edgar/data/1078271/000101287002003922/d10k.htm
0,2002-06-30,EXTR,2002-09-30 00:00:00,2002-09-30 12:15:48,Q4,113100000,52500000,60600000,0.535809,15100000,50800000,34028000,-11050000,58000000,110500000,4509000.0,7899999.999999999,16008999.999999998,0.141547,2700000.0,0.023873,-4200000.0,3600000.0,0.03183,1100000.0,2500000.0,0.022104,0.02133,0.02133,117200000,117200000,https://www.sec.gov/Archives/edgar/data/1078271/000101287002003922/0001012870-02-003922-index.html,https://www.sec.gov/Archives/edgar/data/1078271/000101287002003922/d10k.htm
0,2002-03-31,EXTR,2002-05-13 00:00:00,2002-05-13 16:42:55,Q3,111100000,47200000,63900000,0.575158,15400000,43000000,34281000,0.0,234400000.00000003,281600000.00000006,0.0,20800000.000000004,-152600000,-1.373537,-170500000,-1.534653,800000.0,-173400000,-1.560756,-33600000,-139800000,-1.258326,-1.23389,-1.23389,113300000,113300000,https://www.sec.gov/Archives/edgar/data/1078271/000102140802006746/0001021408-02-006746-index.html,https://www.sec.gov/Archives/edgar/data/1078271/000102140802006746/d10q.htm
0,2001-12-31,EXTR,2002-02-12 00:00:00,2002-02-12 00:00:00,Q2,109100000,51500000,57600000,0.527956,14600000,44300000,0.0,0.0,71500000,123000000,0.0,20299999.999999996,8099999.999999997,0.074244,-13900000,-0.127406,1700000.0,-12200000,-0.111824,-1500000.0,-10700000,-0.098075,-0.09494,-0.09494,112700000,112700000,https://www.sec.gov/Archives/edgar/data/1078271/000101287002000516/0001012870-02-000516-index.html,https://www.sec.gov/Archives/edgar/data/1078271/000101287002000516/d10q.htm
0,2001-09-30,EXTR,2001-11-13 00:00:00,2001-11-13 00:00:00,Q1,108300000,83300000,25000000,0.23084,16400000,48000000,0.0,0.0,76200000,159500000,0.0,19600000,-35200000,-0.325023,-51300000,-0.473684,2400000.0,-54800000,-0.506002,-18800000,-36000000,-0.33241,-0.32143,-0.32143,112000000,112000000,https://www.sec.gov/Archives/edgar/data/1078271/000101287001502703/0001012870-01-502703-index.html,https://www.sec.gov/Archives/edgar/data/1078271/000101287001502703/d10q.txt
0,2001-06-30,EXTR,2001-09-26 00:00:00,2001-09-26 00:00:00,Q4,115100000,55500000,59600000,0.517811,16700000,42800000,0.0,0.0,76900000,132400000,0.0,18000000,2400000.0,0.020851,-17400000,-0.151173,1800000.0,-15600000,-0.135534,-4200000.0,-11400000,-0.099044,-0.10261,-0.10261,111100000,111100000,https://www.sec.gov/Archives/edgar/data/1078271/000101287001502006/0001012870-01-502006-index.html,https://www.sec.gov/Archives/edgar/data/1078271/000101287001502006/d10k.txt
0,2001-03-31,EXTR,2001-05-15 00:00:00,2001-05-15 00:00:00,Q3,112100000,97900000,14200000,0.126673,16500000,52900000,0.0,0.0,111600000,209500000,0.0,13600000,-81800000,-0.729706,-97400000,-0.868867,2900000.0,-95400000,-0.851026,-25300000,-70100000,-0.625335,-0.64312,-0.64312,109000000,109000000,https://www.sec.gov/Archives/edgar/data/1078271/000101287001500851/0001012870-01-500851-index.html,https://www.sec.gov/Archives/edgar/data/1078271/000101287001500851/d10q.txt
0,2000-12-31,EXTR,2001-02-14 00:00:00,2001-02-14 00:00:00,Q2,144700000,69800000,74900000,0.517623,13000000,45400000,0.0,0.0,65300000,135100000,0.0,11100000,23500000,0.162405,9600000.0,0.066344,2800000.0,12400000,0.085695,4300000.0,8100000.0,0.055978,0.06824,0.06824,118700000,118700000,https://www.sec.gov/Archives/edgar/data/1078271/000092735601000218/0000927356-01-000218-index.html,https://www.sec.gov/Archives/edgar/data/1078271/000092735601000218/0000927356-01-000218-0001.txt
0,2000-09-30,EXTR,2000-11-14 00:00:00,2000-11-14 00:00:00,Q1,119300000,58100000,61300000,0.513831,11700000,39400000,0.0,0.0,57999999.99999999,116099999.99999999,0.0,10000000,16900000,0.14166,3300000.0,0.027661,3700000.0,7000000.0,0.058676,2400000.0,4500000.0,0.03772,0.03785,0.03785,118900000,118900000,https://www.sec.gov/Archives/edgar/data/1078271/000101287000005764/0001012870-00-005764-index.html,https://www.sec.gov/Archives/edgar/data/1078271/000101287000005764/0001012870-00-005764-0001.txt
0,2000-06-30,EXTR,2000-09-29 00:00:00,2000-09-29 00:00:00,Q4,92400000,46200000,46300000,0.501082,10200000,32600000,0.0,0.0,49599999.99999999,95800000,0.0,9200000.0,10100000,0.109307,-3400000.0,-0.036797,4300000.0,900000.0,0.00974,300000.0,600000.0,0.006494,0.00533,0.00533,112500000,112500000,https://www.sec.gov/Archives/edgar/data/1078271/000101287000005060/0001012870-00-005060-index.html,https://www.sec.gov/Archives/edgar/data/1078271/000101287000005060/0001012870-00-005060-0001.txt
0,2000-03-31,EXTR,2000-05-16 00:00:00,2000-05-16 00:00:00,Q3,67300000,32000000,35300000,0.524517,8100000.0,17700000,0.0,0.0,25799999.999999996,57800000,0.0,1200000.0000000002,15200000,0.225854,9500000.0,0.141159,4400000.0,13900000,0.206538,4900000.0,9100000.0,0.135215,0.08011,0.08011,113600000,113600000,https://www.sec.gov/Archives/edgar/data/1078271/000101287000002916/0001012870-00-002916-index.html,https://www.sec.gov/Archives/edgar/data/1078271/0001012870-00-002916.txt
0,1999-12-31,EXTR,2000-02-15 00:00:00,2000-02-15 00:00:00,Q2,55000000,26200000,28800000,0.523636,7800000.0,15100000,0.0,0.0,22800000,49000000,0.0,2000000.0,11800000,0.214545,6000000.0,0.109091,3700000.0,9700000.0,0.176364,3400000.0,6400000.0,0.116364,0.0573,0.0573,111700000,111700000,https://www.sec.gov/Archives/edgar/data/1078271/000101287000000801/0001012870-00-000801-index.html,https://www.sec.gov/Archives/edgar/data/1078271/000101287000000801/0001012870-00-000801-d1.html
0,1999-09-30,EXTR,1999-11-15 00:00:00,1999-11-15 00:00:00,Q1,47200000,22600000,24600000,0.521186,6900000.0,13600000,0.0,0.0,20500000,43100000,0.0,1700000.0,7400000.0,0.15678,4100000.0,0.086864,1700000.0,5800000.0,0.122881,1700000.0,4000000.0,0.084746,0.03731,0.03731,107200000,107200000,https://www.sec.gov/Archives/edgar/data/1078271/000101287099004227/0001012870-99-004227-index.html,https://www.sec.gov/Archives/edgar/data/1078271/000101287099004227/0001012870-99-004227-d1.html
0,1999-06-30,EXTR,1999-09-24 00:00:00,1999-09-24 00:00:00,Q4,38100000,18700000,19400000,0.509186,5700000.0,11600000,0.0,0.0,17300000,36000000,-200000.0,2200000.0,5600000.0,0.146982,2100000.0,0.055118,1600000.0,3500000.0,0.091864,700000.0,2900000.0,0.076115,0.03204,0.03204,90500000,90500000,https://www.sec.gov/Archives/edgar/data/1078271/000101287099003353/0001012870-99-003353-index.html,https://www.sec.gov/Archives/edgar/data/1078271/0001012870-99-003353.txt
