,date,symbol,fillingDate,acceptedDate,period,revenue,costOfRevenue,grossProfit,grossProfitRatio,researchAndDevelopmentExpenses,generalAndAdministrativeExpenses,sellingAndMarketingExpenses,otherExpenses,operatingExpenses,costAndExpenses,interestExpense,depreciationAndAmortization,ebitda,ebitdaratio,operatingIncome,operatingIncomeRatio,totalOtherIncomeExpensesNet,incomeBeforeTax,incomeBeforeTaxRatio,incomeTaxExpense,netIncome,netIncomeRatio,eps,epsdiluted,weightedAverageShsOut,weightedAverageShsOutDil,link,finalLink
0,2020-09-26,PLT,2020-10-30,2020-10-29 17:57:22,Q2,410969000,460446000,180746000,0.4398044621370468,52148000,115606000,0.0,6170000.0,173924000,634370000,18581000,40971000,-9663000.0,-0.023512722370787092,-50634000,-0.12320637323009764,1368000.0,-10391000,-0.02528414551949174,-163000.0,-13405000,-0.03261803201701345,-2.17,-2.17,40715000,40715000,https://www.sec.gov/Archives/edgar/data/914025/000091402520000083/0000914025-20-000083-index.htm,https://www.sec.gov/Archives/edgar/data/914025/000091402520000083/plt-20200926.htm
0,2020-06-27,PLT,2020-07-29,2020-07-28 21:23:20,Q1,355720000,199388000,156332000,0.43948049027324865,50029000,116644000,0.0,46891000,213564000,412952000,21184000,43400000,-13608000,-0.038255,-57232000,-0.160891,1142000.0,-78192000,-0.219813,-3177000.0,-75015000,-0.210882,-1.85405,-1.85405,40460000,40460000,https://www.sec.gov/Archives/edgar/data/914025/000091402520000057/0000914025-20-000057-index.htm,https://www.sec.gov/Archives/edgar/data/914025/000091402520000057/q12110-q.htm
0,2020-03-28,PLT,2020-06-08 00:00:00,2020-06-08 17:23:10,Q4,403043000,413371000,-10328000,-0.025625,47569000,138459000,0.0,542550000,682644000.0000001,1096015000,92640000,57632000.00000001,-565641000,-1.403426,-692972000,-1.71935,-2415000.0,-715913000,-1.77627,-37995000,-677918000,-1.681999,-16.93652,-16.93652,40027000,40027000,https://www.sec.gov/Archives/edgar/data/914025/000091402520000045/0000914025-20-000045-index.htm,https://www.sec.gov/Archives/edgar/data/914025/000091402520000045/form10kfy20.htm
0,2019-12-31,PLT,2020-02-06 00:00:00,2020-02-05 19:33:06,Q3,384471000,240625000,143846000,0.3741400521755867,53769000,144978000,0.0,967000.0,0.0,439372000,0.0,0.0,24379000,0.0634092038151122,-54901000,-0.2553924743348653,-20757000,-98191000,-0.2553924743348653,-19708000,-78483000,-0.20413243131471553,-1.97,-1.97,39784000,39784000,https://www.sec.gov/Archives/edgar/data/914025/000091402520000010/0000914025-20-000010-index.html,https://www.sec.gov/Archives/edgar/data/914025/000091402520000010/q32010-q.htm
0,2019-12-28,PLT,2020-02-06 00:00:00,2020-02-05 19:33:06,Q3,384471000,481250000,-96779000,-0.2517198956488266,53769000,144977000,0.0,21724000,220470000,701720000,22533000,57556000,58523000,0.15221694224011695,967000.0,0.002515144185127097,967000.0,-98190000,-0.25538987335845875,0.0,-78483000,-0.20413243131471553,-1.98515,-1.98515,39535000,39535000,https://www.sec.gov/Archives/edgar/data/914025/000091402520000010/0000914025-20-000010-index.html,https://www.sec.gov/Archives/edgar/data/914025/000091402520000010/q32010-q.htm
0,2019-09-30,PLT,2019-11-05 00:00:00,2019-11-05 16:32:28,Q2,461709000,255638000,206071000,0.4463222505950718,57415000,148419000,0.0,-625000.0,0.0,461472000,0.0,0.0,63460000,0.13744588041385375,237000.0,-0.06504529909531762,-6472000.0,-30032000,-0.06504529909531762,-4122000.0,-25910000,-0.05611759788091634,-0.65,-0.65,39584000,39584000,https://www.sec.gov/Archives/edgar/data/914025/000091402519000052/0000914025-19-000052-index.html,https://www.sec.gov/Archives/edgar/data/914025/000091402519000052/q22010-q.htm
0,2019-09-28,PLT,2019-11-05 00:00:00,2019-11-05 16:32:28,Q2,461709000,511276000,-49567000,-0.10735549880985643,57415000,148419000,0.0,5847000.0,211681000,722957000,-23932000,-59059000,-30502000,0.0316861224699,44871000,0.06185064618623418,-625000.0,78016000,-0.06504529909531762,33145000,44871000,-0.05611759788091634,1.14353,1.14353,39239000,39239000,https://www.sec.gov/Archives/edgar/data/914025/000091402519000052/0000914025-19-000052-index.html,https://www.sec.gov/Archives/edgar/data/914025/000091402519000052/q22010-q.htm
0,2019-06-30,PLT,2019-08-06,2019-08-06 16:52:13,Q1,447767000,235121000,212646000,0.4749032420879609,59524000,163608000,0.0,333000.0,0.0,458253000,0.0,0.0,65575000,0.14644893437881756,-10486000,-0.1171323478505562,-18030000,-52448000,-0.1171323478505562,-7577000.0,-44871000,-0.10021060060254552,-1.14,-1.14,39239000,39239000,https://www.sec.gov/Archives/edgar/data/914025/000091402519000021/form10kfy19.htm,https://www.sec.gov/Archives/edgar/data/914025/000091402519000021/form10kfy19.htm
0,2019-06-29,PLT,,Not found...,Q1,0.0,0.0,0.0,0.0,0.0,0.0,0.0,0.0,0.0,0.0,0.0,0.0,0.0,0.0,0.0,0.0,0.0,0.0,0.0,0.0,0.0,0.0,0.0,0.0,0.0,0.0,updating...,processing...
0,2019-03-31,PLT,2019-05-17 00:00:00,2019-05-17 13:07:09,Q4,468488000,251958000,216530000,0.46218899950478987,61477000,161326000,0.0,2872000.0,0.0,474761000,0.0,0.0,65321000,0.13942939840508187,-6273000.0,-0.09207706494083093,-10116000,-43137000,-0.09207706494083093,-21548000,-21590000,-0.04608442478782808,-0.55,-0.55,39089000,39089000,https://www.sec.gov/Archives/edgar/data/914025/000091402519000021/0000914025-19-000021-index.html,https://www.sec.gov/Archives/edgar/data/914025/000091402519000021/form10kfy19.htm
0,2019-03-30,PLT,2019-05-17 00:00:00,2019-05-17 13:07:09,Q4,1674535000,980396000,694139000,0.41452642076755636,201886000,567879000,0.0,33669000,803434000,1783830000,83000000,205962000,96667000,0.0577276676809,-19261000,-0.041113112822526936,2872000.0,-43137000,-0.09207706494083093,-21548000,-21590000,-0.04608442478782808,-0.57468,-0.57468,37569000,37569000,https://www.sec.gov/Archives/edgar/data/914025/000091402519000021/0000914025-19-000021-index.html,https://www.sec.gov/Archives/edgar/data/914025/000091402519000021/form10kfy19.htm
0,2018-12-31,PLT,2019-02-06 00:00:00,2019-02-05 18:14:02,Q3,501669000,286532000,215137000,0.42884252365603615,59661000,168053000,0.0,125000.0,0.0,514246000,0.0,0.0,54670000,0.10897623731982642,-12577000,-0.09889787888029757,-12005000,-49614000,-0.09889787888029757,-7880000.0,-41734000,-0.08319031074274073,-1.06,-1.06,39314000,39314000,https://www.sec.gov/Archives/edgar/data/914025/000091402519000005/0000914025-19-000005-index.html,https://www.sec.gov/Archives/edgar/data/914025/000091402519000005/q31910-q.htm
0,2018-12-29,PLT,2019-02-06 00:00:00,2019-02-05 18:14:02,Q3,501669000,573064000,-71395000,-0.1423149526879277,59661000,168053000,0.0,12130000,239844000,812908000,-31220000,-89415000,-114122000,0.0341975473396,65327000,-0.0492496048191138,125000.0,92941000,-0.09889787888029757,20703000,72238000,-0.08318831739653038,2.01007,2.01007,35938000,35938000,https://www.sec.gov/Archives/edgar/data/914025/000091402519000005/0000914025-19-000005-index.html,https://www.sec.gov/Archives/edgar/data/914025/000091402519000005/q31910-q.htm
0,2018-09-30,PLT,2018-11-07 00:00:00,2018-11-07 15:37:00,Q2,483069000,330440000,152629000,0.3159569336885621,57047000,174297000,0.0,1610000.0,0.0,561784000,0.0,0.0,10944000,0.022655148643361506,-78715000,-0.2241067011130915,-5651000.0,-108259000,-0.2241067011130915,-21550000,-86709000,-0.17949609683088752,-2.21,-2.21,39281000,39281000,https://www.sec.gov/Archives/edgar/data/914025/000091402518000066/0000914025-18-000066-index.html,https://www.sec.gov/Archives/edgar/data/914025/000091402518000066/q21910-q.htm
0,2018-06-30,PLT,2018-08-07 00:00:00,2018-08-07 16:51:04,Q1,221309000,111466000,109843000,0.496333181208175,23701000,64203000,0.0,1996000.0,0.0,199370000,0.0,0.0,28477000,0.12867529110881165,21939000,0.06921544085419029,706000.0,15318000,0.06921544085419029,847000.0,14471000,0.06538821286075126,0.43,0.42,32594000,33534000,https://www.sec.gov/Archives/edgar/data/914025/000091402518000048/0000914025-18-000048-index.html,https://www.sec.gov/Archives/edgar/data/914025/000091402518000048/q11910-q.htm
0,2018-03-31,PLT,2018-05-09 00:00:00,2018-05-09 17:11:34,Q4,216143000,102068000,114075000,0.5277755930101831,21791000,59265000,0.0,793000.0,0.0,183124000,0.0,0.0,38191000,0.1766932077374701,33019000,0.12274744035198919,905000.0,26531000,0.12274744035198919,16677000,9854000.0,0.04559018797740385,0.3,0.29,32231000,32924000,https://www.sec.gov/Archives/edgar/data/914025/000091402518000021/0000914025-18-000021-index.html,https://www.sec.gov/Archives/edgar/data/914025/000091402518000021/form10kfy18.htm
0,2017-12-31,PLT,2018-01-30 00:00:00,2018-01-30 16:14:33,Q3,226534000,112409000,114125000,0.5037875109255123,21257000,56196000,0.0,2490000.0,0.0,189862000,0.0,0.0,41724000,0.1841842725595275,36672000,0.1409060008652123,2589000.0,31920000,0.1409060008652123,81424000,-49504000,-0.21852790309622397,-1.54,-1.54,32075000,32075000,https://www.sec.gov/Archives/edgar/data/914025/000091402518000009/0000914025-18-000009-index.html,https://www.sec.gov/Archives/edgar/data/914025/000091402518000009/q31810-q.htm
0,2017-12-30,PLT,2018-01-30 00:00:00,2018-01-30 16:14:33,Q3,226534000,112409000,114125000,0.5037875109255123,21257000,56196000,0.0,-99000.0,77354000,189763000,-14563000,-11468000,25303000,0.15708091718,36771000,0.129395547358,2490000.0,31920000,0.100853157455,81424000,-49504000,0.0936228049422,-1.49509,-1.49509,32538000,33111000,https://www.sec.gov/Archives/edgar/data/914025/000091402518000009/0000914025-18-000009-index.html,https://www.sec.gov/Archives/edgar/data/914025/000091402518000009/q31810-q.htm
0,2017-09-30,PLT,2017-10-31 00:00:00,2017-10-31 16:07:58,Q2,210300000,102668000,107632000,0.5118021873514027,19932000,57696000,0.0,1826000.0,0.0,180296000,0.0,0.0,35210000,0.16742748454588682,30004000,0.11757013789824061,1981000.0,24725000,0.11757013789824061,4772000.0,19953000,0.09487874465049928,0.59,0.59,32570000,32809000,https://www.sec.gov/Archives/edgar/data/914025/000091402517000055/0000914025-17-000055-index.html,https://www.sec.gov/Archives/edgar/data/914025/000091402517000055/q21810-q.htm
0,2017-07-01,PLT,2017-08-08 00:00:00,2017-08-08 17:01:03,Q1,203926000,100643000,103283000,0.5064729362611928,21213000,56233000,0.0,2397000.0,79843000,180486000,0.0,5382000.0,28822000,0.1413355825152261,23440000,0.11494365603209007,914000.0,17051000,0.08361366377999863,-1777000.0,18828000,0.09232760903464983,0.57119,0.57119,32279000,32963000,https://www.sec.gov/Archives/edgar/data/914025/000091402517000043/0000914025-17-000043-index.html,https://www.sec.gov/Archives/edgar/data/914025/000091402517000043/q11810-q.htm
0,2017-06-30,PLT,2017-08-08 00:00:00,2017-08-08 17:01:03,Q1,203926000,100643000,103283000,0.5064729362611928,21213000,56233000,0.0,914000.0,0.0,178089000,0.0,0.0,33616000,0.16484411011837627,25837000,0.08361366377999863,-1483000.0,17051000,0.08361366377999863,-1777000.0,18828000,0.09232760903464983,0.58,0.57,32506000,33211000,https://www.sec.gov/Archives/edgar/data/914025/000091402517000043/0000914025-17-000043-index.html,https://www.sec.gov/Archives/edgar/data/914025/000091402517000043/q11810-q.htm
0,2017-04-01,PLT,2017-05-10 00:00:00,2017-05-10 16:45:51,Q4,208954000,101283000,107671000,0.5152856609588713,22202000,54249000,0.0,1209000.0,77660000,178943000,7363000.0,5716000.0,35727000,0.170980215741,30011000,0.14362491266,1700000.0,24348000,0.116523253922,4831000.0,19517000,0.0934033327909,0.59209,0.59209,32279000,32963000,https://www.sec.gov/Archives/edgar/data/914025/000091402517000023/0000914025-17-000023-index.html,https://www.sec.gov/Archives/edgar/data/914025/000091402517000023/form10kfy17.htm
0,2017-03-31,PLT,2017-05-10 00:00:00,2017-05-10 16:45:51,Q4,208954000,101283000,107671000,0.5152856609588713,22202000,54249000,0.0,1700000.0,0.0,177734000,0.0,0.0,37782000,0.18081491620165205,31220000,0.11652325392191583,491000.0,24348000,0.11652325392191583,4831000.0,19517000,0.0934033327909492,0.6,0.59,32334000,33056000,https://www.sec.gov/Archives/edgar/data/914025/000091402517000023/0000914025-17-000023-index.html,https://www.sec.gov/Archives/edgar/data/914025/000091402517000023/form10kfy17.htm
0,2016-12-31,PLT,2017-01-31 00:00:00,2017-01-31 16:09:32,Q3,232933000,122753000,110180000,0.47301155267823797,21393000,56919000,0.0,427000.0,0.0,201065000,0.0,0.0,37237000,0.15986141937810444,31868000,0.10716815564990792,417000.0,24963000,0.10716815564990792,2742000.0,22221000,0.09539653033275663,0.69,0.68,32242000,32826000,https://www.sec.gov/Archives/edgar/data/914025/000091402517000005/0000914025-17-000005-index.html,https://www.sec.gov/Archives/edgar/data/914025/000091402517000005/q31710-q.htm
0,2016-10-01,PLT,2016-11-01 00:00:00,2016-11-01 16:06:08,Q2,216183000,105737000,110446000,0.5108912356660792,22379000,56875000,0.0,-764000.0,78490000,184227000,0.0,5119000.0,37075000,0.17149822141426477,31956000,0.1478192087259405,1340000.0,26039000,0.12044887895903009,5565000.0,20474000,0.09470679933204738,0.62265,0.62265,32360317,32882258,https://www.sec.gov/Archives/edgar/data/914025/000091402516000103/0000914025-16-000103-index.html,https://www.sec.gov/Archives/edgar/data/914025/000091402516000103/form10-qq217.htm
0,2016-09-30,PLT,2016-11-01 00:00:00,2016-11-01 16:06:08,Q2,216183000,105737000,110446000,0.5108912356660792,22379000,56875000,0.0,1340000.0,0.0,184991000,0.0,0.0,35547000,0.16443013557957842,31192000,0.12044887895903009,2104000.0,26039000,0.12044887895903009,5565000.0,20474000,0.09470679933204738,0.63,0.63,32281000,32726000,https://www.sec.gov/Archives/edgar/data/914025/000091402516000103/0000914025-16-000103-index.html,https://www.sec.gov/Archives/edgar/data/914025/000091402516000103/form10-qq217.htm
0,2016-07-02,PLT,2016-08-02,2016-08-02 16:17:23,Q1,223106000,110033000,113073000,0.5068129050765107,22344000,55787000,0.0,3691000.0,81822000,191855000,0.0,5146000.0,36397000,0.16313770136168457,31251000,0.14007243193818186,2352000.0,26315000,0.11794841913709178,5928000.0,20387000,0.0913780893387,0.58352,0.58352,34127000,34938000,https://www.sec.gov/Archives/edgar/data/914025/000091402516000089/0000914025-16-000089-index.htm,https://www.sec.gov/Archives/edgar/data/914025/000091402516000070/form10kfy16.htm
0,2016-06-30,PLT,,,Q1,223106000,110033000,113073000,0.5068129050765107,22344000,55787000,0.0,2352000.0,0.0,188164000,0.0,0.0,43779000,0.19622511272668597,34942000,0.11794841913709178,-1339000.0,26315000,0.11794841913709178,5928000.0,20387000,0.0913780893387,0.63,0.62,32243000,32818000,,
0,2016-04-02,PLT,2016-05-16 00:00:00,2016-05-13 17:35:28,Q4,856907000,422233000,434674000,0.5072592475029379,90408000,221299000,0.0,14926000,326633000,748866000,25149000,21350000,129391000,0.150997716205,108041000,0.126082527042,1309000.0,82176000,0.0958983880398,13784000,68392000,0.0798126284416,1.95752,1.95752,34127000,34938000,https://www.sec.gov/Archives/edgar/data/914025/000091402516000070/0000914025-16-000070-index.html,https://www.sec.gov/Archives/edgar/data/914025/000091402516000070/form10kfy16.htm
0,2016-03-31,PLT,2016-05-16 00:00:00,2016-05-13 17:35:28,Q4,209797000,102967000,106830000,0.5092065186823453,23794000,57610000,0.0,1309000.0,0.0,184371000,0.0,0.0,38221000,0.18218087007917178,25426000,0.05420954541771331,-6182000.0,11373000,0.05420954541771331,-1607000.0,12980000,0.06186933082932549,0.4,0.39,32466000,33038000,https://www.sec.gov/Archives/edgar/data/914025/000091402516000070/0000914025-16-000070-index.html,https://www.sec.gov/Archives/edgar/data/914025/000091402516000070/form10kfy16.htm
0,2015-12-31,PLT,2016-02-01 00:00:00,2016-02-01 16:21:11,Q3,225735000,116219000,109516000,0.4851529448246838,20811000,53715000,0.0,398000.0,0.0,190745000,0.0,0.0,48351000,0.21419363412851353,34990000,0.08784193855627173,-7944000.0,19829000,0.08784193855627173,3541000.0,16288000,0.07215540345980907,0.5,0.49,32579000,33259000,https://www.sec.gov/Archives/edgar/data/914025/000091402516000058/0000914025-16-000058-index.html,https://www.sec.gov/Archives/edgar/data/914025/000091402516000058/form10-qq316.htm
0,2015-12-26,PLT,2016-02-01 00:00:00,2016-02-01 16:21:11,Q3,225735000,116219000,109516000,0.4851529448246838,20811000,53715000,0.0,9858000.0,82868000,199087000,0.0,5019000.0,31667000,0.14028396128203424,26648000,0.11804992579794893,398000.0,19829000,0.08784193855627173,3541000.0,16288000,0.07215540345980907,0.44411,0.44411,35796000,36676000,https://www.sec.gov/Archives/edgar/data/914025/000091402516000058/0000914025-16-000058-index.html,https://www.sec.gov/Archives/edgar/data/914025/000091402516000058/form10-qq316.htm
0,2015-09-30,PLT,2015-11-05 00:00:00,2015-11-05 16:18:15,Q2,215017000,104047000,110970000,0.5160987270773939,22609000,54296000,0.0,-2138000.0,0.0,180952000,0.0,0.0,38867000,0.18076245134105676,34065000,0.11458628852602352,-2107000.0,24638000,0.11458628852602352,6742000.0,17896000,0.08323062827590376,0.53,0.52,33590000,34245000,https://www.sec.gov/Archives/edgar/data/914025/000091402515000053/0000914025-15-000053-index.html,https://www.sec.gov/Archives/edgar/data/914025/000091402515000053/form10-qq216.htm
0,2015-09-26,PLT,2015-11-05 00:00:00,2015-11-05 16:18:15,Q2,215017000,104047000,110970000,0.5160987270773939,22609000,54296000,0.0,-2138000.0,76874000,180921000,0.0,4833000.0,38929000,0.18105080063436846,34096000,0.15857350814121673,-2138000.0,24638000,0.11458628852602352,6742000.0,17896000,0.08323062827590376,0.46367,0.46367,37907142,38596363,https://www.sec.gov/Archives/edgar/data/914025/000091402515000053/0000914025-15-000053-index.html,https://www.sec.gov/Archives/edgar/data/914025/000091402515000053/form10-qq216.htm
0,2015-06-30,PLT,2015-07-27 00:00:00,2015-07-27 16:54:19,Q1,206358000,99000000,107358000,0.5202512139098072,23194000,55678000,0.0,-285000.0,0.0,177872000,0.0,0.0,32596000,0.15795849930702954,28486000,0.12762286899465977,591000.0,26336000,0.12762286899465977,5108000.0,21228000,0.10286977001133951,0.56,0.55,38002000,38943000,https://www.sec.gov/Archives/edgar/data/914025/000091402515000043/0000914025-15-000043-index.html,https://www.sec.gov/Archives/edgar/data/914025/000091402515000043/form10-qq116.htm
0,2015-06-27,PLT,2015-07-27 00:00:00,2015-07-27 16:54:19,Q1,206358000,99000000,107358000,0.5202512139098072,23194000,55678000,0.0,-285000.0,77996000,176996000,0.0,4986000.0,34348000,0.16644859903662568,29362000,0.14228670562808324,-285000.0,26336000,0.12762286899465977,5108000.0,21228000,0.10286977001133951,0.49781,0.49781,41723000,42643000,https://www.sec.gov/Archives/edgar/data/914025/000091402515000043/0000914025-15-000043-index.html,https://www.sec.gov/Archives/edgar/data/914025/000091402515000043/form10-qq116.htm
0,2015-03-31,PLT,2015-05-15 00:00:00,2015-05-15 17:17:00,Q4,200762000,91596000,109166000,0.5437582809495821,22347000,54813000,0.0,0.0,0.0,168756000,0.0,0.0,35896000,0.1787987766609219,32006000,0.152922365786354,846000.0,30701000,0.152922365786354,4877000.0,25824000,0.1286299200047818,0.62,0.61,41606000,42482000,https://www.sec.gov/Archives/edgar/data/914025/000091402515000019/0000914025-15-000019-index.html,https://www.sec.gov/Archives/edgar/data/914025/000091402515000019/form10kfy15.htm
0,2015-03-28,PLT,2015-05-15 00:00:00,2015-05-15 17:17:00,Q4,865010000,403391000,461619000,0.5336574143651518,91627000,229569000,0.0,-2151000.0,321196000,724587000,0.0,18711000,167796000,0.193981572467,149085000,0.172350608663,-2151000.0,145251000,0.167918289962,32950000,112301000,0.129826244783,2.63352,2.63352,41723000,42643000,https://www.sec.gov/Archives/edgar/data/914025/000091402515000019/0000914025-15-000019-index.html,https://www.sec.gov/Archives/edgar/data/914025/000091402515000019/form10kfy15.htm
0,2014-12-31,PLT,,,Q3,231781000,111865000,119916000,0.5173676876016584,22991000,57977000,0.0,0.0,0.0,192833000,0.0,0.0,42169000,0.18193467109038272,38948000,0.16651925740246182,1666000.0,38596000,0.16651925740246182,8212000.0,30384000,0.13108926098342832,0.73,0.71,41901000,42700000,,
0,2014-12-27,PLT,2015-02-04,2015-02-04 14:53:34,Q3,231781000,111865000,119916000,0.5173676876016584,22991000,57977000,0.0,-2018000.0,79302000,191167000,0.0,4887000.0,45501000,0.19631031016347328,40614000,0.1752257518951079,-2018000.0,38596000,0.16651925740246182,8212000.0,30384000,0.13108926098342832,0.71391,0.71391,41692000,42560000,https://www.sec.gov/Archives/edgar/data/914025/000091402515000005/0000914025-15-000005-index.htm,https://www.sec.gov/Archives/edgar/data/914025/000091402515000005/form10-qq315.htm
0,2014-09-30,PLT,2014-10-28 00:00:00,2014-10-28 16:27:06,Q2,215805000,97978000,117827000,0.5459882764532796,23769000,60350000,0.0,0.0,0.0,182097000,0.0,0.0,34022000,0.15765158360556986,33708000,0.17225272815736428,4150000.0,37173000,0.17225272815736428,9752000.0,27421000,0.12706378443502236,0.66,0.65,41765000,42505000,https://www.sec.gov/Archives/edgar/data/914025/000091402514000041/0000914025-14-000041-index.html,https://www.sec.gov/Archives/edgar/data/914025/000091402514000041/form10-qq215.htm
0,2014-09-27,PLT,2014-10-28 00:00:00,2014-10-28 16:27:06,Q2,215805000,97978000,117827000,0.5459882764532796,23769000,60350000,0.0,-685000.0,79969000,177947000,0.0,4464000.0,42322000,0.19611223094923658,37858000,0.17542689001645004,-685000.0,37173000,0.17225272815736428,9752000.0,27421000,0.12706378443502236,0.65033,0.65033,41553623,42164705,https://www.sec.gov/Archives/edgar/data/914025/000091402514000041/0000914025-14-000041-index.html,https://www.sec.gov/Archives/edgar/data/914025/000091402514000041/form10-qq215.htm
0,2014-06-30,PLT,2014-07-29 00:00:00,2014-07-29 17:14:58,Q1,216662000,101952000,114710000,0.5294421726006406,22520000,56429000,0.0,0.0,0.0,180901000,0.0,0.0,38385000,0.17716535433070865,35761000,0.17899308600492933,2000000.0,38781000,0.17899308600492933,10109000,28672000,0.1323351579880182,0.69,0.68,41619000,42466000,https://www.sec.gov/Archives/edgar/data/914025/000091402514000029/0000914025-14-000029-index.html,https://www.sec.gov/Archives/edgar/data/914025/000091402514000029/form10qq1fy2015.htm
0,2014-06-28,PLT,2014-07-29 00:00:00,2014-07-29 17:14:58,Q1,216662000,101952000,114710000,0.5294421726006406,22520000,56429000,0.0,1020000.0,76949000,178901000,0.0,4624000.0,42385000,0.1956272904339478,37761000,0.17428529229860334,1020000.0,38781000,0.17899308600492933,10109000,28672000,0.1323351579880182,0.66119,0.66119,42452000,43364000,https://www.sec.gov/Archives/edgar/data/914025/000091402514000029/0000914025-14-000029-index.html,https://www.sec.gov/Archives/edgar/data/914025/000091402514000029/form10qq1fy2015.htm
0,2014-03-31,PLT,2014-05-16 00:00:00,2014-05-16 16:33:22,Q4,209070000,98015000,111055000,0.531185727268379,22453000,53105000,0.0,0.0,0.0,173573000,0.0,0.0,39392000,0.188415363275458,35497000,0.17435787056966567,0.0,36453000,0.17435787056966567,8510000.0,27943000,0.13365380016262496,0.67,0.65,41866000,42697000,https://www.sec.gov/Archives/edgar/data/914025/000091402514000014/0000914025-14-000014-index.html,https://www.sec.gov/Archives/edgar/data/914025/000091402514000014/form10kfy14.htm
0,2014-03-29,PLT,2014-05-16 00:00:00,2014-05-16 16:33:22,Q4,818607000,391979000,426628000,0.5211633909800429,84781000,201176000,0.0,547000.0,286504000,678483000,0.0,15566000,155690000,0.190188942924,140124000,0.171173713394,1015000.0,85231000,0.104117116028,28722000,112417000,0.137327191192,2.5924,2.5924,42452000,43364000,https://www.sec.gov/Archives/edgar/data/914025/000091402514000014/0000914025-14-000014-index.html,https://www.sec.gov/Archives/edgar/data/914025/000091402514000014/form10kfy14.htm
0,2013-12-31,PLT,,,Q3,212739000,102412000,110327000,0.5186026069503006,21018000,51467000,0.0,0.0,0.0,174897000,0.0,0.0,41622000,0.19564818862549885,37842000,0.17875424816324229,0.0,38028000,0.17875424816324229,3645000.0,34383000,0.16162057732714735,0.81,0.8,42441000,43228000,,
0,2013-12-28,PLT,2014-01-27,2014-01-27 16:18:18,Q3,212739000,102412000,110327000,0.5186026069503006,21018000,51467000,0.0,-547000.0,72485000,174897000,0.0,-7891000.0,29951000,0.188196513087,37842000,0.16830982011,127000.0,38028000,0.167989758013,3645000.0,34383000,0.126238035474,0.78739,0.78739,42751000,43667000,https://www.sec.gov/Archives/edgar/data/914025/000091402514000008/0000914025-14-000008-index.htm,https://www.sec.gov/Archives/edgar/data/914025/000091402514000008/form10qq3fy2014.htm
0,2013-09-30,PLT,2013-10-29 00:00:00,2013-10-29 16:22:57,Q2,193980000,94366000,99614000,0.5135271677492526,20447000,48507000,0.0,0.0,0.0,163320000,0.0,0.0,34267000,0.17665223218888546,30660000,0.16081554799463862,176000.0,31195000,0.16081554799463862,8057000.0,23138000,0.11928033817919373,0.54,0.53,42810000,43597000,https://www.sec.gov/Archives/edgar/data/914025/000091402513000056/0000914025-13-000056-index.html,https://www.sec.gov/Archives/edgar/data/914025/000091402513000056/form10qq2fy2014.htm
0,2013-06-30,PLT,2013-08-06 00:00:00,2013-08-06 16:15:18,Q1,202818000,97186000,105632000,0.5208216233273181,20863000,48097000,0.0,0.0,0.0,166146000,0.0,0.0,41503000,0.20463173880030372,36672000,0.174851344555217,-723000.0,35463000,0.174851344555217,8510000.0,26953000,0.13289254405427525,0.63,0.62,42692000,43650000,https://www.sec.gov/Archives/edgar/data/914025/000091402513000049/0000914025-13-000049-index.html,https://www.sec.gov/Archives/edgar/data/914025/000091402513000049/form10qq1fy2014.htm
0,2013-03-31,PLT,2013-05-24 00:00:00,2013-05-24 17:23:43,Q4,204179000,98086000,106093000,0.5196077951209478,20848000,47969000,0.0,0.0,0.0,166903000,0.0,0.0,41789000,0.2046684526812258,37276000,0.17994994588082025,-398000.0,36742000,0.17994994588082025,8033000.0,28709000,0.14060701639247916,0.68,0.67,42104000,43119000,https://www.sec.gov/Archives/edgar/data/914025/000091402513000026/0000914025-13-000026-index.html,https://www.sec.gov/Archives/edgar/data/914025/000091402513000026/form10kfy13htm.htm
0,2012-12-31,PLT,2013-01-31 00:00:00,2013-01-31 17:25:10,Q3,197402000,95238000,102164000,0.5175428820376693,20248000,45442000,0.0,0.0,0.0,160928000,0.0,0.0,42566000,0.21563104730448526,36474000,0.17620388851176785,-1868000.0,34783000,0.17620388851176785,6577000.0,28206000,0.14288609031316804,0.68,0.66,41745000,42618000,https://www.sec.gov/Archives/edgar/data/914025/000091402513000015/0000914025-13-000015-index.html,https://www.sec.gov/Archives/edgar/data/914025/000091402513000015/form10qq3fy2013.htm
0,2012-12-29,PLT,2013-01-31 00:00:00,2013-01-31 17:25:10,Q3,197402000,95238000,102164000,0.5175428820376693,20248000,45442000,0.0,1581000.0,67558000,162796000,0.0,4224000.0,38830000,0.1967052005552122,34606000,0.17530724106138743,177000.0,34783000,0.17620388851176785,6577000.0,28206000,0.14288609031316804,0.66334,0.66334,41571000,42521000,https://www.sec.gov/Archives/edgar/data/914025/000091402513000015/0000914025-13-000015-index.html,https://www.sec.gov/Archives/edgar/data/914025/000091402513000015/form10qq3fy2013.htm
0,2012-09-30,PLT,2012-11-01 00:00:00,2012-11-01 14:51:17,Q2,179280000,82052000,97228000,0.5423248549754573,19581000,43130000,0.0,0.0,0.0,144763000,0.0,0.0,38611000,0.21536702365015617,34517000,0.19406514948683623,0.0,34792000,0.19406514948683623,8868000.0,25924000,0.14460062472110666,0.62,0.61,41482000,42403000,https://www.sec.gov/Archives/edgar/data/914025/000091402512000086/0000914025-12-000086-index.html,https://www.sec.gov/Archives/edgar/data/914025/000091402512000086/form10qq2fy2013.htm
0,2012-09-29,PLT,2012-11-01 00:00:00,2012-11-01 14:51:17,Q2,179280000,82052000,97228000,0.5423248549754573,19581000,43130000,0.0,287000.0,62711000,144763000,0.0,-3466000.0,31051000,0.196079728724,34517000,0.17696909547,275000.0,34792000,0.177035260387,8868000.0,25924000,0.129920326414,0.60658,0.60658,41748000,42738000,https://www.sec.gov/Archives/edgar/data/914025/000091402512000086/0000914025-12-000086-index.html,https://www.sec.gov/Archives/edgar/data/914025/000091402512000086/form10qq2fy2013.htm
0,2012-06-30,PLT,2012-08-08 00:00:00,2012-08-08 15:55:20,Q1,181365000,83669000,97696000,0.5386706365616298,19696000,45904000,0.0,0.0,0.0,149269000,0.0,0.0,35882000,0.19784412648526453,32096000,0.17703526038651338,0.0,32108000,0.17703526038651338,8545000.0,23563000,0.12992032641358586,0.57,0.55,41660000,42570000,https://www.sec.gov/Archives/edgar/data/914025/000091402512000065/0000914025-12-000065-index.html,https://www.sec.gov/Archives/edgar/data/914025/000091402512000065/form10qq1fy2013.htm
0,2012-03-31,PLT,2012-05-25,2012-05-25 15:00:36,Q4,177584000,82469000,95115000,0.5356056851968646,18278000,44824000,0.0,0.0,0.0,145571000,0.0,0.0,35445000,0.1995956842958825,32013000,0.18173371474907649,0.0,32273000,0.18173371474907649,8387000.0,23886000,0.1345053608433192,0.57,0.55,42222000,43329000,https://www.sec.gov/Archives/edgar/data/914025/000091402512000033/form10kfy12htm.htm,https://www.sec.gov/Archives/edgar/data/914025/000091402512000033/form10kfy12htm.htm
0,2011-12-31,PLT,2012-02-02 00:00:00,2012-02-02 14:40:40,Q3,183236000,87024000,96212000,0.5250714925014736,16829000,41976000,0.0,0.0,0.0,145829000,0.0,0.0,40886000,0.2231330087973979,37407000,0.2063622868868563,0.0,37813000,0.2063622868868563,6915000.0,30898000,0.16862406950599226,0.73,0.71,42541000,43640000,https://www.sec.gov/Archives/edgar/data/914025/000091402512000013/0000914025-12-000013-index.html,https://www.sec.gov/Archives/edgar/data/914025/000091402512000013/form10qq3fy2012.htm
0,2011-10-01,PLT,2011-11-03 00:00:00,2011-11-03 15:41:44,Q2,176948000,77982000,98966000,0.559294255939598,17651000,44418000,0.0,-58000.0,62069000,140051000,0.0,3387000.0,40284000,0.2276601035332414,36897000,0.20851888690462736,-58000.0,36839000,0.20819110699188462,9318000.0,27521000,0.1555315685964238,0.60015,0.60015,44623000,45857000,https://www.sec.gov/Archives/edgar/data/914025/000091402511000082/0000914025-11-000082-index.html,https://www.sec.gov/Archives/edgar/data/914025/000091402511000082/form10qq2fy2012.htm
0,2011-09-30,PLT,2011-11-03 00:00:00,2011-11-03 15:41:44,Q2,176948000,77982000,98966000,0.559294255939598,17651000,44418000,0.0,0.0,0.0,140051000,0.0,0.0,40284000,0.2276601035332414,36897000,0.20819110699188462,0.0,36839000,0.20819110699188462,9318000.0,27521000,0.1555315685964238,0.62,0.6,44556000,45717000,https://www.sec.gov/Archives/edgar/data/914025/000091402511000082/0000914025-11-000082-index.html,https://www.sec.gov/Archives/edgar/data/914025/000091402511000082/form10qq2fy2012.htm
0,2011-07-02,PLT,2011-08-04 00:00:00,2011-08-04 13:55:11,Q1,175600000,81542000,94058000,0.5356378132118451,16906000,42116000,0.0,641000.0,59022000,140564000,0.0,3462000.0,38498000,0.2192369020501139,35036000,0.19952164009111617,641000.0,35677000,0.20317198177676538,8946000.0,26731000,0.15222665148063783,560.24564,560.24564,47713.0,47713.0,https://www.sec.gov/Archives/edgar/data/914025/000091402511000056/0000914025-11-000056-index.html,https://www.sec.gov/Archives/edgar/data/914025/000091402511000056/form10qq1fy2012.htm
0,2011-06-30,PLT,2011-08-04 00:00:00,2011-08-04 13:55:11,Q1,175600000,81542000,94058000,0.5356378132118451,16906000,42116000,0.0,0.0,0.0,140564000,0.0,0.0,38498000,0.2192369020501139,35036000,0.20317198177676538,0.0,35677000,0.20317198177676538,8946000.0,26731000,0.15222665148063783,0.57,0.56,46688000,48060000,https://www.sec.gov/Archives/edgar/data/914025/000091402511000056/0000914025-11-000056-index.html,https://www.sec.gov/Archives/edgar/data/914025/000091402511000056/form10qq1fy2012.htm
0,2011-04-02,PLT,2011-05-31 00:00:00,2011-05-31 16:17:46,Q4,683602000,321846000,361756000,0.5291909619925044,63183000,163389000,0.0,-36000.0,226572000,548418000,0.0,15697000,156409000,0.228801261553,140712000,0.205839070102,-36000.0,140656000,0.205757151091,31413000,109243000,0.159804974239,2.21391,2.21391,47713000,49344000,https://www.sec.gov/Archives/edgar/data/914025/000091402511000035/0000914025-11-000035-index.html,https://www.sec.gov/Archives/edgar/data/914025/000091402511000035/plt-2011402x10k.htm
0,2011-03-31,PLT,2011-05-31 00:00:00,2011-05-31 16:17:46,Q4,173077000,82536000,90541000,0.5231255452775354,16703000,44642000,0.0,0.0,0.0,138781000,0.0,0.0,39242000,0.22673145478602008,34296000,0.19427769143213713,0.0,33625000,0.19427769143213713,7309000.0,26316000,0.15204793242314116,0.0,0.0,0.0,0.0,https://www.sec.gov/Archives/edgar/data/914025/000091402511000035/0000914025-11-000035-index.html,https://www.sec.gov/Archives/edgar/data/914025/000091402511000035/plt-2011402x10k.htm
0,2011-01-01,PLT,2011-02-03,2011-02-03 13:18:00,Q3,181585000,85777000,95808000,0.5276206735137814,16373000,43319000,0.0,-20000.0,59264000,145041000,0.0,3564000.0,40108000,0.22087727510532257,36544000,0.20125010325742765,-20000.0,36524000,0.20113996200126663,4972000.0,31552000,0.17375884571963543,0.64198,0.64198,47607000,49148000,https://www.sec.gov/Archives/edgar/data/914025/000091402511000013/0000914025-11-000013-index.htm,https://www.sec.gov/Archives/edgar/data/914025/000091402511000013/form10q.htm
0,2010-12-31,PLT,,,Q3,181585000,85777000,95808000,0.5276206735137814,16373000,43319000,0.0,0.0,0.0,145469000,0.0,0.0,39252000,0.21616322934163065,36116000,0.20113996200126663,428000.0,36524000,0.20113996200126663,4972000.0,31552000,0.17375884571963543,0.66,0.64,47649000,49431000,,
0,2010-10-02,PLT,2010-11-04 00:00:00,2010-11-04 15:35:22,Q2,158255000,72296000,85959000,0.5431676724274115,15206000,36742000,0.0,382000.0,51948000,124244000,0.0,3773000.0,37784000,0.23875390982907332,34011000,0.21491264099080598,1017000.0,35028000,0.2213389782313355,9599000.0,25429000,0.1606837066759344,0.51151,0.51151,48128000,49714000,https://www.sec.gov/Archives/edgar/data/914025/000091402510000063/0000914025-10-000063-index.html,https://www.sec.gov/Archives/edgar/data/914025/000091402510000063/form10q.htm
0,2010-09-30,PLT,2010-11-04 00:00:00,2010-11-04 15:35:22,Q2,158255000,72296000,85959000,0.5431676724274115,15206000,36742000,0.0,0.0,0.0,124244000,0.0,0.0,37784000,0.23875390982907332,34011000,0.2213389782313355,0.0,35028000,0.2213389782313355,9599000.0,25429000,0.1606837066759344,0.54,0.52,47087000,48524000,https://www.sec.gov/Archives/edgar/data/914025/000091402510000063/0000914025-10-000063-index.html,https://www.sec.gov/Archives/edgar/data/914025/000091402510000063/form10q.htm
0,2010-07-03,PLT,2010-08-05 00:00:00,2010-08-05 15:49:56,Q1,170685000,81237000,89448000,0.5240530802355216,14901000,38686000,0.0,-382000.0,53587000,134824000,0.0,3992000.0,39853000,0.23348859009286113,35861000,0.21010047748776986,-382000.0,35479000,0.20786243665231274,9533000.0,25946000,0.152011014441808,534.92495,534.92495,48504.0,48504.0,https://www.sec.gov/Archives/edgar/data/914025/000091402510000042/0000914025-10-000042-index.html,https://www.sec.gov/Archives/edgar/data/914025/000091402510000042/form10q.htm
0,2010-06-30,PLT,2010-08-05 00:00:00,2010-08-05 15:49:56,Q1,170685000,81237000,89448000,0.5240530802355216,14901000,38686000,0.0,0.0,0.0,134824000,0.0,0.0,39853000,0.23348859009286113,35861000,0.20786243665231274,0.0,35479000,0.20786243665231274,9533000.0,25946000,0.152011014441808,0.54,0.52,48128000,49714000,https://www.sec.gov/Archives/edgar/data/914025/000091402510000042/0000914025-10-000042-index.html,https://www.sec.gov/Archives/edgar/data/914025/000091402510000042/form10q.htm
0,2010-04-03,PLT,2010-06-01 00:00:00,2010-06-01 15:53:40,Q4,162282000,74516000,87766000,0.5408239977323425,15793000,40185000,0.0,100000.0,56078000,130594000,548000.0,4011000.0,35699000,0.21998126717688962,31688000,0.1952650324743348,-548000.0,31140000,0.19188819462417273,6725000.0,24224000,0.14927102204803983,499.42273,499.42273,48504.0,48504.0,https://www.sec.gov/Archives/edgar/data/914025/000091402510000015/0000914025-10-000015-index.html,https://www.sec.gov/Archives/edgar/data/914025/000091402510000015/form10k.htm
0,2010-03-31,PLT,2010-06-01 00:00:00,2010-06-01 15:53:40,Q4,162282000,74516000,87766000,0.5408239977323425,15793000,40185000,0.0,0.0,0.0,130494000,0.0,0.0,31888000,0.19649745504738664,31788000,0.19188819462417273,-100000.0,31140000,0.19188819462417273,6725000.0,24224000,0.14927102204803983,0.0,0.0,0.0,0.0,https://www.sec.gov/Archives/edgar/data/914025/000091402510000015/0000914025-10-000015-index.html,https://www.sec.gov/Archives/edgar/data/914025/000091402510000015/form10k.htm
0,2009-12-31,PLT,2010-01-27 00:00:00,2010-01-27 15:46:52,Q3,165935000,85566000,80369000,0.48434025371380357,14780000,37502000,0.0,0.0,0.0,137848000,0.0,0.0,32723000,0.19720372434989605,28087000,0.17583391086871367,-332000.0,29177000,0.17583391086871367,5974000.0,23250000,0.1401151053123211,0.48,0.47,48632000,49625000,https://www.sec.gov/Archives/edgar/data/914025/000091402510000005/0000914025-10-000005-index.html,https://www.sec.gov/Archives/edgar/data/914025/000091402510000005/form10q.htm
0,2009-12-26,PLT,2010-01-27 00:00:00,2010-01-27 15:46:52,Q3,124015000,50953000,73062000,0.5891384106761279,11733000,28678000,0.0,-24881000,15530000,66483000,-1422000.0,3963000.0,61495000,0.49586743539088013,57532000,0.4639116235939201,1422000.0,58954000,0.47537797847034635,16820000,23250000,0.18747732129177921,0.47156,0.47156,48632000,49304000,https://www.sec.gov/Archives/edgar/data/914025/000091402510000005/0000914025-10-000005-index.html,https://www.sec.gov/Archives/edgar/data/914025/000091402510000005/form10q.htm
0,2009-09-30,PLT,2009-10-28 00:00:00,2009-10-28 17:01:37,Q2,167415000,94729000,72686000,0.43416659200191143,15179000,37439000,0.0,0.0,0.0,147347000,0.0,0.0,52997000,0.3165606427142132,20068000,-0.030457246961144463,-26051000,-5099000.0,-0.030457246961144463,-4353000.0,-746000.0,-0.004455992593256279,-0.02,-0.02,48737000,48737000,https://www.sec.gov/Archives/edgar/data/914025/000091402509000053/0000914025-09-000053-index.html,https://www.sec.gov/Archives/edgar/data/914025/000091402509000053/form10q.htm
0,2009-09-26,PLT,2009-10-28 00:00:00,2009-10-28 17:01:37,Q2,167415000,94729000,72686000,0.43416659200191143,15179000,37439000,0.0,26051000,78669000,173398000,-2231000.0,4785000.0,-1198000.0,-0.007155870143057671,-5983000.0,-0.035737538452348956,884000.0,-5099000.0,-0.030457246961144463,-4353000.0,-746000.0,-0.004455992593256279,-0.01519,-0.01519,48632000,49118000,https://www.sec.gov/Archives/edgar/data/914025/000091402509000053/0000914025-09-000053-index.html,https://www.sec.gov/Archives/edgar/data/914025/000091402509000053/form10q.htm
0,2009-06-30,PLT,2009-07-28 00:00:00,2009-07-28 17:24:54,Q1,160125000,92569000,67556000,0.42189539422326305,15079000,37482000,0.0,0.0,0.0,145130000,0.0,0.0,24739000,0.15449804839968775,14995000,0.09832943013270883,-597000.0,15745000,0.09832943013270883,5095000.0,10650000,0.06651053864168618,0.22,0.22,48527000,48665000,https://www.sec.gov/Archives/edgar/data/914025/000091402509000044/0000914025-09-000044-index.html,https://www.sec.gov/Archives/edgar/data/914025/000091402509000044/form10q.htm
0,2009-06-27,PLT,2009-07-28 00:00:00,2009-07-28 17:24:54,Q1,160125000,92569000,67556000,0.42189539422326305,15079000,37482000,0.0,597000.0,53158000,145727000,0.0,5385000.0,19783000,0.1235472287275566,14398000,0.08991725214676034,1347000.0,15745000,0.09832943013270883,5095000.0,10650000,0.06651053864168618,0.21947,0.21947,48527000,48527000,https://www.sec.gov/Archives/edgar/data/914025/000091402509000044/0000914025-09-000044-index.html,https://www.sec.gov/Archives/edgar/data/914025/000091402509000044/form10q.htm
0,2009-03-28,PLT,2009-05-26 00:00:00,2009-05-26 16:48:33,Q4,128100000,78500000,49600000,0.387198,13100000,31800000,0.0,10791000,55599999.99999999,134100000,415000.0,5199999.999999999,-4285000.000000001,-0.03345,-6000000.0,-0.046838,-400000.0,-6400000.0,-0.049961,1100000.0,-11000000,-0.08587,-0.22727,-0.22727,48400000,48400000,https://www.sec.gov/Archives/edgar/data/914025/000091402509000027/0000914025-09-000027-index.html,https://www.sec.gov/Archives/edgar/data/914025/000091402509000027/form10k.htm
0,2008-12-31,PLT,2009-02-05 00:00:00,2009-02-05 14:32:24,Q3,182836000,121971000,60865000,0.33289395961408036,18664000,43202000,0.0,0.0,117464000,301301000,0.0,0.0,6671000.0,0.03648624997265309,-118465000,-0.6618609026668708,-118512000,-121012000,-0.6618609026668708,-29003000,-92009000,-0.5032324049968278,-1.9,-1.9,48449000,48449000,https://www.sec.gov/Archives/edgar/data/914025/000091402509000012/0000914025-09-000012-index.html,https://www.sec.gov/Archives/edgar/data/914025/000091402509000012/form10q.htm
0,2008-12-27,PLT,2009-02-05 00:00:00,2009-02-05 14:32:24,Q3,182836000,121971000,60865000,0.33289395961408036,18664000,43202000,0.0,118512000,180378000,302349000,1499000.0,6624000.0,-112889000,-0.6174331094532806,-119513000,-0.6536622984532586,-1499000.0,-121012000,-0.6618609026668708,-29003000,-92009000,-0.5032324049968278,-1.89159,-1.89159,48641000,48641000,https://www.sec.gov/Archives/edgar/data/914025/000091402509000012/0000914025-09-000012-index.html,https://www.sec.gov/Archives/edgar/data/914025/000091402509000012/form10q.htm
0,2008-09-30,PLT,2008-11-05 00:00:00,2008-11-05 16:41:15,Q2,216856000,123083000,93773000,0.43242059246689046,18850000,47745000,0.0,0.0,0.0,189678000,0.0,0.0,33888000,0.15626959825875236,27178000,0.1113550005533626,140000.0,24148000,0.1113550005533626,6500000.0,17648000,0.08138119304976574,0.36,0.36,48796000,49489000,https://www.sec.gov/Archives/edgar/data/914025/000091402508000034/0000914025-08-000034-index.html,https://www.sec.gov/Archives/edgar/data/914025/000091402508000034/form10q.htm
0,2008-09-27,PLT,2008-11-05 00:00:00,2008-11-05 16:41:15,Q2,216856000,123083000,93773000,0.43242059246689046,18850000,47745000,0.0,-140000.0,66455000,189538000,1630000.0,6850000.0,34168000,0.1575607776589073,27318000,0.12597299590511676,-3170000.0,24148000,0.1113550005533626,6500000.0,17648000,0.08138119304976574,0.3621,0.3621,48738000,48738000,https://www.sec.gov/Archives/edgar/data/914025/000091402508000034/0000914025-08-000034-index.html,https://www.sec.gov/Archives/edgar/data/914025/000091402508000034/form10q.htm
0,2008-06-30,PLT,2008-08-06 00:00:00,2008-08-06 15:41:01,Q1,219164000,128285000,90879000,0.41466207953861034,19695000,48398000,0.0,0.0,0.0,196378000,0.0,0.0,30284000,0.13817962804110165,22786000,0.10928345896223833,-375000.0,23951000,0.10928345896223833,3457000.0,20494000,0.09350988300998339,0.42,0.42,48679000,49245000,https://www.sec.gov/Archives/edgar/data/914025/000091402508000027/0000914025-08-000027-index.html,https://www.sec.gov/Archives/edgar/data/914025/000091402508000027/form10q.htm
0,2008-06-28,PLT,2008-08-06 00:00:00,2008-08-06 15:41:01,Q1,219164000,128285000,90879000,0.41466207953861034,19695000,48398000,0.0,375000.0,68468000,196753000,0.0,7123000.0,29534000,0.13475753317150627,22411000,0.10225675749666917,1540000.0,23951000,0.10928345896223833,3457000.0,20494000,0.09350988300998339,0.421,0.421,48679000,48679000,https://www.sec.gov/Archives/edgar/data/914025/000091402508000027/0000914025-08-000027-index.html,https://www.sec.gov/Archives/edgar/data/914025/000091402508000027/form10q.htm
0,2008-03-31,PLT,2008-05-27 00:00:00,2008-05-27 16:47:09,Q4,208743000,121397000,87346000,0.41843798354914896,18978000,48680000,0.0,0.0,0.0,189055000,0.0,0.0,27864000,0.13348471565513573,19688000,0.09355523298984876,-702000.0,19529000,0.09355523298984876,1739000.0,17790000,0.08522441471091247,0.0,0.0,0.0,0.0,https://www.sec.gov/Archives/edgar/data/914025/000091402508000016/0000914025-08-000016-index.html,https://www.sec.gov/Archives/edgar/data/914025/000091402508000016/form10-k.htm
0,2008-03-29,PLT,2008-05-27 00:00:00,2008-05-27 16:47:09,Q4,208743000,121397000,87346000,0.41843798354914896,18978000,48680000,0.0,3584000.0,71242000,192639000,0.0,7474000.0,26460000,0.1267587416104971,18986000,0.09095394815634536,543000.0,19529000,0.09355523298984876,1739000.0,17790000,0.08522441471091247,0.36884,0.36884,48232000,48232000,https://www.sec.gov/Archives/edgar/data/914025/000091402508000016/0000914025-08-000016-index.html,https://www.sec.gov/Archives/edgar/data/914025/000091402508000016/form10-k.htm
0,2007-12-29,PLT,2008-02-06,2008-02-06 16:38:38,Q3,232800000,139100000,93800000,0.402921,19300000,48400000,0.0,0.0,70600000,209700000,0.0,7000000.0,32300000,0.138746,23100000,0.099227,2200000.0,25300000,0.108677,6200000.0,19100000,0.082045,0.38586,0.38586,49500000,49500000,https://www.sec.gov/Archives/edgar/data/914025/000091402508000007/form10q.htm,https://www.sec.gov/Archives/edgar/data/914025/000091402508000007/form10q.htm
0,2007-09-29,PLT,2007-11-07 00:00:00,2007-11-07 16:25:52,Q2,208200000,123800000,84500000,0.40586,19200000,45900000,0.0,0.0,65100000.00000001,188900000,0.0,6900000.0,28000000,0.134486,19300000,0.092699,1800000.0,21100000,0.101345,4600000.0,16500000,0.079251,0.33469,0.33469,49300000,49300000,https://www.sec.gov/Archives/edgar/data/914025/000091402507000035/0000914025-07-000035-index.html,https://www.sec.gov/Archives/edgar/data/914025/000091402507000035/form10q.htm
0,2007-06-30,PLT,2007-08-08 00:00:00,2007-08-08 12:24:12,Q1,206495000,122949000,83546000,0.40459091019153004,19488000,46111000,0.0,0.0,0.0,188548000,0.0,0.0,25049000,0.12130560061986972,17947000,0.09337272088912564,0.0,19281000,0.09337272088912564,4306000.0,14975000,0.07251991573645851,0.31,0.31,47835000,48681000,https://www.sec.gov/Archives/edgar/data/914025/000091402507000019/0000914025-07-000019-index.html,https://www.sec.gov/Archives/edgar/data/914025/000091402507000019/form10q.htm
0,2007-03-31,PLT,2007-05-29 00:00:00,2007-05-29 17:14:42,Q4,194716000,120598000,74118000,0.3806466854290351,18782000,45852000,0.0,0.0,0.0,185232000,0.0,0.0,16811000,0.08633599704184557,9484000.0,0.055609194930051974,0.0,10828000,0.055609194930051974,691000.0,10137000,0.05206043673863473,0.0,0.0,0.0,0.0,https://www.sec.gov/Archives/edgar/data/914025/000091402507000011/0000914025-07-000011-index.html,https://www.sec.gov/Archives/edgar/data/914025/000091402507000011/form10-k.htm
0,2006-12-31,PLT,,,Q3,215435000,134099000,81336000,0.37754311045094807,17709000,46809000,0.0,0.0,0.0,198617000,0.0,0.0,24219000,0.1124190591129575,16818000,0.08499547427298257,0.0,18311000,0.08499547427298257,3121000.0,15190000,0.07050850604590712,0.32,0.32,47409000,47922000,,
0,2006-12-30,PLT,2007-02-08,2007-02-08 16:49:38,Q3,215435000,134099000,81336000,0.37754311045094807,17709000,46809000,0.0,1493000.0,64518000,198617000,-1493000.0,7401000.0,24219000,0.1124190591129575,16818000,0.07806530972218999,1493000.0,18311000,0.08499547427298257,3121000.0,15190000,0.07050850604590712,0.32144,0.32144,47256000,47256000,https://www.sec.gov/Archives/edgar/data/914025/000114036107002842/0001140361-07-002842-index.htm,https://www.sec.gov/Archives/edgar/data/914025/000114036107002842/form10-q.htm
0,2006-09-30,PLT,2006-11-09,2006-11-09 16:33:40,Q2,194934000,117548000,77386000,0.3969856464239178,16805000,44558000,0.0,0.0,0.0,178911000,0.0,0.0,23240000,0.11921983850944422,16023000,0.08356674566776448,0.0,16290000,0.08356674566776448,3765000.0,12525000,0.06425251623626459,0.27,0.26,47203000,47626000,https://www.sec.gov/Archives/edgar/data/914025/000114036106015874/form10q.htm,https://www.sec.gov/Archives/edgar/data/914025/000114036106015874/form10q.htm
0,2006-06-30,PLT,2006-08-10,2006-08-10 17:17:20,Q1,195069000,119094000,75975000,0.3894775694754164,18600000,44888000,0.0,0.0,-2637000.0,179945000,0.0,0.0,19693000,0.10095402139755676,15124000,0.08258103542848941,2637000.0,16109000,0.08258103542848941,3818000.0,12291000,0.06300847392461129,0.26,0.25,47157000,48268000,https://www.sec.gov/Archives/edgar/data/914025/000095013406011093/f18082e10vk.htm,https://www.sec.gov/Archives/edgar/data/914025/000095013406011093/f18082e10vk.htm
0,2006-04-01,PLT,2006-06-05,2006-06-05 16:43:38,Q4,206748000,121671000,85077000,0.4115009576876197,16930000,42249000,0.0,-667000.0,59179000,180850000,667000.0,6965000.0,32863000,0.15895196084121732,25898000,0.12526360593572852,1525000.0,27423000,0.13263973532996692,6719000.0,20704000,0.10014123473987656,0.43939,0.43939,47120000,47120000,https://www.sec.gov/Archives/edgar/data/914025/000095013406011093/0000950134-06-011093-index.htm,https://www.sec.gov/Archives/edgar/data/914025/000095013406011093/f18082e10vk.htm
0,2006-03-31,PLT,,,Q4,206748000,121671000,85077000,0.4115009576876197,16930000,42249000,0.0,0.0,0.0,180850000,0.0,0.0,33359000,0.16135101669665486,25898000,0.13263973532996692,0.0,27423000,0.13263973532996692,6719000.0,20704000,0.10014123473987656,0.0,0.0,0.0,0.0,,
0,2005-12-31,PLT,2006-02-09,2006-02-09 16:15:17,Q3,222512000,128486000,94026000,0.4225659739699432,15980000,43130000,0.0,0.0,0.0,187596000,0.0,0.0,42137000,0.18936956209103328,34916000,0.15423887251024665,0.0,34320000,0.15423887251024665,9279000.0,25041000,0.11253775077299202,0.53,0.52,46834000,48165000,https://www.sec.gov/Archives/edgar/data/914025/000091402506000011/form10-q.htm,https://www.sec.gov/Archives/edgar/data/914025/000091402506000011/form10-q.htm
0,2005-09-30,PLT,2005-11-10,2005-11-10 16:24:56,Q2,172225000,98223000,74002000,0.42968210190158224,16122000,37823000,0.0,0.0,0.0,152168000,0.0,0.0,26018000,0.15106982145449266,20057000,0.12244447670198867,0.0,21088000,0.12244447670198867,7381000.0,13707000,0.07958774858470025,0.29,0.28,47255000,49007000,https://www.sec.gov/Archives/edgar/data/914025/000091402505000063/form10q.htm,https://www.sec.gov/Archives/edgar/data/914025/000091402505000063/form10q.htm
0,2005-06-30,PLT,2005-08-10,2005-08-10 16:11:10,Q1,148909000,75760000,73149000,0.49123290063058644,13766000,29892000,0.0,0.0,0.0,119418000,0.0,0.0,33092000,0.22222968390090592,29491000,0.19960512796405858,0.0,29723000,0.19960512796405858,8025000.0,21698000,0.145713153671034,0.46,0.44,47386000,49335000,https://www.sec.gov/Archives/edgar/data/914025/000095013405011109/f09083e10vk.htm,https://www.sec.gov/Archives/edgar/data/914025/000095013405011109/f09083e10vk.htm
0,2005-04-02,PLT,2005-05-31,2005-05-31 17:03:42,Q4,147800000,74000000,73900000,0.5,12300000,30800000,0.0,0.0,43099999.99999999,117100000,0.0,3300000.000000001,34400000,0.232747,30800000,0.20839,300000.0,31100000,0.210419,5000000.0,26100000,0.17659,0.51176,0.51176,51000000,51000000,https://www.sec.gov/Archives/edgar/data/914025/000095013405011109/f09083e10vk.htm,https://www.sec.gov/Archives/edgar/data/914025/000095013405011109/f09083e10vk.htm
0,2005-01-01,PLT,2005-02-04,2005-02-04 16:55:13,Q3,107622000,51381000,56241000,0.5225790265930758,8834000.0,23649000,0.0,0.0,32483000,83864000,0.0,3910000.0,27668000,0.25708498262437046,23758000,0.22075412090464774,1412000.0,25170000,0.23387411495790825,7551000.0,17619000,0.16371188047053575,0.3948,0.3948,44628000,44628000,https://www.sec.gov/Archives/edgar/data/914025/000091402505000010/0000914025-05-000010-index.htm,https://www.sec.gov/Archives/edgar/data/914025/000091402505000010/pltq3f05.htm
0,2004-12-31,PLT,,,Q3,150583000,75150000,75433000,0.500939681106101,11989000,31642000,0.0,0.0,0.0,118781000,0.0,0.0,35033000,0.23264910381649986,31802000,0.22543713433787346,0.0,33947000,0.22543713433787346,9505000.0,24442000,0.16231579926020864,0.5,0.48,48593000,51365000,,
0,2004-10-02,PLT,2004-11-05,2004-11-05 16:53:13,Q2,130220000,60719000,69501000,0.5337198587006604,10838000,25305000,0.0,0.0,36143000,96862000,0.0,2850000.0,36208000,0.27805252649362616,33358000,0.2561664874827215,913000.0,34271000,0.26317769927814466,9596000.0,24675000,0.18948702196283213,0.51566,0.51566,47851000,47851000,https://www.sec.gov/Archives/edgar/data/914025/000091402504000034/0000914025-04-000034-index.htm,https://www.sec.gov/Archives/edgar/data/914025/000091402504000034/pltq2f05.htm
0,2004-09-30,PLT,,,Q2,130220000,60719000,69501000,0.5337198587006604,10838000,25305000,0.0,0.0,0.0,96862000,0.0,0.0,36208000,0.27805252649362616,33358000,0.26317769927814466,0.0,34271000,0.26317769927814466,9596000.0,24675000,0.18948702196283213,0.51,0.49,47977000,50638000,,
0,2004-07-03,PLT,2004-08-06,2004-08-06 14:39:26,Q1,131370000,61703000,69667000,0.5303113343990257,10044000,28920000,0.0,0.0,38964000,100667000,0.0,2759000.0,33462000,0.25471568851335924,30703000,0.2337139377331202,335000.0,31038000,0.23626398721169217,8691000.0,22347000,0.1701073304407399,0.46825,0.46825,47725000,47725000,https://www.sec.gov/Archives/edgar/data/914025/000091402504000018/0000914025-04-000018-index.htm,https://www.sec.gov/Archives/edgar/data/914025/000095013404008135/f99212e10vk.htm
0,2004-06-30,PLT,,,Q1,131370000,61703000,69667000,0.5303113343990257,10044000,28920000,0.0,0.0,0.0,100667000,0.0,0.0,33462000,0.25471568851335924,30703000,0.23626398721169217,0.0,31038000,0.23626398721169217,8691000.0,22347000,0.1701073304407399,0.47,0.44,47725000,50428000,,
0,2004-04-03,PLT,2004-05-26,2004-05-26 16:30:36,Q4,121400000,55900000,65500000,0.539539,9800000.0,28000000,0.0,0.0,37800000.00000001,93700000,0.0,2900000.0000000005,30300000,0.249588,27800000,0.228995,-300000.0,27500000,0.226524,6500000.0,20900000,0.172158,0.41717,0.41717,50100000,50100000,https://www.sec.gov/Archives/edgar/data/914025/000095013404008135/f99212e10vk.htm,https://www.sec.gov/Archives/edgar/data/914025/000095013404008135/f99212e10vk.htm
0,2003-12-31,PLT,,,Q3,107622000,51381000,56241000,0.5225790265930758,8834000.0,23649000,0.0,0.0,0.0,83864000,0.0,0.0,26927000,0.25019977328055604,23758000,0.23387411495790825,0.0,25170000,0.23387411495790825,7551000.0,17619000,0.16371188047053575,0.39,0.37,44628000,47501000,,
0,2003-09-30,PLT,,,Q2,95117000,46351000,48766000,0.5126948915546117,8247000.0,22984000,0.0,0.0,0.0,77582000,0.0,0.0,20266000,0.21306391076253456,17535000,0.18583428829757037,0.0,17676000,0.18583428829757037,5303000.0,12373000,0.13008189913474982,0.28,0.27,44052000,46372000,,
0,2003-06-30,PLT,,,Q1,92786000,47319000,45467000,0.49002004612764855,8605000.0,21153000,0.0,0.0,0.0,77077000,0.0,0.0,19328000,0.20830728773737417,15709000,0.17460608281421766,0.0,16201000,0.17460608281421766,4860000.0,11341000,0.1222274912163473,0.26,0.25,43669000,45077000,,
0,2003-03-29,PLT,,,Q4,88100000,44700000,43300000,0.491487,8500000.0,20300000,0.0,0.0,28799999.999999996,73500000,0.0,3099999.9999999995,18200000,0.206583,14600000,0.165721,500000.0,15100000,0.171396,4500000.0,10600000,0.120318,0.23451,0.23451,45200000,45200000,,
0,2002-12-31,PLT,,,Q3,86811000,44290000,42521000,0.4898111990415961,9004000.0,20939000,0.0,0.0,0.0,74233000,0.0,0.0,15431000,0.17775397127092188,12578000,0.1514093836034604,0.0,13144000,0.1514093836034604,3943000.0,9201000.0,0.10598887237792445,0.2,0.2,44939000,46197000,,
0,2002-09-30,PLT,,,Q2,82370000,40735000,41635000,0.5054631540609446,8164000.0,19763000,0.0,0.0,-100000.0,68562000,0.0,0.0,16500000,0.20031564890129902,13808000,0.16972198616000972,0.0,13980000,0.16972198616000972,2450000.0,11530000,0.13997814738375622,0.25,0.24,45773000,47298000,,
0,2002-06-30,PLT,,,Q1,80268000,38810000,41458000,0.5164947426122489,8250000.0,19606000,0.0,0.0,0.0,66666000,0.0,0.0,16482000,0.20533712064583645,13602000,0.1810808790551652,0.0,14535000,0.1810808790551652,4361000.0,10174000,0.1267503862062092,0.22,0.21,45882000,47722000,,
0,2002-03-30,PLT,,,Q4,78200000,40000000,38200000,0.488491,7500000.0,19700000,0.0,0.0,27200000.000000004,67200000,0.0,3000000.0,14400000,0.184143,11000000,0.140665,400000.0,11400000,0.14578,600000.0,10800000,0.138107,0.23632,0.23632,45700000,45700000,,
0,2001-12-31,PLT,,,Q3,82211000,42610000,39601000,0.4816995292600747,6895000.0,22052000,0.0,0.0,0.0,71557000,0.0,0.0,13272000,0.1614382503557918,10654000,0.13389935653379717,0.0,11008000,0.13389935653379717,501000.0,10507000,0.1278052815316685,0.22,0.21,46897000,49120000,,
0,2001-09-30,PLT,2001-11-13 00:00:00,2001-11-13 00:00:00,Q2,77515000,39648000,37867000,0.4885119009224021,8287000.0,20725000,0.0,0.0,0.0,68660000,0.0,0.0,10845000,0.1399084048248726,8855000.0,0.12251822227955879,0.0,9497000.0,0.12251822227955879,2659000.0,6838000.0,0.08821518415790493,0.14,0.14,47675000,49478000,https://www.sec.gov/Archives/edgar/data/914025/000091402501500005/0000914025-01-500005-index.html,https://www.sec.gov/Archives/edgar/data/914025/000091402501500005/form10q.htm
0,2001-06-30,PLT,2001-08-14 00:00:00,2001-08-14 00:00:00,Q1,80114000,41046000,39068000,0.48765509149462016,7657000.0,20650000,0.0,0.0,0.0,69353000,0.0,0.0,12658000,0.15799985021344584,10761000,0.14056219886661508,0.0,11261000,0.14056219886661508,3153000.0,8108000.0,0.10120578176099058,0.17,0.16,48266000,50029000,https://www.sec.gov/Archives/edgar/data/914025/000109581101504313/0001095811-01-504313-index.html,https://www.sec.gov/Archives/edgar/data/914025/000109581101504313/f75140e10-q.txt
0,2001-03-31,PLT,,,Q4,90028000,42539000,47489000,0.527491447105345,7455000.0,24292000,0.0,0.0,0.0,69409000,0.0,0.0,22776000,0.2529879593015506,20619000,0.14843159905807082,0.0,13363000,0.14843159905807082,1965000.0,11398000,0.1266050562047363,0.0,0.0,0.0,0.0,,
0,2000-12-31,PLT,,,Q3,106718000,45400000,61318000,0.5745797335032515,7097000.0,22729000,0.0,0.0,0.0,77103000,0.0,0.0,31492000,0.29509548529770047,29615000,0.2852377293427538,0.0,30440000,0.2852377293427538,9132000.0,21308000,0.19966641053992765,0.43,0.4,49233000,53357000,,
0,2000-09-30,PLT,2000-11-14 00:00:00,2000-11-14 00:00:00,Q2,103940000,44100000,59840000,0.5757167596690398,6813000.0,21515000,0.0,0.0,0.0,74207000,0.0,0.0,31512000,0.303174908601116,29733000,0.28505868770444487,0.0,29629000,0.28505868770444487,8889000.0,20740000,0.19953819511256493,0.42,0.39,49110000,53683000,https://www.sec.gov/Archives/edgar/data/914025/000089161800005086/0000891618-00-005086-index.html,https://www.sec.gov/Archives/edgar/data/914025/000089161800005086/f67305e10-q.txt
0,2000-06-30,PLT,2000-08-15 00:00:00,2000-08-15 00:00:00,Q1,100352000,41869000,58483000,0.5827786192602041,5635000.0,22541000,0.0,0.0,0.0,71271000,0.0,0.0,30636000,0.30528539540816324,29081000,0.2861826371173469,-329000.0,28719000,0.2861826371173469,8615000.0,20104000,0.20033482142857142,0.41,0.38,48951000,52616000,https://www.sec.gov/Archives/edgar/data/914025/000109581100002832/0001095811-00-002832-index.html,https://www.sec.gov/Archives/edgar/data/914025/000109581100002832/e10-q.txt
0,2000-03-31,PLT,,,Q4,92212000,36841000,55371000,0.6004749924087971,6168000.0,20426000,0.0,0.0,0.0,64807000,0.0,0.0,28777000,0.312074350409925,27405000,0.30015616188782374,0.0,27678000,0.30015616188782374,8861000.0,18817000,0.20406237799852514,0.0,0.0,0.0,0.0,,
0,1999-12-25,PLT,,,Q3,76100000,30900000,45100000,0.592641,5100000.0,17900000,0.0,0.0,23100000,54000000,0.0,1299999.9999999998,24000000,0.315375,22100000,0.290407,600000.0,22700000,0.298292,7300000.0,15400000,0.202365,0.29559,0.29559,52100000,52100000,,
0,1999-09-25,PLT,,,Q2,72000000,29500000,42500000,0.590278,5100000.0,16000000,0.0,0.0,21100000,50600000,0.0,300000.00000000006,22200000,0.308333,21400000,0.297222,500000.0,21900000,0.304167,7000000.0,14900000,0.206944,0.2785,0.2785,53500000,53500000,,
0,1999-06-26,PLT,,,Q1,74700000,30800000,43900000,0.587684,5500000.0,15900000,0.0,0.0,21400000.000000004,52200000,0.0,1300000.0,23900000,0.319946,22500000,0.301205,200000.0,22700000,0.303882,7200000.0,15400000,0.206158,0.28466,0.28466,54100000,54100000,,
0,1999-03-27,PLT,,,Q4,73000000,30600000,42400000,0.580822,5300000.0,15100000,0.0,0.0,20400000,51000000,-300000.0,600000.0000000005,20900000,0.286301,22000000,0.30137,0.0,21700000,0.29726,6900000.0,13700000,0.187671,0.25092,0.25092,54600000,54600000,,
0,1998-12-26,PLT,,,Q3,72000000,31000000,41000000,0.569444,5200000.0,14600000,0.0,0.0,19700000.000000004,50700000,-1900000.0,1799999.9999999998,21100000,0.293056,21300000,0.295833,1800000.0,21200000,0.294444,6800000.0,14400000,0.2,0.26325,0.26325,54700000,54700000,,
0,1998-09-26,PLT,,,Q2,71200000,32200000,39000000,0.547753,4500000.0,13800000,0.0,0.0,18299999.999999996,50500000,-1900000.0,699999.9999999997,18800000,0.264045,20700000,0.29073,1200000.0,20000000,0.280899,6400000.0,13600000,0.191011,0.24727,0.24727,55000000,55000000,,
0,1998-06-27,PLT,,,Q1,70100000,31900000,38200000,0.544936,4500000.0,14100000,0.0,0.0,18600000,50500000,-1700000.0,1600000.0,18300000,0.261056,19600000,0.279601,500000.0,18300000,0.261056,5900000.0,12500000,0.178317,0.22894,0.22894,54600000,54600000,,
0,1998-03-31,PLT,,,Q4,63500000,28400000,35100000,0.552755905511811,4500000.0,12500000,0.0,0.0,0.0,46100000,0.0,0.0,17400000,0.2740157480314961,17400000,0.2566929133858268,700000.0,16300000,0.2566929133858268,5200000.0,11100000,0.17480314960629922,0.0,0.0,0.0,0.0,,
0,1997-12-27,PLT,,,Q3,62000000,28500000,33600000,0.541935,4600000.0,12300000,0.0,0.0,16900000,45400000,-1800000.0,1100000.0,14600000,0.235484,16600000,0.267742,400000.0,15300000,0.246774,4900000.0,10400000,0.167742,0.18875,0.18875,55100000,55100000,,
0,1997-09-27,PLT,,,Q2,56500000,26000000,30500000,0.539823,4400000.0,11400000,0.0,0.0,15799999.999999996,41800000,-1700000.0,1000000.0,13100000,0.231858,14800000,0.261947,700000.0,13800000,0.244248,4400000.0,9400000.0,0.166372,0.1706,0.1706,55100000,55100000,,
0,1997-06-28,PLT,,,Q1,54000000,25000000,29100000,0.538889,4000000.0,11500000,0.0,0.0,15399999.999999998,40400000,-1800000.0,800000.0,11200000,0.207407,13600000,0.251852,400000.0,12200000,0.225926,3900000.0,8300000.0,0.153704,0.15514,0.15514,53500000,53500000,,
0,1997-03-31,PLT,,,Q4,52300000,23400000,28900000,0.5525812619502868,4100000.0,10500000,0.0,0.0,0.0,38800000,0.0,0.0,13800000,0.2638623326959847,13500000,0.23518164435946462,500000.0,12300000,0.23518164435946462,4200000.0,8100000.0,0.15487571701720843,0.0,0.0,0.0,0.0,,
0,1996-12-31,PLT,,,Q3,50300000,22600000,27700000,0.5506958250497018,3600000.0,10000000,0.0,0.0,0.0,37100000,0.0,0.0,13600000,0.27037773359840955,13200000,0.2345924453280318,500000.0,11800000,0.2345924453280318,4000000.0,7800000.0,0.1550695825049702,0.15,0.15,52000000,52000000,,
0,1996-09-28,PLT,,,Q2,47100000,21800000,25300000,0.537155,3300000.0,9800000.0,0.0,0.0,13099999.999999998,34900000,-1800000.0,500000.0,9600000.0,0.203822,12200000,0.259023,400000.0,10800000,0.229299,3700000.0,7200000.0,0.152866,0.13534,0.13534,53200000,53200000,,
