,date,symbol,fillingDate,acceptedDate,period,revenue,costOfRevenue,grossProfit,grossProfitRatio,researchAndDevelopmentExpenses,generalAndAdministrativeExpenses,sellingAndMarketingExpenses,otherExpenses,operatingExpenses,costAndExpenses,interestExpense,depreciationAndAmortization,ebitda,ebitdaratio,operatingIncome,operatingIncomeRatio,totalOtherIncomeExpensesNet,incomeBeforeTax,incomeBeforeTaxRatio,incomeTaxExpense,netIncome,netIncomeRatio,eps,epsdiluted,weightedAverageShsOut,weightedAverageShsOutDil,link,finalLink
0,2020-08-31,SMIT,2020-10-30,2020-10-30 08:35:15,Q1,1507485.0,899841.0,607644.0,0.40308460780704286,17453.0,2086716.0,0.0,96069.0,0.0,3004010.0,0.0,0.0,-2397492.0,-1.5903919441984498,-1496525.0,-0.1684978623336219,1242517.0,-254008.0,-0.1684978623336219,-404667.0,150659.0,0.0999406295916709,0.04,0.04,3763752.0,3776494.0,https://www.sec.gov/Archives/edgar/data/922612/000119380520001336/0001193805-20-001336-index.htm,https://www.sec.gov/Archives/edgar/data/922612/000119380520001336/e620015_10q-sii.htm
0,2020-05-31,SMIT,2020-08-31,2020-08-31 16:50:59,Q4,967078.0,487260.0,479818.0,0.4961523269064129,36478.0,1275805.0,0.0,57645.0,0.0,1799543.0,0.0,0.0,-466993.0,-0.48289072856584475,-832465.0,-0.7304746876673857,61345.0,-706426.0,-0.7304746876673857,-2603.0,-676081.0,-0.699096660248708,-0.18,-0.18,3939833.0,3939833.0,https://www.sec.gov/Archives/edgar/data/922612/000119380520001098/0001193805-20-001098-index.htm,https://www.sec.gov/Archives/edgar/data/922612/000119380520001098/e619900_10k-sii.htm
0,2020-02-29,SMIT,2020-04-14 00:00:00,2020-04-14 17:14:30,Q3,1094967.0,491346.0,603621.0,0.5512686683708277,23908.0,1011414.0,0.0,187218.0,0.0,1526668.0,0.0,0.0,-393898.0,-0.35973504224328223,-431701.0,-0.22327887507112087,187218.0,-244483.0,-0.22327887507112087,-4206.0,-131170.0,-0.11979356455491352,-0.03,-0.03,3858287.0,3858287.0,https://www.sec.gov/Archives/edgar/data/922612/000119312520107205/0001193125-20-107205-index.html,https://www.sec.gov/Archives/edgar/data/922612/000119312520107205/d858585d10q.htm
0,2019-11-30,SMIT,2020-01-14 00:00:00,2020-01-14 17:19:04,Q2,1033102.0,643348.0,389754.0,0.3772657491709434,5377.0,993230.0,0.0,5356.0,0.0,1641955.0,0.0,0.0,-573550.0,-0.5551726741405979,-608853.0,-0.5841601313326273,5356.0,-603497.0,-0.5841601313326273,-4439.0,4517947.0,4.3731858035315,1.11,1.11,4083538.0,4083538.0,https://www.sec.gov/Archives/edgar/data/922612/000119312520007306/0001193125-20-007306-index.html,https://www.sec.gov/Archives/edgar/data/922612/000119312520007306/d857866d10q.htm
0,2019-08-31,SMIT,2019-10-08 00:00:00,2019-10-08 17:28:31,Q1,3341885.0,1781547.0,1560338.0,0.4669035589195918,12167.0,1279007.0,0.0,-83388.0,0.0,3072721.0,0.0,0.0,317138.0,0.09489793933663188,269164.0,0.055590183384526995,-83388.0,185776.0,0.055590183384526995,15968.0,169808.0,0.05081204170700069,0.04,0.04,4032878.0,4059279.0,https://www.sec.gov/Archives/edgar/data/922612/000119312519264545/0001193125-19-264545-index.html,https://www.sec.gov/Archives/edgar/data/922612/000119312519264545/d801919d10q.htm
0,2019-05-31,SMIT,2019-08-21 00:00:00,2019-08-21 17:21:36,Q4,3784049.0,2526032.0,1258017.0,0.3324526188746499,12347.0,1499674.0,0.0,-7583.0,0.0,4038053.0,0.0,0.0,-205080.0,-0.054195915539148674,-254004.0,-0.06912886170342931,-7583.0,-261587.0,-0.06912886170342931,7125.0,-268712.0,-0.07101176543961243,-0.04,-0.04,4032878.0,4067222.0,https://www.sec.gov/Archives/edgar/data/922612/000119312519226154/0001193125-19-226154-index.html,https://www.sec.gov/Archives/edgar/data/922612/000119312519226154/d762575d10k.htm
0,2019-02-28,SMIT,2019-04-10 00:00:00,2019-04-10 17:14:56,Q3,3082181.0,2069798.0,1012383.0,0.32846318889124293,20532.0,1507233.0,0.0,46779.0,0.0,3597563.0,0.0,0.0,-469891.0,-0.1524540576948596,-515382.0,-0.1520361717887431,46779.0,-468603.0,-0.1520361717887431,6586.0,-475189.0,-0.15417297037390082,-0.12,-0.12,4000990.0,4000990.0,https://www.sec.gov/Archives/edgar/data/922612/000119312519102939/0001193125-19-102939-index.html,https://www.sec.gov/Archives/edgar/data/922612/000119312519102939/d688702d10q.htm
0,2018-11-30,SMIT,2019-01-11 00:00:00,2019-01-11 17:04:31,Q2,3503478.0,2140371.0,1363107.0,0.38907251593987463,47924.0,1539495.0,0.0,-24596.0,0.0,3727790.0,0.0,0.0,-177596.0,-0.05069134157542876,-224312.0,-0.07104597203122155,-24596.0,-248908.0,-0.07104597203122155,6362.0,-255270.0,-0.07286188182143573,-0.06,-0.06,3994545.0,3994545.0,https://www.sec.gov/Archives/edgar/data/922612/000119312519007482/0001193125-19-007482-index.html,https://www.sec.gov/Archives/edgar/data/922612/000119312519007482/d679358d10q.htm
0,2018-08-31,SMIT,2018-10-15 00:00:00,2018-10-15 17:02:27,Q1,3440453.0,2100655.0,1339798.0,0.3894248809677098,48237.0,1405363.0,0.0,-91651.0,0.0,3554255.0,0.0,0.0,-66585.0,-0.019353556057879587,-113802.0,-0.05971684542704115,-91651.0,-205453.0,-0.05971684542704115,6366.0,-211819.0,-0.06156718315872939,-0.05,-0.05,3994545.0,3994545.0,https://www.sec.gov/Archives/edgar/data/922612/000119312518299304/0001193125-18-299304-index.html,https://www.sec.gov/Archives/edgar/data/922612/000119312518299304/d634172d10q.htm
0,2018-05-31,SMIT,2018-08-21 00:00:00,2018-08-21 17:20:00,Q4,3794677.0,2177377.0,1617300.0,0.42620228282934225,74310.0,1303120.0,0.0,-7254.0,0.0,3554807.0,0.0,0.0,288783.0,0.0761021293775465,239870.0,0.06130060608584077,-7254.0,232616.0,0.06130060608584077,6680.0,225936.0,0.0595402454543562,0.06,0.06,3994545.0,4041797.0,https://www.sec.gov/Archives/edgar/data/922612/000119312518254122/0001193125-18-254122-index.html,https://www.sec.gov/Archives/edgar/data/922612/000119312518254122/d599572d10k.htm
0,2018-02-28,SMIT,2018-04-13 00:00:00,2018-04-13 17:02:45,Q3,3238858.0,1916345.0,1322513.0,0.408326947337611,75790.0,1286718.0,0.0,61815.0,0.0,3278853.0,0.0,0.0,11686.0,0.0036080618539003563,-39995.0,0.006736942465523342,61815.0,21820.0,0.006736942465523342,6267.0,15553.0,0.004802001199188109,0.004197,0.004126,3706050.0,3769814.0,https://www.sec.gov/Archives/edgar/data/922612/000119312518117012/0001193125-18-117012-index.html,https://www.sec.gov/Archives/edgar/data/922612/000119312518117012/d532851d10q.htm
0,2017-11-30,SMIT,2018-01-11 00:00:00,2018-01-11 17:02:23,Q2,3770880.0,2044898.0,1725982.0,0.4577133189069925,100760.0,1524443.0,0.0,9078.0,0.0,3670101.0,0.0,0.0,152674.0,0.04048763153428377,100779.0,0.02913298752545825,9078.0,109857.0,0.02913298752545825,6609.0,103248.0,0.027380346232179227,0.03,0.03,2995910.0,3024099.0,https://www.sec.gov/Archives/edgar/data/922612/000119312518009087/0001193125-18-009087-index.html,https://www.sec.gov/Archives/edgar/data/922612/000119312518009087/d507942d10q.htm
0,2017-08-31,SMIT,2017-10-13 00:00:00,2017-10-13 16:04:52,Q1,3083648.0,1678129.0,1399519.0,0.45385173664439005,76457.0,1468344.0,0.0,17543.0,0.0,3222930.0,0.0,0.0,-92532.0,-0.030007316010128262,-145282.0,-0.04142463731268939,17543.0,-127739.0,-0.04142463731268939,6359.0,-134098.0,-0.043486805238470795,-0.04,-0.04,2995910.0,2995910.0,https://www.sec.gov/Archives/edgar/data/922612/000119312517309855/0001193125-17-309855-index.html,https://www.sec.gov/Archives/edgar/data/922612/000119312517309855/d449446d10q.htm
0,2017-05-31,SMIT,2017-08-15 00:00:00,2017-08-15 16:06:35,Q4,3650428.0,2387322.0,1263106.0,0.34601586444110116,67329.0,1617454.0,0.0,-5618.0,0.0,4072105.0,0.0,0.0,-367666.0,-0.10071860066819562,-421677.0,-0.11705339757420226,-5618.0,-427295.0,-0.11705339757420226,6637.0,-433932.0,-0.11887154054264322,-0.14,-0.14,2995910.0,2995910.0,https://www.sec.gov/Archives/edgar/data/922612/000119312517258583/0001193125-17-258583-index.html,https://www.sec.gov/Archives/edgar/data/922612/000119312517258583/d514174d10k.htm
0,2017-02-28,SMIT,2017-04-12 00:00:00,2017-04-12 16:06:55,Q3,3199122.0,1984580.0,1214542.0,0.37964854106845564,49711.0,1263529.0,0.0,-25642.0,0.0,3297820.0,0.0,0.0,-44064.0,-0.013773779180662695,-98698.0,-0.03886691410955881,-25642.0,-124340.0,-0.03886691410955881,6993.0,-131333.0,-0.04105282636923506,-0.04,-0.04,2995910.0,2995910.0,https://www.sec.gov/Archives/edgar/data/922612/000119312517121358/0001193125-17-121358-index.html,https://www.sec.gov/Archives/edgar/data/922612/000119312517121358/d285966d10q.htm
0,2016-11-30,SMIT,2017-01-12 00:00:00,2017-01-12 16:06:45,Q2,2655561.0,1623151.0,1032410.0,0.3887728431017024,60277.0,1324675.0,0.0,-23578.0,0.0,3008103.0,0.0,0.0,-296252.0,-0.1115591018244356,-352542.0,-0.14163485606242898,-23578.0,-376120.0,-0.14163485606242898,6350.0,-382470.0,-0.14402606454907269,-0.13,-0.13,2995910.0,2995910.0,https://www.sec.gov/Archives/edgar/data/922612/000119312517008754/0001193125-17-008754-index.html,https://www.sec.gov/Archives/edgar/data/922612/000119312517008754/d304814d10q.htm
0,2016-08-31,SMIT,2016-10-11 00:00:00,2016-10-11 16:06:45,Q1,2892532.0,1516783.0,1375749.0,0.475621013008672,78847.0,1412669.0,0.0,-1833.0,0.0,3008299.0,0.0,0.0,-61620.0,-0.021303135107926204,-115767.0,-0.04065642143284845,-1833.0,-117600.0,-0.04065642143284845,8029.0,-125629.0,-0.04343219020567447,-0.04,-0.04,2995910.0,2995910.0,https://www.sec.gov/Archives/edgar/data/922612/000119312516735685/0001193125-16-735685-index.html,https://www.sec.gov/Archives/edgar/data/922612/000119312516735685/d251423d10q.htm
0,2016-05-31,SMIT,2016-08-05,2016-08-05 16:06:54,Q4,2978735.0,1893703.0,1085032.0,0.3642593248476283,60237.0,1490948.0,0.0,415.0,0.0,3444888.0,0.0,0.0,-407943.0,-0.1369517597235068,-466153.0,-0.15635429133508016,415.0,-465738.0,-0.15635429133508016,-304.0,-465434.0,-0.15625223458951534,-0.16,-0.16,2995910.0,2995910.0,https://www.sec.gov/Archives/edgar/data/922612/000119312516673466/d177771d10k.htm,https://www.sec.gov/Archives/edgar/data/922612/000119312516673466/d177771d10k.htm
0,2016-02-29,SMIT,2016-04-13 00:00:00,2016-04-13 16:05:56,Q3,2528465.0,1465104.0,1063361.0,0.4205559499538257,68023.0,1405632.0,0.0,-34117.0,0.0,2938759.0,0.0,0.0,-349878.0,-0.13837565479450972,-410294.0,-0.17576316065280714,-34117.0,-444411.0,-0.17576316065280714,6495.0,-450906.0,-0.1783319128403992,-0.15,-0.15,2995910.0,2995910.0,https://www.sec.gov/Archives/edgar/data/922612/000119312516539971/0001193125-16-539971-index.html,https://www.sec.gov/Archives/edgar/data/922612/000119312516539971/d139237d10q.htm
0,2015-11-30,SMIT,2016-01-14 00:00:00,2016-01-14 14:05:54,Q2,3073769.0,1797359.0,1276410.0,0.4152589215389966,72500.0,1581635.0,0.0,-19091.0,0.0,3451494.0,0.0,0.0,-315774.0,-0.10273185785919502,-377725.0,-0.12909753465533683,-19091.0,-396816.0,-0.12909753465533683,6971.0,-403787.0,-0.13136543442269083,-0.13,-0.13,2995910.0,2995910.0,https://www.sec.gov/Archives/edgar/data/922612/000119312516429784/0001193125-16-429784-index.html,https://www.sec.gov/Archives/edgar/data/922612/000119312516429784/d107572d10q.htm
0,2015-08-31,SMIT,2015-10-08 00:00:00,2015-10-08 16:06:21,Q1,3104384.0,1661892.0,1442492.0,0.46466287675751455,86912.0,1537882.0,0.0,-5920.0,0.0,3286686.0,0.0,0.0,-117055.0,-0.03770635333773142,-182302.0,-0.060631030181833176,-5920.0,-188222.0,-0.060631030181833176,6840.0,-195062.0,-0.06283436585164721,-0.07,-0.07,2995910.0,2995910.0,https://www.sec.gov/Archives/edgar/data/922612/000119312515340294/0001193125-15-340294-index.html,https://www.sec.gov/Archives/edgar/data/922612/000119312515340294/d73223d10q.htm
0,2015-05-31,SMIT,2015-08-12 00:00:00,2015-08-12 16:06:28,Q4,3857681.0,2085091.0,1772590.0,0.45949626213261285,85480.0,1583359.0,0.0,-7942.0,0.0,3753930.0,0.0,0.0,168341.0,0.04363787467133752,103751.0,0.024835905301656618,-7942.0,95809.0,0.024835905301656618,3050.0,92759.0,0.024045274868502605,0.03,0.03,2995910.0,2997992.0,https://www.sec.gov/Archives/edgar/data/922612/000119312515288084/0001193125-15-288084-index.html,https://www.sec.gov/Archives/edgar/data/922612/000119312515288084/d41938d10k.htm
0,2015-02-28,SMIT,2015-04-09 00:00:00,2015-04-09 16:09:27,Q3,3010618.0,1660256.0,1350362.0,0.4485331583083606,95730.0,1405140.0,0.0,-15578.0,0.0,3161126.0,0.0,0.0,-88476.0,-0.029387986121121975,-150508.0,-0.05516674649523785,-15578.0,-166086.0,-0.05516674649523785,2285.0,-168371.0,-0.05592572687733881,-0.06,-0.06,2995910.0,2995910.0,https://www.sec.gov/Archives/edgar/data/922612/000119312515124226/0001193125-15-124226-index.html,https://www.sec.gov/Archives/edgar/data/922612/000119312515124226/d873585d10q.htm
0,2014-11-30,SMIT,2015-01-13,2015-01-13 16:16:31,Q2,3151504.0,1597326.0,1554178.0,0.4931543796231894,124651.0,1500328.0,0.0,3336.0,0.0,3222305.0,0.0,0.0,-5539.0,-0.0017575735267986333,-70801.0,-0.021407239210231053,3336.0,-67465.0,-0.021407239210231053,2375.0,-69840.0,-0.022160847646076287,-0.02,-0.02,2995910.0,2995910.0,https://www.sec.gov/Archives/edgar/data/922612/000119312515009414/d808294d10q.htm,https://www.sec.gov/Archives/edgar/data/922612/000119312515009414/d808294d10q.htm
0,2014-08-31,SMIT,2014-10-10 00:00:00,2014-10-10 16:06:15,Q1,3049288.0,1585721.0,1463567.0,0.4799700782608924,72444.0,1338024.0,0.0,1061.0,0.0,2996189.0,0.0,0.0,127787.0,0.04190715996652333,53099.0,0.01776152334577777,1061.0,54160.0,0.01776152334577777,2377.0,51783.0,0.016981997108833274,0.02,0.02,2995910.0,2999172.0,https://www.sec.gov/Archives/edgar/data/922612/000119312514369119/0001193125-14-369119-index.html,https://www.sec.gov/Archives/edgar/data/922612/000119312514369119/d781922d10q.htm
0,2014-05-31,SMIT,2014-08-08 00:00:00,2014-08-08 16:11:21,Q4,3025844.0,1656618.0,1369226.0,0.4525104400623429,84957.0,1416401.0,0.0,-23291.0,0.0,3157976.0,0.0,0.0,-58130.0,-0.01921116885074049,-132132.0,-0.05136517282450781,-23291.0,-155423.0,-0.05136517282450781,2334.0,-157757.0,-0.05213652785801251,-0.05,-0.05,2995910.0,2995910.0,https://www.sec.gov/Archives/edgar/data/922612/000119312514303135/0001193125-14-303135-index.html,https://www.sec.gov/Archives/edgar/data/922612/000119312514303135/d734325d10k.htm
0,2014-02-28,SMIT,2014-04-11 00:00:00,2014-04-11 16:08:24,Q3,3066163.0,1608233.0,1457930.0,0.4754900505941791,151613.0,1387972.0,0.0,11497.0,0.0,3147818.0,0.0,0.0,-2668.0,-0.0008701429115151412,-81655.0,-0.022881366711424017,11497.0,-70158.0,-0.022881366711424017,1949.0,-72107.0,-0.023517014587939387,-0.02,-0.02,2990910.0,2990910.0,https://www.sec.gov/Archives/edgar/data/922612/000119312514140489/0001193125-14-140489-index.html,https://www.sec.gov/Archives/edgar/data/922612/000119312514140489/d675910d10q.htm
0,2013-11-30,SMIT,2014-01-14,2014-01-14 15:39:11,Q2,3143052.0,1675184.0,1467868.0,0.46701995385377015,112096.0,1507046.0,0.0,-9546.0,0.0,3294326.0,0.0,0.0,-64207.0,-0.02042823344952613,-151274.0,-0.05116682765668529,-9546.0,-160820.0,-0.05116682765668529,2381.0,-163201.0,-0.05192437159805183,-0.05,-0.05,2990910.0,2990910.0,https://www.sec.gov/Archives/edgar/data/922612/000119312514010783/d629391d10q.htm,https://www.sec.gov/Archives/edgar/data/922612/000119312514010783/d629391d10q.htm
0,2013-08-31,SMIT,2013-10-10 00:00:00,2013-10-10 17:21:52,Q1,2899447.0,1568325.0,1331122.0,0.45909513089909904,126764.0,1351702.0,0.0,3453.0,0.0,3046791.0,0.0,0.0,-59107.0,-0.02038561146315142,-147344.0,-0.04962704957186664,3453.0,-143891.0,-0.04962704957186664,2668.0,-146559.0,-0.05054722503980932,-0.05,-0.05,2990910.0,2990910.0,https://www.sec.gov/Archives/edgar/data/922612/000119312513396743/0001193125-13-396743-index.html,https://www.sec.gov/Archives/edgar/data/922612/000119312513396743/d600850d10q.htm
0,2013-05-31,SMIT,2013-08-14 00:00:00,2013-08-14 17:45:52,Q4,3272899.0,1951873.0,1321026.0,0.40362565419831165,162094.0,1560291.0,0.0,8026.0,0.0,3674258.0,0.0,0.0,-314023.0,-0.09594643769942182,-401359.0,-0.1201787772858252,8026.0,-393333.0,-0.1201787772858252,-29011.0,-364322.0,-0.11131477017775372,-0.12,-0.12,2990910.0,2999402.0,https://www.sec.gov/Archives/edgar/data/922612/000119312513334817/0001193125-13-334817-index.html,https://www.sec.gov/Archives/edgar/data/922612/000119312513334817/d540728d10k.htm
0,2013-02-28,SMIT,2013-04-09 00:00:00,2013-04-09 16:25:43,Q3,2796429.0,1438831.0,1357598.0,0.48547558332430396,164693.0,1366587.0,0.0,-2347.0,0.0,2970111.0,0.0,0.0,-86945.0,-0.031091438402333832,-173682.0,-0.06294778090200037,-2347.0,-176029.0,-0.06294778090200037,15075.0,-191104.0,-0.0683385846735247,-0.06,-0.06,2990910.0,2990910.0,https://www.sec.gov/Archives/edgar/data/922612/000119312513147692/0001193125-13-147692-index.html,https://www.sec.gov/Archives/edgar/data/922612/000119312513147692/d488649d10q.htm
0,2012-11-30,SMIT,2013-01-09 00:00:00,2013-01-09 16:24:13,Q2,2702259.0,1160031.0,1542228.0,0.5707180547830537,131365.0,1523918.0,0.0,0.0,0.0,2815314.0,0.0,0.0,-33977.0,-0.012573554200393078,-113055.0,-0.03890818755715126,7915.0,-105140.0,-0.03890818755715126,-536.0,-104604.0,-0.0387098349936109,-0.03,-0.03,2990910.0,2990910.0,https://www.sec.gov/Archives/edgar/data/922612/000119312513008188/0001193125-13-008188-index.html,https://www.sec.gov/Archives/edgar/data/922612/000119312513008188/d448846d10q.htm
0,2012-08-31,SMIT,2012-10-09 00:00:00,2012-10-09 15:13:01,Q1,3680665.0,1806717.0,1873948.0,0.5091329963471275,115309.0,1632815.0,0.0,0.0,0.0,3554841.0,0.0,0.0,211961.0,0.05758769135468726,125824.0,0.03432423217000189,512.0,126336.0,0.03432423217000189,6188.0,120148.0,0.03264301423791625,0.04,0.04,2990910.0,3005291.0,https://www.sec.gov/Archives/edgar/data/922612/000119312512418455/0001193125-12-418455-index.html,https://www.sec.gov/Archives/edgar/data/922612/000119312512418455/d407281d10q.htm
0,2012-05-31,SMIT,2012-08-09 00:00:00,2012-08-09 14:52:08,Q4,4332815.0,2704584.0,1628231.0,0.37579056571766856,120295.0,1485823.0,0.0,0.0,0.0,4310702.0,0.0,0.0,105714.0,0.02439845689234366,22113.0,0.006079650296631636,4229.0,26342.0,0.006079650296631636,20394.0,5948.0,0.0013727795901740554,0.0,0.0,2989615.0,3002806.0,https://www.sec.gov/Archives/edgar/data/922612/000119312512347166/0001193125-12-347166-index.html,https://www.sec.gov/Archives/edgar/data/922612/000119312512347166/d367879d10k.htm
0,2012-02-29,SMIT,2012-04-10,2012-04-10 16:20:07,Q3,3156497.0,1616534.0,1539963.0,0.4878708897870012,91842.0,1448818.0,0.0,0.0,0.0,3157194.0,0.0,0.0,80380.0,0.025464937872584702,-697.0,0.001965469949757595,6901.0,6204.0,0.001965469949757595,-6417.0,12621.0,0.003998419767229305,0.0,0.0,2939281.0,2964892.0,https://www.sec.gov/Archives/edgar/data/922612/000119312512157189/d310735d10q.htm,https://www.sec.gov/Archives/edgar/data/922612/000119312512157189/d310735d10q.htm
0,2011-11-30,SMIT,2012-01-10 00:00:00,2012-01-10 16:19:07,Q2,3476225.0,2009687.0,1466538.0,0.4218766046501593,44305.0,1520528.0,0.0,0.0,0.0,3574520.0,0.0,0.0,-29789.0,-0.008569353249573891,-98295.0,-0.02347460247826306,16692.0,-81603.0,-0.02347460247826306,-3427.0,-78176.0,-0.02248876295406655,-0.03,-0.03,2896448.0,2896448.0,https://www.sec.gov/Archives/edgar/data/922612/000119312512007932/0001193125-12-007932-index.html,https://www.sec.gov/Archives/edgar/data/922612/000119312512007932/d269999d10q.htm
0,2011-08-31,SMIT,2011-10-11 00:00:00,2011-10-11 13:04:59,Q1,3471485.0,1763581.0,1707904.0,0.49198080936544447,61551.0,1512190.0,0.0,0.0,0.0,3337322.0,0.0,0.0,208272.0,0.05999507415414441,134163.0,0.04136587080168862,9438.0,143601.0,0.04136587080168862,6573.0,137028.0,0.0394724447894777,0.05,0.05,2895635.0,2967264.0,https://www.sec.gov/Archives/edgar/data/922612/000119312511268072/0001193125-11-268072-index.html,https://www.sec.gov/Archives/edgar/data/922612/000119312511268072/d239749d10q.htm
0,2011-05-31,SMIT,2011-08-09 00:00:00,2011-08-09 15:07:57,Q4,3253824.0,1485275.0,1768549.0,0.5435293980252158,83777.0,1619275.0,0.0,0.0,0.0,3188327.0,0.0,0.0,156265.0,0.04802503147066344,65497.0,0.01887840276548455,-8070.0,61427.0,0.01887840276548455,3237.0,58190.0,0.01788357329714207,0.02,0.02,2895635.0,2970572.0,https://www.sec.gov/Archives/edgar/data/922612/000119312511216332/0001193125-11-216332-index.html,https://www.sec.gov/Archives/edgar/data/922612/000119312511216332/d10k.htm
0,2011-02-28,SMIT,2011-04-12 00:00:00,2011-04-12 16:20:20,Q3,2920121.0,1611615.0,1308506.0,0.448099924626411,198534.0,1294072.0,0.0,0.0,0.0,3104221.0,0.0,0.0,-95314.0,-0.032640428256226366,-184100.0,-0.06434870335852522,-3806.0,-187906.0,-0.06434870335852522,3934.0,-191840.0,-0.06569590780656007,-0.07,-0.07,2894922.0,2894922.0,https://www.sec.gov/Archives/edgar/data/922612/000119312511095219/0001193125-11-095219-index.html,https://www.sec.gov/Archives/edgar/data/922612/000119312511095219/d10q.htm
0,2010-11-30,SMIT,2011-01-11,2011-01-11 16:25:58,Q2,2914447.0,1485596.0,1428851.0,0.49026487700754207,113242.0,1276286.0,0.0,0.0,0.0,2875124.0,0.0,0.0,119591.0,0.041033856508627536,39323.0,0.015261557338321815,5156.0,44479.0,0.015261557338321815,3587.0,40892.0,0.014030792119396921,0.01,0.01,2894802.0,2948102.0,https://www.sec.gov/Archives/edgar/data/922612/000119312511005979/d10q.htm,https://www.sec.gov/Archives/edgar/data/922612/000119312511005979/d10q.htm
0,2010-08-31,SMIT,2010-10-08 00:00:00,2010-10-08 16:12:41,Q1,2404467.0,1304721.0,1099746.0,0.45737620853187005,108698.0,1107450.0,0.0,0.0,0.0,2520869.0,0.0,0.0,-23493.0,-0.009770564536755963,-116402.0,-0.0506241092100661,-5322.0,-121724.0,-0.0506241092100661,-9099.0,-112625.0,-0.046839902564684816,-0.04,-0.04,2894802.0,2894802.0,https://www.sec.gov/Archives/edgar/data/922612/000119312510226898/0001193125-10-226898-index.html,https://www.sec.gov/Archives/edgar/data/922612/000119312510226898/d10q.htm
0,2010-05-31,SMIT,2010-07-30 00:00:00,2010-07-30 14:23:47,Q4,2118341.0,1363120.0,755221.0,0.35651531080217963,112669.0,1122909.0,0.0,0.0,0.0,2598698.0,0.0,0.0,-392955.0,-0.18550129558933146,-480357.0,-0.22068732087987722,1866.0,-467491.0,-0.22068732087987722,1628.0,-469119.0,-0.22145584681597533,0.0,0.0,0.0,0.0,https://www.sec.gov/Archives/edgar/data/922612/000119312510172061/0001193125-10-172061-index.html,https://www.sec.gov/Archives/edgar/data/922612/000119312510172061/d10k.htm
0,2010-02-28,SMIT,2010-04-13 00:00:00,2010-04-13 16:11:54,Q3,1542312.0,747577.0,794735.0,0.5152880869759167,171374.0,1068203.0,0.0,0.0,0.0,1987154.0,0.0,0.0,-354530.0,-0.22986918340776705,-444842.0,-0.2864102723703116,3108.0,-441734.0,-0.2864102723703116,1518.0,-443252.0,-0.2873945090228177,-0.15,-0.15,2894802.0,2894802.0,https://www.sec.gov/Archives/edgar/data/922612/000119312510082514/0001193125-10-082514-index.html,https://www.sec.gov/Archives/edgar/data/922612/000119312510082514/d10q.htm
0,2009-11-30,SMIT,2010-01-12 00:00:00,2010-01-12 16:34:10,Q2,1921861.0,978914.0,942947.0,0.49064266354330516,127495.0,1032282.0,0.0,0.0,0.0,2138691.0,0.0,0.0,-130652.0,-0.06798202367392855,-216830.0,-0.10997777674868266,5468.0,-211362.0,-0.10997777674868266,12284.0,-223646.0,-0.11636949810626263,-0.08,-0.08,2886949.0,2886949.0,https://www.sec.gov/Archives/edgar/data/922612/000119312510005153/0001193125-10-005153-index.html,https://www.sec.gov/Archives/edgar/data/922612/000119312510005153/d10q.htm
0,2009-08-31,SMIT,2009-10-09 00:00:00,2009-10-09 12:55:36,Q1,1223234.0,674145.0,549089.0,0.4488830428192807,173044.0,960707.0,0.0,0.0,0.0,1807896.0,0.0,0.0,-506634.0,-0.4141758649612421,-584662.0,-0.4700629642406931,9665.0,-574997.0,-0.4700629642406931,0.0,-574997.0,-0.4700629642406931,-0.2,-0.2,2870160.0,2870160.0,https://www.sec.gov/Archives/edgar/data/922612/000119312509206122/0001193125-09-206122-index.html,https://www.sec.gov/Archives/edgar/data/922612/000119312509206122/d10q.htm
0,2009-05-31,SMIT,2009-08-04 00:00:00,2009-08-04 11:33:02,Q4,1556795.0,1284306.0,272489.0,0.17503203697339728,247676.0,1139375.0,0.0,0.0,0.0,2671357.0,0.0,0.0,-950836.0,-0.6107650654068134,-1114562.0,-0.7066408872073715,-59533.0,-1100095.0,-0.7066408872073715,712435.0,-1812530.0,-1.1642701832932403,0.0,0.0,0.0,0.0,https://www.sec.gov/Archives/edgar/data/922612/000119312509163348/0001193125-09-163348-index.html,https://www.sec.gov/Archives/edgar/data/922612/000119312509163348/d10k.htm
0,2009-02-28,SMIT,2009-04-14 00:00:00,2009-04-14 16:14:28,Q3,1761747.0,954175.0,807572.0,0.45839272040764084,273651.0,1150973.0,0.0,0.0,0.0,2378799.0,0.0,0.0,-529387.0,-0.30048979791082375,-617052.0,-0.3404881631698536,17198.0,-599854.0,-0.3404881631698536,-338980.0,-260874.0,-0.14807688050554366,-0.09,-0.09,2870160.0,2870160.0,https://www.sec.gov/Archives/edgar/data/922612/000119312509078739/0001193125-09-078739-index.html,https://www.sec.gov/Archives/edgar/data/922612/000119312509078739/d10q.htm
0,2008-11-30,SMIT,2009-01-13 00:00:00,2009-01-13 16:13:43,Q2,2989281.0,1586602.0,1402679.0,0.46923624777998457,250894.0,1420351.0,0.0,0.0,0.0,3257847.0,0.0,0.0,-163677.0,-0.0547546383227271,-268566.0,-0.09058365540074687,-2214.0,-270780.0,-0.09058365540074687,-157113.0,-113667.0,-0.03802486283490913,-0.04,-0.04,2870160.0,2870160.0,https://www.sec.gov/Archives/edgar/data/922612/000119312509005452/0001193125-09-005452-index.html,https://www.sec.gov/Archives/edgar/data/922612/000119312509005452/d10q.htm
0,2008-08-31,SMIT,2008-10-08 00:00:00,2008-10-08 16:11:55,Q1,3193385.0,1536005.0,1657380.0,0.5190041288476022,247219.0,1322918.0,0.0,0.0,0.0,3106142.0,0.0,0.0,165934.0,0.0519617897622742,87243.0,0.033655196601725126,20231.0,107474.0,0.033655196601725126,73927.0,33547.0,0.010505153622253502,0.01,0.01,2870160.0,2966182.0,https://www.sec.gov/Archives/edgar/data/922612/000119312508208012/0001193125-08-208012-index.html,https://www.sec.gov/Archives/edgar/data/922612/000119312508208012/d10q.htm
0,2008-05-31,SMIT,2008-08-14 00:00:00,2008-08-14 17:15:59,Q4,3160220.0,1420133.0,1740087.0,0.5506221085873768,212040.0,1307548.0,0.0,0.0,0.0,2939721.0,0.0,0.0,264255.0,0.08361917841162957,220499.0,0.0866575744726633,53358.0,273857.0,0.0866575744726633,-151862.0,425719.0,0.13471182386036415,0.0,0.0,0.0,0.0,https://www.sec.gov/Archives/edgar/data/922612/000119312508178507/0001193125-08-178507-index.html,https://www.sec.gov/Archives/edgar/data/922612/000119312508178507/d10k.htm
0,2008-02-29,SMIT,2008-04-08 00:00:00,2008-04-08 16:43:31,Q3,2811111.0,1359778.0,1451333.0,0.5162844868096635,180916.0,1120664.0,0.0,0.0,0.0,2661358.0,0.0,0.0,134824.0,0.04796110861506358,149753.0,0.07617308601474648,64378.0,214131.0,0.07617308601474648,-14000.0,228131.0,0.081153323365744,0.08,0.08,2692158.0,2790626.0,https://www.sec.gov/Archives/edgar/data/922612/000110465908023252/0001104659-08-023252-index.html,https://www.sec.gov/Archives/edgar/data/922612/000110465908023252/a08-10081_110q.htm
0,2007-11-30,SMIT,2008-01-22,2008-01-22 16:32:33,Q2,3110921.0,1421593.0,1689328.0,0.5430314688158265,189802.0,1222955.0,0.0,0.0,0.0,2834350.0,0.0,0.0,262978.0,0.0845338084766537,276571.0,0.10843701913356206,60768.0,337339.0,0.10843701913356206,72500.0,264839.0,0.08513202360329947,0.1,0.1,2648390.0,2648390.0,https://www.sec.gov/Archives/edgar/data/922612/000110465908003845/a08-1886_110q.htm,https://www.sec.gov/Archives/edgar/data/922612/000110465908003845/a08-1886_110q.htm
0,2007-08-31,SMIT,2007-10-15 00:00:00,2007-10-15 16:30:24,Q1,2305659.0,1070294.0,1235365.0,0.5357969240030724,45392.0,976836.0,0.0,0.0,0.0,2092522.0,0.0,0.0,185605.0,0.08049976167334372,213137.0,0.12400576147643688,72778.0,285915.0,0.12400576147643688,101500.0,184415.0,0.07998364025209279,0.07,0.07,2634500.0,2634500.0,https://www.sec.gov/Archives/edgar/data/922612/000110465907074928/0001104659-07-074928-index.html,https://www.sec.gov/Archives/edgar/data/922612/000110465907074928/a07-26502_110q.htm
0,2007-05-31,SMIT,2007-07-31 00:00:00,2007-07-31 16:30:46,Q4,2908951.0,1242015.0,1666936.0,0.5730368094890563,33935.0,1258360.0,0.0,0.0,0.0,2534310.0,0.0,0.0,327647.0,0.11263407324496012,374641.0,0.1617074333668735,95758.0,470399.0,0.1617074333668735,115000.0,355399.0,0.12217428206937828,0.0,0.0,0.0,0.0,https://www.sec.gov/Archives/edgar/data/922612/000110465907057547/0001104659-07-057547-index.html,https://www.sec.gov/Archives/edgar/data/922612/000110465907057547/a07-20380_110k.htm
0,2007-02-28,SMIT,2007-03-30,2007-03-30 16:54:33,Q3,2970877.0,1250165.0,1720712.0,0.5791932819837374,15041.0,1105394.0,0.0,0.0,0.0,2370600.0,0.0,0.0,608589.0,0.20485163135330073,600277.0,0.21698946136107283,44372.0,644649.0,0.21698946136107283,257000.0,387649.0,0.1304830189873226,0.15,0.14,2584327.0,2768921.0,https://www.sec.gov/Archives/edgar/data/922612/000110465907024338/a07-9417_110q.htm,https://www.sec.gov/Archives/edgar/data/922612/000110465907024338/a07-9417_110q.htm
0,2006-11-30,SMIT,2007-01-05,2007-01-05 16:01:35,Q2,2929696.0,1287764.0,1641932.0,0.5604444966303671,18240.0,1295480.0,0.0,0.0,0.0,2601484.0,0.0,0.0,334038.0,0.11401797319585377,328212.0,0.12772144277085404,45973.0,374185.0,0.12772144277085404,50000.0,324185.0,0.1106548256201326,0.12,0.12,2701542.0,2701542.0,https://www.sec.gov/Archives/edgar/data/922612/000110465907000958/a07-1224_110q.htm,https://www.sec.gov/Archives/edgar/data/922612/000110465907000958/a07-1224_110q.htm
0,2006-08-31,SMIT,2006-09-29,2006-09-29 16:01:52,Q1,3072552.0,1474261.0,1598291.0,0.5201835477479307,21209.0,1111762.0,0.0,0.0,0.0,2607232.0,0.0,0.0,477712.0,0.15547727101119851,465320.0,0.16455116137985623,40272.0,505592.0,0.16455116137985623,235000.0,270592.0,0.08806750870286328,0.1,0.1,2705920.0,2705920.0,https://www.sec.gov/Archives/edgar/data/922612/000110465906064108/a06-20428_210q.htm,https://www.sec.gov/Archives/edgar/data/922612/000110465906064108/a06-20428_210q.htm
0,2006-05-31,SMIT,2006-08-21,2006-08-21 16:22:39,Q4,3525753.0,1399492.0,2126261.0,0.6030657848124925,22106.0,1218309.0,0.0,0.0,0.0,2639907.0,0.0,0.0,908976.0,0.2578104592125427,885846.0,0.2594935039408603,29064.0,914910.0,0.2594935039408603,400000.0,514910.0,0.14604256168824079,0.0,0.0,0.0,0.0,https://www.sec.gov/Archives/edgar/data/922612/000110465906056279/a06-18231_110k.htm,https://www.sec.gov/Archives/edgar/data/922612/000110465906056279/a06-18231_110k.htm
0,2006-02-28,SMIT,2006-04-10,2006-04-10 13:05:34,Q3,2707123.0,1293476.0,1413647.0,0.5221953343087846,26070.0,1146765.0,0.0,0.0,0.0,2466311.0,0.0,0.0,271427.0,0.10026400721356214,240812.0,0.09688366579575439,21464.0,262276.0,0.09688366579575439,64500.0,197776.0,0.07305763350981835,0.08,0.07,2472200.0,2825371.0,https://www.sec.gov/Archives/edgar/data/922612/000110465906023936/a06-8504_110q.htm,https://www.sec.gov/Archives/edgar/data/922612/000110465906023936/a06-8504_110q.htm
0,2005-11-30,SMIT,2006-01-12,2006-01-12 10:01:25,Q2,2640671.0,1135065.0,1505606.0,0.5701603872652065,19131.0,1271466.0,0.0,0.0,0.0,2425662.0,0.0,0.0,266175.0,0.10079824408265929,215009.0,0.08050529581307175,0.0,212588.0,0.08050529581307175,-181957.0,394545.0,0.1494108883689032,0.15,0.14,2630300.0,2818179.0,https://www.sec.gov/Archives/edgar/data/922612/000110465906001785/a06-1523_110q.htm,https://www.sec.gov/Archives/edgar/data/922612/000110465906001785/a06-1523_110q.htm
0,2005-08-31,SMIT,2005-10-17,2005-10-17 15:12:25,Q1,2656434.0,1244325.0,1412109.0,0.5315806829757487,14508.0,1013644.0,0.0,0.0,0.0,2272477.0,0.0,0.0,429184.0,0.16156396131053888,383957.0,0.14828036382609167,9940.0,393897.0,0.14828036382609167,151000.0,242897.0,0.09143724255900956,0.09,0.09,2698856.0,2698856.0,https://www.sec.gov/Archives/edgar/data/922612/000110465905048725/a05-17674_110q.htm,https://www.sec.gov/Archives/edgar/data/922612/000110465905048725/a05-17674_110q.htm
0,2005-05-31,SMIT,2005-08-29,2005-08-29 16:16:09,Q4,3115408.0,1293664.0,1821744.0,0.5847529440766667,0.0,1425903.0,0.0,0.0,0.0,2719567.0,0.0,0.0,686508.0,0.2203589385403132,395841.0,0.05209237441773277,-233552.0,162289.0,0.05209237441773277,-624000.0,786289.0,0.2523871672666951,0.0,0.0,0.0,0.0,https://www.sec.gov/Archives/edgar/data/922612/000110465905041849/a05-15459_210k.htm,https://www.sec.gov/Archives/edgar/data/922612/000110465905041849/a05-15459_210k.htm
0,2005-02-28,SMIT,2005-04-14,2005-04-13 19:20:42,Q3,2553521.0,1097387.0,1456134.0,0.5702455550590734,9679.0,1200485.0,0.0,0.0,0.0,2307551.0,0.0,0.0,288148.0,0.11284340328511103,245970.0,0.10128328688113393,12659.0,258629.0,0.10128328688113393,6000.0,252629.0,0.0989335901290806,0.1,0.09,2526290.0,2806989.0,https://www.sec.gov/Archives/edgar/data/922612/000110465905016347/a05-6668_110q.htm,https://www.sec.gov/Archives/edgar/data/922612/000110465905016347/a05-6668_110q.htm
0,2004-11-30,SMIT,2005-01-14,2005-01-14 12:09:06,Q2,2432771.0,999325.0,1433446.0,0.5892235644045412,26649.0,1113025.0,0.0,0.0,0.0,2138999.0,0.0,0.0,344828.0,0.1417428931864117,293772.0,0.12132954560869066,1395.0,295167.0,0.12132954560869066,6000.0,289167.0,0.11886322222683517,0.11,0.11,2628791.0,2628791.0,https://www.sec.gov/Archives/edgar/data/922612/000110465905001443/a05-1467_110q.htm,https://www.sec.gov/Archives/edgar/data/922612/000110465905001443/a05-1467_110q.htm
0,2004-08-31,SMIT,2004-10-15,2004-10-14 18:53:27,Q1,2428729.0,1070393.0,1358336.0,0.5592785362220322,6067.0,1074392.0,0.0,0.0,0.0,2150852.0,0.0,0.0,320229.0,0.13185044523287695,277877.0,0.1177797111163905,8178.0,286055.0,0.1177797111163905,6000.0,280055.0,0.11530928316827443,0.11,0.1,2545955.0,2800550.0,https://www.sec.gov/Archives/edgar/data/922612/000110465904030511/a04-11541_110q.htm,https://www.sec.gov/Archives/edgar/data/922612/000110465904030511/a04-11541_110q.htm
0,2004-05-31,SMIT,2004-08-11,2004-08-11 15:22:28,Q4,2768275.0,1042497.0,1725778.0,0.6234127751036295,4265.0,1141736.0,0.0,0.0,0.0,2188498.0,0.0,0.0,672943.0,0.24309109463474546,579777.0,0.19360432038002004,-40379.0,535950.0,0.19360432038002004,0.0,535950.0,0.19360432038002004,0.0,0.0,0.0,0.0,https://www.sec.gov/Archives/edgar/data/922612/000110465904023829/a04-9208_110k.htm,https://www.sec.gov/Archives/edgar/data/922612/000110465904023829/a04-9208_110k.htm
0,2004-02-29,SMIT,2004-04-14,2004-04-14 15:22:32,Q3,1772556.0,793350.0,979206.0,0.5524259882339402,13968.0,995902.0,0.0,0.0,0.0,1803220.0,0.0,0.0,-17716.0,-0.009994606658407406,-30664.0,0.0005946215521540645,31718.0,1054.0,0.0005946215521540645,0.0,1054.0,0.0005946215521540645,0.000433,0.000433,2041900.0,2041900.0,https://www.sec.gov/Archives/edgar/data/922612/000110465904010106/a04-4413_110q.htm,https://www.sec.gov/Archives/edgar/data/922612/000110465904010106/a04-4413_110q.htm
0,2003-11-30,SMIT,2004-01-14,2004-01-14 14:22:30,Q2,1735734.0,805342.0,930392.0,0.5360222246035394,3117.0,950487.0,0.0,0.0,0.0,1758946.0,0.0,0.0,-49136.0,-0.0283084850558899,-23212.0,0.026834756938563166,69790.0,46578.0,0.026834756938563166,0.0,46578.0,0.026834756938563166,0.02,0.02,2328900.0,2328900.0,https://www.sec.gov/Archives/edgar/data/922612/000110465904000870/a04-1234_110q.htm,https://www.sec.gov/Archives/edgar/data/922612/000110465904000870/a04-1234_110q.htm
0,2003-08-31,SMIT,2003-10-14,2003-10-14 15:54:27,Q1,1648201.0,764572.0,883629.0,0.5361172575432244,9020.0,963244.0,0.0,0.0,0.0,1736836.0,0.0,0.0,-63278.0,-0.038392162121003444,-88635.0,-0.040648561674213275,21638.0,-66997.0,-0.040648561674213275,0.0,-66997.0,-0.040648561674213275,-0.03,-0.03,2233233.0,2233233.0,https://www.sec.gov/Archives/edgar/data/922612/000110465903022668/a03-4017_110q.htm,https://www.sec.gov/Archives/edgar/data/922612/000110465903022668/a03-4017_110q.htm
0,2003-05-31,SMIT,2003-08-27 00:00:00,2003-08-27 16:25:59,Q4,2002115.0,812229.0,1189886.0,0.5943145124031337,27941.0,1009798.0,0.0,0.0,0.0,1849968.0,0.0,0.0,205229.0,0.10250609979946207,152147.0,0.06975423489659685,9775.0,139656.0,0.06975423489659685,0.0,139656.0,0.06975423489659685,0.0,0.0,0.0,0.0,https://www.sec.gov/Archives/edgar/data/922612/000110465903019637/0001104659-03-019637-index.html,https://www.sec.gov/Archives/edgar/data/922612/000110465903019637/a03-2978_110k.htm
0,2003-02-28,SMIT,2003-04-14,2003-04-14 11:35:29,Q3,1621763.0,1134713.0,487050.0,0.30032131698651404,33283.0,1033542.0,0.0,0.0,0.0,2201538.0,0.0,0.0,1255.0,0.0007738491999139209,-579775.0,-0.6798434789793576,-522770.0,-1102545.0,-0.6798434789793576,612006.0,-1714551.0,-1.0572142785351497,-0.69,-0.69,2484857.0,2484857.0,https://www.sec.gov/Archives/edgar/data/922612/000110465903006354/j9437_10q.htm,https://www.sec.gov/Archives/edgar/data/922612/000110465903006354/j9437_10q.htm
0,2002-11-30,SMIT,2003-01-15,2003-01-14 17:47:46,Q2,1794452.0,719746.0,1074706.0,0.5989048467164348,50785.0,1009865.0,0.0,0.0,0.0,733802.0,0.0,0.0,1089457.0,0.6071251836215179,1060650.0,0.0242129630661617,29393.0,43449.0,0.0242129630661617,11000.0,32449.0,0.01808295791695738,0.01,0.01,1843649.0,1843649.0,https://www.sec.gov/Archives/edgar/data/922612/000104746903001381/a2100648z10-q.htm,https://www.sec.gov/Archives/edgar/data/922612/000104746903001381/a2100648z10-q.htm
0,2002-08-31,SMIT,2002-10-11,2002-10-10 21:21:38,Q1,2001191.0,823551.0,1177640.0,0.5884695663732248,80677.0,1085808.0,0.0,0.0,0.0,1990036.0,0.0,0.0,14943.0,0.007467053369718333,11155.0,0.034137171314482226,57160.0,68315.0,0.034137171314482226,13000.0,55315.0,0.02764103976082243,0.030003,0.030003,1843649.0,1843649.0,https://www.sec.gov/Archives/edgar/data/922612/000091205702038281/a2090951z10-q.htm,https://www.sec.gov/Archives/edgar/data/922612/000091205702038281/a2090951z10-q.htm
0,2002-05-31,SMIT,2002-08-23,2002-08-23 09:31:39,Q4,1957560.0,775194.0,1182366.0,0.6039998773983939,51232.0,947390.0,0.0,0.0,0.0,1773816.0,0.0,0.0,1729163.0,0.8833256707329533,183744.0,-0.6913765095322749,-1488352.0,-1353411.0,-0.6913765095322749,0.0,-1353411.0,-0.6913765095322749,0.0,0.0,0.0,0.0,https://www.sec.gov/Archives/edgar/data/922612/000091205702033238/a2087910z10-k.htm,https://www.sec.gov/Archives/edgar/data/922612/000091205702033238/a2087910z10-k.htm
0,2002-02-28,SMIT,2002-04-15,2002-04-15 00:00:00,Q3,1452643.0,591787.0,860856.0,0.5926136015524806,36506.0,884223.0,0.0,0.0,0.0,1512516.0,0.0,0.0,5094.0,0.0035067115595504195,-59873.0,-0.04451472247482692,-4791.0,-64664.0,-0.04451472247482692,0.0,-64664.0,-0.04451472247482692,-0.030003,-0.030003,2155251.0,2155251.0,https://www.sec.gov/Archives/edgar/data/922612/000091205702014998/a2076601z10-q.htm,https://www.sec.gov/Archives/edgar/data/922612/000091205702014998/a2076601z10-q.htm
0,2001-11-30,SMIT,2002-01-15,2002-01-15 00:00:00,Q2,1879212.0,760643.0,1118569.0,0.5952330019178251,58783.0,973620.0,0.0,0.0,0.0,1793046.0,0.0,0.0,166706.0,0.08871058720357256,86166.0,0.037832878887533714,-15070.0,71096.0,0.037832878887533714,0.0,71096.0,0.037832878887533714,0.030003,0.030003,2369630.0,2369630.0,https://www.sec.gov/Archives/edgar/data/922612/000091205702001379/a2067707z10-q.htm,https://www.sec.gov/Archives/edgar/data/922612/000091205702001379/a2067707z10-q.htm
0,2001-08-31,SMIT,2001-10-15 00:00:00,2001-10-15 00:00:00,Q1,1585244.0,717313.0,867931.0,0.5475062514035695,70923.0,1051121.0,0.0,0.0,0.0,1839357.0,0.0,0.0,-194161.0,-0.12248019863188253,-254113.0,-0.15873897015222893,2473.0,-251640.0,-0.15873897015222893,0.0,-251640.0,-0.15873897015222893,-0.090009,-0.090009,2795720.0,2795720.0,https://www.sec.gov/Archives/edgar/data/922612/000091205701535382/0000912057-01-535382-index.html,https://www.sec.gov/Archives/edgar/data/922612/000091205701535382/a2061137z10-q.htm
0,2001-05-31,SMIT,2001-08-24,2001-08-24 00:00:00,Q4,1721222.0,2573744.0,-852522.0,-0.4953004319024507,64359.0,1080856.0,0.0,0.0,0.0,3530355.0,0.0,0.0,-1526327.0,-0.8867693998798528,-1809133.0,-1.155815461340838,-201779.0,-1989415.0,-1.155815461340838,0.0,-2134415.0,-1.2400579355829753,0.0,0.0,0.0,0.0,https://www.sec.gov/Archives/edgar/data/922612/000091205701530206/a2057866z10-k405.htm,https://www.sec.gov/Archives/edgar/data/922612/000091205701530206/a2057866z10-k405.htm
0,2001-02-28,SMIT,,,Q3,2130747.0,878862.0,1251885.0,0.58753338617865,83517.0,1124206.0,0.0,0.0,0.0,2144189.0,0.0,0.0,23548.0,0.011051523245134217,-13442.0,0.0,20723.0,0.0,0.0,0.0,7281.0,0.003417111463726102,0.002909,0.002909,2743835.0,2743835.0,,
0,2000-11-30,SMIT,,,Q2,1785195.0,1027972.0,757223.0,0.4241682281207375,75600.0,1056602.0,0.0,0.0,0.0,2220975.0,0.0,0.0,-381802.0,-0.21387131377804666,-435780.0,-0.24028579510921777,6823.0,-428957.0,-0.24028579510921777,-160000.0,-268957.0,-0.150659731850022,-0.090009,-0.090009,2740899.0,2740899.0,,
0,2000-08-31,SMIT,2000-10-16 00:00:00,2000-10-16 00:00:00,Q1,1942990.0,696039.0,1246951.0,0.6417691290227948,103998.0,1035466.0,0.0,0.0,0.0,1905593.0,0.0,0.0,100746.0,0.05185101312924925,37397.0,0.022716534825192102,6741.0,44138.0,0.022716534825192102,15000.0,29138.0,0.014996474505787472,0.0,0.0,2746739.0,2912355.0,https://www.sec.gov/Archives/edgar/data/922612/000091205700044775/0000912057-00-044775-index.html,https://www.sec.gov/Archives/edgar/data/922612/000091205700044775/a2027790z10-q.txt
0,2000-05-31,SMIT,,,Q4,1955154.0,771447.0,1183707.0,0.6054290352575807,78855.0,933034.0,0.0,0.0,0.0,1832021.0,0.0,0.0,247925.0,0.12680586797766313,123133.0,0.03931148134622644,-76107.0,76860.0,0.03931148134622644,9204.0,67656.0,0.03460392378298589,0.0,0.0,0.0,0.0,,
0,2000-02-29,SMIT,2000-04-13 00:00:00,2000-04-13 00:00:00,Q3,2542962.0,987233.0,1555729.0,0.6117783120628622,71726.0,1002674.0,0.0,0.0,0.0,2134852.0,0.0,0.0,536638.0,0.2110287137597809,408110.0,0.15669797661152624,-9633.0,398477.0,0.15669797661152624,137000.0,261477.0,0.10282379367053067,0.090009,0.090009,2905009.0,2905009.0,https://www.sec.gov/Archives/edgar/data/922612/000091205700017726/0000912057-00-017726-index.html,https://www.sec.gov/Archives/edgar/data/922612/0000912057-00-017726.txt
0,1999-11-30,SMIT,,,Q2,2300000.0,1000000.0,1300000.0,0.5652173913043478,100000.0,1000000.0,0.0,0.0,0.0,2200000.0,0.0,0.0,200000.0,0.08695652173913043,100000.0,0.0,0.0,0.0,0.0,0.0,100000.0,0.043478260869565216,0.060006,0.060006,3333333.0,3333333.0,,
0,1999-08-31,SMIT,,,Q1,2100000.0,900000.0,1200000.0,0.5714285714285714,100000.0,800000.0,0.0,0.0,0.0,1900000.0,0.0,0.0,300000.0,0.14285714285714285,200000.0,0.0,0.0,0.0,0.0,0.0,100000.0,0.047619047619047616,0.03,0.03,3333333.0,3333333.0,,
0,1999-05-31,SMIT,,,Q4,2100000.0,1000000.0,1100000.0,0.5238095238095238,200000.0,1000000.0,0.0,0.0,0.0,2300000.0,0.0,0.0,-100000.0,-0.047619047619047616,-200000.0,0.0,0.0,0.0,0.0,0.0,-100000.0,-0.047619047619047616,0.0,0.0,0.0,0.0,,
0,1999-02-28,SMIT,,,Q3,1800000.0,800000.0,1000000.0,0.5555555555555556,100000.0,900000.0,0.0,0.0,0.0,1800000.0,0.0,0.0,100000.0,0.05555555555555555,0.0,0.0,0.0,0.0,0.0,0.0,0.0,0.0,0.0,0.0,2728333.0,2728333.0,,
0,1998-11-30,SMIT,,,Q2,2200000.0,1100000.0,1100000.0,0.5,100000.0,1100000.0,0.0,0.0,0.0,2400000.0,0.0,0.0,-200000.0,-0.09090909090909091,-200000.0,0.0,100000.0,0.0,0.0,0.0,-100000.0,-0.045454545454545456,-0.06,-0.06,1666667.0,1666667.0,,
0,1998-08-31,SMIT,,,Q1,2000000.0,1000000.0,1000000.0,0.5,200000.0,900000.0,0.0,0.0,0.0,2100000.0,0.0,0.0,-100000.0,-0.05,-100000.0,0.0,0.0,0.0,0.0,0.0,-100000.0,-0.05,-0.03,-0.03,2363000.0,2363000.0,,
0,1998-05-31,SMIT,,,Q4,2300000.0,500000.0,1800000.0,0.782608695652174,100000.0,1500000.0,0.0,0.0,0.0,2300000.0,0.0,0.0,100000.0,0.043478260869565216,0.0,0.08695652173913043,100000.0,200000.0,0.08695652173913043,100000.0,100000.0,0.043478260869565216,0.0,0.0,0.0,0.0,,
0,1998-02-28,SMIT,,,Q3,2400000.0,1300000.0,1100000.0,0.4583333333333333,100000.0,800000.0,0.0,0.0,0.0,2200000.0,0.0,0.0,100000.0,0.041666666666666664,200000.0,0.08333333333333333,100000.0,200000.0,0.08333333333333333,100000.0,100000.0,0.041666666666666664,0.03,0.03,2444444.0,2619048.0,,
0,1997-11-30,SMIT,,,Q2,3200000.0,1300000.0,1900000.0,0.59375,0.0,1100000.0,0.0,0.0,0.0,2500000.0,0.0,0.0,800000.0,0.25,700000.0,0.25,0.0,800000.0,0.25,100000.0,700000.0,0.21875,0.3,0.27,2333333.0,2592593.0,,
0,1997-08-31,SMIT,,,Q1,2700000.0,1200000.0,1500000.0,0.5555555555555556,0.0,1100000.0,0.0,0.0,0.0,2300000.0,0.0,0.0,300000.0,0.1111111111111111,400000.0,0.2222222222222222,100000.0,600000.0,0.2222222222222222,200000.0,400000.0,0.14814814814814814,0.15,0.15,2666667.0,2666667.0,,
0,1997-05-31,SMIT,,,Q4,3000000.0,600000.0,2400000.0,0.8,0.0,1800000.0,0.0,0.0,0.0,2600000.0,0.0,0.0,500000.0,0.16666666666666666,400000.0,0.2,0.0,600000.0,0.2,200000.0,400000.0,0.13333333333333333,0.0,0.0,0.0,0.0,,
0,1997-02-28,SMIT,,,Q3,2900000.0,1400000.0,1500000.0,0.5172413793103449,0.0,800000.0,0.0,0.0,0.0,2200000.0,0.0,0.0,800000.0,0.27586206896551724,700000.0,0.27586206896551724,0.0,800000.0,0.27586206896551724,300000.0,500000.0,0.1724137931034483,0.21,0.18,2380952.0,2777778.0,,
0,1996-11-30,SMIT,,,Q2,2700000.0,1000000.0,1700000.0,0.6296296296296297,0.0,900000.0,0.0,0.0,0.0,2000000.0,0.0,0.0,800000.0,0.2962962962962963,700000.0,0.2962962962962963,0.0,800000.0,0.2962962962962963,100000.0,700000.0,0.25925925925925924,0.27,0.24,2592593.0,2916667.0,,
0,1996-08-31,SMIT,,,Q1,1800000.0,700000.0,1100000.0,0.6111111111111112,0.0,800000.0,0.0,0.0,0.0,1600000.0,0.0,0.0,300000.0,0.16666666666666666,200000.0,0.1111111111111111,0.0,200000.0,0.1111111111111111,100000.0,100000.0,0.05555555555555555,0.06,0.06,1666667.0,1666667.0,,
