,date,symbol,fillingDate,acceptedDate,period,revenue,costOfRevenue,grossProfit,grossProfitRatio,researchAndDevelopmentExpenses,generalAndAdministrativeExpenses,sellingAndMarketingExpenses,otherExpenses,operatingExpenses,costAndExpenses,interestExpense,depreciationAndAmortization,ebitda,ebitdaratio,operatingIncome,operatingIncomeRatio,totalOtherIncomeExpensesNet,incomeBeforeTax,incomeBeforeTaxRatio,incomeTaxExpense,netIncome,netIncomeRatio,eps,epsdiluted,weightedAverageShsOut,weightedAverageShsOutDil,link,finalLink
0,2020-09-25,CTG,2020-11-02,2020-11-02 15:41:13,Q3,88648000,209412000,-120764000,-1.3622867972204675,0.0,17723000,0.0,327000.0,17723000,227135000,-327000.0,935000.0,2759000.0,0.031123093583611587,1824000.0,0.020575760310441296,87000.0,2158000.0,0.024343470805883945,-673000.0,2831000.0,0.031935294648497425,0.42,0.4,13603000,14282000,https://www.sec.gov/Archives/edgar/data/23111/000156459020049605/0001564590-20-049605-index.htm,https://www.sec.gov/Archives/edgar/data/23111/000156459020049605/ctg-10q_20200925.htm
0,2020-06-26,CTG,2020-08-03,2020-08-03 12:34:42,Q2,89146000,70408000,18738000,0.21019451237296122,0.0,16624000,0.0,136000.0,16823999.999999996,87232000,-5000.0,825000.0000000001,3942000.0,0.04422,1914000.0,0.02147,389000.0,3122000.0,0.035021,1363000.0,1759000.0,0.019732,0.12316,0.12316,14282000,14282000,https://www.sec.gov/Archives/edgar/data/23111/000156459020035396/0001564590-20-035396-index.htm,https://www.sec.gov/Archives/edgar/data/23111/000156459020035396/ctg-10q_20200626.htm
0,2020-03-27,CTG,2020-05-06 00:00:00,2020-05-06 11:43:33,Q1,86949000,69903000,17046000,0.196046,0.0,14779000,0.0,194000.0,14979000,84882000,-191000.0,816000.0,2501000.0,0.028764,2067000.0,0.023773,0.0,1876000.0,0.021576,732000.0,1144000.0,0.013157,0.07991,0.07991,14316000,14316000,https://www.sec.gov/Archives/edgar/data/23111/000156459020021660/0001564590-20-021660-index.html,https://www.sec.gov/Archives/edgar/data/23111/000156459020021660/ctg-10q_20200327.htm
0,2019-12-31,CTG,2020-03-13 00:00:00,2020-03-13 15:04:52,Q4,99320000,79079000,20241000,0.203796,0.0,17733000,0.0,76000.0,17833000.00000001,96912000.00000001,125000.0,845999.9999999997,3503999.9999999995,0.03528,2408000.0,0.024245,0.0,2533000.0,0.025503,862000.0,1671000.0,0.016824,0.11735,0.11735,14240000,14240000,https://www.sec.gov/Archives/edgar/data/23111/000156459020010768/0001564590-20-010768-index.html,https://www.sec.gov/Archives/edgar/data/23111/000156459020010768/ctg-10k_20191231.htm
0,2019-09-27,CTG,2019-11-01 00:00:00,2019-11-01 15:24:52,Q3,97204000,78462000,18742000,0.192811,0.0,16818000,0.0,236000.0,17218000.000000004,95680000,-202000.0,1057000.0000000002,2177000.0,0.022396,1524000.0,0.015678,0.0,1322000.0,0.0136,443000.0,879000.0,0.009043,0.06258,0.06258,14045000,14045000,https://www.sec.gov/Archives/edgar/data/23111/000156459019039391/0001564590-19-039391-index.html,https://www.sec.gov/Archives/edgar/data/23111/000156459019039391/ctg-10q_20190927.htm
0,2019-06-28,CTG,2019-08-09,2019-08-09 15:35:06,Q2,100408000,82072000,18336000,0.182615,0.0,15983000,0.0,368000.0,16483000.000000004,98555000,-366000.0,688000.0,1809000.0,0.018016,1853000.0,0.018455,0.0,1487000.0,0.01481,544000.0,943000.0,0.009392,0.06775,0.06775,13918000,13918000,https://www.sec.gov/Archives/edgar/data/23111/000156459019031224/ctg-10q_20190628.htm,https://www.sec.gov/Archives/edgar/data/23111/000156459019031224/ctg-10q_20190628.htm
0,2019-03-29,CTG,2019-04-30 00:00:00,2019-04-30 16:56:40,Q1,97238000,79522000,17716000,0.182192,0.0,16389000,0.0,254000.0,16589000,96111000,-180000.0,677000.0,1444000.0,0.01485,1127000.0,0.01159,0.0,947000.0,0.009739,315000.0,632000.0,0.0065,0.04586,0.04586,13782000,13782000,https://www.sec.gov/Archives/edgar/data/23111/000156459019014356/0001564590-19-014356-index.html,https://www.sec.gov/Archives/edgar/data/23111/000156459019014356/ctg-10q_20190329.htm
0,2018-12-31,CTG,2019-03-15 00:00:00,2019-03-15 16:13:26,Q4,93129000,75511000,17618000,0.189178,0.0,17486000,0.0,-136000.0,18586000,94097000,10000.0,631999.9999999999,-316000.0000000001,-0.003393,-968000.0,-0.010394,0.0,-958000.0,-0.010287,4301000.0,-5259000.0,-0.05647,-0.39449,-0.39449,13331000,13331000,https://www.sec.gov/Archives/edgar/data/23111/000156459019008025/0001564590-19-008025-index.html,https://www.sec.gov/Archives/edgar/data/23111/000156459019008025/ctg-10k_20181231.htm
0,2018-09-28,CTG,2018-10-29 00:00:00,2018-10-29 15:12:44,Q3,90260000,72898000,17362000,0.192355,0.0,15842000,0.0,422000.0,16542000,89440000,-232000.0,665000.0,1828000.0,0.020253,820000.0,0.009085,0.0,1395000.0,0.015455,307000.0,1088000.0,0.012054,0.07731,0.07731,14073000,14073000,https://www.sec.gov/Archives/edgar/data/23111/000156459018025392/0001564590-18-025392-index.html,https://www.sec.gov/Archives/edgar/data/23111/000156459018025392/ctg-10q_20180928.htm
0,2018-06-29,CTG,2018-07-27 00:00:00,2018-07-27 16:23:39,Q2,92700000,75100000,17600000,0.18986,0.0,16100000,0.0,349000.0,16000000,91100000,-200000.0,679999.9999999999,1780000.0,0.019202,1500000.0,0.016181,0.0,1300000.0,0.014024,400000.0,900000.0,0.009709,0.06207,0.06207,14500000,14500000,https://www.sec.gov/Archives/edgar/data/23111/000156459018017758/0001564590-18-017758-index.html,https://www.sec.gov/Archives/edgar/data/23111/000156459018017758/ctg-10q_20180629.htm
0,2018-03-30,CTG,2018-05-04 00:00:00,2018-05-04 16:46:07,Q1,82700000,66900000,15800000,0.191052,0.0,15300000,0.0,206000.0,15199999.999999989,82099999.99999999,-100000.0,560000.0,960000.0,0.011608,600000.0,0.007255,0.0,500000.0,0.006046,100000.0,400000.0,0.004837,0.02614,0.02614,15300000,15300000,https://www.sec.gov/Archives/edgar/data/23111/000156459018011017/0001564590-18-011017-index.html,https://www.sec.gov/Archives/edgar/data/23111/000156459018011017/ctg-10q_20180330.htm
0,2017-12-31,CTG,2018-03-14 00:00:00,2018-03-14 17:27:55,Q4,74600000,59500000,15100000,0.202413,0.0,13600000,0.0,87000.0,13599999.999999994,73100000,-100000.0,430000.0000000002,430000.0000000002,0.005764,1600000.0,0.021448,400000.0,1800000.0,0.024129,500000.0,-400000.0,-0.005362,-0.02703,-0.02703,14800000,14800000,https://www.sec.gov/Archives/edgar/data/23111/000156459018005661/0001564590-18-005661-index.html,https://www.sec.gov/Archives/edgar/data/23111/000156459018005661/ctg-10k_20171231.htm
0,2017-09-29,CTG,2017-10-26 00:00:00,2017-10-26 16:20:18,Q3,74000000,61100000,12900000,0.174324,0.0,12600000,0.0,129000.0,12600000.000000002,73700000,-100000.0,379999.9999999999,579999.9999999999,0.007838,400000.0,0.005405,0.0,300000.0,0.004054,300000.0,0.0,0.0,0.0,0.0,15300000,15300000,https://www.sec.gov/Archives/edgar/data/23111/000156459017020185/0001564590-17-020185-index.html,https://www.sec.gov/Archives/edgar/data/23111/000156459017020185/ctg-10q_20170929.htm
0,2017-06-30,CTG,2017-07-28 00:00:00,2017-07-28 16:01:23,Q2,75500000,61900000,13700000,0.181457,0.0,12800000,0.0,78000.0,12800000.000000004,74700000,-200000.0,380000.0,780000.0,0.010331,800000.0,0.010596,0.0,700000.0,0.009272,200000.0,400000.0,0.005298,0.02581,0.02581,15500000,15500000,https://www.sec.gov/Archives/edgar/data/23111/000156459017014388/0001564590-17-014388-index.html,https://www.sec.gov/Archives/edgar/data/23111/000156459017014388/ctg-10q_20170630.htm
0,2017-03-31,CTG,2017-05-04 00:00:00,2017-05-04 16:01:16,Q1,77000000,62800000,14200000,0.184416,0.0,12800000,0.0,71000.0,12799999.999999996,75600000,-100000.0,390000.0,1590000.0,0.020649,1400000.0,0.018182,0.0,1300000.0,0.016883,500000.0,800000.0,0.01039,0.05195,0.05195,15400000,15400000,https://www.sec.gov/Archives/edgar/data/23111/000156459017008742/0001564590-17-008742-index.html,https://www.sec.gov/Archives/edgar/data/23111/000156459017008742/ctg-10q_20170331.htm
0,2016-12-31,CTG,2017-02-24 00:00:00,2017-02-24 14:27:09,Q4,77500000,62600000,14900000,0.192258,0.0,12700000,0.0,130000.0,12800000.000000004,75400000,-500000.0,379999.9999999999,1480000.0,0.019097,2100000.0,0.027097,0.0,1600000.0,0.020645,500000.0,1100000.0,0.014194,0.07051,0.07051,15600000,15600000,https://www.sec.gov/Archives/edgar/data/23111/000156459017002360/0001564590-17-002360-index.html,https://www.sec.gov/Archives/edgar/data/23111/000156459017002360/ctg-10k_20161231.htm
0,2016-09-30,CTG,2016-10-28 00:00:00,2016-10-28 15:42:14,Q3,78100000,64200000,13900000,0.177977,0.0,13100000,0.0,63000.0,30299999.999999996,94500000,100000.0,440000.00000000006,-15860000,-0.203073,-16500000,-0.211268,0.0,-16400000,-0.209987,-200000.0,-16200000,-0.207426,-1.03846,-1.03846,15600000,15600000,https://www.sec.gov/Archives/edgar/data/23111/000156459016026487/0001564590-16-026487-index.html,https://www.sec.gov/Archives/edgar/data/23111/000156459016026487/ctg-10q_20160930.htm
0,2016-07-01,CTG,2016-07-26,2016-07-26 16:01:16,Q2,83500000,67600000,15900000,0.190419,0.0,14000000,0.0,0.0,14000000,81600000,-100000.0,410000.0,2110000.0,0.025269,1900000.0,0.022754,0.0,1800000.0,0.021557,500000.0,1300000.0,0.015569,0.08228,0.08228,15800000,15800000,https://www.sec.gov/Archives/edgar/data/23111/000156459016021499/ctg-10q_20160701.htm,https://www.sec.gov/Archives/edgar/data/23111/000156459016021499/ctg-10q_20160701.htm
0,2016-04-01,CTG,2016-05-11 00:00:00,2016-05-11 12:06:10,Q1,85900000,71300000,14500000,0.168801,0.0,13500000,0.0,0.0,35000000,106300000,-100000.0,420000.0,-20280000,-0.236088,-20500000,-0.23865,0.0,-20500000,-0.23865,300000.0,-20900000,-0.243306,-1.34839,-1.34839,15500000,15500000,https://www.sec.gov/Archives/edgar/data/23111/000156459016019061/0001564590-16-019061-index.html,https://www.sec.gov/Archives/edgar/data/23111/000156459016019061/ctg-10q_20160401.htm
0,2015-12-31,CTG,2016-02-23 00:00:00,2016-02-23 13:59:34,Q4,84200000,67400000,16800000,0.199525,0.0,13000000,0.0,85000.0,13099999.999999994,80500000,-100000.0,429999.99999999994,4230000.0,0.050238,3700000.0,0.043943,200000.0,3900000.0,0.046318,1300000.0,2600000.0,0.030879,0.1625,0.1625,16000000,16000000,https://www.sec.gov/Archives/edgar/data/23111/000002311116000014/0000023111-16-000014-index.html,https://www.sec.gov/Archives/edgar/data/23111/000002311116000014/ctg201510-k.htm
0,2015-10-02,CTG,2015-10-28 00:00:00,2015-10-28 11:42:45,Q3,93100000,75600000,17500000,0.18797,0.0,13900000,0.0,51000.0,13900000.000000006,89500000,0.0,419999.99999999994,4020000.0,0.043179,3600000.0,0.038668,0.0,3500000.0,0.037594,1500000.0,2100000.0,0.022556,0.13208,0.13208,15900000,15900000,https://www.sec.gov/Archives/edgar/data/23111/000002311115000011/0000023111-15-000011-index.html,https://www.sec.gov/Archives/edgar/data/23111/000002311115000011/ctg2015q310-q.htm
0,2015-07-03,CTG,2015-07-29 00:00:00,2015-07-29 15:22:17,Q2,94700000,79100000,15600000,0.164731,0.0,14500000,0.0,46000.0,14500000,93600000,0.0,510000.0000000001,1610000.0,0.017001,1100000.0,0.011616,0.0,1100000.0,0.011616,500000.0,600000.0,0.006336,0.03774,0.03774,15900000,15900000,https://www.sec.gov/Archives/edgar/data/23111/000002311115000009/0000023111-15-000009-index.html,https://www.sec.gov/Archives/edgar/data/23111/000002311115000009/ctg2015q210-q.htm
0,2015-04-03,CTG,2015-04-29 00:00:00,2015-04-29 13:49:23,Q1,97500000,80200000,17300000,0.177436,0.0,15100000,0.0,51000.0,15099999.999999994,95300000,0.0,600000.0,2800000.0,0.028718,2200000.0,0.022564,0.0,2200000.0,0.022564,900000.0,1300000.0,0.013333,0.08176,0.08176,15900000,15900000,https://www.sec.gov/Archives/edgar/data/23111/000002311115000005/0000023111-15-000005-index.html,https://www.sec.gov/Archives/edgar/data/23111/000002311115000005/ctg2015q110-q.htm
0,2014-12-31,CTG,2015-02-25,2015-02-25 16:18:35,Q4,98300000,80100000,18200000,0.185148,0.0,14500000,0.0,67000.0,16500000,96600000,0.0,670000.0000000003,2270000.0000000005,0.023093,1600000.0,0.016277,0.0,1600000.0,0.016277,400000.0,1200000.0,0.012208,0.075,0.075,16000000,16000000,https://www.sec.gov/Archives/edgar/data/23111/000002311115000002/ctg201410-k.htm,https://www.sec.gov/Archives/edgar/data/23111/000002311115000002/ctg201410-k.htm
0,2014-09-26,CTG,2014-10-22 00:00:00,2014-10-22 13:33:21,Q3,96800000,77700000,19000000,0.196281,0.0,14500000,0.0,65000.0,14500000,92200000,0.0,679999.9999999997,5180000.0,0.053512,4600000.0,0.047521,0.0,4500000.0,0.046488,1800000.0,2700000.0,0.027893,0.16667,0.16667,16200000,16200000,https://www.sec.gov/Archives/edgar/data/23111/000002311114000013/0000023111-14-000013-index.html,https://www.sec.gov/Archives/edgar/data/23111/000002311114000013/ctg2014q310-q.htm
0,2014-06-27,CTG,2014-07-23 00:00:00,2014-07-23 13:28:08,Q2,100300000,79100000,21200000,0.211366,0.0,15700000,0.0,78000.0,15800000.000000011,94900000.00000001,-100000.0,780000.0000000001,6080000.0,0.060618,5500000.0,0.054835,0.0,5400000.0,0.053838,2200000.0,3200000.0,0.031904,0.19632,0.19632,16300000,16300000,https://www.sec.gov/Archives/edgar/data/23111/000002311114000011/0000023111-14-000011-index.html,https://www.sec.gov/Archives/edgar/data/23111/000002311114000011/ctg2014q210-q.htm
0,2014-03-28,CTG,2014-04-23 00:00:00,2014-04-23 09:02:14,Q1,97900000,77000000,20900000,0.213483,0.0,15500000,0.0,115000.0,15400000.000000006,92400000,-100000.0,840000.0,6140000.0,0.062717,5500000.0,0.05618,0.0,5400000.0,0.055158,2200000.0,3200000.0,0.032686,0.19277,0.19277,16600000,16600000,https://www.sec.gov/Archives/edgar/data/23111/000002311114000005/0000023111-14-000005-index.html,https://www.sec.gov/Archives/edgar/data/23111/000002311114000005/ctg2014q110-q.htm
0,2013-12-31,CTG,2014-02-26,2014-02-26 16:31:00,Q4,102700000,80500000,22300000,0.217137,0.0,16200000,0.0,96000.0,16099999.999999994,96600000,-100000.0,819999.9999999998,6720000.0,0.065433,6100000.0,0.059396,0.0,6000000.0,0.058423,2300000.0,3700000.0,0.036027,0.22156,0.22156,16700000,16700000,https://www.sec.gov/Archives/edgar/data/23111/000002311114000003/ctg201310-k.htm,https://www.sec.gov/Archives/edgar/data/23111/000002311114000003/ctg201310-k.htm
0,2013-09-27,CTG,2013-10-23 00:00:00,2013-10-23 13:15:03,Q3,100700000,79500000,21200000,0.210526,0.0,15100000,0.0,116000.0,15099999.999999994,94600000,-100000.0,690000.0,6590000.0,0.065442,6100000.0,0.060576,0.0,6000000.0,0.059583,2100000.0,3900000.0,0.038729,0.23077,0.23077,16900000,16900000,https://www.sec.gov/Archives/edgar/data/23111/000002311113000010/0000023111-13-000010-index.html,https://www.sec.gov/Archives/edgar/data/23111/000002311113000010/ctg2013q310-q.htm
0,2013-06-28,CTG,2013-07-24 00:00:00,2013-07-24 12:09:47,Q2,107100000,84500000,22600000,0.211018,0.0,16200000,0.0,115000.0,16200000.000000004,100700000,-100000.0,660000.0,6860000.0,0.064052,6400000.0,0.059757,0.0,6300000.0,0.058824,2200000.0,4100000.0,0.038282,0.2426,0.2426,16900000,16900000,https://www.sec.gov/Archives/edgar/data/23111/000002311113000007/0000023111-13-000007-index.html,https://www.sec.gov/Archives/edgar/data/23111/000002311113000007/ctg2013q210-q.htm
0,2013-03-29,CTG,2013-04-26 00:00:00,2013-04-26 11:18:18,Q1,108500000,85900000,22600000,0.208295,0.0,16400000,0.0,119000.0,16399999.99999999,102299999.99999999,-100000.0,630000.0,6630000.0,0.061106,6200000.0,0.057143,0.0,6100000.0,0.056221,2000000.0,4100000.0,0.037788,0.23977,0.23977,17100000,17100000,https://www.sec.gov/Archives/edgar/data/23111/000144530513000924/0001445305-13-000924-index.html,https://www.sec.gov/Archives/edgar/data/23111/000144530513000924/ctgx2013q110-q.htm
0,2012-12-31,CTG,2013-02-22 00:00:00,2013-02-22 16:22:49,Q4,107900000,84500000,23400000,0.216867,0.0,17100000,0.0,154000.0,17000000,101500000,-600000.0,940000.0,7440000.0,0.068953,6400000.0,0.059314,1300000.0,7100000.0,0.065802,2200000.0,4900000.0,0.045412,0.28994,0.28994,16900000,16900000,https://www.sec.gov/Archives/edgar/data/23111/000144530513000296/0001445305-13-000296-index.html,https://www.sec.gov/Archives/edgar/data/23111/000144530513000296/ctgx201210-k.htm
0,2012-09-28,CTG,2012-10-26 00:00:00,2012-10-26 13:36:01,Q3,106400000,83300000,23100000,0.217105,0.0,16800000,0.0,101000.0,16799999.999999996,100100000,-100000.0,679999.9999999999,6780000.0,0.063722,6300000.0,0.059211,0.0,6300000.0,0.059211,2400000.0,3800000.0,0.035714,0.22619,0.22619,16800000,16800000,https://www.sec.gov/Archives/edgar/data/23111/000119312512437133/0001193125-12-437133-index.html,https://www.sec.gov/Archives/edgar/data/23111/000119312512437133/d398213d10q.htm
0,2012-06-29,CTG,2012-08-02 00:00:00,2012-08-02 14:39:01,Q2,106700000,83800000,22900000,0.21462,0.0,16800000,0.0,92000.0,16799999.999999996,100600000,0.0,650000.0,7150000.0,0.06701,6100000.0,0.05717,400000.0,6500000.0,0.060918,2400000.0,4100000.0,0.038425,0.24551,0.24551,16700000,16700000,https://www.sec.gov/Archives/edgar/data/23111/000119312512331457/0001193125-12-331457-index.html,https://www.sec.gov/Archives/edgar/data/23111/000119312512331457/d343852d10q.htm
0,2012-03-30,CTG,2012-04-26,2012-04-26 10:03:57,Q1,103400000,81500000,21900000,0.211799,0.0,16300000,0.0,94000.0,16299999.999999996,97800000,-100000.0,650000.0,6150000.0,0.059478,5600000.0,0.054159,0.0,5500000.0,0.053191,2200000.0,3400000.0,0.032882,0.20118,0.20118,16900000,16900000,https://www.sec.gov/Archives/edgar/data/23111/000119312512078045/d261903d10k.htm,https://www.sec.gov/Archives/edgar/data/23111/000119312512078045/d261903d10k.htm
0,2011-12-31,CTG,2012-02-24 00:00:00,2012-02-24 16:00:03,Q4,100900000,78100000,22800000,0.225966,0.0,17300000,0.0,641000.0,17400000.000000007,95500000,-200000.0,640000.0000000001,5740000.0,0.056888,5500000.0,0.054509,0.0,5300000.0,0.052527,2000000.0,3300000.0,0.032706,0.1976,0.1976,16700000,16700000,https://www.sec.gov/Archives/edgar/data/23111/000119312512078045/0001193125-12-078045-index.html,https://www.sec.gov/Archives/edgar/data/23111/000119312512078045/d261903d10k.htm
0,2011-09-30,CTG,2011-10-28 00:00:00,2011-10-28 14:09:42,Q3,101100000,80200000,21000000,0.207715,0.0,16400000,0.0,-75000.0,16299999.999999996,96500000,100000.0,649999.9999999999,5350000.0,0.052918,4600000.0,0.0455,0.0,4600000.0,0.0455,1600000.0,3000000.0,0.029674,0.17964,0.17964,16700000,16700000,https://www.sec.gov/Archives/edgar/data/23111/000119312511285876/0001193125-11-285876-index.html,https://www.sec.gov/Archives/edgar/data/23111/000119312511285876/d229706d10q.htm
0,2011-07-01,CTG,2011-08-02 00:00:00,2011-08-02 12:22:44,Q2,98300000,77600000,20700000,0.21058,0.0,16100000,-3907847.0,-80000.0,16100000.00000001,93700000.00000001,-439909.0,540000.0,4700091.0,0.047814,4700000.0,0.047813,0.0,4600000.0,0.046796,1800000.0,2800000.0,0.028484,0.16568,0.16568,16900000,16900000,https://www.sec.gov/Archives/edgar/data/23111/000119312511205933/0001193125-11-205933-index.html,https://www.sec.gov/Archives/edgar/data/23111/000119312511205933/d10q.htm
0,2011-04-01,CTG,2011-04-27 00:00:00,2011-04-27 14:13:51,Q1,95900000,76100000,19800000,0.206465,0.0,15200000,0.0,-68000.0,15200000.000000004,91300000,68000.0,440000.0,5008000.0,0.052221,4600000.0,0.047967,0.0,4600000.0,0.047967,1700000.0,2800000.0,0.029197,0.16766,0.16766,16700000,16700000,https://www.sec.gov/Archives/edgar/data/23111/000119312511111469/0001193125-11-111469-index.html,https://www.sec.gov/Archives/edgar/data/23111/000119312511111469/d10q.htm
0,2010-12-31,CTG,2011-02-25,2011-02-25 16:11:48,Q4,87300000,68200000,19200000,0.219931,0.0,14900000,0.0,-58000.0,14899999.99999999,83099999.99999999,58000.0,459999.99999999994,4818000.0,0.055189,4200000.0,0.04811,0.0,4200000.0,0.04811,1600000.0,2700000.0,0.030928,0.16564,0.16564,16300000,16300000,https://www.sec.gov/Archives/edgar/data/23111/000119312511047412/d10k.htm,https://www.sec.gov/Archives/edgar/data/23111/000119312511047412/d10k.htm
0,2010-10-01,CTG,2010-10-28 00:00:00,2010-10-28 13:51:36,Q3,84500000,67200000,17300000,0.204734,0.0,14200000,0.0,-56000.0,14099999.999999994,81300000,56000.0,449999.99999999994,3506000.0,0.041491,3100000.0,0.036686,0.0,3100000.0,0.036686,1000000.0,2000000.0,0.023669,0.12579,0.12579,15900000,15900000,https://www.sec.gov/Archives/edgar/data/23111/000119312510239472/0001193125-10-239472-index.html,https://www.sec.gov/Archives/edgar/data/23111/000119312510239472/d10q.htm
0,2010-07-02,CTG,2010-08-05 00:00:00,2010-08-05 15:39:35,Q2,81100000,63400000,17800000,0.219482,0.0,14300000,0.0,-75000.0,14300000.000000004,77700000,75000.0,410000.00000000006,3885000.0,0.047904,3500000.0,0.043157,0.0,3400000.0,0.041924,1500000.0,1900000.0,0.023428,0.11801,0.11801,16100000,16100000,https://www.sec.gov/Archives/edgar/data/23111/000119312510179244/0001193125-10-179244-index.html,https://www.sec.gov/Archives/edgar/data/23111/000119312510179244/d10q.htm
0,2010-04-02,CTG,2010-05-04 00:00:00,2010-05-04 15:41:04,Q1,78500000,61500000,17000000,0.216561,0.0,13900000,0.0,-74000.0,13900000.000000006,75400000,74000.0,390000.0,3564000.0,0.045401,3100000.0,0.03949,0.0,3000000.0,0.038217,1300000.0,1800000.0,0.02293,0.1125,0.1125,16000000,16000000,https://www.sec.gov/Archives/edgar/data/23111/000119312510106420/0001193125-10-106420-index.html,https://www.sec.gov/Archives/edgar/data/23111/000119312510106420/d10q.htm
0,2009-12-31,CTG,2010-02-25 00:00:00,2010-02-25 17:30:27,Q4,67700000,52700000,15000000,0.221566,0.0,12400000,0.0,-17000.0,12399999.99999999,65099999.99999999,17000.0,409999.9999999999,2927000.0,0.043235,2600000.0,0.038405,0.0,2600000.0,0.038405,900000.0,1600000.0,0.023634,0.10063,0.10063,15900000,15900000,https://www.sec.gov/Archives/edgar/data/23111/000119312510040960/0001193125-10-040960-index.html,https://www.sec.gov/Archives/edgar/data/23111/000119312510040960/d10k.htm
0,2009-10-02,CTG,2009-11-04 00:00:00,2009-11-04 15:18:37,Q3,66800000,51600000,15200000,0.227545,0.0,12700000,0.0,-34000.0,12699999.999999996,64299999.99999999,34000.0,420000.00000000006,2954000.0,0.044222,2500000.0,0.037425,0.0,2500000.0,0.037425,900000.0,1600000.0,0.023952,0.10127,0.10127,15800000,15800000,https://www.sec.gov/Archives/edgar/data/23111/000119312509223662/0001193125-09-223662-index.html,https://www.sec.gov/Archives/edgar/data/23111/000119312509223662/d10q.htm
0,2009-07-03,CTG,2009-08-07 00:00:00,2009-08-07 15:53:23,Q2,66600000,51600000,15000000,0.225225,0.0,12500000,0.0,-48000.0,12600000.000000002,64200000,48000.0,420000.0,2868000.0,0.043063,2400000.0,0.036036,0.0,2400000.0,0.036036,1000000.0,1400000.0,0.021021,0.09091,0.09091,15400000,15400000,https://www.sec.gov/Archives/edgar/data/23111/000119312509169045/0001193125-09-169045-index.html,https://www.sec.gov/Archives/edgar/data/23111/000119312509169045/d10q.htm
0,2009-04-03,CTG,2009-05-01 00:00:00,2009-05-01 15:32:47,Q1,74600000,57800000,16700000,0.223861,0.0,14300000,0.0,-204000.0,14299999.999999996,72100000,204000.0,430000.0,2934000.0,0.03933,2400000.0,0.032172,0.0,2300000.0,0.030831,1000000.0,1300000.0,0.017426,0.08667,0.08667,15000000,15000000,https://www.sec.gov/Archives/edgar/data/23111/000119312509096171/0001193125-09-096171-index.html,https://www.sec.gov/Archives/edgar/data/23111/000119312509096171/d10q.htm
0,2008-12-31,CTG,2009-02-26 00:00:00,2009-02-25 17:47:34,Q4,83300000,64700000,18600000,0.223289,0.0,15400000,0.0,-337000.0,15399999.99999999,80099999.99999999,337000.0,470000.0,4507000.0,0.054106,3200000.0,0.038415,400000.0,3700000.0,0.044418,1400000.0,2300000.0,0.027611,0.14839,0.14839,15500000,15500000,https://www.sec.gov/Archives/edgar/data/23111/000119312509037577/0001193125-09-037577-index.html,https://www.sec.gov/Archives/edgar/data/23111/000119312509037577/d10k.htm
0,2008-09-26,CTG,2008-11-04 00:00:00,2008-11-04 10:17:27,Q3,89100000,69500000,19600000,0.219978,0.0,16200000,0.0,-142000.0,16200000.000000004,85700000,142000.0,510000.0,4052000.0,0.045477,3500000.0,0.039282,0.0,3400000.0,0.038159,1300000.0,2100000.0,0.023569,0.12963,0.12963,16200000,16200000,https://www.sec.gov/Archives/edgar/data/23111/000119312508223864/0001193125-08-223864-index.html,https://www.sec.gov/Archives/edgar/data/23111/000119312508223864/d10q.htm
0,2008-06-27,CTG,2008-08-05 00:00:00,2008-08-05 12:35:58,Q2,94100000,72400000,21600000,0.229543,0.0,17700000,0.0,-115000.0,17699999.99999999,90099999.99999999,115000.0,490000.0,4605000.0,0.048937,4000000.0,0.042508,0.0,3900000.0,0.041445,1900000.0,2100000.0,0.022317,0.13208,0.13208,15900000,15900000,https://www.sec.gov/Archives/edgar/data/23111/000119312508166136/0001193125-08-166136-index.html,https://www.sec.gov/Archives/edgar/data/23111/000119312508166136/d10q.htm
0,2008-03-28,CTG,2008-05-07 00:00:00,2008-05-07 12:07:56,Q1,86700000,67900000,18700000,0.215686,0.0,16400000,0.0,-118000.0,16399999.99999999,84299999.99999999,118000.0,520000.0,2938000.0,0.033887,2400000.0,0.027682,0.0,2300000.0,0.026528,900000.0,1400000.0,0.016148,0.08805,0.08805,15900000,15900000,https://www.sec.gov/Archives/edgar/data/23111/000119312508105421/0001193125-08-105421-index.html,https://www.sec.gov/Archives/edgar/data/23111/000119312508105421/d10q.htm
0,2007-12-31,CTG,2008-03-10,2008-03-10 15:16:28,Q4,84500000,65800000,18700000,0.221302,0.0,16900000,0.0,-71000.0,16900000.000000007,82700000,71000.0,570000.0000000001,2541000.0,0.030071,1800000.0,0.021302,0.0,1900000.0,0.022485,700000.0,1200000.0,0.014201,0.07317,0.07317,16400000,16400000,https://www.sec.gov/Archives/edgar/data/23111/000119312508051447/d10k.htm,https://www.sec.gov/Archives/edgar/data/23111/000119312508051447/d10k.htm
0,2007-09-28,CTG,2007-11-07 00:00:00,2007-11-07 13:56:15,Q3,80600000,62300000,18300000,0.227047,0.0,16600000,0.0,-207000.0,16700000.000000004,79000000,207000.0,610000.0000000001,2317000.0,0.028747,1600000.0,0.019851,0.0,1500000.0,0.01861,600000.0,900000.0,0.011166,0.05422,0.05422,16600000,16600000,https://www.sec.gov/Archives/edgar/data/23111/000119312507238215/0001193125-07-238215-index.html,https://www.sec.gov/Archives/edgar/data/23111/000119312507238215/d10q.htm
0,2007-06-29,CTG,2007-08-07 00:00:00,2007-08-07 12:11:14,Q2,80100000,62200000,18000000,0.224719,0.0,16200000,0.0,-210000.0,16200000.000000004,78400000,210000.0,630000.0,2440000.0,0.030462,1800000.0,0.022472,0.0,1600000.0,0.019975,600000.0,1000000.0,0.012484,0.05952,0.05952,16800000,16800000,https://www.sec.gov/Archives/edgar/data/23111/000119312507173292/0001193125-07-173292-index.html,https://www.sec.gov/Archives/edgar/data/23111/000119312507173292/d10q.htm
0,2007-03-30,CTG,2007-05-08 00:00:00,2007-05-08 09:30:20,Q1,80000000,62600000,17400000,0.2175,0.0,16200000,0.0,-175000.0,16100000,78700000,175000.0,620000.0,2595000.0,0.032438,1300000.0,0.01625,0.0,1800000.0,0.0225,700000.0,1100000.0,0.01375,0.06548,0.06548,16800000,16800000,https://www.sec.gov/Archives/edgar/data/23111/000119312507105367/0001193125-07-105367-index.html,https://www.sec.gov/Archives/edgar/data/23111/000119312507105367/d10q.htm
0,2006-12-31,CTG,2007-03-07,2007-03-07 16:36:53,Q4,78000000,58900000,19100000,0.244872,0.0,17100000,0.0,-173000.0,17100000,76000000,173000.0,670000.0000000002,2743000.0,0.035167,2000000.0,0.025641,-100000.0,1900000.0,0.024359,800000.0,1100000.0,0.014103,0.06587,0.06587,16700000,16700000,https://www.sec.gov/Archives/edgar/data/23111/000119312507048465/d10k.htm,https://www.sec.gov/Archives/edgar/data/23111/000119312507048465/d10k.htm
0,2006-09-29,CTG,2006-11-08,2006-11-08 10:22:13,Q3,79800000,61600000,18200000,0.22807,0.0,16500000,0.0,-170000.0,16499999.999999993,78100000,170000.0,639999.9999999999,2410000.0,0.030201,1700000.0,0.021303,0.0,1600000.0,0.02005,800000.0,800000.0,0.010025,0.0479,0.0479,16700000,16700000,https://www.sec.gov/Archives/edgar/data/23111/000119312506227796/d10q.htm,https://www.sec.gov/Archives/edgar/data/23111/000119312506227796/d10q.htm
0,2006-06-30,CTG,,,Q2,85800000,67100000,18700000,0.217949,0.0,17200000,0.0,0.0,17100000.00000001,84200000.00000001,-100000.0,640000.0,1940000.0,0.022611,1500000.0,0.017483,0.0,1400000.0,0.016317,600000.0,800000.0,0.009324,0.04762,0.04762,16800000,16800000,,
0,2006-03-31,CTG,,,Q1,83600000,65500000,18100000,0.216507,0.0,16600000,0.0,0.0,16599999.999999994,82100000,-300000.0,650000.0,1650000.0,0.019737,1600000.0,0.019139,0.0,1200000.0,0.014354,500000.0,800000.0,0.009569,0.04762,0.04762,16800000,16800000,,
0,2005-12-31,CTG,,,Q4,78100000,60100000,18000000,0.230474,0.0,16600000,0.0,0.0,16600000,76700000,-400000.0,630000.0000000003,1230000.0000000002,0.015749,1400000.0,0.017926,0.0,1000000.0,0.012804,300000.0,700000.0,0.008963,0.04217,0.04217,16600000,16600000,,
0,2005-09-30,CTG,,,Q3,74800000,57900000,16900000,0.225936,0.0,15500000,0.0,0.0,15500000.000000007,73400000,-400000.0,649999.9999999999,1250000.0,0.016711,1400000.0,0.018717,0.0,1100000.0,0.014706,400000.0,600000.0,0.008021,0.03509,0.03509,17100000,17100000,,
0,2005-07-01,CTG,,,Q2,72900000,56500000,16400000,0.224966,0.0,15200000,0.0,0.0,15299999.999999996,71800000,-400000.0,669999.9999999999,1070000.0,0.014678,1200000.0,0.016461,0.0,800000.0,0.010974,200000.0,600000.0,0.00823,0.03529,0.03529,17000000,17000000,,
0,2005-04-01,CTG,,,Q1,68700000,52200000,16500000,0.240175,0.0,15600000,0.0,0.0,15599999.999999994,67800000,-200000.0,710000.0,1210000.0,0.017613,900000.0,0.0131,0.0,700000.0,0.010189,200000.0,500000.0,0.007278,0.02907,0.02907,17200000,17200000,,
0,2004-12-31,CTG,,,Q4,58800000,42400000,16400000,0.278912,0.0,16200000,0.0,0.0,16200000.000000004,58600000,-200000.0,529999.9999999998,329999.9999999998,0.005612,200000.0,0.003401,0.0,0.0,0.0,-900000.0,900000.0,0.015306,0.05263,0.05263,17100000,17100000,,
0,2004-10-01,CTG,,,Q3,57900000,42600000,15300000,0.264249,0.0,14600000,0.0,0.0,14600000.000000002,57200000,-100000.0,690000.0000000002,1090000.0000000002,0.018826,700000.0,0.01209,0.0,500000.0,0.008636,-100000.0,600000.0,0.010363,0.03529,0.03529,17000000,17000000,,
0,2004-07-02,CTG,,,Q2,59000000,43200000,15900000,0.269492,0.0,15000000,0.0,0.0,15000000,58200000,-200000.0,679999.9999999999,1080000.0,0.018305,800000.0,0.013559,0.0,600000.0,0.010169,0.0,600000.0,0.010169,0.03488,0.03488,17200000,17200000,,
0,2004-04-02,CTG,,,Q1,61400000,44900000,16600000,0.270358,0.0,15200000,0.0,0.0,15100000.000000002,60000000,-100000.0,730000.0,-2370000.0,-0.038599,1400000.0,0.022801,0.0,1300000.0,0.021173,500000.0,-3500000.0,-0.057003,-0.20349,-0.20349,17200000,17200000,,
0,2003-12-31,CTG,,,Q4,61500000,44500000,17000000,0.276423,0.0,15600000,0.0,0.0,15500000,60000000,0.0,700000.0000000002,3000000.0,0.04878,1400000.0,0.022764,-100000.0,1300000.0,0.021138,500000.0,1800000.0,0.029268,0.10526,0.10526,17100000,17100000,,
0,2003-09-26,CTG,,,Q3,59600000,43100000,16400000,0.275168,0.0,14900000,0.0,0.0,14899999.999999998,58000000,0.0,809999.9999999998,1709999.9999999998,0.028691,1500000.0,0.025168,0.0,1400000.0,0.02349,600000.0,300000.0,0.005034,0.01807,0.01807,16600000,16600000,,
0,2003-06-27,CTG,,,Q2,62400000,45200000,17100000,0.274038,0.0,15300000,0.0,0.0,15399999.999999998,60600000,-400000.0,809999.9999999999,1510000.0,0.024199,1800000.0,0.028846,0.0,1400000.0,0.022436,600000.0,500000.0,0.008013,0.02994,0.02994,16700000,16700000,,
0,2003-03-28,CTG,,,Q1,62100000,45700000,16400000,0.26409,0.0,15600000,0.0,0.0,15599999.999999994,61299999.99999999,-200000.0,910000.0,1010000.0,0.016264,700000.0,0.011272,0.0,600000.0,0.009662,200000.0,100000.0,0.00161,0.00595,0.00595,16800000,16800000,,
0,2002-12-31,CTG,,,Q4,63600000,46400000,17200000,0.27044,0.0,16800000,0.0,0.0,16800000.000000004,63200000.00000001,-200000.0,970000.0000000002,970000.0000000002,0.015252,400000.0,0.006289,0.0,200000.0,0.003145,100000.0,100000.0,0.001572,0.00595,0.00595,16800000,16800000,,
0,2002-09-27,CTG,2002-11-12 00:00:00,2002-11-12 13:04:27,Q3,62100000,45300000,16900000,0.272142,0.0,16400000,0.0,0.0,16300000.000000004,61600000.00000001,-300000.0,870000.0000000001,770000.0000000001,0.012399,500000.0,0.008052,0.0,200000.0,0.003221,100000.0,100000.0,0.00161,0.00595,0.00595,16800000,16800000,https://www.sec.gov/Archives/edgar/data/23111/000095015202008281/0000950152-02-008281-index.html,https://www.sec.gov/Archives/edgar/data/23111/000095015202008281/l96649ae10vq.txt
0,2002-06-28,CTG,2002-08-12 00:00:00,2002-08-12 11:23:42,Q2,67700000,49000000,18700000,0.276219,0.0,17400000,0.0,0.0,17400000.000000007,66400000.00000001,-200000.0,909999.9999999999,1810000.0,0.026736,1300000.0,0.019202,0.0,1100000.0,0.016248,400000.0,700000.0,0.01034,0.04118,0.04118,17000000,17000000,https://www.sec.gov/Archives/edgar/data/23111/000095015202006095/0000950152-02-006095-index.html,https://www.sec.gov/Archives/edgar/data/23111/000095015202006095/l95294ae10vq.txt
0,2002-03-29,CTG,2002-05-10 00:00:00,2002-05-10 14:44:48,Q1,69900000,50100000,19700000,0.281831,0.0,17900000,0.0,0.0,17999999.999999993,68100000,-1100000.0,990000.0,-36410000,-0.520887,1800000.0,0.025751,0.0,700000.0,0.010014,300000.0,-36600000,-0.523605,-2.15294,-2.15294,17000000,17000000,https://www.sec.gov/Archives/edgar/data/23111/000095015202004031/0000950152-02-004031-index.html,https://www.sec.gov/Archives/edgar/data/23111/000095015202004031/l94058ae10-q.txt
0,2001-12-31,CTG,,,Q4,72200000,51000000,21200000,0.293629,0.0,20000000,0.0,0.0,20099999.999999993,71100000,-800000.0,2090000.0,1690000.0,0.023407,1100000.0,0.015235,0.0,400000.0,0.00554,0.0,400000.0,0.00554,0.02424,0.02424,16500000,16500000,,
0,2001-09-28,CTG,2001-11-13 00:00:00,2001-11-13 00:00:00,Q3,77100000,54800000,22300000,0.289235,0.0,21300000,0.0,0.0,21299999.999999996,76100000,-800000.0,2109999.9999999995,1609999.9999999993,0.020882,1100000.0,0.014267,0.0,300000.0,0.003891,100000.0,200000.0,0.002594,0.0122,0.0122,16400000,16400000,https://www.sec.gov/Archives/edgar/data/23111/000095015201505658/0000950152-01-505658-index.html,https://www.sec.gov/Archives/edgar/data/23111/000095015201505658/l90937ae10-q.txt
0,2001-06-29,CTG,2001-08-13 00:00:00,2001-08-13 00:00:00,Q2,86100000,61400000,24700000,0.286876,0.0,23200000,0.0,0.0,23300000.000000004,84700000,-1400000.0,2250000.0,850000.0,0.009872,1400000.0,0.01626,0.0,0.0,0.0,1400000.0,-1400000.0,-0.01626,-0.08537,-0.08537,16400000,16400000,https://www.sec.gov/Archives/edgar/data/23111/000095015201503803/0000950152-01-503803-index.html,https://www.sec.gov/Archives/edgar/data/23111/000095015201503803/l89554ae10-q.txt
0,2001-03-30,CTG,2001-05-14 00:00:00,2001-05-14 00:00:00,Q1,84800000,61200000,23600000,0.278302,0.0,26800000,0.0,0.0,26799999.999999996,88000000,-700000.0,2170000.0,-2530000.0,-0.029835,-3200000.0,-0.037736,0.0,-3900000.0,-0.045991,-2600000.0,-1400000.0,-0.016509,-0.08537,-0.08537,16400000,16400000,https://www.sec.gov/Archives/edgar/data/23111/000095015201501894/0000950152-01-501894-index.html,https://www.sec.gov/Archives/edgar/data/23111/000095015201501894/l87913ae10-q.txt
0,2000-12-31,CTG,,,Q4,83400000,58100000,25300000,0.303357,0.0,24200000,0.0,0.0,24199999.999999996,82300000,-800000.0,2380000.0,1880000.0,0.022542,1100000.0,0.013189,0.0,300000.0,0.003597,100000.0,200000.0,0.002398,0.01242,0.01242,16100000,16100000,,
0,2000-09-29,CTG,2000-11-13 00:00:00,2000-11-13 00:00:00,Q3,79800000,55200000,24700000,0.309524,0.0,23600000,0.0,0.0,22099999.999999993,77300000,-800000.0,2100000.0,3100000.0,0.038847,2600000.0,0.032581,0.0,1800000.0,0.022556,2000000.0,-200000.0,-0.002506,-0.01235,-0.01235,16200000,16200000,https://www.sec.gov/Archives/edgar/data/23111/000095015200007827/0000950152-00-007827-index.html,https://www.sec.gov/Archives/edgar/data/23111/000095015200007827/l84464ae10-q.txt
0,2000-06-30,CTG,2000-08-14 00:00:00,2000-08-14 00:00:00,Q2,86500000,61500000,25000000,0.289017,0.0,27200000,0.0,0.0,27200000.000000004,88700000,-700000.0,2240000.0,-1360000.0,-0.015723,-2200000.0,-0.025434,0.0,-2900000.0,-0.033526,-2000000.0,-900000.0,-0.010405,-0.0559,-0.0559,16100000,16100000,https://www.sec.gov/Archives/edgar/data/23111/000095015200006085/0000950152-00-006085-index.html,https://www.sec.gov/Archives/edgar/data/23111/000095015200006085/e10-q.txt
0,2000-03-31,CTG,2000-05-15 00:00:00,2000-05-15 00:00:00,Q1,96000000,69500000,26500000,0.276042,0.0,27900000,0.0,0.0,33599999.99999999,103100000,-800000.0,2980000.0,-5720000.0,-0.059583,-7100000.0,-0.073958,0.0,-7900000.0,-0.082292,-3100000.0,-4800000.0,-0.05,-0.29814,-0.29814,16100000,16100000,https://www.sec.gov/Archives/edgar/data/23111/000095015200004072/0000950152-00-004072-index.html,https://www.sec.gov/Archives/edgar/data/23111/0000950152-00-004072.txt
0,1999-12-31,CTG,,,Q4,115400000,80000000,35400000,0.306759,0.0,31400000,0.0,0.0,31500000,111500000,100000.0,2330000.0,6530000.0,0.056586,3900000.0,0.033795,0.0,4000000.0,0.034662,1900000.0,2200000.0,0.019064,0.13415,0.13415,16400000,16400000,,
0,1999-09-24,CTG,1999-11-08 00:00:00,1999-11-08 00:00:00,Q3,114500000,75400000,39100000,0.341485,0.0,32000000,0.0,0.0,32000000,107400000,-600000.0,2290000.0,8190000.0,0.071528,7100000.0,0.062009,0.0,6500000.0,0.056769,3000000.0,3500000.0,0.030568,0.20958,0.20958,16700000,16700000,https://www.sec.gov/Archives/edgar/data/23111/000095015299008729/0000950152-99-008729-index.html,https://www.sec.gov/Archives/edgar/data/23111/0000950152-99-008729.txt
0,1999-06-25,CTG,1999-08-04 00:00:00,1999-08-04 00:00:00,Q2,125500000,82700000,42800000,0.341036,0.0,31100000,0.0,0.0,31000000,113700000,-600000.0,2370000.0,12870000,0.10255,11700000,0.093227,0.0,11100000,0.088446,4800000.0,6300000.0,0.050199,0.375,0.375,16800000,16800000,https://www.sec.gov/Archives/edgar/data/23111/000095015299006417/0000950152-99-006417-index.html,https://www.sec.gov/Archives/edgar/data/23111/0000950152-99-006417.txt
0,1999-03-26,CTG,1999-03-31 00:00:00,1999-03-31 00:00:00,Q1,116600000,78200000,38400000,0.329331,0.0,30400000,0.0,0.0,30399999.99999999,108599999.99999999,200000.0,1490000.0,9890000.0,0.08482,8000000.0,0.068611,0.0,8200000.0,0.070326,3500000.0,4700000.0,0.040309,0.27976,0.27976,16800000,16800000,https://www.sec.gov/Archives/edgar/data/23111/000095015299002907/0000950152-99-002907-index.html,https://www.sec.gov/Archives/edgar/data/23111/0000950152-99-002907.txt
0,1998-12-31,CTG,1999-03-31 00:00:00,1999-03-31 00:00:00,Q4,124300000,84700000,39600000,0.318584,0.0,28200000,0.0,0.0,28299999.999999996,113000000,400000.0,1380000.0,13480000,0.108447,11400000,0.091714,0.0,11700000,0.094127,4800000.0,6900000.0,0.055511,0.40828,0.40828,16900000,16900000,https://www.sec.gov/Archives/edgar/data/23111/000095015299002907/0000950152-99-002907-index.html,https://www.sec.gov/Archives/edgar/data/23111/0000950152-99-002907.txt
0,1998-09-25,CTG,1998-11-09 00:00:00,1998-11-09 00:00:00,Q3,116200000,79400000,36800000,0.316695,0.0,26500000,0.0,0.0,26500000,105900000,200000.0,1260000.0000000002,11960000,0.102926,10300000,0.08864,0.0,10500000,0.090361,4300000.0,6200000.0,0.053356,0.36686,0.36686,16900000,16900000,https://www.sec.gov/Archives/edgar/data/23111/000095015298008637/0000950152-98-008637-index.html,https://www.sec.gov/Archives/edgar/data/23111/0000950152-98-008637.txt
0,1998-06-26,CTG,1998-08-10 00:00:00,1998-08-10 00:00:00,Q2,117600000,80500000,37200000,0.316327,0.0,27400000,0.0,0.0,27299999.999999996,107800000,100000.0,1220000.0,11220000,0.095408,9800000.0,0.083333,0.0,9900000.0,0.084184,4100000.0,5800000.0,0.04932,0.3432,0.3432,16900000,16900000,https://www.sec.gov/Archives/edgar/data/23111/000095015298006510/0000950152-98-006510-index.html,https://www.sec.gov/Archives/edgar/data/23111/0000950152-98-006510.txt
0,1998-03-27,CTG,1998-05-08 00:00:00,1998-05-08 00:00:00,Q1,109700000,76100000,33600000,0.30629,0.0,25200000,0.0,0.0,25200000.000000004,101300000,200000.0,1150000.0,9950000.0,0.090702,8400000.0,0.076572,0.0,8600000.0,0.078396,3500000.0,5100000.0,0.04649,0.3,0.3,17000000,17000000,https://www.sec.gov/Archives/edgar/data/23111/000095015298004222/0000950152-98-004222-index.html,https://www.sec.gov/Archives/edgar/data/23111/0000950152-98-004222.txt
0,1997-12-31,CTG,,,Q4,111400000,79100000,32300000,0.289946,0.0,24000000,0.0,0.0,24000000,103100000,100000.0,1530000.0000000002,10130000,0.090934,8300000.0,0.074506,0.0,8500000.0,0.076302,3500000.0,5000000.0,0.044883,0.29412,0.29412,17000000,17000000,,
0,1997-09-26,CTG,1997-11-10 00:00:00,1997-11-10 00:00:00,Q3,101100000,70900000,30200000,0.298714,0.0,22700000,0.0,0.0,22799999.999999996,93700000,500000.0,1370000.0,9870000.0,0.097626,7500000.0,0.074184,0.0,8000000.0,0.07913,3300000.0,4700000.0,0.046489,0.26404,0.26404,17800000,17800000,https://www.sec.gov/Archives/edgar/data/23111/000095015297007758/0000950152-97-007758-index.html,https://www.sec.gov/Archives/edgar/data/23111/0000950152-97-007758.txt
0,1997-06-27,CTG,1997-08-11 00:00:00,1997-08-11 00:00:00,Q2,100100000,70600000,29500000,0.294705,0.0,22200000,0.0,0.0,22200000.000000004,92800000,400000.0,1209999.9999999998,9310000.0,0.093007,7300000.0,0.072927,0.0,7700000.0,0.076923,3200000.0,4500000.0,0.044955,0.25568,0.25568,17600000,17600000,https://www.sec.gov/Archives/edgar/data/23111/000095015297005768/0000950152-97-005768-index.html,https://www.sec.gov/Archives/edgar/data/23111/0000950152-97-005768.txt
0,1997-03-28,CTG,1997-05-12 00:00:00,1997-05-12 00:00:00,Q1,94900000,68200000,26700000,0.281349,0.0,20900000,0.0,0.0,20899999.99999999,89099999.99999999,300000.0,1320000.0,7720000.0,0.081349,5800000.0,0.061117,0.0,6100000.0,0.064278,2400000.0,3700000.0,0.038988,0.20787,0.20787,17800000,17800000,https://www.sec.gov/Archives/edgar/data/23111/000095015297003743/0000950152-97-003743-index.html,https://www.sec.gov/Archives/edgar/data/23111/0000950152-97-003743.txt
0,1996-12-31,CTG,,,Q4,94300000,67800000,26600000,0.282078,0.0,21300000,0.0,0.0,21299999.999999996,89100000,100000.0,3370000.0,8870000.0,0.094062,5300000.0,0.056204,0.0,5400000.0,0.057264,2200000.0,3200000.0,0.033934,0.17877,0.17877,17900000,17900000,,
0,1996-09-27,CTG,1996-11-12 00:00:00,1996-11-12 00:00:00,Q3,89400000,63300000,26100000,0.291946,0.0,21300000,0.0,0.0,21299999.999999996,84600000,200000.0,1340000.0000000002,6540000.0,0.073154,4900000.0,0.05481,0.0,5000000.0,0.055928,2000000.0,3000000.0,0.033557,0.16949,0.16949,17700000,17700000,https://www.sec.gov/Archives/edgar/data/23111/000095015296005857/0000950152-96-005857-index.html,https://www.sec.gov/Archives/edgar/data/23111/0000950152-96-005857.txt
0,1996-06-28,CTG,1996-08-09 00:00:00,1996-08-09 00:00:00,Q2,91300000,65300000,26000000,0.284775,0.0,21300000,0.0,0.0,21299999.999999996,86600000,-300000.0,1430000.0,5530000.0,0.06057,4700000.0,0.051479,0.0,4400000.0,0.048193,1800000.0,2600000.0,0.028478,0.14607,0.14607,17800000,17800000,https://www.sec.gov/Archives/edgar/data/23111/000095015296003878/0000950152-96-003878-index.html,https://www.sec.gov/Archives/edgar/data/23111/0000950152-96-003878.txt
0,1996-03-29,CTG,1996-05-13 00:00:00,1996-05-13 00:00:00,Q1,90000000,65200000,24800000,0.275556,0.0,21100000,0.0,0.0,21099999.999999993,86300000,0.0,1510000.0,5210000.0,0.057889,3700000.0,0.041111,0.0,3700000.0,0.041111,1500000.0,2200000.0,0.024444,0.12571,0.12571,17500000,17500000,https://www.sec.gov/Archives/edgar/data/23111/000095015296002334/0000950152-96-002334-index.html,https://www.sec.gov/Archives/edgar/data/23111/0000950152-96-002334.txt
0,1995-12-31,CTG,1996-03-27 00:00:00,1996-03-27 00:00:00,Q4,87000000,64700000,22300000,0.256322,0.0,18800000,0.0,0.0,18799999.999999996,83500000,-100000.0,1570000.0000000002,4770000.0,0.054828,3400000.0,0.03908,0.0,3400000.0,0.03908,1200000.0,2100000.0,0.024138,0.11864,0.11864,17700000,17700000,https://www.sec.gov/Archives/edgar/data/23111/000095015296001180/0000950152-96-001180-index.html,https://www.sec.gov/Archives/edgar/data/23111/0000950152-96-001180.txt
0,1995-09-30,CTG,1995-11-13 00:00:00,1995-11-13 00:00:00,Q3,85600000,62400000,23300000,0.272196,0.0,20000000,0.0,0.0,20000000.000000007,82400000,-100000.0,1700000.0000000002,4800000.0,0.056075,3300000.0,0.038551,0.0,3200000.0,0.037383,-2000000.0,5200000.0,0.060748,0.29885,0.29885,17400000,17400000,https://www.sec.gov/Archives/edgar/data/23111/000095015295002586/0000950152-95-002586-index.html,https://www.sec.gov/Archives/edgar/data/23111/0000950152-95-002586.txt
0,1995-06-30,CTG,1995-08-14 00:00:00,1995-08-14 00:00:00,Q2,84600000,61700000,22900000,0.270686,0.0,19800000,0.0,0.0,19799999.999999996,81500000,-300000.0,1309999.9999999998,3810000.0,0.045035,3100000.0,0.036643,0.0,2800000.0,0.033097,900000.0,1900000.0,0.022459,0.11047,0.11047,17200000,17200000,https://www.sec.gov/Archives/edgar/data/23111/000095015295001791/0000950152-95-001791-index.html,https://www.sec.gov/Archives/edgar/data/23111/0000950152-95-001791.txt
