,date,symbol,fillingDate,acceptedDate,period,revenue,costOfRevenue,grossProfit,grossProfitRatio,researchAndDevelopmentExpenses,generalAndAdministrativeExpenses,sellingAndMarketingExpenses,otherExpenses,operatingExpenses,costAndExpenses,interestExpense,depreciationAndAmortization,ebitda,ebitdaratio,operatingIncome,operatingIncomeRatio,totalOtherIncomeExpensesNet,incomeBeforeTax,incomeBeforeTaxRatio,incomeTaxExpense,netIncome,netIncomeRatio,eps,epsdiluted,weightedAverageShsOut,weightedAverageShsOutDil,link,finalLink
0,2020-09-30,GVP,2020-11-16,2020-11-16 16:41:07,Q3,12922000,9603000.0,3319000.0,0.2568487850177991,137000.0,2878000.0,0.0,675000.0,3690000.0,13293000,128000.0,146000.0,-399000.0,-0.03087757313109426,-545000.0,-0.0421761337254295,-77000.0,-545000.0,-0.0421761337254295,116000.0,-661000.0,-0.051153072279832845,-0.03238932259765307,-0.03238932259765307,20407960,20407960,https://www.sec.gov/Archives/edgar/data/944480/000094448020000085/0000944480-20-000085-index.htm,https://www.sec.gov/Archives/edgar/data/944480/000094448020000085/form10q.htm
0,2020-06-30,GVP,2020-08-20 00:00:00,2020-08-19 21:30:34,Q2,14340000,10778000,3562000.0,0.248396,179000.0,4722000.0,0.0,514000.0,5415000.000000001,16193000.000000002,-140000.0,597999.9999999999,-1511000.0,-0.10537,-1853000.0,-0.129219,24000.0,-1969000.0,-0.137308,180000.0,-2149000.0,-0.149861,-0.1053,-0.1053,20407960,20407960,https://www.sec.gov/Archives/edgar/data/944480/000114036120018766/0001140361-20-018766-index.htm,https://www.sec.gov/Archives/edgar/data/944480/000114036120018766/form10q.htm
0,2020-03-31,GVP,2020-07-23,2020-07-22 21:57:17,Q1,17705000,13590000,4115000.0,0.232420220276758,210000.0,4948000.0,0.0,5090000.0,10248000.000000002,23838000,-284000.0,853000.0,-5819000.0,-0.328664,-6133000.0,-0.346399,29000.0,-6388000.0,-0.360802,-130000.0,-6258000.0,-0.353459,-0.30763,-0.30763,20342930,20342930,https://www.sec.gov/Archives/edgar/data/944480/000094448020000063/0000944480-20-000063-index.htm,https://www.sec.gov/Archives/edgar/data/944480/000094448020000063/form10q.htm
0,2019-12-31,GVP,2020-06-11,2020-06-11 17:25:19,Q4,17292000,12270000,5022000.0,0.290423,184000.0,3938000.0,0.0,2782000.0,6904000.0,19174000,-120000.0,986000.0,870000.0,0.050312,-1882000.0,-0.108836,2006000.0,4000.0,0.000231,6607000.0,-6603000.0,-0.381853,-0.32716,-0.32716,20182600,20182600,https://www.sec.gov/Archives/edgar/data/944480/000094448020000043/form10k.htm,https://www.sec.gov/Archives/edgar/data/944480/000094448020000043/form10k.htm
0,2019-09-30,GVP,2019-11-19 00:00:00,2019-11-19 16:58:30,Q3,20031000,15358000,4673000.0,0.233288,130000.0,3465000.0,0.0,1341000.0,4936000.0,20294000,-349000.0,665999.9999999999,-236000.0000000001,-0.011782,-263000.0,-0.01313,59000.0,-553000.0,-0.027607,568000.0,-1121000.0,-0.055963,-0.05603,-0.05603,20007470,20007470,https://www.sec.gov/Archives/edgar/data/944480/000114036119020943/0001140361-19-020943-index.html,https://www.sec.gov/Archives/edgar/data/944480/000114036119020943/form10q.htm
0,2019-06-30,GVP,2019-08-14 00:00:00,2019-08-14 16:18:01,Q2,23458000,17591000,5867000.0,0.250107,156000.0,4343000.0,0.0,651000.0,5149999.999999999,22741000,-417000.0,748000.0,612000.0,0.026089,717000.0,0.030565,-19000.0,281000.0,0.011979,406000.0,-125000.0,-0.005329,-0.00625,-0.00625,20006490,20006490,https://www.sec.gov/Archives/edgar/data/944480/000094448019000069/0000944480-19-000069-index.html,https://www.sec.gov/Archives/edgar/data/944480/000094448019000069/form10q.htm
0,2019-03-31,GVP,2019-05-15 00:00:00,2019-05-15 17:23:56,Q1,22194000,17458000,4736000.0,0.213391,240000.0,4423000.0,0.0,6064000.0,10788000,28246000,-115000.0,729000.0,-5531000.0,-0.249211,-6052000.0,-0.272686,22000.0,-6145000.0,-0.276877,-1848000.0,-4297000.0,-0.193611,-0.21538,-0.21538,19950750,19950750,https://www.sec.gov/Archives/edgar/data/944480/000094448019000043/0000944480-19-000043-index.html,https://www.sec.gov/Archives/edgar/data/944480/000094448019000043/form10q.htm
0,2018-12-31,GVP,2019-03-28 00:00:00,2019-03-27 18:25:04,Q4,22855000,16384000,6471000.0,0.283133,134000.0,3783000.0,0.0,714000.0,4631000.0,21015000,-159000.0,776000.0000000002,2303000.0,0.100766,1840000.0,0.080508,5000.0,1686000.0,0.073769,1007000.0,679000.0,0.029709,0.03402,0.03402,19959380,19959380,https://www.sec.gov/Archives/edgar/data/944480/000094448019000021/0000944480-19-000021-index.html,https://www.sec.gov/Archives/edgar/data/944480/000094448019000021/form10k.htm
0,2018-09-30,GVP,2018-11-14 00:00:00,2018-11-14 16:32:32,Q3,21801000,16380000,5421000.0,0.248658,247000.0,4366000.0,0.0,834000.0,5447000.000000003,21827000.000000004,-173000.0,907999.9999999999,530999.9999999999,0.024357,-26000.0,-0.001193,-5000.0,-204000.0,-0.009357,314000.0,-518000.0,-0.02376,-0.02618,-0.02618,19786890,19786890,https://www.sec.gov/Archives/edgar/data/944480/000094448018000070/0000944480-18-000070-index.html,https://www.sec.gov/Archives/edgar/data/944480/000094448018000070/form10q.htm
0,2018-06-30,GVP,2018-08-14 00:00:00,2018-08-14 16:56:11,Q2,24700000,18360000,6340000.0,0.25668,190000.0,4790000.0,0.0,678000.0,5660000.0,24020000,-150000.0,580000.0000000001,960000.0000000001,0.038866,680000.0,0.02753,0.0,530000.0,0.021457,-450000.0,980000.0,0.039676,0.04893,0.04893,20030000,20030000,https://www.sec.gov/Archives/edgar/data/944480/000094448018000054/0000944480-18-000054-index.html,https://www.sec.gov/Archives/edgar/data/944480/000094448018000054/form10q.htm
0,2018-03-31,GVP,2018-05-15 00:00:00,2018-05-15 16:19:11,Q1,22900000,18000000,4900000.0,0.213974,330000.0,4530000.0,0.0,1170000.0,6020000.0,24020000,-130000.0,370000.0,-1000000.0,-0.043668,-1130000.0,-0.049345,30000.0,-1240000.0,-0.054148,260000.0,-1500000.0,-0.065502,-0.07688,-0.07688,19510000,19510000,https://www.sec.gov/Archives/edgar/data/944480/000094448018000036/0000944480-18-000036-index.html,https://www.sec.gov/Archives/edgar/data/944480/000094448018000036/form10q.htm
0,2017-12-31,GVP,2018-03-16 00:00:00,2018-03-15 18:41:44,Q4,22000000,16820000,5180000.0,0.235455,290000.0,3730000.0,0.0,1008000.0,5030000.000000001,21850000,-110000.0,390000.00000000006,2820000.0,0.128182,160000.0,0.007273,0.0,50000.0,0.002273,-4060000.0,6600000.0,0.3,0.31716,0.31716,20810000,20810000,https://www.sec.gov/Archives/edgar/data/944480/000094448018000007/0000944480-18-000007-index.html,https://www.sec.gov/Archives/edgar/data/944480/000094448018000007/form10k.htm
0,2017-09-30,GVP,2017-11-14 00:00:00,2017-11-14 16:18:45,Q3,15410000,11190000,4220000.0,0.273848,350000.0,4370000.0,0.0,129000.0,4850000.0,16040000,90000.0,240000.0,-190000.0,-0.01233,-630000.0,-0.040883,30000.0,-510000.0,-0.033095,90000.0,-610000.0,-0.039585,-0.03164,-0.03164,19280000,19280000,https://www.sec.gov/Archives/edgar/data/944480/000094448017000046/0000944480-17-000046-index.html,https://www.sec.gov/Archives/edgar/data/944480/000094448017000046/form10q.htm
0,2017-06-30,GVP,2017-08-14 00:00:00,2017-08-14 16:34:27,Q2,17130000,12110000,5020000.0,0.293053,350000.0,3770000.0,0.0,133000.0,4250000.0,16360000,330000.0,250000.0,1640000.0,0.095738,760000.0,0.044367,-30000.0,1060000.0,0.06188,230000.0,830000.0,0.048453,0.04243,0.04243,19560000,19560000,https://www.sec.gov/Archives/edgar/data/944480/000094448017000037/0000944480-17-000037-index.html,https://www.sec.gov/Archives/edgar/data/944480/000094448017000037/form10q.htm
0,2017-03-31,GVP,2017-05-15 00:00:00,2017-05-15 17:09:07,Q1,16340000,12220000,4120000.0,0.252142,400000.0,3590000.0,0.0,185000.0,4179999.999999998,16399999.999999998,-130000.0,260000.0,-70000.0,-0.004284,-60000.0,-0.003672,0.0,-190000.0,-0.011628,70000.0,-270000.0,-0.016524,-0.01414,-0.01414,19090000,19090000,https://www.sec.gov/Archives/edgar/data/944480/000094448017000030/0000944480-17-000030-index.html,https://www.sec.gov/Archives/edgar/data/944480/000094448017000030/form10q.htm
0,2016-12-31,GVP,2017-03-28 00:00:00,2017-03-28 17:21:07,Q4,13280000,8940000.0,4340000.0,0.326807,1380000.0,2100000.0,0.0,162000.0,3640000.0000000005,12580000,360000.0,269999.99999999994,1710000.0,0.128765,700000.0,0.052711,20000.0,1080000.0,0.081325,80000.0,1000000.0,0.075301,0.05211,0.05211,19190000,19190000,https://www.sec.gov/Archives/edgar/data/944480/000094448017000013/0000944480-17-000013-index.html,https://www.sec.gov/Archives/edgar/data/944480/000094448017000013/form10k.htm
0,2016-09-30,GVP,2016-11-14 00:00:00,2016-11-14 17:33:45,Q3,14430000,10430000,4000000.0,0.2772,380000.0,2940000.0,0.0,250000.0,3570000.0000000005,14000000,-200000.0,279999.99999999994,329999.99999999994,0.022869,430000.0,0.029799,20000.0,250000.0,0.017325,80000.0,170000.0,0.011781,0.0092,0.0092,18470000,18470000,https://www.sec.gov/Archives/edgar/data/944480/000094448016000195/0000944480-16-000195-index.html,https://www.sec.gov/Archives/edgar/data/944480/000094448016000195/form10q.htm
0,2016-06-30,GVP,2016-08-15,2016-08-15 16:03:30,Q2,12420000,8860000.0,3560000.0,0.286634,0.0,2880000.0,0.0,452000.0,3330000.0,12190000,0.0,280000.0,500000.0,0.040258,230000.0,0.018519,0.0,220000.0,0.017713,110000.0,110000.0,0.008857,0.00602,0.00602,18260000,18260000,https://www.sec.gov/Archives/edgar/data/944480/000094448016000176/form10q.htm,https://www.sec.gov/Archives/edgar/data/944480/000094448016000176/form10q.htm
0,2016-03-31,GVP,2016-05-16 00:00:00,2016-05-16 16:02:45,Q1,12980000,9350000.0,3620000.0,0.278891,0.0,3110000.0,0.0,298000.0,3410000.0,12760000,-90000.0,250000.0,390000.0,0.030046,220000.0,0.016949,100000.0,230000.0,0.01772,90000.0,140000.0,0.010786,0.00772,0.00772,18130000,18130000,https://www.sec.gov/Archives/edgar/data/944480/000094448016000142/0000944480-16-000142-index.html,https://www.sec.gov/Archives/edgar/data/944480/000094448016000142/form10q.htm
0,2015-12-31,GVP,2016-03-25 00:00:00,2016-03-25 15:19:46,Q4,14210000,9760000.0,4460000.0,0.313863,0.0,3190000.0,0.0,50000.0,3460000.000000001,13220000.000000002,40000.0,289999.9999999999,1450000.0,0.102041,990000.0,0.069669,90000.0,1120000.0,0.078818,260000.0,860000.0,0.060521,0.04804,0.04804,17900000,17900000,https://www.sec.gov/Archives/edgar/data/944480/000094448016000097/0000944480-16-000097-index.html,https://www.sec.gov/Archives/edgar/data/944480/000094448016000097/form10k.htm
0,2015-09-30,GVP,2015-11-12 00:00:00,2015-11-12 16:04:02,Q3,14810000,11210000,3600000.0,0.243079,0.0,3810000.0,0.0,1988000.0,7199999.999999999,18410000,40000.0,340000.0,-3330000.0,-0.224848,-3600000.0,-0.243079,-160000.0,-3710000.0,-0.250506,50000.0,-3760000.0,-0.253883,-0.21017,-0.21017,17890000,17890000,https://www.sec.gov/Archives/edgar/data/944480/000094448015000078/0000944480-15-000078-index.html,https://www.sec.gov/Archives/edgar/data/944480/000094448015000078/form10q.htm
0,2015-06-30,GVP,2015-08-13 00:00:00,2015-08-13 16:03:32,Q2,13650000,10770000,2890000.0,0.211722,0.0,3950000.0,0.0,259000.0,4260000.0,15030000,-10000.0,360000.0,-1080000.0,-0.079121,-1370000.0,-0.100366,-40000.0,-1420000.0,-0.104029,70000.0,-1500000.0,-0.10989,-0.08385,-0.08385,17890000,17890000,https://www.sec.gov/Archives/edgar/data/944480/000094448015000056/0000944480-15-000056-index.html,https://www.sec.gov/Archives/edgar/data/944480/000094448015000056/form10q.htm
0,2015-03-31,GVP,2015-05-14 00:00:00,2015-05-14 16:03:46,Q1,14010000,10720000,3290000.0,0.234832,0.0,3270000.0,0.0,252000.0,3619999.999999999,14339999.999999998,-20000.0,339999.99999999994,-60000.00000000003,-0.004283,-320000.0,-0.022841,-40000.0,-380000.0,-0.027123,90000.0,-470000.0,-0.033547,-0.02627,-0.02627,17890000,17890000,https://www.sec.gov/Archives/edgar/data/944480/000094448015000037/0000944480-15-000037-index.html,https://www.sec.gov/Archives/edgar/data/944480/000094448015000037/form10q.htm
0,2014-12-31,GVP,2015-03-19,2015-03-19 16:58:35,Q4,12710000,9250000.0,3470000.0,0.273013,0.0,3480000.0,0.0,1260000.0,4960000.000000001,14210000.000000002,70000.0,310000.00000000006,-1040000.0,-0.081825,-1500000.0,-0.118017,10000.0,-1420000.0,-0.111723,0.0,-1420000.0,-0.111723,-0.07937,-0.07937,17890000,17890000,https://www.sec.gov/Archives/edgar/data/944480/000094448015000016/form10k.htm,https://www.sec.gov/Archives/edgar/data/944480/000094448015000016/form10k.htm
0,2014-09-30,GVP,2014-11-14 00:00:00,2014-11-14 16:10:19,Q3,7820000.0,5370000.0,2460000.0,0.314578,0.0,4230000.0,0.0,176000.0,4399999.999999999,9770000.0,110000.0,249999.99999999997,-1480000.0,-0.189258,-1950000.0,-0.249361,0.0,-1830000.0,-0.234015,60000.0,-1900000.0,-0.242967,-0.1062,-0.1062,17890000,17890000,https://www.sec.gov/Archives/edgar/data/944480/000094448014000048/0000944480-14-000048-index.html,https://www.sec.gov/Archives/edgar/data/944480/000094448014000048/form10q.htm
0,2014-06-30,GVP,2014-08-14 00:00:00,2014-08-14 16:50:37,Q2,8280000.0,5630000.0,2650000.0,0.320048,0.0,4450000.0,0.0,170000.0,4620000.0,10250000,30000.0,230000.0,-1680000.0,-0.202899,-1980000.0,-0.23913,0.0,-1940000.0,-0.2343,50000.0,-1990000.0,-0.240338,-0.11124,-0.11124,17890000,17890000,https://www.sec.gov/Archives/edgar/data/944480/000094448014000038/0000944480-14-000038-index.html,https://www.sec.gov/Archives/edgar/data/944480/000094448014000038/form10q.htm
0,2014-03-31,GVP,2014-05-15 00:00:00,2014-05-15 16:10:34,Q1,8720000.0,6500000.0,2220000.0,0.254587,0.0,4140000.0,0.0,175000.0,4320000.0,10820000,140000.0,210000.00000000003,-1620000.0,-0.18578,-2100000.0,-0.240826,-10000.0,-1970000.0,-0.225917,50000.0,-2020000.0,-0.231651,-0.11291,-0.11291,17890000,17890000,https://www.sec.gov/Archives/edgar/data/944480/000094448014000028/0000944480-14-000028-index.html,https://www.sec.gov/Archives/edgar/data/944480/000094448014000028/form10q.htm
0,2013-12-31,GVP,2014-03-26,2014-03-26 16:18:57,Q4,12260000,8650000.0,3610000.0,0.294454,0.0,3920000.0,0.0,188000.0,4100000.0,12750000,510000.0,229999.99999999994,749999.9999999999,0.061175,-490000.0,-0.039967,-10000.0,10000.0,0.000816,170000.0,-160000.0,-0.013051,-0.00893,-0.00893,17910000,17910000,https://www.sec.gov/Archives/edgar/data/944480/000094448014000014/form10k.htm,https://www.sec.gov/Archives/edgar/data/944480/000094448014000014/form10k.htm
0,2013-09-30,GVP,2013-11-14 00:00:00,2013-11-14 16:02:43,Q3,11880000,8810000.0,3070000.0,0.258418,0.0,3810000.0,0.0,5051000.0,4000000.0,12810000,-60000.0,210000.0000000001,-879999.9999999999,-0.074074,-920000.0,-0.077441,-50000.0,-1030000.0,-0.0867,-30000.0,-1000000.0,-0.084175,-0.05537,-0.05537,18060000,18060000,https://www.sec.gov/Archives/edgar/data/944480/000094448013000052/0000944480-13-000052-index.html,https://www.sec.gov/Archives/edgar/data/944480/000094448013000052/form10q.htm
0,2013-08-09,GVP,2013-08-14 00:00:00,2013-08-14 17:45:20,Q2,11034000,8219000.0,2815000.0,0.2551205365234729,0.0,4165000.0,0.0,4660000.0,8606000.0,16825000,0.0,26000.0,1315000.0,-0.7195033532717057,1289000.0,-0.7218597063621534,94000.0,1088000.0,-0.7483233641471815,-58000.0,1155000.0,-0.7430668841761827,0.06,0.06,19250000,19250000,https://www.sec.gov/Archives/edgar/data/944480/000094448013000039/0000944480-13-000039-index.html,https://www.sec.gov/Archives/edgar/data/944480/000094448013000039/form10q_2q13.htm
0,2013-06-30,GVP,2013-08-14 00:00:00,2013-08-14 17:45:20,Q2,11030000,8220000.0,2820000.0,0.255666,0.0,3950000.0,0.0,0.0,10780000,19000000,-390000.0,500000.0,-8150000.0,-0.738894,-7970000.0,-0.722575,90000.0,-8260000.0,-0.748867,-60000.0,-8200000.0,-0.743427,-0.44809,-0.44809,18300000,18300000,https://www.sec.gov/Archives/edgar/data/944480/000094448013000039/0000944480-13-000039-index.html,https://www.sec.gov/Archives/edgar/data/944480/000094448013000039/form10q_2q13.htm
0,2013-03-31,GVP,2013-05-15 00:00:00,2013-05-15 16:04:48,Q1,12380000,9300000.0,3080000.0,0.248788,0.0,4170000.0,0.0,8535000.0,4369999.999999999,13669999.999999998,310000.0,380000.0,-400000.0,-0.03231,-1290000.0,-0.1042,-110000.0,-1090000.0,-0.088045,70000.0,-1160000.0,-0.0937,-0.06325,-0.06325,18340000,18340000,https://www.sec.gov/Archives/edgar/data/944480/000094448013000030/0000944480-13-000030-index.html,https://www.sec.gov/Archives/edgar/data/944480/000094448013000030/form1q13.htm
0,2012-12-31,GVP,2013-03-11 00:00:00,2013-03-11 16:05:25,Q4,12670000,8370000.0,4300000.0,0.339384,0.0,4200000.0,0.0,8638000.0,4430000.000000002,12800000.000000002,-120000.0,400000.0000000001,-229999.9999999999,-0.018153,-140000.0,-0.01105,-260000.0,-510000.0,-0.040253,-180000.0,-330000.0,-0.026046,-0.01798,-0.01798,18350000,18350000,https://www.sec.gov/Archives/edgar/data/944480/000094448013000011/0000944480-13-000011-index.html,https://www.sec.gov/Archives/edgar/data/944480/000094448013000011/form10-k_2012.htm
0,2012-09-30,GVP,2012-11-14 00:00:00,2012-11-14 16:05:14,Q3,13010000,7960000.0,5050000.0,0.388163,0.0,3480000.0,0.0,7176000.0,3690000.0000000005,11650000,60000.0,379999.99999999994,1760000.0,0.135281,1360000.0,0.104535,-100000.0,1320000.0,0.10146,500000.0,820000.0,0.063028,0.04442,0.04442,18460000,18460000,https://www.sec.gov/Archives/edgar/data/944480/000094448012000060/0000944480-12-000060-index.html,https://www.sec.gov/Archives/edgar/data/944480/000094448012000060/form10q3q12.htm
0,2012-06-30,GVP,2012-08-13 00:00:00,2012-08-13 16:08:00,Q2,13180000,8710000.0,4470000.0,0.33915,0.0,3690000.0,0.0,14791000,3909999.9999999986,12619999.999999998,-350000.0,380000.0,340000.0,0.025797,560000.0,0.042489,90000.0,300000.0,0.022762,150000.0,160000.0,0.01214,0.00865,0.00865,18490000,18490000,https://www.sec.gov/Archives/edgar/data/944480/000094448012000045/0000944480-12-000045-index.html,https://www.sec.gov/Archives/edgar/data/944480/000094448012000045/form10-q_2q12.htm
0,2012-05-09,GVP,2012-05-15,2012-05-15 16:07:58,Q1,13389000,9470000.0,3919000.0,0.2927029651206214,0.0,3486000.0,0.0,215000.0,3701000.0,13171000,0.0,137000.0,355000.0,0.026514302785869,218000.0,0.016282022555829414,86000.0,755000.0,0.05638957353051012,225000.0,530000.0,0.03958473373664949,0.02838,0.02838,18673333,18673333,https://www.sec.gov/Archives/edgar/data/944480/000094448012000030/0000944480-12-000030-index.htm,https://www.sec.gov/Archives/edgar/data/944480/000094448012000015/form10-k_2011.htm
0,2012-03-31,GVP,,,Q1,13390000,9470000.0,3920000.0,0.292756,0.0,3490000.0,0.0,0.0,3699999.999999999,13170000,450000.0,420000.00000000006,1630000.0,0.121733,220000.0,0.01643,90000.0,760000.0,0.056759,230000.0,530000.0,0.039582,0.0287,0.0287,18470000,18470000,,
0,2012-02-21,GVP,2012-03-08 00:00:00,2012-03-08 16:14:32,Q4,14998000,10503000,4495000.0,0.29970662755034005,0.0,9920000.0,0.0,451000.0,3203000.0,13706000,0.0,382000.0,1674000.0,0.0153343666962,1292000.0,0.0259078830824,2000.0,1217000.0,0.0317205491585,481000.0,1174000.0,0.0450343224092,0.06494,0.06494,18077777,18077777,https://www.sec.gov/Archives/edgar/data/944480/000094448012000015/0000944480-12-000015-index.html,https://www.sec.gov/Archives/edgar/data/944480/000094448012000015/form10-k_2011.htm
0,2011-12-31,GVP,2012-03-08 00:00:00,2012-03-08 16:14:32,Q4,15000000,10500000,4500000.0,0.3,0.0,2750000.0,0.0,0.0,3210000.000000001,13710000.000000002,-80000.0,650000.0,1780000.0,0.118667,1290000.0,0.086,0.0,1220000.0,0.081333,40000.0,1170000.0,0.078,0.06227,0.06227,18790000,18790000,https://www.sec.gov/Archives/edgar/data/944480/000094448012000015/0000944480-12-000015-index.html,https://www.sec.gov/Archives/edgar/data/944480/000094448012000015/form10-k_2011.htm
0,2011-09-30,GVP,2011-11-09 00:00:00,2011-11-09 16:27:56,Q3,12550000,7930000.0,4620000.0,0.368127,0.0,3300000.0,0.0,6945000.0,3640000.0000000005,11570000,-100000.0,560000.0,1370000.0,0.109163,980000.0,0.078088,30000.0,910000.0,0.07251,50000.0,860000.0,0.068526,0.04529,0.04529,18990000,18990000,https://www.sec.gov/Archives/edgar/data/944480/000094448011000049/0000944480-11-000049-index.html,https://www.sec.gov/Archives/edgar/data/944480/000094448011000049/form10-q.htm
0,2011-06-30,GVP,2011-08-09 00:00:00,2011-08-09 16:24:27,Q2,11260000,7500000.0,3760000.0,0.333925,0.0,3200000.0,0.0,13889000,3510000.0,11010000,-13011000,510000.0,-12651000,-1.123535,250000.0,0.022202,-30000.0,-160000.0,-0.01421,90000.0,-240000.0,-0.021314,-0.01249,-0.01249,19210000,19210000,https://www.sec.gov/Archives/edgar/data/944480/000094448011000040/0000944480-11-000040-index.html,https://www.sec.gov/Archives/edgar/data/944480/000094448011000040/form10q_2q2011.htm
0,2011-03-31,GVP,2011-05-10 00:00:00,2011-05-10 16:04:34,Q1,12320000,8850000.0,3480000.0,0.282468,0.0,3420000.0,0.0,342000.0,3760000.0,12610000,-33000.0,540000.0,907000.0,0.07362,-290000.0,-0.023539,70000.0,400000.0,0.032468,-610000.0,1010000.0,0.081981,0.05179,0.05179,19500000,19500000,https://www.sec.gov/Archives/edgar/data/944480/000094448011000025/0000944480-11-000025-index.html,https://www.sec.gov/Archives/edgar/data/944480/000094448011000025/form10_q1q11.htm
0,2011-03-14,GVP,2011-05-10 00:00:00,2011-05-10 16:04:34,Q4,12327000,10390000,1937000.0,0.15713474486898676,0.0,3846000.0,0.0,200000.0,4046000.0,14436000,-19000.0,161000.0,-1948000.0,-0.15802709499472703,-2109000.0,-0.17108785592601605,18000.0,-2402000.0,-0.19485681836618804,118000.0,-2520000.0,-0.20442930153321975,-0.13281,-0.13281,18975000,18975000,https://www.sec.gov/Archives/edgar/data/944480/000094448011000025/0000944480-11-000025-index.html,https://www.sec.gov/Archives/edgar/data/944480/000094448011000025/form10_q1q11.htm
0,2010-12-31,GVP,,,Q4,12330000,10390000,1940000.0,0.15734,0.0,3850000.0,0.0,0.0,4049999.999999999,14439999.999999998,-310000.0,720000.0,-1990000.0,-0.161395,-2110000.0,-0.171127,20000.0,-2400000.0,-0.194647,120000.0,-2520000.0,-0.20438,-0.13256,-0.13256,19010000,19010000,,
0,2010-11-09,GVP,2010-11-09,2010-11-09 16:03:39,Q3,11905000,9503000.0,2402000.0,0.2017639647207056,0.0,2545000.0,0.0,184000.0,2729000.0,12232000,0.0,121000.0,-206000.0,-0.017303653926921462,-327000.0,-0.02746745065098698,27000.0,-224000.0,-0.018815623687526248,324000.0,-548000.0,-0.04603107937841243,-0.02022,-0.02022,27100000,27100000,https://www.sec.gov/Archives/edgar/data/944480/000094448010000042/0000944480-10-000042-index.htm,https://www.sec.gov/Archives/edgar/data/944480/000094448010000042/form10q-3q10.htm
0,2010-09-30,GVP,2010-11-09 00:00:00,2010-11-09 16:03:39,Q3,11900000,9500000.0,2400000.0,0.201681,0.0,2550000.0,0.0,0.0,2730000.0000000005,12230000,80000.0,360000.0,210000.0,0.017647,-330000.0,-0.027731,30000.0,-230000.0,-0.019328,320000.0,-550000.0,-0.046218,-0.02902,-0.02902,18950000,18950000,https://www.sec.gov/Archives/edgar/data/944480/000094448010000042/0000944480-10-000042-index.html,https://www.sec.gov/Archives/edgar/data/944480/000094448010000042/form10q-3q10.htm
0,2010-08-04,GVP,2010-08-09 00:00:00,2010-08-09 16:01:20,Q2,11773000,8125000.0,3648000.0,0.3098615476089357,0.0,2731000.0,0.0,166000.0,2897000.0,11022000,-2000.0,166000.0,917000.0,0.07789008748832073,751000.0,0.06379002803023869,19000.0,417000.0,0.03542002887963985,47000.0,370000.0,0.03142784337042385,0.01807,0.01807,20475000,20475000,https://www.sec.gov/Archives/edgar/data/944480/000094448010000034/0000944480-10-000034-index.html,https://www.sec.gov/Archives/edgar/data/944480/000094448010000034/form10-q_2q10.htm
0,2010-06-30,GVP,2010-08-09 00:00:00,2010-08-09 16:01:20,Q2,11770000,8130000.0,3650000.0,0.31011,0.0,2730000.0,0.0,0.0,2889999.999999999,11019999.999999998,-350000.0,310000.0,380000.0,0.032285,750000.0,0.063721,20000.0,420000.0,0.035684,50000.0,370000.0,0.031436,0.01895,0.01895,19520000,19520000,https://www.sec.gov/Archives/edgar/data/944480/000094448010000034/0000944480-10-000034-index.html,https://www.sec.gov/Archives/edgar/data/944480/000094448010000034/form10-q_2q10.htm
0,2010-05-10,GVP,2010-08-09 00:00:00,2010-08-09 16:01:20,Q1,11208000,8063000.0,3145000.0,0.2806031406138473,0.0,2561000.0,0.0,131000.0,2692000.0,10755000,2000.0,131000.0,584000.0,0.052105638829407566,453000.0,0.040417558886509636,19000.0,166000.0,0.014810849393290507,-283000.0,449000.0,0.04006067094932191,0.02,0.02,22450000,22450000,https://www.sec.gov/Archives/edgar/data/944480/000094448010000034/0000944480-10-000034-index.html,https://www.sec.gov/Archives/edgar/data/944480/000094448010000034/form10-q_2q10.htm
0,2010-03-31,GVP,2010-05-10 00:00:00,2010-05-10 16:01:30,Q1,11210000,8060000.0,3150000.0,0.280999,0.0,2560000.0,0.0,0.0,2699999.999999999,10760000,-310000.0,270000.0,130000.0,0.011597,450000.0,0.040143,20000.0,170000.0,0.015165,-280000.0,450000.0,0.040143,0.02183,0.02183,20610000,20610000,https://www.sec.gov/Archives/edgar/data/944480/000094448010000020/0000944480-10-000020-index.html,https://www.sec.gov/Archives/edgar/data/944480/000094448010000020/from10-q_1q10.htm
0,2010-03-11,GVP,2010-05-10 00:00:00,2010-05-10 16:01:30,Q4,11065000,8338000.0,2727000.0,0.2464527790329869,0.0,2138000.0,0.0,1643000.0,3781000.0,12119000,-56000.0,-323000.0,-1377000.0,-0.12444645277903299,-1054000.0,-0.09525530953456846,-397000.0,-1959000.0,-0.17704473565295978,200000.0,-2159000.0,-0.19511974694984185,-0.12746,-0.12746,16938000,16938000,https://www.sec.gov/Archives/edgar/data/944480/000094448010000020/0000944480-10-000020-index.html,https://www.sec.gov/Archives/edgar/data/944480/000094448010000020/from10-q_1q10.htm
0,2009-12-31,GVP,2010-03-11 00:00:00,2010-03-11 16:12:53,Q4,11070000,8340000.0,2730000.0,0.246612,0.0,2140000.0,0.0,0.0,3779999.9999999995,12120000,-830000.0,260000.0,-2530000.0,-0.228546,-1050000.0,-0.094851,-80000.0,-1960000.0,-0.177055,200000.0,-2160000.0,-0.195122,-0.1141,-0.1141,18930000,18930000,https://www.sec.gov/Archives/edgar/data/944480/000094448010000006/0000944480-10-000006-index.html,https://www.sec.gov/Archives/edgar/data/944480/000094448010000006/form10-k.htm
0,2009-09-30,GVP,2009-11-09 00:00:00,2009-11-09 16:57:25,Q3,10220000,7660000.0,2560000.0,0.250489,0.0,2000000.0,0.0,127000.0,2129999.999999999,9789999.999999998,540000.0,260000.0,1670000.0,0.163405,430000.0,0.042074,-100000.0,870000.0,0.085127,410000.0,460000.0,0.04501,0.0263,0.0263,17490000,17490000,https://www.sec.gov/Archives/edgar/data/944480/000094448009000047/0000944480-09-000047-index.html,https://www.sec.gov/Archives/edgar/data/944480/000094448009000047/form10q-3q09.htm
0,2009-06-30,GVP,2009-08-10 00:00:00,2009-08-10 16:01:45,Q2,10650000,8040000.0,2610000.0,0.24507,0.0,1830000.0,0.0,122000.0,1950000.000000001,9990000.000000002,12000.0,260000.0,1032000.0,0.096901,660000.0,0.061972,-110000.0,760000.0,0.071362,190000.0,570000.0,0.053521,0.03423,0.03423,16650000,16650000,https://www.sec.gov/Archives/edgar/data/944480/000094448009000038/0000944480-09-000038-index.html,https://www.sec.gov/Archives/edgar/data/944480/000094448009000038/gse10-q102q09.htm
0,2009-03-31,GVP,2009-05-11 00:00:00,2009-05-11 16:36:49,Q1,8130000.0,5700000.0,2430000.0,0.298893,0.0,1780000.0,0.0,120000.0,1899999.9999999995,7599999.999999999,-12000.0,200000.0,628000.0,0.077245,530000.0,0.065191,-110000.0,450000.0,0.055351,110000.0,330000.0,0.04059,0.01982,0.01982,16650000,16650000,https://www.sec.gov/Archives/edgar/data/944480/000094448009000020/0000944480-09-000020-index.html,https://www.sec.gov/Archives/edgar/data/944480/000094448009000020/gse10q_1q09.htm
0,2009-03-16,GVP,2009-05-11 00:00:00,2009-05-11 16:36:49,Q4,8365000.0,6298000.0,2067000.0,0.24710101613867305,0.0,1798000.0,0.0,129000.0,1927000.0,8225000.0,-54000.0,129000.0,269000.0,0.032157800358637176,140000.0,0.016736401673640166,-193000.0,-678000.0,-0.08105200239091452,-121000.0,-557000.0,-0.06658696951583981,-0.03229,-0.03229,17250000,17250000,https://www.sec.gov/Archives/edgar/data/944480/000094448009000020/0000944480-09-000020-index.html,https://www.sec.gov/Archives/edgar/data/944480/000094448009000020/gse10q_1q09.htm
0,2008-12-31,GVP,2009-03-16 00:00:00,2009-03-16 16:01:58,Q4,8370000.0,6300000.0,2070000.0,0.247312,0.0,1800000.0,0.0,0.0,1930000.0000000007,8230000.000000001,-230000.0,200000.0,-180000.0,-0.021505,140000.0,0.016726,-50000.0,-150000.0,-0.017921,-80000.0,-70000.0,-0.008363,-0.00438,-0.00438,15970000,15970000,https://www.sec.gov/Archives/edgar/data/944480/000094448009000011/0000944480-09-000011-index.html,https://www.sec.gov/Archives/edgar/data/944480/000094448009000011/form10-k.htm
0,2008-09-30,GVP,2008-11-10 00:00:00,2008-11-10 16:32:48,Q3,7000000.0,5020000.0,1980000.0,0.282857,0.0,1690000.0,0.0,114000.0,1810000.0000000005,6830000.000000001,-42000.0,190000.0,148000.0,0.021143,170000.0,0.024286,-40000.0,0.0,0.0,60000.0,-60000.0,-0.008571,-0.00377,-0.00377,15920000,15920000,https://www.sec.gov/Archives/edgar/data/944480/000094448008000042/0000944480-08-000042-index.html,https://www.sec.gov/Archives/edgar/data/944480/000094448008000042/form10q_3q08.htm
0,2008-06-30,GVP,2008-08-11 00:00:00,2008-08-11 17:08:33,Q2,6560000.0,4650000.0,1910000.0,0.291159,0.0,1950000.0,0.0,103000.0,2050000.0,6700000.0,-40000.0,160000.0,-60000.0,-0.009146,-150000.0,-0.022866,-70000.0,-180000.0,-0.027439,90000.0,-270000.0,-0.041159,-0.01723,-0.01723,15670000,15670000,https://www.sec.gov/Archives/edgar/data/944480/000094448008000036/0000944480-08-000036-index.html,https://www.sec.gov/Archives/edgar/data/944480/000094448008000036/form10q_2q08.htm
0,2008-03-31,GVP,2008-05-12 00:00:00,2008-05-12 16:43:01,Q1,7080000.0,5220000.0,1870000.0,0.264124,0.0,1940000.0,0.0,100000.0,2040000.0,7260000.0,6000.0,170000.0,-54000.0,-0.007627,-170000.0,-0.024011,-60000.0,-230000.0,-0.032486,60000.0,-290000.0,-0.04096,-0.01869,-0.01869,15520000,15520000,https://www.sec.gov/Archives/edgar/data/944480/000094448008000029/0000944480-08-000029-index.html,https://www.sec.gov/Archives/edgar/data/944480/000094448008000029/form10q_1q08.htm
0,2008-03-05,GVP,2008-05-12 00:00:00,2008-05-12 16:43:01,Q4,8131000.0,5872000.0,2259000.0,0.2778256057065552,0.0,1647000.0,0.0,90000.0,1737000.0,7609000.0,8000.0,365000.0,887000.0,0.10908867297995327,522000.0,0.06419874554175378,-213000.0,301000.0,0.037018816873693274,-186000.0,487000.0,0.059894231951789445,0.03749,0.03749,12988888,12988888,https://www.sec.gov/Archives/edgar/data/944480/000094448008000029/0000944480-08-000029-index.html,https://www.sec.gov/Archives/edgar/data/944480/000094448008000029/form10q_1q08.htm
0,2007-12-31,GVP,,,Q4,8130000.0,5870000.0,2260000.0,0.277983,0.0,1650000.0,0.0,0.0,1740000.0000000002,7610000.0,-10000.0,160000.0,450000.0,0.055351,520000.0,0.063961,-210000.0,300000.0,0.0369,-190000.0,490000.0,0.060271,0.02979,0.02979,16450000,16450000,,
0,2007-09-30,GVP,2007-11-14 00:00:00,2007-11-14 16:00:15,Q3,7530000.0,5150000.0,2380000.0,0.316069,0.0,1810000.0,0.0,59000.0,1869999.9999999993,7019999.999999999,62000.0,140000.0,552000.0,0.073307,500000.0,0.066401,-90000.0,350000.0,0.046481,50000.0,300000.0,0.039841,0.0183,0.0183,16390000,16390000,https://www.sec.gov/Archives/edgar/data/944480/000094448007000060/0000944480-07-000060-index.html,https://www.sec.gov/Archives/edgar/data/944480/000094448007000060/form10q_3q07.htm
0,2007-06-30,GVP,2007-08-14 00:00:00,2007-08-14 16:41:03,Q2,8400000.0,5540000.0,2850000.0,0.339286,0.0,2060000.0,0.0,58000.0,2130000.0,7670000.0,209000.0,140000.0,769000.0,0.091548,730000.0,0.086905,-100000.0,420000.0,0.05,70000.0,350000.0,0.041667,0.02666,0.02666,13130000,13130000,https://www.sec.gov/Archives/edgar/data/944480/000094448007000055/0000944480-07-000055-index.html,https://www.sec.gov/Archives/edgar/data/944480/000094448007000055/form10q-2q07.htm
0,2007-03-31,GVP,2007-04-02 00:00:00,2007-04-02 16:47:10,Q1,7850000.0,5650000.0,2190000.0,0.278981,0.0,1690000.0,0.0,51000.0,1739999.9999999993,7389999.999999999,154000.0,140000.0,434000.0,0.055287,450000.0,0.057325,-160000.0,140000.0,0.017834,110000.0,30000.0,0.003822,0.00256,0.00256,11710000,11710000,https://www.sec.gov/Archives/edgar/data/944480/000094448007000011/0000944480-07-000011-index.html,https://www.sec.gov/Archives/edgar/data/944480/000094448007000011/gse_10k2006.htm
0,2006-12-31,GVP,2007-04-02 00:00:00,2007-04-02 16:47:10,Q4,8070000.0,5660000.0,2410000.0,0.298637,0.0,1600000.0,0.0,222000.0,1649999.9999999995,7309999.999999999,157000.0,180000.0,887000.0,0.109913,760000.0,0.094176,-60000.0,550000.0,0.068154,120000.0,430000.0,0.053284,0.04183,0.04183,10280000,10280000,https://www.sec.gov/Archives/edgar/data/944480/000094448007000011/0000944480-07-000011-index.html,https://www.sec.gov/Archives/edgar/data/944480/000094448007000011/gse_10k2006.htm
0,2006-09-30,GVP,2006-11-14,2006-11-14 17:04:42,Q3,7290000.0,5110000.0,2180000.0,0.29904,0.0,1450000.0,0.0,216000.0,1500000.0,6610000.0,234000.0,180000.00000000003,834000.0,0.114403,690000.0,0.09465,-30000.0,420000.0,0.057613,0.0,420000.0,0.057613,0.03095,0.03095,13570000,13570000,https://www.sec.gov/Archives/edgar/data/944480/000094448006000084/gsequarterly_report3q06.htm,https://www.sec.gov/Archives/edgar/data/944480/000094448006000084/gsequarterly_report3q06.htm
0,2006-06-30,GVP,2006-08-14,2006-08-14 15:32:54,Q2,6560000.0,4700000.0,1860000.0,0.283537,0.0,1370000.0,0.0,215000.0,1420000.0,6120000.0,216000.0,120000.0,486000.0,0.074085,440000.0,0.067073,-70000.0,150000.0,0.022866,30000.0,120000.0,0.018293,0.01078,0.01078,11130000,11130000,https://www.sec.gov/Archives/edgar/data/944480/000094448006000051/gse10q2q06.htm,https://www.sec.gov/Archives/edgar/data/944480/000094448006000051/gse10q2q06.htm
0,2006-03-31,GVP,,,Q1,5580000.0,4130000.0,1450000.0,0.259857,0.0,1190000.0,0.0,0.0,2670000.0,6800000.0,-160000.0,160000.0,-1320000.0,-0.236559,-1220000.0,-0.218638,50000.0,-1320000.0,-0.236559,0.0,-1320000.0,-0.236559,-0.14505,-0.14505,9100000.0,9100000.0,,
0,2005-12-31,GVP,,,Q4,4330000.0,4060000.0,270000.0,0.062356,0.0,2130000.0,0.0,0.0,2170000.000000001,6230000.000000001,-170000.0,40000.00000000004,-2140000.0,-0.494226,-1900000.0,-0.438799,60000.0,-2010000.0,-0.464203,140000.0,-2150000.0,-0.496536,-0.23889,-0.23889,9000000.0,9000000.0,,
0,2005-09-30,GVP,,,Q3,4610000.0,4230000.0,380000.0,0.08243,0.0,1570000.0,0.0,0.0,1809999.9999999995,6040000.0,-180000.0,459999.99999999994,-740000.0,-0.160521,-1430000.0,-0.310195,590000.0,-1020000.0,-0.221258,30000.0,-1050000.0,-0.227766,-0.11667,-0.11667,9000000.0,9000000.0,,
0,2005-06-30,GVP,,,Q2,6720000.0,5080000.0,1640000.0,0.244048,0.0,1950000.0,0.0,0.0,2010000.0,7090000.0,-50000.0,190000.0,-390000.0,-0.058036,-370000.0,-0.05506,-100000.0,-530000.0,-0.078869,30000.0,-560000.0,-0.083333,-0.06222,-0.06222,9000000.0,9000000.0,,
0,2005-03-31,GVP,,,Q1,6290000.0,5240000.0,1060000.0,0.168521,0.0,2000000.0,0.0,0.0,2080000.0,7320000.0,-20000.0,190000.0,-920000.0,-0.146264,-1020000.0,-0.162162,-50000.0,-1090000.0,-0.173291,-50000.0,-1040000.0,-0.165342,-0.11556,-0.11556,9000000.0,9000000.0,,
0,2004-12-31,GVP,,,Q4,7020000.0,5340000.0,1680000.0,0.239316,0.0,1910000.0,0.0,0.0,1980000.0000000005,7320000.0,-10000.0,190000.00000000006,120000.00000000006,0.017094,-300000.0,-0.042735,280000.0,-30000.0,-0.004274,30000.0,-90000.0,-0.012821,-0.01006,-0.01006,8950000.0,8950000.0,,
0,2004-09-30,GVP,,,Q3,7340000.0,5840000.0,1510000.0,0.205722,0.0,1700000.0,0.0,0.0,1759999.9999999998,7600000.0,-10000.0,169999.99999999997,-20000.00000000002,-0.002725,-260000.0,-0.035422,20000.0,-240000.0,-0.032698,-40000.0,-140000.0,-0.019074,-0.01564,-0.01564,8950000.0,8950000.0,,
0,2004-06-30,GVP,,,Q2,7600000.0,5760000.0,1840000.0,0.242105,0.0,1430000.0,0.0,0.0,1500000.0,7260000.0,-20000.0,170000.0,490000.0,0.064474,330000.0,0.043421,20000.0,330000.0,0.043421,60000.0,280000.0,0.036842,0.03108,0.03108,9010000.0,9010000.0,,
0,2004-03-31,GVP,,,Q1,7560000.0,5780000.0,1780000.0,0.23545,0.0,1480000.0,0.0,0.0,1559999.9999999995,7340000.0,-140000.0,150000.0,90000.0,0.011905,220000.0,0.029101,0.0,80000.0,0.010582,20000.0,60000.0,0.007937,0.0067,0.0067,8950000.0,8950000.0,,
0,2003-12-31,GVP,,,Q4,8360000.0,6190000.0,2170000.0,0.259569,0.0,2310000.0,0.0,0.0,2409999.999999999,8600000.0,-260000.0,189999.99999999994,-1190000.0,-0.142344,-240000.0,-0.028708,-250000.0,-750000.0,-0.089713,70000.0,-1190000.0,-0.142344,-0.14424,-0.14424,8250000.0,8250000.0,,
0,2003-09-30,GVP,,,Q3,6140000.0,4650000.0,1490000.0,0.242671,0.0,1590000.0,0.0,0.0,1689999.9999999995,6339999.999999999,-100000.0,170000.00000000003,-630000.0,-0.102606,-200000.0,-0.032573,-10000.0,-310000.0,-0.050489,0.0,-700000.0,-0.114007,-0.11628,-0.11628,6020000.0,6020000.0,,
0,2003-06-30,GVP,,,Q2,5550000.0,4530000.0,1010000.0,0.181982,0.0,1310000.0,0.0,0.0,1420000.0,5950000.0,-100000.0,199999.99999999997,-1050000.0,-0.189189,-400000.0,-0.072072,0.0,-500000.0,-0.09009,-20000.0,-1130000.0,-0.203604,-0.18771,-0.18771,6020000.0,6020000.0,,
0,2003-03-31,GVP,,,Q1,4980000.0,3790000.0,1180000.0,0.236948,0.0,1240000.0,0.0,0.0,1340000.0,5130000.0,-50000.0,170000.0,-360000.0,-0.072289,-160000.0,-0.032129,-10000.0,-210000.0,-0.042169,40000.0,-520000.0,-0.104418,-0.08844,-0.08844,5880000.0,5880000.0,,
0,2002-12-31,GVP,,,Q4,9100000.0,8050000.0,1050000.0,0.115385,0.0,3290000.0,0.0,0.0,6229999.999999999,14279999.999999998,-70000.0,-1060000.0,-6450000.0,-0.708791,-5180000.0,-0.569231,-60000.0,-5320000.0,-0.584615,1100000.0,-6420000.0,-0.705495,-1.0937,-1.0937,5870000.0,5870000.0,,
0,2002-09-30,GVP,,,Q3,5480000.0,4170000.0,1310000.0,0.239051,0.0,1340000.0,0.0,0.0,1429999.9999999998,5600000.0,-60000.0,560000.0,350000.0,0.063869,-120000.0,-0.021898,0.0,-170000.0,-0.031022,-70000.0,-80000.0,-0.014599,-0.01363,-0.01363,5870000.0,5870000.0,,
0,2002-06-30,GVP,,,Q2,-1490000.0,-70000.0,-1420000.0,0.95302,0.0,260000.0,0.0,0.0,320000.0,250000.0,0.0,559999.9999999999,-10000.0000000001,0.006711,-1740000.0,1.167785,-60000.0,-1800000.0,1.208054,-690000.0,120000.0,-0.080537,0.02892,0.02892,4150000.0,4150000.0,,
0,2002-03-31,GVP,,,Q1,11270000,7790000.0,3480000.0,0.308784,0.0,2620000.0,0.0,0.0,2760000.000000001,10550000,-70000.0,590000.0,1220000.0,0.108252,730000.0,0.064774,50000.0,700000.0,0.062112,270000.0,430000.0,0.038154,0.05695,0.05695,7550000.0,7550000.0,,
0,2001-12-31,GVP,,,Q4,12190000,8840000.0,3340000.0,0.273995,0.0,2720000.0,0.0,0.0,7640000.000000001,16480000.000000002,-200000.0,-1100000.0,-5500000.0,-0.451189,-4300000.0,-0.352748,290000.0,-4210000.0,-0.345365,-1680000.0,-2520000.0,-0.206727,-0.47727,-0.47727,5280000.0,5280000.0,,
0,2001-09-30,GVP,,,Q3,13820000,9470000.0,4350000.0,0.314761,0.0,2840000.0,0.0,0.0,3199999.999999999,12670000,-240000.0,860000.0000000001,1520000.0,0.109986,1150000.0,0.083213,-20000.0,900000.0,0.065123,300000.0,600000.0,0.043415,0.11342,0.11342,5290000.0,5290000.0,,
0,2001-06-30,GVP,2001-08-14 00:00:00,2001-08-14 00:00:00,Q2,11850000,8560000.0,3280000.0,0.276793,0.0,2480000.0,0.0,0.0,2820000.0000000005,11380000,-220000.0,890000.0,1020000.0,0.086076,460000.0,0.038819,110000.0,350000.0,0.029536,-120000.0,470000.0,0.039662,0.08952,0.08952,5250000.0,5250000.0,https://www.sec.gov/Archives/edgar/data/944480/000094448001500030/0000944480-01-500030-index.html,https://www.sec.gov/Archives/edgar/data/944480/000094448001500030/y2qjun_2001.txt
0,2001-03-31,GVP,,,Q1,12480000,9510000.0,2970000.0,0.237981,0.0,2820000.0,0.0,0.0,3179999.9999999995,12690000,-230000.0,890000.0,3510000.0,0.28125,-210000.0,-0.016827,20000.0,2860000.0,0.229167,1140000.0,1710000.0,0.137019,0.32885,0.32885,5200000.0,5200000.0,,
0,2000-12-31,GVP,,,Q4,13600000,11330000,2270000.0,0.166912,0.0,4980000.0,0.0,0.0,5400000.0,16730000,-160000.0,940000.0,-3550000.0,-0.261029,-3130000.0,-0.230147,-50000.0,-4330000.0,-0.318382,3250000.0,-7580000.0,-0.557353,-1.45211,-1.45211,5220000.0,5220000.0,,
0,2000-09-30,GVP,2000-11-14 00:00:00,2000-11-14 00:00:00,Q3,13690000,10020000,3670000.0,0.268079,0.0,4520000.0,0.0,0.0,4920000.0,14940000,-200000.0,990000.0,-580000.0,-0.042367,-1250000.0,-0.091308,80000.0,-1370000.0,-0.100073,-500000.0,-870000.0,-0.06355,-0.16763,-0.16763,5190000.0,5190000.0,https://www.sec.gov/Archives/edgar/data/944480/000094448000000036/0000944480-00-000036-index.html,https://www.sec.gov/Archives/edgar/data/944480/000094448000000036/0000944480-00-000036-0001.txt
0,2000-06-30,GVP,2000-08-14 00:00:00,2000-08-14 00:00:00,Q2,13300000,10310000,2990000.0,0.224812,0.0,3970000.0,0.0,0.0,4400000.0,14710000,-130000.0,970000.0,-640000.0,-0.04812,-1410000.0,-0.106015,60000.0,-1480000.0,-0.111278,-580000.0,-900000.0,-0.067669,-0.17341,-0.17341,5190000.0,5190000.0,https://www.sec.gov/Archives/edgar/data/944480/000094448000000025/0000944480-00-000025-index.html,https://www.sec.gov/Archives/edgar/data/944480/000094448000000025/0000944480-00-000025-0001.txt
0,2000-03-31,GVP,2000-05-15 00:00:00,2000-05-15 00:00:00,Q1,15120000,9160000.0,5960000.0,0.39418,0.0,4390000.0,0.0,0.0,4830000.0,13990000,-190000.0,980000.0,1700000.0,0.112434,1140000.0,0.075397,-40000.0,900000.0,0.059524,370000.0,540000.0,0.035714,0.09343,0.09343,5780000.0,5780000.0,https://www.sec.gov/Archives/edgar/data/944480/000094448000000013/0000944480-00-000013-index.html,https://www.sec.gov/Archives/edgar/data/944480/0000944480-00-000013.txt
0,1999-12-31,GVP,,,Q4,15550000,9980000.0,5570000.0,0.358199,0.0,5900000.0,0.0,0.0,6480000.0,16460000,-180000.0,1009999.9999999998,-250000.0000000002,-0.016077,-910000.0,-0.058521,10000.0,-1080000.0,-0.069453,-300000.0,-780000.0,-0.050161,-0.15385,-0.15385,5070000.0,5070000.0,,
0,1999-09-30,GVP,,,Q3,15590000,10290000,5300000.0,0.339962,0.0,5910000.0,0.0,0.0,6310000.000000002,16600000.000000002,-140000.0,750000.0000000001,-569999.9999999999,-0.036562,-1010000.0,-0.064785,-30000.0,-1180000.0,-0.07569,-450000.0,-730000.0,-0.046825,-0.14398,-0.14398,5070000.0,5070000.0,,
0,1999-06-30,GVP,,,Q2,17990000,10480000,7500000.0,0.416898,0.0,5960000.0,0.0,0.0,6309999.999999999,16790000,-20000.0,910000.0000000001,2090000.0,0.116176,1200000.0,0.066704,20000.0,1200000.0,0.066704,460000.0,740000.0,0.041134,0.14042,0.14042,5270000.0,5270000.0,,
0,1999-03-31,GVP,,,Q1,17580000,10880000,6700000.0,0.381115,0.0,4880000.0,0.0,0.0,5229999.999999999,16109999.999999998,-110000.0,810000.0,2090000.0,0.118885,1470000.0,0.083618,30000.0,1390000.0,0.079067,530000.0,860000.0,0.048919,0.16634,0.16634,5170000.0,5170000.0,,
0,1998-12-31,GVP,,,Q4,20400000,12800000,7600000.0,0.372549,0.0,5650000.0,0.0,0.0,6079999.999999998,18879999.999999996,40000.0,550000.0000000003,2210000.0000000005,0.108333,1520000.0,0.07451,60000.0,1620000.0,0.079412,360000.0,1260000.0,0.061765,0.24852,0.24852,5070000.0,5070000.0,,
0,1998-09-30,GVP,,,Q3,19240000,12700000,6550000.0,0.340437,0.0,4400000.0,0.0,0.0,4800000.000000001,17500000,-80000.0,1030000.0,-2500000.0,-0.129938,1740000.0,0.090437,-80000.0,-3450000.0,-0.179314,-1280000.0,-2170000.0,-0.112786,-0.42801,-0.42801,5070000.0,5070000.0,,
0,1998-06-30,GVP,,,Q2,16720000,12070000,4650000.0,0.27811,0.0,4960000.0,0.0,0.0,5340000.0,17410000,-140000.0,860000.0000000001,5380000.0,0.32177,-690000.0,-0.041268,-80000.0,4660000.0,0.278708,1890000.0,2770000.0,0.16567,0.53996,0.53996,5130000.0,5130000.0,,
0,1998-03-31,GVP,,,Q1,17450000,12240000,5210000.0,0.298567,0.0,5330000.0,0.0,0.0,5889999.999999999,18130000,-170000.0,1170000.0,590000.0,0.033811,-680000.0,-0.038968,430000.0,-410000.0,-0.023496,40000.0,-450000.0,-0.025788,-0.08876,-0.08876,5070000.0,5070000.0,,
0,1997-12-31,GVP,,,Q4,20730000,16500000,4230000.0,0.204052,0.0,8060000.0,0.0,0.0,8559999.999999998,25060000,-200000.0,1160000.0,-4760000.0,-0.229619,-4320000.0,-0.208394,-1200000.0,-5720000.0,-0.275929,-950000.0,-4770000.0,-0.230101,-0.94083,-0.94083,5070000.0,5070000.0,,
0,1997-09-30,GVP,,,Q3,19020000,13530000,5490000.0,0.288644,0.0,6070000.0,0.0,0.0,6520000.000000001,20050000,-210000.0,960000.0,-400000.0,-0.02103,-1020000.0,-0.053628,80000.0,-1150000.0,-0.060463,-240000.0,-910000.0,-0.047844,-0.17949,-0.17949,5070000.0,5070000.0,,
0,1997-06-30,GVP,,,Q2,20630000,14540000,6100000.0,0.295686,0.0,6940000.0,0.0,0.0,7570000.0,22110000,-170000.0,660000.0000000001,-1070000.0,-0.051866,-1480000.0,-0.07174,100000.0,-1550000.0,-0.075133,-520000.0,-1040000.0,-0.050412,-0.20513,-0.20513,5070000.0,5070000.0,,
0,1997-03-31,GVP,,,Q1,19330000,13760000,5560000.0,0.287636,0.0,6250000.0,0.0,0.0,8170000.0,21930000,-190000.0,710000.0,-2480000.0,-0.128298,-2600000.0,-0.134506,-210000.0,-3000000.0,-0.155199,-1010000.0,-1990000.0,-0.102949,-0.3925,-0.3925,5070000.0,5070000.0,,
0,1996-12-31,GVP,,,Q4,24060000,15210000,8850000.0,0.36783,0.0,7550000.0,0.0,0.0,8200000.0,23410000,-40000.0,710000.0,1400000.0,0.058188,650000.0,0.027016,120000.0,730000.0,0.030341,-730000.0,1460000.0,0.060682,0.28854,0.28854,5060000.0,5060000.0,,
0,1996-09-30,GVP,,,Q3,23500000,15870000,7630000.0,0.324681,0.0,5190000.0,0.0,0.0,5760000.0,21630000,-90000.0,730000.0,2420000.0,0.102979,1870000.0,0.079574,0.0,1770000.0,0.075319,610000.0,1170000.0,0.049787,0.23077,0.23077,5070000.0,5070000.0,,
0,1996-06-30,GVP,,,Q2,26170000,17900000,8270000.0,0.316011,0.0,5990000.0,0.0,0.0,7600000.000000001,25500000,-120000.0,670000.0,1210000.0,0.046236,670000.0,0.025602,100000.0,660000.0,0.02522,230000.0,430000.0,0.016431,0.08448,0.08448,5090000.0,5090000.0,,
