,date,symbol,fillingDate,acceptedDate,period,revenue,costOfRevenue,grossProfit,grossProfitRatio,researchAndDevelopmentExpenses,generalAndAdministrativeExpenses,sellingAndMarketingExpenses,otherExpenses,operatingExpenses,costAndExpenses,interestExpense,depreciationAndAmortization,ebitda,ebitdaratio,operatingIncome,operatingIncomeRatio,totalOtherIncomeExpensesNet,incomeBeforeTax,incomeBeforeTaxRatio,incomeTaxExpense,netIncome,netIncomeRatio,eps,epsdiluted,weightedAverageShsOut,weightedAverageShsOutDil,link,finalLink
0,2020-09-30,AWRE,2020-10-30,2020-10-30 08:53:24,Q3,2474000.0,149000.0,2325000.0,0.9397736459175424,2332000.0,2513000.0,1306000.0,0.0,0.0,4994000.0,0.0,0.0,-2382000.0,-0.9628132578819725,-2520000.0,-1.0157639450282943,0.0,-2513000.0,-1.0157639450282943,-736000.0,-1777000.0,-0.7182700080840744,-0.08,-0.08,21476000,21476000,https://www.sec.gov/Archives/edgar/data/1015739/000110465920119768/0001104659-20-119768-index.htm,https://www.sec.gov/Archives/edgar/data/1015739/000110465920119768/tm2029616d1_10q.htm
0,2020-06-30,AWRE,2020-07-31,2020-07-31 17:07:35,Q2,1890000.0,164000.0,1726000.0,0.9132275132275133,2422000.0,3005000.0,1180000.0,0.0,0.0,5591000.0,0.0,0.0,-3570000.0,-1.8888888888888888,-3701000.0,-1.9481481481481482,0.0,-3682000.0,-1.9481481481481482,-541000.0,-3141000.0,-1.661904761904762,-0.15,-0.15,21470000,21470000,https://www.sec.gov/Archives/edgar/data/1015739/000110465920089156/0001104659-20-089156-index.htm,https://www.sec.gov/Archives/edgar/data/1015739/000110465920089156/tm2020542-1_10q.htm
0,2020-03-31,AWRE,2020-05-01 00:00:00,2020-05-01 10:20:07,Q1,3518000.0,170000.0,3348000.0,0.9516770892552586,2272000.0,2423000.0,1285000.0,0.0,0.0,4865000.0,0.0,0.0,-1215000.0,-0.34536668561682776,-1347000.0,-0.34081864695849917,0.0,-1199000.0,-0.34081864695849917,-139000.0,-1060000.0,-0.3013075611142695,-0.05,-0.05,21522000,21522000,https://www.sec.gov/Archives/edgar/data/1015739/000110465920055065/0001104659-20-055065-index.html,https://www.sec.gov/Archives/edgar/data/1015739/000110465920055065/tm2014549d1_10q.htm
0,2019-12-31,AWRE,2020-02-18 00:00:00,2020-02-18 09:58:03,Q4,2450000.0,155000.0,2295000.0,0.936734693877551,2006000.0,2018000.0,945000.0,0.0,0.0,4179000.0,0.0,0.0,-1619000.0,-0.6608163265306123,-1729000.0,-0.6265306122448979,0.0,-1535000.0,-0.6265306122448979,5944000.0,-7479000.0,-3.0526530612244898,-0.35,-0.35,21473000,21473000,https://www.sec.gov/Archives/edgar/data/1015739/000110465920022309/0001104659-20-022309-index.html,https://www.sec.gov/Archives/edgar/data/1015739/000110465920022309/tm205258d1_10k.htm
0,2019-09-30,AWRE,2019-11-01 00:00:00,2019-11-01 10:01:12,Q3,3010000.0,267000.0,2743000.0,0.911295681063123,2071000.0,1845000.0,930000.0,0.0,0.0,4183000.0,0.0,0.0,-1063000.0,-0.353156146179402,-1173000.0,-0.30564784053156147,0.0,-920000.0,-0.30564784053156147,-769000.0,-151000.0,-0.05016611295681063,-0.01,-0.01,21523000,21523000,https://www.sec.gov/Archives/edgar/data/1015739/000110465919058759/0001104659-19-058759-index.html,https://www.sec.gov/Archives/edgar/data/1015739/000110465919058759/tm1919489d1_10q.htm
0,2019-06-30,AWRE,2019-08-02 00:00:00,2019-08-02 10:01:18,Q2,3012000.0,321000.0,2691000.0,0.8934262948207171,2091000.0,1783000.0,909000.0,0.0,0.0,4195000.0,0.0,0.0,-1072000.0,-0.3559096945551129,-1183000.0,-0.300464807436919,0.0,-905000.0,-0.300464807436919,33000.0,-938000.0,-0.3114209827357238,-0.04,-0.04,21537000,21537000,https://www.sec.gov/Archives/edgar/data/1015739/000114420419037346/0001144204-19-037346-index.html,https://www.sec.gov/Archives/edgar/data/1015739/000114420419037346/tv526106_10q.htm
0,2019-03-31,AWRE,2019-05-03 00:00:00,2019-05-03 10:01:57,Q1,3732000.0,518000.0,3214000.0,0.8612004287245445,1760000.0,1547000.0,826000.0,49000.0,0.0,3825000.0,0.0,0.0,17000.0,0.004555198285101822,-93000.0,0.06189710610932476,49000.0,231000.0,0.06189710610932476,3000.0,228000.0,0.06109324758842444,0.01,0.01,21565000,21582000,https://www.sec.gov/Archives/edgar/data/1015739/000114420419023447/0001144204-19-023447-index.html,https://www.sec.gov/Archives/edgar/data/1015739/000114420419023447/tv520011_10q.htm
0,2018-12-31,AWRE,2019-02-19 00:00:00,2019-02-19 10:28:55,Q4,4058000.0,480000.0,3578000.0,0.88171513060621,1526000.0,1777000.0,944000.0,68000.0,0.0,3783000.0,0.0,0.0,382000.0,0.0941350418925579,275000.0,0.14785608674223755,68000.0,600000.0,0.14785608674223755,-39000.0,639000.0,0.157466732380483,0.03,0.03,21534000,21608000,https://www.sec.gov/Archives/edgar/data/1015739/000114420419008788/0001144204-19-008788-index.html,https://www.sec.gov/Archives/edgar/data/1015739/000114420419008788/tv513035_10k.htm
0,2018-09-30,AWRE,2018-10-26 00:00:00,2018-10-26 10:01:26,Q3,5401000.0,340000.0,5061000.0,0.9370486946861692,1816000.0,2104000.0,1297000.0,1000.0,0.0,4260000.0,0.0,0.0,1248000.0,0.2310683206813553,1141000.0,0.2529161266432142,1000.0,1366000.0,0.2529161266432142,89000.0,1277000.0,0.2364376967228291,0.06,0.06,21564000,21639000,https://www.sec.gov/Archives/edgar/data/1015739/000114420418055462/0001144204-18-055462-index.html,https://www.sec.gov/Archives/edgar/data/1015739/000114420418055462/tv505195_10q.htm
0,2018-06-30,AWRE,2018-07-27 00:00:00,2018-07-27 11:01:25,Q2,3760000.0,370000.0,3390000.0,0.901595744680851,1887000.0,1884000.0,1013000.0,0.0,0.0,4141000.0,0.0,0.0,-274000.0,-0.07287234042553191,-381000.0,-0.047872340425531915,0.0,-180000.0,-0.047872340425531915,8000.0,-188000.0,-0.05,-0.01,-0.01,21534000,21534000,https://www.sec.gov/Archives/edgar/data/1015739/000114420418040369/0001144204-18-040369-index.html,https://www.sec.gov/Archives/edgar/data/1015739/000114420418040369/tv499001_10q.htm
0,2018-03-31,AWRE,2018-04-27 00:00:00,2018-04-27 10:11:54,Q1,2911000.0,50000.0,2861000.0,0.9828237718996908,1875000.0,1709000.0,924000.0,0.0,0.0,3634000.0,0.0,0.0,-601000.0,-0.20645826176571624,-723000.0,-0.19271727928546892,0.0,-561000.0,-0.19271727928546892,-66000.0,-495000.0,-0.1700446581930608,-0.02,-0.02,21547000,21573000,https://www.sec.gov/Archives/edgar/data/1015739/000114420418022918/0001144204-18-022918-index.html,https://www.sec.gov/Archives/edgar/data/1015739/000114420418022918/tv491825_10q.htm
0,2017-12-31,AWRE,2018-02-28 00:00:00,2018-02-28 09:50:40,Q4,3285000.0,102000.0,3183000.0,0.9689497716894977,1885000.0,1936000.0,1001000.0,160000.0,0.0,3923000.0,0.0,0.0,-510000.0,-0.1552511415525114,-638000.0,-0.10898021308980213,160000.0,-358000.0,-0.10898021308980213,223000.0,-581000.0,-0.17686453576864536,-0.03,-0.03,21559000,21636000,https://www.sec.gov/Archives/edgar/data/1015739/000114420418011461/0001144204-18-011461-index.html,https://www.sec.gov/Archives/edgar/data/1015739/000114420418011461/tv486650_10k.htm
0,2017-09-30,AWRE,2017-10-27 00:00:00,2017-10-27 10:01:40,Q3,5905000.0,205000.0,5700000.0,0.9652836579170194,2151000.0,1903000.0,1054000.0,19000.0,0.0,4259000.0,0.0,0.0,1776000.0,0.300762066045724,1646000.0,0.3004233700254022,19000.0,1774000.0,0.3004233700254022,545000.0,1229000.0,0.20812870448772228,0.06,0.06,21679000,21758000,https://www.sec.gov/Archives/edgar/data/1015739/000114420417054421/0001144204-17-054421-index.html,https://www.sec.gov/Archives/edgar/data/1015739/000114420417054421/tv477506_10q.htm
0,2017-06-30,AWRE,2017-07-28 00:00:00,2017-07-28 10:01:19,Q2,2745000.0,104000.0,2641000.0,0.9621129326047358,1876000.0,1840000.0,1024000.0,1313000.0,0.0,3820000.0,0.0,0.0,-983000.0,-0.3581056466302368,-1075000.0,0.13187613843351548,1349000.0,362000.0,0.13187613843351548,134000.0,228000.0,0.08306010928961749,0.01,0.01,21774000,21919000,https://www.sec.gov/Archives/edgar/data/1015739/000157104917007042/0001571049-17-007042-index.html,https://www.sec.gov/Archives/edgar/data/1015739/000157104917007042/t1700449_10q.htm
0,2017-03-31,AWRE,2017-04-28 00:00:00,2017-04-28 10:19:07,Q1,4347000.0,463000.0,3884000.0,0.8934897630549804,1857000.0,1732000.0,942000.0,91000.0,0.0,4052000.0,0.0,0.0,427000.0,0.09822866344605476,295000.0,0.10789049919484701,91000.0,469000.0,0.10789049919484701,64000.0,405000.0,0.09316770186335403,0.02,0.02,22255000,23321000,https://www.sec.gov/Archives/edgar/data/1015739/000157104917004080/0001571049-17-004080-index.html,https://www.sec.gov/Archives/edgar/data/1015739/000157104917004080/t1700243_10q.htm
0,2016-12-31,AWRE,2017-02-10 00:00:00,2017-02-10 09:38:35,Q4,3929000.0,249000.0,3680000.0,0.9366250954441334,1734000.0,1876000.0,1042000.0,571000.0,0.0,3859000.0,0.0,0.0,204000.0,0.05192160855179435,70000.0,0.17968948841944515,571000.0,706000.0,0.17968948841944515,246000.0,460000.0,0.11707813693051668,0.02,0.02,22515000,22611000,https://www.sec.gov/Archives/edgar/data/1015739/000157104917001193/0001571049-17-001193-index.html,https://www.sec.gov/Archives/edgar/data/1015739/000157104917001193/t1700070_10k.htm
0,2016-09-30,AWRE,2016-10-27 00:00:00,2016-10-27 10:46:19,Q3,5899000.0,146000.0,5753000.0,0.9752500423800644,1752000.0,1926000.0,1069000.0,238000.0,0.0,3824000.0,0.0,0.0,2239000.0,0.3795558569249025,2075000.0,0.4049838955755213,238000.0,2389000.0,0.4049838955755213,816000.0,1573000.0,0.2666553653161553,0.07,0.07,22847000,22939000,https://www.sec.gov/Archives/edgar/data/1015739/000157104916019150/0001571049-16-019150-index.html,https://www.sec.gov/Archives/edgar/data/1015739/000157104916019150/t1600650_10q.htm
0,2016-06-30,AWRE,2016-07-27,2016-07-27 11:11:11,Q2,6904000.0,1045000.0,5859000.0,0.848638470451912,1802000.0,1983000.0,1111000.0,0.0,0.0,4830000.0,0.0,0.0,2236000.0,0.3238702201622248,2074000.0,0.3108342989571263,0.0,2146000.0,0.3108342989571263,710000.0,1436000.0,0.20799536500579374,0.06,0.06,22964000,23124000,https://www.sec.gov/Archives/edgar/data/1015739/000157104916016827/t1600450_10q.htm,https://www.sec.gov/Archives/edgar/data/1015739/000157104916016827/t1600450_10q.htm
0,2016-03-31,AWRE,2016-04-27 00:00:00,2016-04-27 09:39:51,Q1,4834000.0,661000.0,4173000.0,0.8632602399669012,1649000.0,1644000.0,920000.0,0.0,0.0,3954000.0,0.0,0.0,1042000.0,0.2155564749689698,880000.0,0.19590401323955317,0.0,947000.0,0.19590401323955317,312000.0,635000.0,0.13136119155978485,0.03,0.03,22993000,23005000,https://www.sec.gov/Archives/edgar/data/1015739/000157104916014306/0001571049-16-014306-index.html,https://www.sec.gov/Archives/edgar/data/1015739/000157104916014306/t1600226_10q.htm
0,2015-12-31,AWRE,2016-02-12 00:00:00,2016-02-12 16:24:41,Q4,6947000.0,975000.0,5972000.0,0.8596516481934648,1436000.0,1953000.0,1060000.0,43000.0,0.0,4364000.0,0.0,0.0,2749000.0,0.3957103785806823,2583000.0,0.3840506693536778,43000.0,2668000.0,0.3840506693536778,842000.0,1826000.0,0.262847272203829,0.08,0.08,22932000,23012000,https://www.sec.gov/Archives/edgar/data/1015739/000157104916011724/0001571049-16-011724-index.html,https://www.sec.gov/Archives/edgar/data/1015739/000157104916011724/t1600042_10k.htm
0,2015-09-30,AWRE,2015-10-27 00:00:00,2015-10-27 09:46:28,Q3,4041000.0,416000.0,3625000.0,0.8970551843603068,1489000.0,1707000.0,849000.0,0.0,0.0,3612000.0,0.0,0.0,594000.0,0.14699331848552338,429000.0,0.11482306359811928,0.0,464000.0,0.11482306359811928,-1733000.0,2197000.0,0.5436773075971294,0.1,0.1,22930000,23011000,https://www.sec.gov/Archives/edgar/data/1015739/000157104915008429/0001571049-15-008429-index.html,https://www.sec.gov/Archives/edgar/data/1015739/000157104915008429/t83340_10q.htm
0,2015-06-30,AWRE,2015-07-28 00:00:00,2015-07-28 11:00:37,Q2,4510000.0,569000.0,3941000.0,0.8738359201773835,1439000.0,2025000.0,1064000.0,0.0,0.0,4033000.0,0.0,0.0,641000.0,0.14212860310421285,477000.0,0.1130820399113082,0.0,510000.0,0.1130820399113082,191000.0,319000.0,0.07073170731707316,0.01,0.01,22867000,23029000,https://www.sec.gov/Archives/edgar/data/1015739/000157104915005884/0001571049-15-005884-index.html,https://www.sec.gov/Archives/edgar/data/1015739/000157104915005884/t82801_10q.htm
0,2015-03-31,AWRE,2015-04-24 00:00:00,2015-04-24 12:11:49,Q1,4123000.0,547000.0,3576000.0,0.8673296143584769,1435000.0,1757000.0,972000.0,12000.0,0.0,3739000.0,0.0,0.0,517000.0,0.1253941304875091,384000.0,0.10599078341013825,12000.0,437000.0,0.10599078341013825,165000.0,272000.0,0.06597138006306087,0.01,0.01,22866000,22887000,https://www.sec.gov/Archives/edgar/data/1015739/000157104915003121/0001571049-15-003121-index.html,https://www.sec.gov/Archives/edgar/data/1015739/000157104915003121/t82086_10q.htm
0,2014-12-31,AWRE,2015-02-13,2015-02-13 10:18:10,Q4,4309000.0,744000.0,3565000.0,0.8273381294964028,1445000.0,1877000.0,928000.0,-59000.0,0.0,4066000.0,0.0,0.0,379000.0,0.08795544209793456,243000.0,0.06637270828498491,0.0,286000.0,0.06637270828498491,47000.0,239000.0,0.05546530517521467,0.01,0.01,22806000,22892000,https://www.sec.gov/Archives/edgar/data/1015739/000157104915001114/t81354_10k.htm,https://www.sec.gov/Archives/edgar/data/1015739/000157104915001114/t81354_10k.htm
0,2014-09-30,AWRE,2014-10-24 00:00:00,2014-10-24 10:41:54,Q3,6027000.0,705000.0,5322000.0,0.883026381284221,1381000.0,1913000.0,973000.0,2127000.0,0.0,3999000.0,0.0,0.0,2164000.0,0.35905093744815,2028000.0,0.6965322714451634,2127000.0,4198000.0,0.6965322714451634,1599000.0,2599000.0,0.43122614899618383,0.11,0.11,22804000,22893000,https://www.sec.gov/Archives/edgar/data/1015739/000157104914005390/0001571049-14-005390-index.html,https://www.sec.gov/Archives/edgar/data/1015739/000157104914005390/t80527_10q.htm
0,2014-06-30,AWRE,2014-07-25 00:00:00,2014-07-25 08:43:21,Q2,6767000.0,2029000.0,4738000.0,0.7001625535687898,1400000.0,1956000.0,981000.0,-59000.0,0.0,5385000.0,0.0,0.0,1578000.0,0.23319048322742722,1382000.0,0.20319196098714348,-59000.0,1375000.0,0.20319196098714348,510000.0,865000.0,0.12782621545736664,0.04,0.04,22630000,22837000,https://www.sec.gov/Archives/edgar/data/1015739/000157104914003234/0001571049-14-003234-index.html,https://www.sec.gov/Archives/edgar/data/1015739/000157104914003234/t79779_10q.htm
0,2014-03-31,AWRE,2014-04-28 00:00:00,2014-04-28 10:48:44,Q1,6617000.0,2365000.0,4252000.0,0.6425872752002418,1279000.0,1662000.0,858000.0,0.0,0.0,5306000.0,0.0,0.0,1443000.0,0.2180746561886051,1311000.0,0.21112286534683392,0.0,1397000.0,0.21112286534683392,517000.0,880000.0,0.13299078132084027,0.04,0.04,22626000,22699000,https://www.sec.gov/Archives/edgar/data/1015739/000118811214001125/0001188112-14-001125-index.html,https://www.sec.gov/Archives/edgar/data/1015739/000118811214001125/t79022_10q.htm
0,2013-12-31,AWRE,2014-02-18,2014-02-18 12:20:13,Q4,4421000.0,1980000.0,2441000.0,0.5521375254467316,-419000.0,1288000.0,346000.0,0.0,0.0,2849000.0,0.0,0.0,-1123000.0,-0.25401492874915177,1572000.0,1.0153811354897082,2828000.0,4489000.0,1.0153811354897082,1748000.0,1585000.0,0.3585161728115811,0.07,0.07,22572000,22693000,https://www.sec.gov/Archives/edgar/data/1015739/000118811214000398/t78224_10k.htm,https://www.sec.gov/Archives/edgar/data/1015739/000118811214000398/t78224_10k.htm
0,2013-09-30,AWRE,2013-10-29 00:00:00,2013-10-29 10:10:09,Q3,4470000.0,494000.0,3976000.0,0.8894854586129753,1452000.0,1853000.0,931000.0,27000.0,0.0,3799000.0,0.0,0.0,3584000.0,0.8017897091722596,671000.0,-0.4595078299776286,-2805000.0,-2054000.0,-0.4595078299776286,-901000.0,-1153000.0,-0.25794183445190155,-0.05,-0.05,22571000,22571000,https://www.sec.gov/Archives/edgar/data/1015739/000118811213003050/0001188112-13-003050-index.html,https://www.sec.gov/Archives/edgar/data/1015739/000118811213003050/t77610_10q.htm
0,2013-06-30,AWRE,2013-07-26 00:00:00,2013-07-26 10:14:54,Q2,4850000.0,1172000.0,3678000.0,0.7583505154639175,1495000.0,1900000.0,972000.0,0.0,0.0,4567000.0,0.0,0.0,393000.0,0.08103092783505154,283000.0,0.07443298969072165,0.0,361000.0,0.07443298969072165,54000.0,307000.0,0.06329896907216495,0.01,0.01,22517000,22687000,https://www.sec.gov/Archives/edgar/data/1015739/000118811213002095/0001188112-13-002095-index.html,https://www.sec.gov/Archives/edgar/data/1015739/000118811213002095/t76961_10q.htm
0,2013-03-31,AWRE,2013-04-29 00:00:00,2013-04-29 14:43:20,Q1,5616000.0,221000.0,5395000.0,0.9606481481481481,1557000.0,1826000.0,1095000.0,780000.0,0.0,3604000.0,0.0,0.0,2119000.0,0.3773148148148148,2012000.0,0.5117521367521367,780000.0,2874000.0,0.5117521367521367,1017000.0,1857000.0,0.33066239316239315,0.08,0.08,22511000,22564000,https://www.sec.gov/Archives/edgar/data/1015739/000118811213001242/0001188112-13-001242-index.html,https://www.sec.gov/Archives/edgar/data/1015739/000118811213001242/t76276_10q.htm
0,2012-12-31,AWRE,2013-02-19 00:00:00,2013-02-19 15:35:06,Q4,5660000.0,548000.0,5112000.0,0.9031802120141342,1318000.0,2114000.0,1169000.0,1121000.0,0.0,3980000.0,0.0,0.0,1875000.0,0.33127208480565373,1680000.0,0.5107773851590106,1121000.0,2891000.0,0.5107773851590106,-3062000.0,5966000.0,1.0540636042402827,0.27,0.26,22422000,22539000,https://www.sec.gov/Archives/edgar/data/1015739/000118811213000422/0001188112-13-000422-index.html,https://www.sec.gov/Archives/edgar/data/1015739/000118811213000422/t75563_10k.htm
0,2012-09-30,AWRE,2012-10-31 00:00:00,2012-10-31 09:55:40,Q3,5256000.0,421000.0,4835000.0,0.9199010654490106,1466000.0,1923000.0,1069000.0,0.0,0.0,3810000.0,0.0,0.0,-13613000,-2.589992389649924,1446000.0,3.169330289193303,15167000,16658000,3.169330289193303,6578000.0,10297000,1.9590943683409436,0.46,0.46,22339000,22501000,https://www.sec.gov/Archives/edgar/data/1015739/000118811212003179/0001188112-12-003179-index.html,https://www.sec.gov/Archives/edgar/data/1015739/000118811212003179/t74830_10q.htm
0,2012-06-30,AWRE,2012-08-02 00:00:00,2012-08-02 11:04:53,Q2,5334000.0,1191000.0,4143000.0,0.7767154105736783,1653000.0,2121000.0,1046000.0,0.0,0.0,4965000.0,0.0,0.0,-70794000,-13.272215973003375,369000.0,13.440944881889763,71285000,71694000,13.440944881889763,16768000,54926000,10.297337832770904,2.52,2.49,21757000,22099000,https://www.sec.gov/Archives/edgar/data/1015739/000118811212002340/0001188112-12-002340-index.html,https://www.sec.gov/Archives/edgar/data/1015739/000118811212002340/t74032a_10q.htm
0,2012-03-31,AWRE,2012-05-03,2012-05-03 15:45:13,Q1,5734000.0,816000.0,4918000.0,0.8576909661667248,1753000.0,2123000.0,1138000.0,0.0,0.0,4692000.0,0.0,0.0,1129000.0,0.1968957098011859,1042000.0,0.19532612486920126,26000.0,1120000.0,0.19532612486920126,2000.0,1118000.0,0.1949773282176491,0.05,0.05,20724000,20928000,https://www.sec.gov/Archives/edgar/data/1015739/000118811212000424/t72490_10k.htm,https://www.sec.gov/Archives/edgar/data/1015739/000118811212000424/t72490_10k.htm
0,2011-12-31,AWRE,2012-02-21 00:00:00,2012-02-21 15:03:24,Q4,5892000.0,1108000.0,4784000.0,0.811948404616429,1638000.0,2222000.0,1286000.0,0.0,0.0,4968000.0,0.0,0.0,1037000.0,0.17600135777325188,924000.0,0.1629327902240326,0.0,960000.0,0.1629327902240326,0.0,960000.0,0.1629327902240326,0.0,0.0,0.0,0.0,https://www.sec.gov/Archives/edgar/data/1015739/000118811212000424/0001188112-12-000424-index.html,https://www.sec.gov/Archives/edgar/data/1015739/000118811212000424/t72490_10k.htm
0,2011-09-30,AWRE,2011-10-27 00:00:00,2011-10-27 14:14:18,Q3,6422000.0,1191000.0,5231000.0,0.8145437558393024,1831000.0,2128000.0,1045000.0,0.0,0.0,5150000.0,0.0,0.0,1390000.0,0.21644347555278728,1272000.0,0.1999377141077546,0.0,1284000.0,0.1999377141077546,0.0,1284000.0,0.1999377141077546,0.06,0.06,20599000,20780000,https://www.sec.gov/Archives/edgar/data/1015739/000118811211002981/0001188112-11-002981-index.html,https://www.sec.gov/Archives/edgar/data/1015739/000118811211002981/t71780_10q.htm
0,2011-06-30,AWRE,2011-07-27 00:00:00,2011-07-27 17:07:34,Q2,5913000.0,1537000.0,4376000.0,0.7400642651784204,1810000.0,2849000.0,1060000.0,0.0,0.0,6196000.0,0.0,0.0,-163000.0,-0.02756637916455268,-283000.0,-0.04515474378488077,0.0,-267000.0,-0.04515474378488077,0.0,-267000.0,-0.04515474378488077,-0.01,-0.01,20700000,20700000,https://www.sec.gov/Archives/edgar/data/1015739/000118811211002025/0001188112-11-002025-index.html,https://www.sec.gov/Archives/edgar/data/1015739/000118811211002025/t71194_10q.htm
0,2011-03-31,AWRE,2011-04-27 00:00:00,2011-04-27 16:27:26,Q1,6358000.0,1577000.0,4781000.0,0.7519660270525322,1961000.0,2248000.0,1051000.0,0.0,0.0,5786000.0,0.0,0.0,696000.0,0.10946838628499528,572000.0,0.09311104120792701,0.0,592000.0,0.09311104120792701,2000.0,590000.0,0.09279647687952186,0.03,0.03,20219000,20828000,https://www.sec.gov/Archives/edgar/data/1015739/000118811211001173/0001188112-11-001173-index.html,https://www.sec.gov/Archives/edgar/data/1015739/000118811211001173/t70472_10q.htm
0,2010-12-31,AWRE,2011-02-11,2011-02-11 11:46:14,Q4,6822000.0,1612000.0,5210000.0,0.7637056581647611,1898000.0,3104000.0,1135000.0,0.0,0.0,6614000.0,0.0,0.0,356000.0,0.05218411023160364,208000.0,0.03386103781882146,0.0,231000.0,0.03386103781882146,1000.0,230000.0,0.0337144532395192,0.0,0.0,0.0,0.0,https://www.sec.gov/Archives/edgar/data/1015739/000118811211000241/t69717_10k.htm,https://www.sec.gov/Archives/edgar/data/1015739/000118811211000241/t69717_10k.htm
0,2010-09-30,AWRE,2010-10-29 00:00:00,2010-10-29 10:55:42,Q3,6151000.0,1442000.0,4709000.0,0.7655665745407251,2082000.0,2679000.0,1029000.0,0.0,0.0,6203000.0,0.0,0.0,-24000.0,-0.003901804584620387,-52000.0,0.012355714517964559,100000.0,76000.0,0.012355714517964559,0.0,76000.0,0.012355714517964559,0.0,0.0,20000000,20344000,https://www.sec.gov/Archives/edgar/data/1015739/000118811210002911/0001188112-10-002911-index.html,https://www.sec.gov/Archives/edgar/data/1015739/000118811210002911/t69133_10q.htm
0,2010-06-30,AWRE,2010-07-28 00:00:00,2010-07-28 10:10:07,Q2,4971000.0,914000.0,4057000.0,0.816133574733454,2082000.0,2469000.0,1053000.0,0.0,0.0,5465000.0,0.0,0.0,-688000.0,-0.1384027358680346,-494000.0,-0.029772681553007444,325000.0,-148000.0,-0.029772681553007444,0.0,-148000.0,-0.029772681553007444,-0.01,-0.01,19927000,19927000,https://www.sec.gov/Archives/edgar/data/1015739/000118811210001900/0001188112-10-001900-index.html,https://www.sec.gov/Archives/edgar/data/1015739/000118811210001900/t68582_10q.htm
0,2010-03-31,AWRE,2010-04-29 00:00:00,2010-04-29 14:46:41,Q1,5616000.0,1108000.0,4508000.0,0.8027065527065527,2035000.0,2468000.0,1066000.0,0.0,0.0,5611000.0,0.0,0.0,134000.0,0.02386039886039886,5000.0,0.004095441595441595,0.0,23000.0,0.004095441595441595,1000.0,22000.0,0.003917378917378918,0.0,0.0,19913000,19923000,https://www.sec.gov/Archives/edgar/data/1015739/000118811210001110/0001188112-10-001110-index.html,https://www.sec.gov/Archives/edgar/data/1015739/000118811210001110/t67888_10q.htm
0,2009-12-31,AWRE,2010-02-12 00:00:00,2010-02-12 12:01:57,Q4,5485000.0,836000.0,4649000.0,0.8475843208751139,2576000.0,2492000.0,1190000.0,0.0,0.0,5904000.0,0.0,0.0,-258000.0,-0.04703737465815862,-419000.0,1.0632634457611667,0.0,5832000.0,1.0632634457611667,-1000.0,5833000.0,1.0634457611668187,0.0,0.0,0.0,0.0,https://www.sec.gov/Archives/edgar/data/1015739/000118811210000245/0001188112-10-000245-index.html,https://www.sec.gov/Archives/edgar/data/1015739/000118811210000245/t67114_10k.htm
0,2009-09-30,AWRE,2009-10-22 00:00:00,2009-10-22 12:11:48,Q3,6220000.0,1574000.0,4646000.0,0.7469453376205788,3175000.0,2634000.0,1251000.0,0.0,0.0,7383000.0,0.0,0.0,-949000.0,-0.15257234726688104,-1163000.0,-0.1819935691318328,0.0,-1132000.0,-0.1819935691318328,1000.0,-1133000.0,-0.18215434083601287,-0.06,-0.06,19782000,19782000,https://www.sec.gov/Archives/edgar/data/1015739/000118811209002202/0001188112-09-002202-index.html,https://www.sec.gov/Archives/edgar/data/1015739/000118811209002202/t66483_10q.htm
0,2009-06-30,AWRE,2009-07-31 00:00:00,2009-07-31 10:03:39,Q2,5764000.0,1952000.0,3812000.0,0.6613462873004857,3058000.0,2400000.0,1184000.0,0.0,0.0,7410000.0,0.0,0.0,-1425000.0,-0.24722414989590563,-1646000.0,-0.2749826509368494,0.0,-1585000.0,-0.2749826509368494,1000.0,-1586000.0,-0.27515614156835533,-0.08,-0.08,20666000,20666000,https://www.sec.gov/Archives/edgar/data/1015739/000118811209001686/0001188112-09-001686-index.html,https://www.sec.gov/Archives/edgar/data/1015739/000118811209001686/t66000_10q.htm
0,2009-03-31,AWRE,2009-05-06 00:00:00,2009-05-06 11:08:59,Q1,4573000.0,1421000.0,3152000.0,0.689263065821124,3111000.0,2294000.0,1081000.0,0.0,0.0,6826000.0,0.0,0.0,-2026000.0,-0.44303520664771484,-2253000.0,-0.4653400393614695,0.0,-2128000.0,-0.4653400393614695,3000.0,-2131000.0,-0.46599606385305054,-0.09,-0.09,23281000,23281000,https://www.sec.gov/Archives/edgar/data/1015739/000118811209001145/0001188112-09-001145-index.html,https://www.sec.gov/Archives/edgar/data/1015739/000118811209001145/t65405_10q.htm
0,2008-12-31,AWRE,2009-02-13 00:00:00,2009-02-13 12:00:48,Q4,12083000,1281000.0,10802000,0.8939832822974427,3187000.0,2858000.0,0.0,0.0,0.0,7326000.0,0.0,0.0,4990000.0,0.412976909707854,4757000.0,0.4119837788628652,0.0,4978000.0,0.4119837788628652,0.0,4978000.0,0.4119837788628652,0.0,0.0,0.0,0.0,https://www.sec.gov/Archives/edgar/data/1015739/000118811209000293/0001188112-09-000293-index.html,https://www.sec.gov/Archives/edgar/data/1015739/000118811209000293/t64490_10k.htm
0,2008-09-30,AWRE,2008-10-24 00:00:00,2008-10-24 09:00:41,Q3,6390000.0,1893000.0,4497000.0,0.7037558685446009,2945000.0,2456000.0,0.0,0.0,0.0,7294000.0,0.0,0.0,-673000.0,-0.105320813771518,-904000.0,-0.10328638497652583,0.0,-660000.0,-0.10328638497652583,3000.0,-663000.0,-0.10375586854460093,-0.03,-0.03,23510000,23510000,https://www.sec.gov/Archives/edgar/data/1015739/000118811208002944/0001188112-08-002944-index.html,https://www.sec.gov/Archives/edgar/data/1015739/000118811208002944/t63857_10q.htm
0,2008-06-30,AWRE,2008-07-25 00:00:00,2008-07-25 11:48:20,Q2,6167000.0,1753000.0,4414000.0,0.7157450948597374,3511000.0,2471000.0,0.0,0.0,0.0,7735000.0,0.0,0.0,-1335000.0,-0.21647478514674884,-1568000.0,-0.20317820658342792,0.0,-1253000.0,-0.20317820658342792,4000.0,-1257000.0,-0.2038268201718826,-0.05,-0.05,23869000,23869000,https://www.sec.gov/Archives/edgar/data/1015739/000118811208002246/0001188112-08-002246-index.html,https://www.sec.gov/Archives/edgar/data/1015739/000118811208002246/t63309_10q.htm
0,2008-03-31,AWRE,2008-05-09 00:00:00,2008-05-09 10:17:40,Q1,5876000.0,1842000.0,4034000.0,0.6865214431586113,3528000.0,2162000.0,0.0,0.0,0.0,7532000.0,0.0,0.0,-1432000.0,-0.24370319945541186,-1656000.0,-0.216643975493533,0.0,-1273000.0,-0.216643975493533,9000.0,-1282000.0,-0.21817562968005447,-0.05,-0.05,23880000,23880000,https://www.sec.gov/Archives/edgar/data/1015739/000118811208001598/0001188112-08-001598-index.html,https://www.sec.gov/Archives/edgar/data/1015739/000118811208001598/t62648_10q.htm
0,2007-12-31,AWRE,2008-02-15,2008-02-15 17:14:35,Q4,6752000.0,2021000.0,4731000.0,0.700681279620853,3134000.0,1898000.0,0.0,0.0,0.0,7053000.0,0.0,0.0,-75000.0,-0.01110781990521327,-301000.0,0.028880331753554502,0.0,195000.0,0.028880331753554502,3000.0,192000.0,0.02843601895734597,0.0,0.0,0.0,0.0,https://www.sec.gov/Archives/edgar/data/1015739/000118811208000422/t61714_10k.htm,https://www.sec.gov/Archives/edgar/data/1015739/000118811208000422/t61714_10k.htm
0,2007-09-30,AWRE,2007-11-08 00:00:00,2007-11-08 16:49:02,Q3,7456000.0,2454000.0,5002000.0,0.6708690987124464,2528000.0,1945000.0,0.0,0.0,0.0,6927000.0,0.0,0.0,755000.0,0.1012607296137339,529000.0,0.13961909871244635,0.0,1041000.0,0.13961909871244635,6000.0,1035000.0,0.13881437768240343,0.04,0.04,23757000,24996000,https://www.sec.gov/Archives/edgar/data/1015739/000118811207003264/0001188112-07-003264-index.html,https://www.sec.gov/Archives/edgar/data/1015739/000118811207003264/t60941_10q.htm
0,2007-06-30,AWRE,2007-08-02 00:00:00,2007-08-02 15:03:57,Q2,6429000.0,3100000.0,3329000.0,0.517809923782859,2867000.0,1926000.0,0.0,0.0,0.0,7893000.0,0.0,0.0,-1248000.0,-0.1941203919738684,-1464000.0,-0.14947892362731374,0.0,-961000.0,-0.14947892362731374,7000.0,-968000.0,-0.1505677399284492,-0.04,-0.04,23715000,23715000,https://www.sec.gov/Archives/edgar/data/1015739/000118811207002340/0001188112-07-002340-index.html,https://www.sec.gov/Archives/edgar/data/1015739/000118811207002340/t15281_10q.txt
0,2007-03-31,AWRE,2007-05-10 00:00:00,2007-05-10 11:34:39,Q1,5800000.0,1848000.0,3952000.0,0.6813793103448276,2789000.0,1756000.0,0.0,0.0,0.0,6393000.0,0.0,0.0,-383000.0,-0.06603448275862069,-593000.0,-0.015172413793103448,0.0,-88000.0,-0.015172413793103448,10000.0,-98000.0,-0.01689655172413793,0.0,0.0,23657000,23657000,https://www.sec.gov/Archives/edgar/data/1015739/000118811207001419/0001188112-07-001419-index.html,https://www.sec.gov/Archives/edgar/data/1015739/000118811207001419/t14290_10q.txt
0,2006-12-31,AWRE,,,Q4,6449000.0,1726000.0,4723000.0,0.7323616064506125,2585000.0,1676000.0,0.0,0.0,0.0,5987000.0,0.0,0.0,657000.0,0.10187625988525353,462000.0,0.14529384400682277,0.0,937000.0,0.14529384400682277,77000.0,883000.0,0.13692045278337728,0.0,0.0,0.0,0.0,,
0,2006-09-30,AWRE,,,Q3,6682000.0,1649000.0,5033000.0,0.7532175995211015,2726000.0,1627000.0,0.0,0.0,0.0,6002000.0,0.0,0.0,849000.0,0.12705776713558814,680000.0,0.17509727626459143,0.0,1170000.0,0.17509727626459143,330000.0,840000.0,0.1257108650104759,0.04,0.03,23552000,24987000,,
0,2006-06-30,AWRE,,,Q2,4790000.0,1327000.0,3463000.0,0.722964509394572,3129000.0,2003000.0,0.0,0.0,0.0,6459000.0,0.0,0.0,-1669000.0,-0.3484342379958246,-1669000.0,-0.25260960334029225,0.0,-1210000.0,-0.25260960334029225,0.0,-1210000.0,-0.25260960334029225,-0.05,-0.05,23430000,24840000,,
0,2006-03-31,AWRE,,,Q1,6134000.0,1398000.0,4736000.0,0.7720899902184545,2790000.0,1818000.0,0.0,0.0,0.0,6006000.0,0.0,0.0,782000.0,0.12748614281056406,128000.0,0.08509944571242256,0.0,522000.0,0.08509944571242256,0.0,522000.0,0.08509944571242256,0.02,0.02,23307000,24840000,,
0,2005-12-31,AWRE,,,Q4,3673000.0,1081000.0,2592000.0,0.7056901715219167,2770000.0,1367000.0,0.0,0.0,0.0,5218000.0,0.0,0.0,-1391000.0,-0.37870950176967055,-1545000.0,-0.32480261366730195,0.0,-1193000.0,-0.32480261366730195,0.0,-1193000.0,-0.32480261366730195,0.0,0.0,0.0,0.0,,
0,2005-09-30,AWRE,,,Q3,5087000.0,983000.0,4104000.0,0.806762335364655,2487000.0,1365000.0,0.0,0.0,0.0,4835000.0,0.0,0.0,-333000.0,-0.06546097896599175,252000.0,0.11028110870847257,750000.0,561000.0,0.11028110870847257,0.0,561000.0,0.11028110870847257,0.02,0.02,23116000,25168000,,
0,2005-06-30,AWRE,,,Q2,2683000.0,780000.0,1903000.0,0.7092806559821095,2360000.0,1337000.0,0.0,0.0,0.0,4477000.0,0.0,0.0,-2569000.0,-0.9575102497204622,-1794000.0,-0.5672754379426016,920000.0,-1522000.0,-0.5672754379426016,0.0,-1522000.0,-0.5672754379426016,-0.07,-0.07,23019000,23019000,,
0,2005-03-31,AWRE,,,Q1,4224000.0,900000.0,3324000.0,0.7869318181818182,2553000.0,1302000.0,0.0,0.0,0.0,4755000.0,0.0,0.0,-381000.0,-0.09019886363636363,-531000.0,-0.07433712121212122,0.0,-314000.0,-0.07433712121212122,0.0,-314000.0,-0.07433712121212122,-0.01,-0.01,22943000,22943000,,
0,2004-12-31,AWRE,2005-03-16 00:00:00,2005-03-16 12:32:35,Q4,4597000.0,819000.0,3778000.0,0.8218403306504242,2328000.0,1203000.0,0.0,0.0,0.0,4350000.0,0.0,0.0,427000.0,0.09288666521644551,247000.0,0.09223406569501849,0.0,424000.0,0.09223406569501849,0.0,424000.0,0.09223406569501849,0.0,0.0,0.0,0.0,https://www.sec.gov/Archives/edgar/data/1015739/000118811205000453/0001188112-05-000453-index.html,https://www.sec.gov/Archives/edgar/data/1015739/000118811205000453/t10k-5273.txt
0,2004-09-30,AWRE,2004-11-09 00:00:00,2004-11-09 16:41:07,Q3,4561000.0,874000.0,3687000.0,0.8083753562815172,2511000.0,1155000.0,0.0,0.0,0.0,4540000.0,0.0,0.0,-781000.0,-0.17123437842578382,21000.0,0.03595702696777023,1028000.0,164000.0,0.03595702696777023,0.0,164000.0,0.03595702696777023,0.01,0.01,22784000,22837000,https://www.sec.gov/Archives/edgar/data/1015739/000118811204001723/0001188112-04-001723-index.html,https://www.sec.gov/Archives/edgar/data/1015739/000118811204001723/t10q-3945.txt
0,2004-06-30,AWRE,2004-08-06 00:00:00,2004-08-06 14:31:46,Q2,3725000.0,848000.0,2877000.0,0.7723489932885906,2503000.0,1297000.0,0.0,0.0,0.0,4648000.0,0.0,0.0,-1557000.0,-0.4179865771812081,-923000.0,-0.21691275167785234,906000.0,-808000.0,-0.21691275167785234,0.0,-808000.0,-0.21691275167785234,-0.04,-0.04,22766000,22766000,https://www.sec.gov/Archives/edgar/data/1015739/000118811204001158/0001188112-04-001158-index.html,https://www.sec.gov/Archives/edgar/data/1015739/000118811204001158/t10q-3310.txt
0,2004-03-31,AWRE,2004-05-10 00:00:00,2004-05-10 15:30:44,Q1,3602000.0,1004000.0,2598000.0,0.7212659633536924,2671000.0,1197000.0,0.0,0.0,0.0,4872000.0,0.0,0.0,-979000.0,-0.27179344808439754,-1270000.0,-0.3184342032204331,0.0,-1147000.0,-0.3184342032204331,0.0,-1147000.0,-0.3184342032204331,-0.05,-0.05,22751000,22751000,https://www.sec.gov/Archives/edgar/data/1015739/000118811204000730/0001188112-04-000730-index.html,https://www.sec.gov/Archives/edgar/data/1015739/000118811204000730/t10q-2563a.txt
0,2003-12-31,AWRE,2004-03-15 00:00:00,2004-03-15 16:29:57,Q4,3024000.0,983000.0,2041000.0,0.6749338624338624,2561000.0,1100000.0,0.0,0.0,0.0,4644000.0,0.0,0.0,-1296000.0,-0.42857142857142855,-1620000.0,-0.4914021164021164,0.0,-1486000.0,-0.4914021164021164,0.0,-1486000.0,-0.4914021164021164,0.0,0.0,0.0,0.0,https://www.sec.gov/Archives/edgar/data/1015739/000118811204000331/0001188112-04-000331-index.html,https://www.sec.gov/Archives/edgar/data/1015739/000118811204000331/t10k-1884.txt
0,2003-09-30,AWRE,2003-11-12 00:00:00,2003-11-12 17:00:09,Q3,3055000.0,740000.0,2315000.0,0.7577741407528642,2962000.0,1235000.0,0.0,0.0,0.0,4937000.0,0.0,0.0,-2454000.0,-0.8032733224222586,-1882000.0,-0.5715220949263502,933000.0,-1746000.0,-0.5715220949263502,0.0,-1746000.0,-0.5715220949263502,-0.08,-0.08,22718000,22718000,https://www.sec.gov/Archives/edgar/data/1015739/000118811203000821/0001188112-03-000821-index.html,https://www.sec.gov/Archives/edgar/data/1015739/000118811203000821/t10q-1058.txt
0,2003-06-30,AWRE,2003-08-08 00:00:00,2003-08-08 12:02:44,Q2,2817000.0,478000.0,2339000.0,0.8303159389421371,3104000.0,1236000.0,0.0,0.0,0.0,4818000.0,0.0,0.0,-2659000.0,-0.9439119630812921,-2001000.0,-0.6545970891018814,1039000.0,-1844000.0,-0.6545970891018814,0.0,-1844000.0,-0.6545970891018814,-0.08,-0.08,22705000,22705000,https://www.sec.gov/Archives/edgar/data/1015739/000118811203000489/0001188112-03-000489-index.html,https://www.sec.gov/Archives/edgar/data/1015739/000118811203000489/t10q-30166.txt
0,2003-03-31,AWRE,2003-05-13 00:00:00,2003-05-13 16:18:58,Q1,1947000.0,408000.0,1539000.0,0.7904468412942989,3448000.0,1223000.0,0.0,0.0,0.0,5079000.0,0.0,0.0,-2727000.0,-1.4006163328197228,-3132000.0,-1.5218284540318439,0.0,-2963000.0,-1.5218284540318439,0.0,-2963000.0,-1.5218284540318439,-0.13,-0.13,22698000,22698000,https://www.sec.gov/Archives/edgar/data/1015739/000118811203000300/0001188112-03-000300-index.html,https://www.sec.gov/Archives/edgar/data/1015739/000118811203000300/t10q-29711.txt
0,2002-12-31,AWRE,2003-03-27 00:00:00,2003-03-27 16:15:27,Q4,2303000.0,669000.0,1634000.0,0.7095093356491533,4041000.0,2133000.0,0.0,0.0,0.0,6843000.0,0.0,0.0,-4101000.0,-1.780720798957881,-4540000.0,-1.8849326964828486,0.0,-4341000.0,-1.8849326964828486,0.0,-4341000.0,-1.8849326964828486,0.0,0.0,0.0,0.0,https://www.sec.gov/Archives/edgar/data/1015739/000118811203000146/0001188112-03-000146-index.html,https://www.sec.gov/Archives/edgar/data/1015739/000118811203000146/t10k-29322.txt
0,2002-09-30,AWRE,2002-11-13 00:00:00,2002-11-13 16:59:18,Q3,3953000.0,1841000.0,2112000.0,0.5342777637237541,3378000.0,1546000.0,0.0,0.0,0.0,6765000.0,0.0,0.0,-3077000.0,-0.7783961548191247,-2812000.0,-0.6546926385024032,729000.0,-2588000.0,-0.6546926385024032,7093000.0,-9681000.0,-2.4490260561598785,-0.43,-0.43,22686000,22686000,https://www.sec.gov/Archives/edgar/data/1015739/000118811202000041/0001188112-02-000041-index.html,https://www.sec.gov/Archives/edgar/data/1015739/000118811202000041/t10q-28351.txt
0,2002-06-30,AWRE,2002-08-12 00:00:00,2002-08-12 16:33:40,Q2,4012000.0,1703000.0,2309000.0,0.5755234297108675,3172000.0,1499000.0,0.0,0.0,0.0,6374000.0,0.0,0.0,-2659000.0,-0.6627617148554337,-2362000.0,-0.5309072781655035,759000.0,-2130000.0,-0.5309072781655035,0.0,-2130000.0,-0.5309072781655035,-0.09,-0.09,22673000,22673000,https://www.sec.gov/Archives/edgar/data/1015739/000113388402000874/0001133884-02-000874-index.html,https://www.sec.gov/Archives/edgar/data/1015739/000113388402000874/g10q-29466.txt
0,2002-03-31,AWRE,2002-05-10 00:00:00,2002-05-10 15:37:32,Q1,3576000.0,1631000.0,1945000.0,0.543903803131991,3365000.0,1395000.0,0.0,0.0,0.0,6391000.0,0.0,0.0,-2336000.0,-0.6532438478747203,-2815000.0,-0.7203579418344519,0.0,-2576000.0,-0.7203579418344519,0.0,-2576000.0,-0.7203579418344519,-0.11,-0.11,22664000,22664000,https://www.sec.gov/Archives/edgar/data/1015739/000113388402000587/0001133884-02-000587-index.html,https://www.sec.gov/Archives/edgar/data/1015739/000113388402000587/g10q-28504.txt
0,2001-12-31,AWRE,2002-03-20 00:00:00,2002-03-20 00:00:00,Q4,3234000.0,1488000.0,1746000.0,0.5398886827458256,3187000.0,1457000.0,0.0,0.0,0.0,6162000.0,0.0,0.0,-2457000.0,-0.7597402597402597,-2928000.0,-0.7971552257266543,0.0,-2578000.0,-0.7971552257266543,0.0,-2578000.0,-0.7971552257266543,0.0,0.0,0.0,0.0,https://www.sec.gov/Archives/edgar/data/1015739/000113388402000264/0001133884-02-000264-index.html,https://www.sec.gov/Archives/edgar/data/1015739/000113388402000264/g10k-27631.txt
0,2001-09-30,AWRE,2001-11-13 00:00:00,2001-11-13 00:00:00,Q3,3108000.0,1549000.0,1559000.0,0.5016087516087516,3007000.0,1426000.0,0.0,0.0,0.0,5982000.0,0.0,0.0,-2440000.0,-0.7850707850707851,-2874000.0,-0.7567567567567568,0.0,-2352000.0,-0.7567567567567568,-313000.0,-2039000.0,-0.6560489060489061,-0.09,-0.09,22639000,22639000,https://www.sec.gov/Archives/edgar/data/1015739/000113388401500731/0001133884-01-500731-index.html,https://www.sec.gov/Archives/edgar/data/1015739/000113388401500731/g10q-26288.txt
0,2001-06-30,AWRE,2001-08-13 00:00:00,2001-08-13 00:00:00,Q2,4017000.0,2044000.0,1973000.0,0.4911625591237242,2074000.0,1554000.0,0.0,0.0,0.0,5672000.0,0.0,0.0,-1247000.0,-0.31043066965397065,-1655000.0,-0.2534229524520787,0.0,-1018000.0,-0.2534229524520787,-1058000.0,40000.0,0.009957679860592481,0.0,0.0,22625000,22754000,https://www.sec.gov/Archives/edgar/data/1015739/000113388401500462/0001133884-01-500462-index.html,https://www.sec.gov/Archives/edgar/data/1015739/000113388401500462/g10q-25458.txt
0,2001-03-31,AWRE,2001-05-14 00:00:00,2001-05-14 00:00:00,Q1,8218000.0,1964000.0,6254000.0,0.7610124117790217,1837000.0,1377000.0,0.0,0.0,-407000.0,5178000.0,0.0,0.0,3447000.0,0.41944512046726695,3040000.0,0.4170114383061572,0.0,3427000.0,0.4170114383061572,1371000.0,2056000.0,0.25018252616208325,0.09,0.09,22614000,22945000,https://www.sec.gov/Archives/edgar/data/1015739/000113388401500304/0001133884-01-500304-index.html,https://www.sec.gov/Archives/edgar/data/1015739/000113388401500304/g10q-24588.txt
0,2000-12-31,AWRE,2001-03-28 00:00:00,2001-03-28 00:00:00,Q4,8956475.0,2113686.0,6842789.0,0.7640047005099663,1748096.0,1420008.0,0.0,0.0,0.0,5675045.0,0.0,0.0,3674685.0,0.4102825051150146,3281430.0,0.0,0.0,0.0,0.0,0.0,5208895.0,0.5815786902771458,0.0,0.0,0.0,0.0,https://www.sec.gov/Archives/edgar/data/1015739/000100547701002245/0001005477-01-002245-index.html,https://www.sec.gov/Archives/edgar/data/1015739/000100547701002245/0001005477-01-002245-0001.txt
0,2000-09-30,AWRE,2000-11-09 00:00:00,2000-11-09 00:00:00,Q3,8105645.0,2128326.0,5977319.0,0.737426694606043,1414496.0,1368083.0,0.0,0.0,0.0,5355601.0,0.0,0.0,3194740.0,0.3941376657872384,2750044.0,0.0,0.0,0.0,0.0,0.0,3507115.0,0.43267562297633316,0.16,0.15,22528865,23957275,https://www.sec.gov/Archives/edgar/data/1015739/000095013500004910/0000950135-00-004910-index.html,https://www.sec.gov/Archives/edgar/data/1015739/000095013500004910/b37201aie10-q.txt
0,2000-06-30,AWRE,2000-08-11 00:00:00,2000-08-11 00:00:00,Q2,7198072.0,1981210.0,5216862.0,0.724758240817819,1338624.0,1503906.0,0.0,0.0,0.0,5279486.0,0.0,0.0,2374332.0,0.32985666161716637,1918586.0,0.0,0.0,0.0,0.0,0.0,2588087.0,0.35955280802970574,0.12,0.11,22474584,23810643,https://www.sec.gov/Archives/edgar/data/1015739/000095013500003929/0000950135-00-003929-index.html,https://www.sec.gov/Archives/edgar/data/1015739/000095013500003929/e10-q.txt
0,2000-03-31,AWRE,2000-05-12 00:00:00,2000-05-12 00:00:00,Q1,6406808.0,1669778.0,4737030.0,0.7393744279522658,1413784.0,1339003.0,0.0,0.0,0.0,4866868.0,0.0,0.0,1984243.0,0.3097085163157691,1539940.0,0.0,0.0,0.0,0.0,0.0,2109903.0,0.3293220274433072,0.09,0.09,22229909,23879848,https://www.sec.gov/Archives/edgar/data/1015739/000095013500002789/0000950135-00-002789-index.html,https://www.sec.gov/Archives/edgar/data/1015739/0000950135-00-002789.txt
0,1999-12-31,AWRE,,,Q4,6127114.0,1740911.0,4386203.0,0.7158676988872739,1235829.0,1154355.0,0.0,0.0,0.0,4606575.0,0.0,0.0,1996019.0,0.3257682164882194,1520539.0,0.0,0.0,0.0,0.0,0.0,1897628.0,0.30970992215911114,0.0,0.0,0.0,0.0,,
0,1999-09-30,AWRE,1999-11-09 00:00:00,1999-11-09 00:00:00,Q3,5400000.0,1800000.0,3600000.0,0.6666666666666666,800000.0,1400000.0,0.0,0.0,0.0,4400000.0,0.0,0.0,1400000.0,0.25925925925925924,1000000.0,0.0,0.0,0.0,0.0,0.0,1400000.0,0.25925925925925924,0.07,0.06,20000000,23333333,https://www.sec.gov/Archives/edgar/data/1015739/000095013599005073/0000950135-99-005073-index.html,https://www.sec.gov/Archives/edgar/data/1015739/0000950135-99-005073.txt
0,1999-06-30,AWRE,1999-08-11 00:00:00,1999-08-11 00:00:00,Q2,4700000.0,1500000.0,3200000.0,0.6808510638297872,800000.0,1400000.0,0.0,0.0,0.0,4200000.0,0.0,0.0,600000.0,0.1276595744680851,500000.0,0.0,400000.0,0.0,0.0,0.0,900000.0,0.19148936170212766,0.04,0.04,22500000,22500000,https://www.sec.gov/Archives/edgar/data/1015739/000095013599003895/0000950135-99-003895-index.html,https://www.sec.gov/Archives/edgar/data/1015739/0000950135-99-003895.txt
0,1999-03-31,AWRE,1999-05-12 00:00:00,1999-05-12 00:00:00,Q1,4300000.0,1600000.0,2700000.0,0.627906976744186,800000.0,1200000.0,0.0,0.0,0.0,4000000.0,0.0,0.0,400000.0,0.09302325581395349,300000.0,0.0,300000.0,0.0,0.0,0.0,700000.0,0.16279069767441862,0.03,0.03,23333333,23333333,https://www.sec.gov/Archives/edgar/data/1015739/000095013599002583/0000950135-99-002583-index.html,https://www.sec.gov/Archives/edgar/data/1015739/0000950135-99-002583.txt
0,1998-12-31,AWRE,,,Q4,4000000.0,0.0,0.0,0.0,-3000000.0,1200000.0,0.0,0.0,0.0,3900000.0,0.0,0.0,100000.0,0.025,100000.0,0.0,400000.0,0.0,0.0,0.0,600000.0,0.15,0.0,0.0,0.0,0.0,,
0,1998-09-30,AWRE,1998-11-12 00:00:00,1998-11-12 00:00:00,Q3,3300000.0,-100000.0,3400000.0,1.0303030303030303,2400000.0,1200000.0,0.0,0.0,0.0,3900000.0,0.0,0.0,-600000.0,-0.18181818181818182,-600000.0,0.0,400000.0,0.0,0.0,0.0,-100000.0,-0.030303030303030304,-0.004842,-0.004842,19285714,19285714,https://www.sec.gov/Archives/edgar/data/1015739/000095013598005827/0000950135-98-005827-index.html,https://www.sec.gov/Archives/edgar/data/1015739/0000950135-98-005827.txt
0,1998-06-30,AWRE,1998-08-05 00:00:00,1998-08-05 00:00:00,Q2,2400000.0,100000.0,2300000.0,0.9583333333333334,2300000.0,1400000.0,0.0,0.0,0.0,4200000.0,0.0,0.0,-1800000.0,-0.75,-1800000.0,0.0,400000.0,0.0,0.0,0.0,-1300000.0,-0.5416666666666666,-0.06,-0.06,21666667,21666667,https://www.sec.gov/Archives/edgar/data/1015739/000095013598004494/0000950135-98-004494-index.html,https://www.sec.gov/Archives/edgar/data/1015739/0000950135-98-004494.txt
0,1998-03-31,AWRE,1998-05-12 00:00:00,1998-05-12 00:00:00,Q1,2000000.0,100000.0,1900000.0,0.95,2200000.0,1300000.0,0.0,0.0,0.0,3900000.0,0.0,0.0,-2000000.0,-1.0,-1900000.0,0.0,400000.0,0.0,0.0,0.0,-1500000.0,-0.75,-0.07,-0.07,21428571,21428571,https://www.sec.gov/Archives/edgar/data/1015739/000095013598003117/0000950135-98-003117-index.html,https://www.sec.gov/Archives/edgar/data/1015739/0000950135-98-003117.txt
0,1997-12-31,AWRE,1998-03-30 00:00:00,1998-03-30 00:00:00,Q4,1800000.0,0.0,1800000.0,1.0,2200000.0,1300000.0,0.0,0.0,0.0,3800000.0,0.0,0.0,-2100000.0,-1.1666666666666667,-2000000.0,0.0,400000.0,0.0,0.0,0.0,-1700000.0,-0.9444444444444444,0.0,0.0,0.0,0.0,https://www.sec.gov/Archives/edgar/data/1015739/000095013598001991/0000950135-98-001991-index.html,https://www.sec.gov/Archives/edgar/data/1015739/0000950135-98-001991.txt
0,1997-09-30,AWRE,1997-11-12 00:00:00,1997-11-12 00:00:00,Q3,700000.0,100000.0,600000.0,0.8571428571428571,1800000.0,1100000.0,0.0,0.0,0.0,3300000.0,0.0,0.0,-2700000.0,-3.857142857142857,-2600000.0,0.0,400000.0,0.0,0.0,0.0,-2100000.0,-3.0,-0.11,-0.11,19090909,19090909,https://www.sec.gov/Archives/edgar/data/1015739/000095013597004421/0000950135-97-004421-index.html,https://www.sec.gov/Archives/edgar/data/1015739/0000950135-97-004421.txt
0,1997-06-30,AWRE,1997-08-08 00:00:00,1997-08-08 00:00:00,Q2,1900000.0,100000.0,1800000.0,0.9473684210526315,1400000.0,1000000.0,0.0,0.0,0.0,2600000.0,0.0,0.0,-1100000.0,-0.5789473684210527,-700000.0,0.0,500000.0,0.0,0.0,0.0,-300000.0,-0.15789473684210525,-0.01,-0.01,19414000,19414000,https://www.sec.gov/Archives/edgar/data/1015739/000095013597003279/0000950135-97-003279-index.html,https://www.sec.gov/Archives/edgar/data/1015739/0000950135-97-003279.txt
0,1997-03-31,AWRE,1997-05-09 00:00:00,1997-05-09 00:00:00,Q1,1800000.0,100000.0,1700000.0,0.9444444444444444,1400000.0,800000.0,0.0,0.0,0.0,2500000.0,0.0,0.0,-900000.0,-0.5,-700000.0,0.0,400000.0,0.0,0.0,0.0,-300000.0,-0.16666666666666666,-0.01,-0.01,19160000,19160000,https://www.sec.gov/Archives/edgar/data/1015739/000095013597002233/0000950135-97-002233-index.html,https://www.sec.gov/Archives/edgar/data/1015739/0000950135-97-002233.txt
0,1996-12-31,AWRE,1997-03-28 00:00:00,1997-03-28 00:00:00,Q4,1700000.0,-400000.0,2100000.0,1.2352941176470589,1800000.0,600000.0,0.0,0.0,0.0,2200000.0,0.0,0.0,-800000.0,-0.47058823529411764,-500000.0,0.0,500000.0,0.0,0.0,0.0,-100000.0,-0.058823529411764705,0.0,0.0,0.0,0.0,https://www.sec.gov/Archives/edgar/data/1015739/000095013597001432/0000950135-97-001432-index.html,https://www.sec.gov/Archives/edgar/data/1015739/0000950135-97-001432.txt
0,1996-09-30,AWRE,1996-11-08 00:00:00,1996-11-08 00:00:00,Q3,1500000.0,500000.0,1000000.0,0.6666666666666666,600000.0,400000.0,0.0,0.0,0.0,1500000.0,0.0,0.0,-200000.0,-0.13333333333333333,0.0,0.0,300000.0,0.0,0.0,0.0,300000.0,0.2,0.02,0.01,15000000,15000000,https://www.sec.gov/Archives/edgar/data/1015739/000095013596004741/0000950135-96-004741-index.html,https://www.sec.gov/Archives/edgar/data/1015739/0000950135-96-004741.txt
