,date,symbol,fillingDate,acceptedDate,period,revenue,costOfRevenue,grossProfit,grossProfitRatio,researchAndDevelopmentExpenses,generalAndAdministrativeExpenses,sellingAndMarketingExpenses,otherExpenses,operatingExpenses,costAndExpenses,interestExpense,depreciationAndAmortization,ebitda,ebitdaratio,operatingIncome,operatingIncomeRatio,totalOtherIncomeExpensesNet,incomeBeforeTax,incomeBeforeTaxRatio,incomeTaxExpense,netIncome,netIncomeRatio,eps,epsdiluted,weightedAverageShsOut,weightedAverageShsOutDil,link,finalLink
0,2020-09-30,QTWO,2020-11-05,2020-11-05 16:35:57,Q3,103804000,57366000,46438000,0.4473623367114947,23568000,37434000,18403000,-6757000.0,0.0,122833000,7072000.0,0.0,-5785000.0,-0.05573002967130361,-19029000,-0.2562907017070633,-818000.0,-26604000,-0.2562907017070633,116000.0,-26720000,-0.2574081923625294,-0.5,-0.5,53574000,53574000,https://www.sec.gov/Archives/edgar/data/1410384/000141038420000167/0001410384-20-000167-index.htm,https://www.sec.gov/Archives/edgar/data/1410384/000141038420000167/qtwo-20200930.htm
0,2020-06-30,QTWO,2020-08-06,2020-08-06 16:31:40,Q2,97581000,53203000,44378000,0.4547811561676966,23642000,34181000,16310000,-6599000.0,0.0,115517000,6864000.0,0.0,-4642000.0,-0.04757073610641416,-17936000,-0.3987046658673307,-14371000,-38906000,-0.3987046658673307,65000.0,-38971000,-0.39937077914757996,-0.76,-0.76,51241000,51241000,https://www.sec.gov/Archives/edgar/data/1410384/000141038420000129/0001410384-20-000129-index.htm,https://www.sec.gov/Archives/edgar/data/1410384/000141038420000129/qtwo-20200630.htm
0,2020-03-31,QTWO,2020-05-07,2020-05-07 16:29:02,Q1,92380000,53107000,39273000,0.42512448581944146,24958000,38994000,19884000,-6465000.0,0.0,121550000,6921000.0,0.0,-15697000,-0.16991773111063,-29170000,-0.3644511799090712,1967000.0,-33668000,-0.3644511799090712,440000.0,-34108000,-0.3692141156094393,-0.7,-0.7,48581000,48581000,https://www.sec.gov/Archives/edgar/data/1410384/000141038420000082/0001410384-20-000082-index.htm,https://www.sec.gov/Archives/edgar/data/1410384/000141038420000025/a191231qtwo10k.htm
0,2019-12-31,QTWO,2020-02-21,2020-02-21 16:44:32,Q4,86840000,44802000,42038000,0.4840856748042377,19881000,32134000,16576000,-5988000.0,0.0,100124000,6682000.0,0.0,-1861000.0,-0.02143021649009673,-13284000,-0.3206586826347305,-8574000.0,-27846000,-0.3206586826347305,-12180000,-15666000,-0.18040073698756334,-0.32,-0.32,48363000,48363000,https://www.sec.gov/Archives/edgar/data/1410384/000141038420000025/0001410384-20-000025-index.htm,https://www.sec.gov/Archives/edgar/data/1410384/000141038420000025/a191231qtwo10k.htm
0,2019-09-30,QTWO,2019-11-07,2019-11-07 16:50:26,Q3,79702000,40447000,39255000,0.49252214499008806,19617000,29362000,15700000,-5206000.0,0.0,90338000,6521000.0,0.0,-3389000.0,-0.042520890316428694,-10636000,-0.23336930064490227,-2758000.0,-18600000,-0.23336930064490227,-31000.0,-18569000,-0.2329803518104941,-0.39,-0.39,47782000,47782000,https://www.sec.gov/Archives/edgar/data/1410384/000141038419000138/0001410384-19-000138-index.htm,https://www.sec.gov/Archives/edgar/data/1410384/000141038419000138/q3201910q.htm
0,2019-06-30,QTWO,2019-08-08,2019-08-08 16:34:42,Q2,77646000,40052000,37594000,0.4841717538572496,19118000,29945000,15866000,-3217000.0,0.0,90020000,4073000.0,0.0,-5543000.0,-0.07138809468613966,-12374000,-0.22625763078587435,-1977000.0,-17568000,-0.22625763078587435,-237000.0,-17331000,-0.22320531643613323,-0.39,-0.39,44978000,44978000,https://www.sec.gov/Archives/edgar/data/1410384/000141038419000113/0001410384-19-000113-index.htm,https://www.sec.gov/Archives/edgar/data/1410384/000141038419000113/q2201910q.htm
0,2019-03-31,QTWO,2019-05-08,2019-05-08 16:27:08,Q1,71296000,37184000,34112000,0.4784560143626571,17657000,29665000,15805000,-2207000.0,0.0,85721000,3014000.0,0.0,-7797000.0,-0.10936097396768402,-14425000,-0.2714037253141831,-2718000.0,-19350000,-0.2714037253141831,-39000.0,-19311000,-0.27085671005386,-0.44,-0.44,43773000,43773000,https://www.sec.gov/Archives/edgar/data/1410384/000141038419000075/0001410384-19-000075-index.htm,https://www.sec.gov/Archives/edgar/data/1410384/000141038419000015/a181231qtwo10k.htm
0,2018-12-31,QTWO,2019-02-19,2019-02-19 07:30:33,Q4,67177000,35435000,31742000,0.4725129136460396,15517000,26242000,13583000,-2345000.0,0.0,78051000,3177000.0,0.0,-4681000.0,-0.0696815874480849,-10874000,-0.22387126546288164,-1820000.0,-15039000,-0.22387126546288164,-3176000.0,-11863000,-0.17659317921312354,-0.27,-0.27,43429000,43429000,https://www.sec.gov/Archives/edgar/data/1410384/000141038419000015/0001410384-19-000015-index.htm,https://www.sec.gov/Archives/edgar/data/1410384/000141038419000015/a181231qtwo10k.htm
0,2018-09-30,QTWO,2018-11-07,2018-11-07 16:36:57,Q3,60541000,30140000,30401000,0.5021555639979518,12904000,22704000,11467000,0.0,0.0,65999000,2902000.0,0.0,-744000.0,-0.012289192448093027,-5458000.0,-0.15107117490626187,-1811000.0,-9146000.0,-0.15107117490626187,-287000.0,-8859000.0,-0.14633058588394643,-0.21,-0.21,42993000,42993000,https://www.sec.gov/Archives/edgar/data/1410384/000141038418000113/0001410384-18-000113-index.htm,https://www.sec.gov/Archives/edgar/data/1410384/000141038418000113/q3201810q.htm
0,2018-06-30,QTWO,2018-08-08,2018-08-08 16:21:44,Q2,58574000,29303000,29271000,0.4997268412606276,11756000,23564000,12108000,-2105000.0,0.0,64991000,2860000.0,0.0,-1788000.0,-0.03052548912486769,-6417000.0,-0.14989585823061427,-258000.0,-8780000.0,-0.14989585823061427,-153000.0,-8627000.0,-0.14728377778536553,-0.2,-0.2,42605000,42605000,https://www.sec.gov/Archives/edgar/data/1410384/000141038418000084/0001410384-18-000084-index.htm,https://www.sec.gov/Archives/edgar/data/1410384/000141038418000084/q2201810q.htm
0,2018-03-31,QTWO,2018-05-03,2018-05-03 16:32:34,Q1,54808000,26977000,27831000,0.5077908334549701,11157000,21262000,10966000,-1023000.0,0.0,59764000,1222000.0,0.0,-879000.0,-0.01603780470004379,-4956000.0,-0.11376076485184644,-256000.0,-6235000.0,-0.11376076485184644,-187000.0,-6048000.0,-0.11034885418187126,-0.14,-0.14,42170000,42170000,https://www.sec.gov/Archives/edgar/data/1410384/000141038418000058/0001410384-18-000058-index.htm,https://www.sec.gov/Archives/edgar/data/1410384/000141038418000012/a123117qtwo10k.htm
0,2017-12-31,QTWO,2018-02-16,2018-02-16 16:41:50,Q4,51703000,26572000,25131000,0.48606463841556585,10673000,20155000,10292000,137000.0,0.0,57768000,30000.0,0.0,-2001000.0,-0.038701816142196775,-6065000.0,-0.1197416010676363,-263000.0,-6191000.0,-0.1197416010676363,-670000.0,-5521000.0,-0.10678297197454693,-0.13,-0.13,41777000,41777000,https://www.sec.gov/Archives/edgar/data/1410384/000141038418000012/0001410384-18-000012-index.htm,https://www.sec.gov/Archives/edgar/data/1410384/000141038418000012/a123117qtwo10k.htm
0,2017-09-30,QTWO,2017-11-02,2017-11-02 16:37:52,Q3,50116000,25813000,24303000,0.4849349509138798,10092000,19500000,9904000.0,149000.0,0.0,55774000,0.0,0.0,-1687000.0,-0.03366190438183415,-5658000.0,-0.11531247505786575,-270000.0,-5779000.0,-0.11531247505786575,3000.0,-5782000.0,-0.11537233618006225,-0.14,-0.14,41386000,41386000,https://www.sec.gov/Archives/edgar/data/1410384/000141038417000145/0001410384-17-000145-index.htm,https://www.sec.gov/Archives/edgar/data/1410384/000141038417000145/q3201710q.htm
0,2017-06-30,QTWO,2017-08-03,2017-08-03 16:43:11,Q2,47625000,24328000,23297000,0.4891758530183727,9922000.0,20364000,11096000,109000.0,0.0,54987000,20000.0,0.0,-3531000.0,-0.07414173228346457,-7362000.0,-0.15966404199475065,-351000.0,-7604000.0,-0.15966404199475065,217000.0,-7821000.0,-0.16422047244094487,-0.19,-0.19,41064000,41064000,https://www.sec.gov/Archives/edgar/data/1410384/000141038417000115/0001410384-17-000115-index.htm,https://www.sec.gov/Archives/edgar/data/1410384/000141038417000115/q2201710q.htm
0,2017-03-31,QTWO,2017-05-04,2017-05-04 17:25:18,Q1,44534000,22772000,21762000,0.48866034939596714,9651000.0,18330000,9878000.0,34000.0,0.0,51124000,74000.0,0.0,-2957000.0,-0.06639870660618853,-6590000.0,-0.15502761934701575,-348000.0,-6904000.0,-0.15502761934701575,136000.0,-7040000.0,-0.15808146584631966,-0.17,-0.17,40630000,40630000,https://www.sec.gov/Archives/edgar/data/1410384/000141038417000070/0001410384-17-000070-index.htm,https://www.sec.gov/Archives/edgar/data/1410384/000141038417000017/a123116qtwo10k.htm
0,2016-12-31,QTWO,2017-02-21,2017-02-21 17:19:54,Q4,42155000,21146000,21009000,0.4983750444787095,8508000.0,17963000,9486000.0,-74000.0,0.0,47983000,172000.0,0.0,-2466000.0,-0.05849839876645712,-5828000.0,-0.17592219191080535,-1514000.0,-7416000.0,-0.17592219191080535,97000.0,-7513000.0,-0.17822322381686634,-0.19,-0.19,40258000,40258000,https://www.sec.gov/Archives/edgar/data/1410384/000141038417000017/0001410384-17-000017-index.htm,https://www.sec.gov/Archives/edgar/data/1410384/000141038417000017/a123116qtwo10k.htm
0,2016-09-30,QTWO,2016-11-03,2016-11-03 16:32:48,Q3,38305000,19599000,18706000,0.4883435582822086,8219000.0,17604000,8980000.0,0.0,0.0,45790000,154000.0,0.0,-4331000.0,-0.11306617934995432,-7485000.0,-0.24498107296697558,-1835000.0,-9384000.0,-0.24498107296697558,97000.0,-9481000.0,-0.24751337945437932,-0.24,-0.24,39870000,39870000,https://www.sec.gov/Archives/edgar/data/1410384/000141038416000332/0001410384-16-000332-index.htm,https://www.sec.gov/Archives/edgar/data/1410384/000141038416000332/q3201610q.htm
0,2016-06-30,QTWO,2016-08-04,2016-08-04 17:00:56,Q2,36005000,18870000,17135000,0.4759061241494237,7830000.0,17081000,9611000.0,-85000.0,0.0,44149000,172000.0,0.0,-5113000.0,-0.14200805443688377,-8144000.0,-0.2695458964032773,-1476000.0,-9705000.0,-0.2695458964032773,3000.0,-9708000.0,-0.26962921816414387,-0.25,-0.25,39434000,39434000,https://www.sec.gov/Archives/edgar/data/1410384/000141038416000293/0001410384-16-000293-index.htm,https://www.sec.gov/Archives/edgar/data/1410384/000141038416000293/q2201610q.htm
0,2016-03-31,QTWO,2016-05-10,2016-05-10 07:07:35,Q1,33759000,17814000,15945000,0.4723184928463521,7903000.0,15628000,8207000.0,14000.0,0.0,41713000,69000.0,0.0,-4944000.0,-0.14644983559939573,-7954000.0,-0.27909594478509436,-1482000.0,-9422000.0,-0.27909594478509436,230000.0,-9652000.0,-0.2859089428004384,-0.25,-0.25,39024000,39024000,https://www.sec.gov/Archives/edgar/data/1410384/000141038416000223/0001410384-16-000223-index.htm,https://www.sec.gov/Archives/edgar/data/1410384/000141038416000173/a123115qtwo10k.htm
0,2015-12-31,QTWO,2016-02-12,2016-02-12 16:54:34,Q4,30408000,16583000,13825000,0.4546500920810313,6607000.0,13705000,7158000.0,0.0,0.0,37244000,75000.0,0.0,-4343000.0,-0.142824256774533,-6836000.0,-0.27371086556169427,-1487000.0,-8323000.0,-0.27371086556169427,97000.0,-8420000.0,-0.27690081557484875,-0.22,-0.22,38762000,38762000,https://www.sec.gov/Archives/edgar/data/1410384/000141038416000173/0001410384-16-000173-index.htm,https://www.sec.gov/Archives/edgar/data/1410384/000141038416000173/a123115qtwo10k.htm
0,2015-09-30,QTWO,2015-11-06,2015-11-06 09:11:40,Q3,28018000,15135000,12883000,0.4598115497180384,5979000.0,12621000,6660000.0,0.0,0.0,33962000,71000.0,0.0,-3987000.0,-0.14230137768577344,-5944000.0,-0.24759083446355915,-1006000.0,-6937000.0,-0.24759083446355915,79000.0,-7016000.0,-0.250410450424727,-0.19,-0.19,37438000,37438000,https://www.sec.gov/Archives/edgar/data/1410384/000141038415000150/0001410384-15-000150-index.htm,https://www.sec.gov/Archives/edgar/data/1410384/000141038415000150/a9301510q.htm
0,2015-06-30,QTWO,2015-08-07,2015-08-07 09:06:09,Q2,26284000,14138000,12146000,0.4621062243189773,4797000.0,12331000,6987000.0,0.0,0.0,31266000,65000.0,0.0,-3552000.0,-0.1351392482118399,-4982000.0,-0.1890884188099224,0.0,-4970000.0,-0.1890884188099224,12000.0,-4982000.0,-0.18954497032415157,-0.13,-0.13,37232000,37232000,https://www.sec.gov/Archives/edgar/data/1410384/000141038415000110/0001410384-15-000110-index.htm,https://www.sec.gov/Archives/edgar/data/1410384/000141038415000110/a6301510q.htm
0,2015-03-31,QTWO,2015-05-08,2015-05-07 18:36:56,Q1,24157000,13272000,10885000,0.45059403071573456,4151000.0,11319000,6194000.0,0.0,0.0,28742000,72000.0,0.0,-3338000.0,-0.13817940969491244,-4585000.0,-0.1909591422776007,0.0,-4613000.0,-0.1909591422776007,32000.0,-4645000.0,-0.19228381007575443,-0.13,-0.13,35633000,35633000,https://www.sec.gov/Archives/edgar/data/1410384/000141038415000081/0001410384-15-000081-index.htm,https://www.sec.gov/Archives/edgar/data/1410384/000141038415000021/a123114qtwo10k.htm
0,2014-12-31,QTWO,2015-02-12,2015-02-12 17:22:48,Q4,22148000,12869000,9279000.0,0.4189543073866715,3408000.0,10527000,5886000.0,-84000.0,0.0,26804000,119000.0,0.0,-3660000.0,-0.16525194148455843,-4656000.0,-0.21401480946360846,-84000.0,-4740000.0,-0.21401480946360846,20000.0,-4760000.0,-0.21491782553729458,-0.14,-0.14,34405000,34405000,https://www.sec.gov/Archives/edgar/data/1410384/000141038415000021/0001410384-15-000021-index.htm,https://www.sec.gov/Archives/edgar/data/1410384/000141038415000021/a123114qtwo10k.htm
0,2014-09-30,QTWO,2014-11-10,2014-11-10 16:55:45,Q3,20989000,12143000,8846000.0,0.4214588594025442,3155000.0,10216000,5642000.0,-82000.0,0.0,25514000,107000.0,0.0,-3408000.0,-0.16237076563914432,-4525000.0,-0.21949592643765783,-82000.0,-4607000.0,-0.21949592643765783,18000.0,-4625000.0,-0.22035351850969556,-0.14,-0.14,34171000,34171000,https://www.sec.gov/Archives/edgar/data/1410384/000141038414000053/0001410384-14-000053-index.htm,https://www.sec.gov/Archives/edgar/data/1410384/000141038414000053/a93014qtwo10q.htm
0,2014-06-30,QTWO,2014-08-12,2014-08-12 17:23:37,Q2,19158000,10830000,8328000.0,0.43470090823676794,2787000.0,10090000,6032000.0,-119000.0,0.0,23707000,124000.0,0.0,-3513000.0,-0.1833698715941121,-4549000.0,-0.24365800187911055,-119000.0,-4668000.0,-0.24365800187911055,15000.0,-4683000.0,-0.24444096461008455,-0.14,-0.14,34068000,34068000,https://www.sec.gov/Archives/edgar/data/1410384/000141038414000040/0001410384-14-000040-index.htm,https://www.sec.gov/Archives/edgar/data/1410384/000141038414000040/a63014qtwo10q.htm
0,2014-03-31,QTWO,2014-05-14 00:00:00,2014-05-14 13:55:17,Q1,16834000,10212000,6622000.0,0.39337055958179873,2736000.0,9227000.0,5509000.0,-207000.0,0.0,22175000,207000.0,0.0,-4342000.0,-0.2579303789948913,-5341000.0,-0.3295711060948081,-207000.0,-5548000.0,-0.3295711060948081,18000.0,-5566000.0,-0.330640370678389,-0.39,-0.39,14107000,14107000,https://www.sec.gov/Archives/edgar/data/1410384/000141038414000020/0001410384-14-000020-index.html,https://www.sec.gov/Archives/edgar/data/1410384/000141038414000020/a33114qtwo10q.htm
