,date,symbol,fillingDate,acceptedDate,period,revenue,costOfRevenue,grossProfit,grossProfitRatio,researchAndDevelopmentExpenses,generalAndAdministrativeExpenses,sellingAndMarketingExpenses,otherExpenses,operatingExpenses,costAndExpenses,interestExpense,depreciationAndAmortization,ebitda,ebitdaratio,operatingIncome,operatingIncomeRatio,totalOtherIncomeExpensesNet,incomeBeforeTax,incomeBeforeTaxRatio,incomeTaxExpense,netIncome,netIncomeRatio,eps,epsdiluted,weightedAverageShsOut,weightedAverageShsOutDil,link,finalLink
0,2020-06-30,SIMO,2020-07-08 00:00:00,2020-07-08 10:01:29,Q2,136811000,68417000,68394000,0.49991594243152965,28901000,9354000.0,5823000.0,6000.0,0.0,106672000,0.0,0.0,33644000,0.24591589857540694,30139000,0.22897281651329207,-136000.0,31326000,0.22897281651329207,3115000.0,28211000,0.20620417948849143,0.8,0.8,35263750,35263750,https://www.sec.gov/Archives/edgar/data/1329394/000119312520189327/0001193125-20-189327-index.htm,https://www.sec.gov/Archives/edgar/data/1329394/000119312520189327/d928415d6k.htm
0,2020-03-31,SIMO,2020-04-09 00:00:00,2020-04-09 16:00:05,Q1,132769000,68877000,63892000,0.48122679239882804,29304000,10416000,6472000.0,16000.0,0.0,108597000,0.0,0.0,28762000,0.2166318944934435,24172000,0.19101597511467286,-465000.0,25361000,0.19101597511467286,-554000.0,25915000,0.1951886359014529,0.74,0.736,35020000,35246000,https://www.sec.gov/Archives/edgar/data/1329394/000119312520102551/0001193125-20-102551-index.html,https://www.sec.gov/Archives/edgar/data/1329394/000119312520102551/d916480d6k.htm
0,2019-12-31,SIMO,2020-01-08 00:00:00,2020-01-08 14:27:05,Q4,153196000,79563000,73633000,0.48064570876524193,33869000,12362000,6093000.0,33000.0,0.0,125794000,0.0,0.0,31372000,0.20478341471056685,27402000,0.18928039896603044,117000.0,28997000,0.18928039896603044,3567000.0,25430000,0.16599650121413093,0.732,0.728,34776000,35021000,https://www.sec.gov/Archives/edgar/data/1329394/000119312520003699/0001193125-20-003699-index.html,https://www.sec.gov/Archives/edgar/data/1329394/000119312520003699/d849645d6k.htm
0,2019-09-30,SIMO,2019-10-08 00:00:00,2019-10-08 13:06:36,Q3,110518000,55727000,54791000,0.49576539568215133,24392000,9527000.0,5895000.0,6000.0,0.0,89901000,0.0,0.0,40156000,0.36334352775113554,20617000,0.05419931594853327,-16289000,5990000.0,0.05419931594853327,1777000.0,4213000.0,0.03812048716046255,0.12,0.12,35128000,35153000,https://www.sec.gov/Archives/edgar/data/1329394/000119312519264291/0001193125-19-264291-index.html,https://www.sec.gov/Archives/edgar/data/1329394/000119312519264291/d774063d6k.htm
0,2019-06-30,SIMO,2019-07-31 00:00:00,2019-07-31 12:38:03,Q2,98846000,52717000,46129000,0.46667543451429494,23893000,9616000.0,6062000.0,34000.0,0.0,86481000,0.0,0.0,2858000.0,0.028913663678853976,12365000,0.27320275984865344,12870000,27005000,0.27320275984865344,521000.0,26484000,0.2679319345244117,0.75,0.75,35518000,35536000,https://www.sec.gov/Archives/edgar/data/1329394/000119312519208269/0001193125-19-208269-index.html,https://www.sec.gov/Archives/edgar/data/1329394/000119312519208269/d782670d6k.htm
0,2019-03-31,SIMO,2019-04-10 00:00:00,2019-04-10 16:58:35,Q1,94694000,47075000,47619000,0.50287241007878,27970000,11319000,6962000.0,17000.0,0.0,86619000,0.0,0.0,11441000,0.12082074893868672,8075000.0,0.10645869854478636,511000.0,10081000,0.10645869854478636,1810000.0,8271000.0,0.08734449912349251,0.234399,0.233163,35286000,35473000,https://www.sec.gov/Archives/edgar/data/1329394/000119312519102902/0001193125-19-102902-index.html,https://www.sec.gov/Archives/edgar/data/1329394/000119312519102902/d733869d6k.htm
0,2018-12-31,SIMO,2019-01-09 00:00:00,2019-01-09 12:50:36,Q4,123386000,61288000,62098000,0.5032823821179064,30675000,12832000,7435000.0,38000.0,0.0,105536000,0.0,0.0,25827000,0.20931872335597232,17850000,0.12447117176989286,-4210000.0,15358000,0.12447117176989286,260000.0,15098000,0.12236396349666899,0.48,0.48,35974000,36070000,https://www.sec.gov/Archives/edgar/data/1329394/000119312519005117/0001193125-19-005117-index.html,https://www.sec.gov/Archives/edgar/data/1329394/000119312519005117/d624615d6k.htm
0,2018-09-30,SIMO,2018-10-01 00:00:00,2018-10-01 13:42:09,Q3,138562000,67988000,70574000,0.5093315627661263,25506000,12090000,7735000.0,55000.0,0.0,106325000,0.0,0.0,36824000,0.26575828870830387,32237000,0.23846364804203174,-792000.0,33042000,0.23846364804203174,3858000.0,29184000,0.21062051644751087,0.807616,0.806834,36136000,36171000,https://www.sec.gov/Archives/edgar/data/1329394/000119312518289215/0001193125-18-289215-index.html,https://www.sec.gov/Archives/edgar/data/1329394/000119312518289215/d630015d6k.htm
0,2018-06-30,SIMO,2018-07-31 00:00:00,2018-07-31 14:42:09,Q2,138055000,72474000,65581000,0.47503531201332805,20014000,10862000,7144000.0,42000.0,0.0,104091000,0.0,0.0,35638000,0.25814349353518523,33964000,0.2481764514142914,-1096000.0,34262000,0.2481764514142914,3534000.0,30728000,0.2225779580601934,0.850885,0.84999,36113000,36151000,https://www.sec.gov/Archives/edgar/data/1329394/000119312518232976/0001193125-18-232976-index.html,https://www.sec.gov/Archives/edgar/data/1329394/000119312518232976/d587571d6k.htm
0,2018-03-31,SIMO,2018-04-10 00:00:00,2018-04-10 16:05:02,Q1,130344000,67790000,62554000,0.4799146872890198,25832000,11128000,6965000.0,58000.0,0.0,105491000,0.0,0.0,24518000,0.18810225250107407,24853000,0.20867857362057327,1134000.0,27200000,0.20867857362057327,4139000.0,23061000,0.17692413920088382,0.642368,0.638473,35900000,36119000,https://www.sec.gov/Archives/edgar/data/1329394/000119312518112909/0001193125-18-112909-index.html,https://www.sec.gov/Archives/edgar/data/1329394/000119312518112909/d568028d6k.htm
0,2017-12-31,SIMO,2018-01-08 00:00:00,2018-01-08 13:30:58,Q4,136165000,72878000,63287000,0.4647816986744024,27946000,12410000,7364000.0,70000.0,0.0,114190000,0.0,0.0,31955000,0.23467851503690376,21975000,0.10396210479932434,-8954000.0,14156000,0.10396210479932434,4338000.0,9818000.0,0.07210369771967833,0.27654,0.274851,35785000,36005000,https://www.sec.gov/Archives/edgar/data/1329394/000119312518005641/0001193125-18-005641-index.html,https://www.sec.gov/Archives/edgar/data/1329394/000119312518005641/d481652d6k.htm
0,2017-09-30,SIMO,2017-10-10 00:00:00,2017-10-10 12:28:04,Q3,127216000,68746000,58470000,0.4596119984907559,25293000,11074000,7157000.0,32000.0,0.0,105639000,0.0,0.0,21402000,0.1682335555276066,21577000,0.18317664444723933,733000.0,23303000,0.18317664444723933,5709000.0,17594000,0.1383002138095837,0.49192,0.491068,35766000,35828000,https://www.sec.gov/Archives/edgar/data/1329394/000119312517306823/0001193125-17-306823-index.html,https://www.sec.gov/Archives/edgar/data/1329394/000119312517306823/d470770d6k.htm
0,2017-06-30,SIMO,2017-07-10 00:00:00,2017-07-10 14:09:32,Q2,132732000,68121000,64611000,0.48677786818551666,24476000,9338000.0,5588000.0,1000.0,0.0,102461000,0.0,0.0,30870000,0.23257390832655275,30271000,0.23473616008196968,-72000.0,31157000,0.23473616008196968,7124000.0,24033000,0.18106409908688184,0.672421,0.671294,35741000,35801000,https://www.sec.gov/Archives/edgar/data/1329394/000119312517225064/0001193125-17-225064-index.html,https://www.sec.gov/Archives/edgar/data/1329394/000119312517225064/d423919d6k.htm
0,2017-03-31,SIMO,2017-04-10 00:00:00,2017-04-10 16:46:03,Q1,127292000,62466000,64826000,0.5092700248248122,24338000,9978000.0,5758000.0,-11000.0,0.0,97308000,0.0,0.0,30857000,0.24241114916884016,29984000,0.23870313923891526,-358000.0,30385000,0.23870313923891526,6874000.0,23511000,0.18470131665776326,0.663291,0.653592,35446000,35972000,https://www.sec.gov/Archives/edgar/data/1329394/000119312517118611/0001193125-17-118611-index.html,https://www.sec.gov/Archives/edgar/data/1329394/000119312517118611/d371322d6k.htm
0,2016-12-31,SIMO,2017-01-09 00:00:00,2017-01-09 14:33:32,Q4,144198000,72080000,72118000,0.5001317632699482,26038000,10699000,5651000.0,-4000.0,0.0,109343000,0.0,0.0,35282000,0.24467745738498453,34855000,0.2466955158878764,95000.0,35573000,0.2466955158878764,9416000.0,26157000,0.18139641326509384,0.740488,0.734273,35324000,35623000,https://www.sec.gov/Archives/edgar/data/1329394/000119312517005559/0001193125-17-005559-index.html,https://www.sec.gov/Archives/edgar/data/1329394/000119312517005559/d325350d6k.htm
0,2016-09-30,SIMO,2016-10-11 00:00:00,2016-10-11 06:11:56,Q3,158580000,81175000,77405000,0.4881132551393618,25934000,12426000,7548000.0,28000.0,0.0,120061000,0.0,0.0,39420000,0.24858115777525538,38519000,0.24412284020683567,-347000.0,38713000,0.24412284020683567,5991000.0,32722000,0.20634380123596924,0.926759,0.920735,35308000,35539000,https://www.sec.gov/Archives/edgar/data/1329394/000119312516734636/0001193125-16-734636-index.html,https://www.sec.gov/Archives/edgar/data/1329394/000119312516734636/d263137d6k.htm
0,2016-06-30,SIMO,,,Q2,140686000,72565000,68121000,0.4842059622137242,21234000,10148000,6351000.0,19000.0,0.0,104473000,0.0,0.0,37226000,0.2646034431286695,36213000,0.25721109420980054,-468000.0,36186000,0.25721109420980054,7139000.0,29047000,0.20646688369844904,0.823491,0.818779,35273000,35476000,,
0,2016-03-31,SIMO,2016-04-08 00:00:00,2016-04-08 12:28:05,Q1,112682000,55721000,56961000,0.5055022097584353,19198000,9564000.0,6215000.0,0.0,0.0,85009000,0.0,0.0,28139000,0.249720452246144,27673000,0.24988906835164446,60000.0,28158000,0.24988906835164446,5144000.0,23014000,0.20423847642036883,0.65728,0.649893,35014000,35412000,https://www.sec.gov/Archives/edgar/data/1329394/000119312516535109/0001193125-16-535109-index.html,https://www.sec.gov/Archives/edgar/data/1329394/000119312516535109/d169716d6k.htm
0,2015-12-31,SIMO,2016-01-07 00:00:00,2016-01-07 12:21:11,Q4,98041000,49028000,49013000,0.49992350139227465,19281000,11144000,6136000.0,0.0,0.0,79979000,0.0,0.0,19110000,0.19491845248416478,18062000,0.18354565946899767,-522000.0,17995000,0.18354565946899767,4614000.0,13381000,0.13648371599636885,0.384573,0.380073,34875000,35288000,https://www.sec.gov/Archives/edgar/data/1329394/000119312516423198/0001193125-16-423198-index.html,https://www.sec.gov/Archives/edgar/data/1329394/000119312516423198/d117198d6k.htm
0,2015-09-30,SIMO,2015-10-06 00:00:00,2015-10-06 11:26:11,Q3,95397000,46285000,49112000,0.5148170277891339,19628000,9539000.0,5545000.0,4000.0,0.0,75978000,0.0,0.0,19725000,0.20676750841221422,19419000,0.21121209262345775,224000.0,20149000,0.21121209262345775,6965000.0,13184000,0.13820141094583688,0.379658,0.377322,34726000,34941000,https://www.sec.gov/Archives/edgar/data/1329394/000119312515338128/0001193125-15-338128-index.html,https://www.sec.gov/Archives/edgar/data/1329394/000119312515338128/d36982d6k.htm
0,2015-06-30,SIMO,2015-07-02 00:00:00,2015-07-02 16:29:58,Q2,87213000,42729000,44484000,0.5100615733892883,15893000,7459000.0,4183000.0,8000.0,0.0,66081000,0.0,0.0,20902000,0.23966610482382214,21132000,0.2507997660899178,238000.0,21873000,0.2507997660899178,3648000.0,18225000,0.20897113962367997,0.52932,0.525913,34431000,34654000,https://www.sec.gov/Archives/edgar/data/1329394/000119312515244341/0001193125-15-244341-index.html,https://www.sec.gov/Archives/edgar/data/1329394/000119312515244341/d21582d6k.htm
0,2015-03-31,SIMO,2015-04-09 00:00:00,2015-04-09 14:03:06,Q1,80646000,38723000,41923000,0.5198397936661459,16355000,7749000.0,4309000.0,-4000.0,0.0,62827000,0.0,0.0,17668000,0.2190809215584158,17819000,0.22914961684398483,147000.0,18480000,0.22914961684398483,3018000.0,15462000,0.19172680604121717,0.453857,0.444937,34068000,34751000,https://www.sec.gov/Archives/edgar/data/1329394/000119312515124002/0001193125-15-124002-index.html,https://www.sec.gov/Archives/edgar/data/1329394/000119312515124002/d907647d6k.htm
0,2014-12-31,SIMO,,,Q4,80503000,38306000,42197000,0.5241668012372209,17528000,7844000.0,4434000.0,-4000.0,0.0,63678000,0.0,0.0,17275000,0.2145882762133088,16825000,0.21097350409301516,-454000.0,16984000,0.21097350409301516,4911000.0,12073000,0.14996956635156453,0.351705,0.345798,33892000,34471000,,
0,2014-09-30,SIMO,2014-10-08 00:00:00,2014-10-08 12:21:07,Q3,86561000,40885000,45676000,0.527674125761024,17728000,8954000.0,4724000.0,0.0,0.0,67567000,0.0,0.0,19368000,0.22374972562701448,18994000,0.22049190744099537,-374000.0,19086000,0.22049190744099537,4465000.0,14621000,0.1689097861623595,0.431961,0.425685,33848000,34347000,https://www.sec.gov/Archives/edgar/data/1329394/000119312514366455/0001193125-14-366455-index.html,https://www.sec.gov/Archives/edgar/data/1329394/000119312514366455/d801426d6k.htm
0,2014-06-30,SIMO,2014-07-08 00:00:00,2014-07-08 13:18:34,Q2,69411000,33210000,36201000,0.52154557634957,13786000,6660000.0,3575000.0,1000.0,0.0,53656000,0.0,0.0,15304000,0.22048378499085158,15755000,0.2413882525824437,452000.0,16755000,0.2413882525824437,2810000.0,13945000,0.20090475573035974,0.413332,0.409388,33738000,34063000,https://www.sec.gov/Archives/edgar/data/1329394/000119312514262875/0001193125-14-262875-index.html,https://www.sec.gov/Archives/edgar/data/1329394/000119312514262875/d756475d6k.htm
0,2014-03-31,SIMO,2014-04-08 00:00:00,2014-04-08 12:15:36,Q1,52848000,27224000,25624000,0.48486224644262793,11907000,6221000.0,3591000.0,2000.0,0.0,45352000,0.0,0.0,7725000.0,0.1461739327883742,7496000.0,0.14651453224341507,-227000.0,7743000.0,0.14651453224341507,3915000.0,3828000.0,0.07243415077202543,0.115357,0.112711,33184000,33963000,https://www.sec.gov/Archives/edgar/data/1329394/000119312514135020/0001193125-14-135020-index.html,https://www.sec.gov/Archives/edgar/data/1329394/000119312514135020/d707727d6k.htm
0,2013-12-31,SIMO,,,Q4,52489000,27045000,25444000,0.4847491855436377,12339000,6170000.0,3578000.0,7000.0,0.0,45554000,0.0,0.0,6861000.0,0.13071310179275658,6935000.0,0.14286802949189353,81000.0,7499000.0,0.14286802949189353,2083000.0,5416000.0,0.10318352416696831,0.164625,0.160855,32899000,33670000,,
0,2013-09-30,SIMO,2013-10-02 00:00:00,2013-10-02 11:13:54,Q3,57132000,29312000,27820000,0.48694251907862496,10469000,5930000.0,3274000.0,10000.0,0.0,45711000,0.0,0.0,11112000,0.19449695442134005,11421000,0.21275292305538052,319000.0,12155000,0.21275292305538052,2576000.0,9579000.0,0.16766435622768325,0.291341,0.287502,32879000,33318000,https://www.sec.gov/Archives/edgar/data/1329394/000119312513388279/0001193125-13-388279-index.html,https://www.sec.gov/Archives/edgar/data/1329394/000119312513388279/d605865d6k.htm
0,2013-06-30,SIMO,2013-07-03 00:00:00,2013-07-03 13:10:44,Q2,58322000,30122000,28200000,0.48352251294537224,12012000,6239000.0,3363000.0,2000.0,0.0,48373000,0.0,0.0,10042000,0.172182023936079,9949000.0,0.17561126161654264,-91000.0,10242000,0.17561126161654264,2698000.0,7544000.0,0.12935084530708824,0.227297,0.224999,33190000,33529000,https://www.sec.gov/Archives/edgar/data/1329394/000119312513282353/0001193125-13-282353-index.html,https://www.sec.gov/Archives/edgar/data/1329394/000119312513282353/d563468d6k.htm
0,2013-03-31,SIMO,2013-04-02 00:00:00,2013-04-02 11:20:38,Q1,57365000,32219000,25146000,0.4383509108341323,11640000,6508000.0,3382000.0,112000.0,0.0,50367000,0.0,0.0,7309000.0,0.12741218513030594,6998000.0,0.12641854789505796,-199000.0,7252000.0,0.12641854789505796,2415000.0,4837000.0,0.08431970713849908,0.145329,0.142052,33283000,34051000,https://www.sec.gov/Archives/edgar/data/1329394/000119312513137947/0001193125-13-137947-index.html,https://www.sec.gov/Archives/edgar/data/1329394/000119312513137947/d514699d6k.htm
0,2012-12-31,SIMO,2013-01-23 00:00:00,2013-01-23 13:24:24,Q4,70605000,40251000,30354000,0.42991289568727425,14296000,6767000.0,3799000.0,-118000.0,0.0,61314000,0.0,0.0,9340000.0,0.13228524892004814,9291000.0,0.13489129665037886,-167000.0,9524000.0,0.13489129665037886,1595000.0,7929000.0,0.11230082855321862,0.244511,0.235653,32428000,33647000,https://www.sec.gov/Archives/edgar/data/1329394/000119312513020443/0001193125-13-020443-index.html,https://www.sec.gov/Archives/edgar/data/1329394/000119312513020443/d474471d6k.htm
0,2012-09-30,SIMO,2012-10-25 00:00:00,2012-10-25 16:28:56,Q3,77066000,41424000,35642000,0.46248669971193523,12076000,7010000.0,4234000.0,0.0,0.0,60510000,0.0,0.0,16177000,0.20991098538914696,16556000,0.22466457322295175,380000.0,17314000,0.22466457322295175,1692000.0,15622000,0.20270936599797576,1.92,1.84,32428000,33647000,https://www.sec.gov/Archives/edgar/data/1329394/000119312512435496/0001193125-12-435496-index.html,https://www.sec.gov/Archives/edgar/data/1329394/000119312512435496/d429999d6k.htm
0,2012-06-30,SIMO,2012-07-27 00:00:00,2012-07-27 16:13:03,Q2,69678000,35596000,34082000,0.4891357386836591,13337000,7242000.0,4013000.0,0.0,0.0,56175000,0.0,0.0,14016000,0.20115387927322828,13503000,0.19107896323086196,-513000.0,13314000,0.19107896323086196,2657000.0,10657000,0.15294641063176326,1.32,1.28,32407000,33475000,https://www.sec.gov/Archives/edgar/data/1329394/000119312512319512/0001193125-12-319512-index.html,https://www.sec.gov/Archives/edgar/data/1329394/000119312512319512/d386690d6k.htm
0,2012-03-31,SIMO,2012-04-27 00:00:00,2012-04-27 16:50:13,Q1,64022000,32379000,31643000,0.4942519758832901,11265000,7057000.0,3873000.0,0.0,0.0,50701000,0.0,0.0,12731000,0.1988535191028084,13321000,0.22151760332385742,591000.0,14182000,0.22151760332385742,1173000.0,13009000,0.20319577645184467,1.64,1.56,31956000,33562000,https://www.sec.gov/Archives/edgar/data/1329394/000119312512191411/0001193125-12-191411-index.html,https://www.sec.gov/Archives/edgar/data/1329394/000119312512191411/d341887d6k.htm
0,2011-12-31,SIMO,2012-02-03 00:00:00,2012-02-03 14:43:26,Q4,74505534.666037,37578250.211346,36927284.454691,0.4956314268492074,13718132.538856,7774742.408454,4790194.279023,0.0,0.0,59099107.919542,0.0,0.0,22595853.09402,0.303277510795721,15406426.746495,0.19857128098337207,-845388.232065,14794659.458986,0.19857128098337207,1188369.945953,13606289.513034,0.18262119148627978,0.0,0.0,0.0,0.0,https://www.sec.gov/Archives/edgar/data/1329394/000119312512038575/0001193125-12-038575-index.html,https://www.sec.gov/Archives/edgar/data/1329394/000119312512038575/d293756d6k.htm
0,2011-09-30,SIMO,2011-11-02 00:00:00,2011-11-02 16:44:56,Q3,60272523.067285,30565728.221213,29706794.846072,0.49287458586906896,10024216.926581,6814647.722107,3777369.234652,0.0,0.0,47404592.869901,0.0,0.0,5620820.99276,0.09325677284963196,12867930.197385,0.3361046143186042,7249662.144581,20257873.119539,0.3361046143186042,2831406.791017,17426466.328522,0.2891278719005679,0.562956,0.536772,30960000,32456000,https://www.sec.gov/Archives/edgar/data/1329394/000119312511292901/0001193125-11-292901-index.html,https://www.sec.gov/Archives/edgar/data/1329394/000119312511292901/d249900d6k.htm
0,2011-06-30,SIMO,2011-08-01 00:00:00,2011-07-29 18:25:10,Q2,50597811.678911,26918320.353218,23679491.325693,0.467994376435899,9116003.503312,6331813.935799,3464899.557367,0.0,0.0,42566426.218768,0.0,0.0,13756539.215863,0.2718801220724864,8031385.460143,0.10524294482734455,-5524136.629186,5325062.702908,0.10524294482734455,820551.008313,4504511.694596,0.08902582038885815,0.14574,0.140188,30874000,32207000,https://www.sec.gov/Archives/edgar/data/1329394/000119312511203135/0001193125-11-203135-index.html,https://www.sec.gov/Archives/edgar/data/1329394/000119312511203135/d6k.htm
0,2011-03-31,SIMO,2011-04-29 00:00:00,2011-04-29 14:52:16,Q1,43220039.498347,23262840.700423,19957198.797924,0.461757995355078,8521367.300643,5514681.396768,2814053.310535,0.0,0.0,37887286.996399,0.0,0.0,3908548.959057,0.0904337202007066,5332752.501947,0.17157601935962172,2013756.461296,7415522.333692,0.17157601935962172,1003293.341144,6412228.992548,0.14836240473110265,0.212375,0.20422,30195000,31393000,https://www.sec.gov/Archives/edgar/data/1329394/000119312511118204/0001193125-11-118204-index.html,https://www.sec.gov/Archives/edgar/data/1329394/000119312511118204/d6k.htm
0,2010-12-31,SIMO,,,Q4,49434475.28063,27013210.530093,22421264.750537,0.4535552288813788,10587733.112806,6128995.377765,3536839.77945,0.0,0.0,45848810.566052,0.0,0.0,-10445420.874631,-0.21129830579437442,3585664.714579,-0.0946653506986382,-8340264.181321,-4679731.939044,-0.0946653506986382,1086626.401486,-5766358.340531,-0.11664649635292969,0.0,0.0,0.0,0.0,,
0,2010-09-30,SIMO,2010-11-04 00:00:00,2010-11-04 13:44:56,Q3,35038005.131495,18125304.682489,16912700.449006,0.4826958722545392,9148107.761386,6203175.112251,3406350.224503,0.0,0.0,34035150.737652,0.0,0.0,4056414.368185,0.11577184126098453,1002854.393842,-0.0410953010796469,-2497402.180885,-1439897.370109,-0.0410953010796469,-1779826.812059,339929.44195,0.009701735035264433,0.011546,0.011546,29226000,30446000,https://www.sec.gov/Archives/edgar/data/1329394/000119312510247753/0001193125-10-247753-index.html,https://www.sec.gov/Archives/edgar/data/1329394/000119312510247753/d6k.htm
0,2010-06-30,SIMO,2010-07-08 00:00:00,2010-07-08 14:20:39,Q2,32076629.648665,16836142.754599,15240486.894066,0.47512743891720854,8692337.313953,5666985.450863,3212780.860804,0.0,0.0,30384285.209312,0.0,0.0,2106608.994299,0.06567426245751712,1692344.439353,0.05876001305777599,122340.018507,1884823.177005,0.05876001305777599,-335668.295905,2220491.47291,0.06922458803281456,0.075591,0.073113,29224000,30313000,https://www.sec.gov/Archives/edgar/data/1329394/000119312510155642/0001193125-10-155642-index.html,https://www.sec.gov/Archives/edgar/data/1329394/000119312510155642/d6k.htm
0,2009-12-31,SIMO,2010-02-02 00:00:00,2010-02-02 12:27:55,Q1,22871736.848182,17157860.480181,5713876.368001,0.24982258260177462,11276606.230028,10134070.762642,4203689.222488,0.0,0.0,40085131.987672,0.0,0.0,-20492558.371362,-0.8959773587544965,-17213395.139491,-2.454818375541421,-39043873.800909,-56145959.895465,-2.454818375541421,3371301.342895,-59517261.23836,-2.6022186960886984,0.0,0.0,0.0,0.0,https://www.sec.gov/Archives/edgar/data/1329394/000119312510019139/0001193125-10-019139-index.html,https://www.sec.gov/Archives/edgar/data/1329394/000119312510019139/d6k.htm
0,2009-06-30,SIMO,2009-07-09 00:00:00,2009-07-09 12:07:06,Q4,20499080.527418,10655687.568603,9843392.958815,0.4801870476897357,8034574.481844,5401867.18513,2677440.862682,0.0,0.0,25555282.014702,0.0,0.0,-20966.95711,-0.0010228242716523897,-5056201.487285,-0.41309630729264785,-3570742.787169,-8468094.468771,-0.41309630729264785,-2243464.410797,-6224630.057974,-0.30365411022452504,-0.224581,-0.224581,27728000,28375000,https://www.sec.gov/Archives/edgar/data/1329394/000119312509146321/0001193125-09-146321-index.html,https://www.sec.gov/Archives/edgar/data/1329394/000119312509146321/d6k.htm
0,2009-03-31,SIMO,2009-04-09 00:00:00,2009-04-09 11:35:31,Q3,21570549.739261,12115709.829041,9454839.91022,0.43832169437068413,6475726.413068,5173668.172725,2348166.136113,0.0,0.0,25175895.877773,0.0,0.0,-4737114.59745,-0.21961028600156074,-3605346.138512,-0.04151913052029997,2547186.240562,-895590.470019,-0.04151913052029997,513786.577016,-1409377.047036,-0.06533802170422963,-0.051862,-0.051862,27354000,27783000,https://www.sec.gov/Archives/edgar/data/1329394/000119312509076245/0001193125-09-076245-index.html,https://www.sec.gov/Archives/edgar/data/1329394/000119312509076245/d6k.htm
0,2008-12-31,SIMO,2009-02-06 00:00:00,2009-02-06 12:48:41,Q2,24479943.233276,15966865.199768,8513078.033508,0.3477572620322105,6851308.628633,9704956.190914,0.0,0.0,0.0,33722790.134356,0.0,0.0,-1591506.37075,-0.0650126659030254,-9242846.90108,-0.3768454887387194,-194022.348996,-9225156.17204,-0.3768454887387194,15520.966168,-9240677.138208,-0.37747951660471957,0.0,0.0,0.0,0.0,https://www.sec.gov/Archives/edgar/data/1329394/000119312509020944/0001193125-09-020944-index.html,https://www.sec.gov/Archives/edgar/data/1329394/000119312509020944/d6k.htm
0,2008-09-30,SIMO,2008-10-16 00:00:00,2008-10-15 19:30:55,Q1,44953000,22477000,22476000,0.49998887727181723,8892000.0,7936000.0,0.0,0.0,0.0,40864000,0.0,0.0,1717000.0,0.03819544857962761,4089000.0,0.18512668787400174,3931000.0,8322000.0,0.18512668787400174,201000.0,8121000.0,0.18065535114452874,0.26,0.26,30681000,30825000,https://www.sec.gov/Archives/edgar/data/1329394/000119312508211137/0001193125-08-211137-index.html,https://www.sec.gov/Archives/edgar/data/1329394/000119312508211137/d6k.htm
0,2007-12-31,SIMO,,,Q4,54343000,25804000,28539000,0.525164234584031,7532000.0,6113000.0,0.0,0.0,0.0,41116000,0.0,0.0,15523000,0.28564856559262464,13227000,0.23730747290359383,-629000.0,12896000,0.23730747290359383,772000.0,12124000,0.2231014114053328,0.0,0.0,0.0,0.0,,
0,2007-06-30,SIMO,2007-07-02 00:00:00,2007-07-02 17:13:10,Q3,44109000,20914000,23195000,0.5258564011879662,6125000.0,5320000.0,0.0,0.0,0.0,34021000,0.0,0.0,13820000,0.31331474302296586,10088000,0.19032397016481897,-2071000.0,8395000.0,0.19032397016481897,89000.0,8306000.0,0.18830624135663923,0.2571,0.2483,32312000,33453000,https://www.sec.gov/Archives/edgar/data/1329394/000119312507148404/0001193125-07-148404-index.html,https://www.sec.gov/Archives/edgar/data/1329394/000119312507148404/d20f.htm
0,2007-03-31,SIMO,2007-04-03 00:00:00,2007-04-03 17:06:50,Q2,35490000,16495000,18995000,0.535221189067343,5270000.0,3868000.0,0.0,0.0,0.0,25633000,0.0,0.0,9754000.0,0.27483798253029024,9857000.0,0.29816849816849816,103000.0,10582000,0.29816849816849816,713000.0,9869000.0,0.2780783319244858,0.32,0.31,30980000,31969000,https://www.sec.gov/Archives/edgar/data/1329394/000119312507073414/0001193125-07-073414-index.html,https://www.sec.gov/Archives/edgar/data/1329394/000119312507073414/d6k.htm
0,2006-12-31,SIMO,,,Q1,35632000,16568000,19064000,0.5350246969016614,4644000.0,4030000.0,0.0,0.0,0.0,26379000,0.0,0.0,10425000,0.2925740907049843,9253000.0,0.2746969016614279,-1172000.0,9788000.0,0.2746969016614279,-410000.0,10198000,0.28620341266277505,0.0,0.0,0.0,0.0,,
0,2006-09-30,SIMO,,,Q4,31645000,14722000,16923000,0.5347764259756675,4824000.0,3232000.0,0.0,0.0,0.0,22778000,0.0,0.0,8720000.0,0.27555696002528046,8867000.0,0.3019750355506399,147000.0,9556000.0,0.3019750355506399,725000.0,8831000.0,0.27906462316321695,0.29,0.28,30832000,31336000,,
0,2006-06-30,SIMO,,,Q3,21227000,9872000.0,11355000,0.5349319263202525,3375000.0,2762000.0,0.0,0.0,0.0,16009000,0.0,0.0,5044000.0,0.23762189664107033,5218000.0,0.2756866255240967,174000.0,5852000.0,0.2756866255240967,80000.0,5772000.0,0.2719178404861733,0.1375,0.1375,30691000,31226000,,
0,2006-03-31,SIMO,,,Q2,17538000,8237000.0,9301000.0,0.5303341315999544,2545000.0,2842000.0,0.0,0.0,0.0,13624000,0.0,0.0,3768000.0,0.21484775915155663,3914000.0,0.25567339491390123,146000.0,4484000.0,0.25567339491390123,250000.0,4234000.0,0.2414186338236971,0.14,0.14,30691000,31226000,,
0,2005-12-31,SIMO,,,Q1,27123000,12540000,14583000,0.5376617630793054,3591000.0,2811000.0,0.0,0.0,0.0,18978000,0.0,0.0,8129000.0,0.2997087342845555,8145000.0,0.31821701139254505,51000.0,8631000.0,0.31821701139254505,1006000.0,7625000.0,0.2811267190207573,0.0,0.0,0.0,0.0,,
0,2005-09-30,SIMO,,,Q4,22560000,10772000,11788000,0.5225177304964539,2890000.0,2593000.0,0.0,0.0,0.0,16289000,0.0,0.0,6252000.0,0.2771276595744681,6271000.0,0.29601063829787233,53000.0,6678000.0,0.29601063829787233,182000.0,6496000.0,0.28794326241134754,0.212,0.2069,30653000,31389000,,
0,2005-06-30,SIMO,,,Q3,17435000,9255000.0,8180000.0,0.4691712073415543,2954000.0,1671000.0,0.0,0.0,0.0,13916000,0.0,0.0,3416000.0,0.19592773157441928,3519000.0,0.21078290794379123,139000.0,3675000.0,0.21078290794379123,6000.0,3669000.0,0.210438772583883,0.1394,0.1365,26353000,26872000,,
