,date,symbol,fillingDate,acceptedDate,period,revenue,costOfRevenue,grossProfit,grossProfitRatio,researchAndDevelopmentExpenses,generalAndAdministrativeExpenses,sellingAndMarketingExpenses,otherExpenses,operatingExpenses,costAndExpenses,interestExpense,depreciationAndAmortization,ebitda,ebitdaratio,operatingIncome,operatingIncomeRatio,totalOtherIncomeExpensesNet,incomeBeforeTax,incomeBeforeTaxRatio,incomeTaxExpense,netIncome,netIncomeRatio,eps,epsdiluted,weightedAverageShsOut,weightedAverageShsOutDil,link,finalLink
0,2020-09-30,WISA,2020-11-10,2020-11-10 17:29:35,Q3,607000.0,503000.0,104000.0,0.171334431630972,1240000.0,1014000.0,835000.0,0.0,3089000.0,3592000.0,5000.0,17000.0,-2968000.0,-4.889621087314662,-2985000.0,-4.917627677100494,0.0,-2990000.0,-4.9258649093904445,0.0,-2990000.0,-4.9258649093904445,-0.7595657011629738,-0.7595657011629738,3936460.0,3936460.0,https://www.sec.gov/Archives/edgar/data/1682149/000110465920123681/0001104659-20-123681-index.htm,https://www.sec.gov/Archives/edgar/data/1682149/000110465920123681/tm2029663-1_10q.htm
0,2020-06-30,WISA,2020-08-13,2020-08-13 17:02:05,Q2,348000.0,336000.0,12000.0,0.034482758620689655,904000.0,1117000.0,510000.0,-39000.0,2021000.0000000005,2357000.0000000005,1352000.0,23000.000000000004,-2020000.0,-5.804598,-2009000.0,-5.772989,-39000.0,-3395000.0,-9.755747,3000.0,-3398000.0,-9.764368,-0.86321,-0.86321,3936460.0,3936460.0,https://www.sec.gov/Archives/edgar/data/1682149/000110465920094752/0001104659-20-094752-index.htm,https://www.sec.gov/Archives/edgar/data/1682149/000110465920094752/tm2024709d1_10q.htm
0,2020-03-31,WISA,2020-05-27,2020-05-27 16:31:40,Q1,411000.0,348000.0,63000.0,0.15328467153284672,1134000.0,1589000.0,698000.0,-2000.0,2723000.0000000005,3071000.0000000005,37000.0,23000.0,-2620000.0,-6.374696,-2660000.0,-6.472019,-2000.0,-2680000.0,-6.520681,0.0,-2680000.0,-6.520681,-2.1778,-2.1778,1230600.0,1230600.0,https://www.sec.gov/Archives/edgar/data/1682149/000110465920066433/0001104659-20-066433-index.htm,https://www.sec.gov/Archives/edgar/data/1682149/000110465920037958/tm205294d1_10k.htm
0,2019-12-31,WISA,2020-03-25,2020-03-25 06:08:56,Q4,430000.0,613000.0,-183000.0,-0.4255813953488372,1232000.0,1684000.0,715000.0,-852000.0,2916000.0,3529000.0,11000.0,23000.000000000007,-3906000.0,-9.083721,-3099000.0,-7.206977,-852000.0,-3940000.0,-9.162791,1000.0,-3941000.0,-9.165116,-3.37224,-3.37224,1168660.0,1168660.0,https://www.sec.gov/Archives/edgar/data/1682149/000110465920037958/0001104659-20-037958-index.htm,https://www.sec.gov/Archives/edgar/data/1682149/000110465920037958/tm205294d1_10k.htm
0,2019-09-30,WISA,2019-11-14,2019-11-14 07:02:31,Q3,419000.0,387000.0,32000.0,0.07637231503579953,1429000.0,1282000.0,694000.0,-47000.0,2711000.0,3098000.0,18000.0,22999.999999999996,-2667000.0,-6.365155,-2679000.0,-6.393795,-47000.0,-2708000.0,-6.463007,0.0,-2708000.0,-6.463007,-2.72547,-2.72547,993590.0,993590.0,https://www.sec.gov/Archives/edgar/data/1682149/000110465919063693/0001104659-19-063693-index.htm,https://www.sec.gov/Archives/edgar/data/1682149/000110465919063693/tm1919612-1_10q.htm
0,2019-06-30,WISA,2019-08-14,2019-08-14 16:08:03,Q2,352000.0,330000.0,22000.0,0.0625,1405000.0,1333000.0,676000.0,0.0,2738000.0,3068000.0,-107000.0,23000.0,-2907000.0,-8.258523,-2716000.0,-7.715909,0.0,-2823000.0,-8.019886,1000.0,-2824000.0,-8.022727,-3.27861,-3.27861,861340.0,861340.0,https://www.sec.gov/Archives/edgar/data/1682149/000114420419040067/0001144204-19-040067-index.htm,https://www.sec.gov/Archives/edgar/data/1682149/000114420419040067/tv527106_10q.htm
0,2019-03-31,WISA,2019-05-15,2019-05-14 19:17:16,Q1,465000.0,407000.0,58000.0,0.12473118279569892,1361000.0,1364000.0,749000.0,-3000.0,2725000.0,3132000.0,111000.0,22000.0,-2426000.0,-5.217204,-2667000.0,-5.735484,-3000.0,-2559000.0,-5.503226,6000.0,-2565000.0,-5.516129,-3.32953,-3.32953,770380.0,770380.0,https://www.sec.gov/Archives/edgar/data/1682149/000114420419026119/0001144204-19-026119-index.htm,https://www.sec.gov/Archives/edgar/data/1682149/000114420419016754/tv517167_10k.htm
0,2018-12-31,WISA,2019-03-29,2019-03-28 21:40:40,Q4,327640.0,367490.0,-39850.0,-0.1216273959223538,1232870.0,1539250.0,742421.0,-2881000.0,2772130.0,3139620.0,-5.0,20759.999999999996,-2718105.0,-8.296011,-2811980.0,-8.58253,-2880.0,-2738860.0,-8.359358,0.0,-2738860.0,-8.359358,-3.53625,-3.53625,774510.0,774510.0,https://www.sec.gov/Archives/edgar/data/1682149/000114420419016754/0001144204-19-016754-index.htm,https://www.sec.gov/Archives/edgar/data/1682149/000114420419016754/tv517167_10k.htm
0,2018-09-30,WISA,2018-11-15,2018-11-15 06:07:47,Q3,384740.0,412450.0,-27710.0,-0.07202266465665125,1042210.0,1891110.0,679594.0,72668000,2933320.0,3345770.0,14171499,14520.000000000002,-17660001,-45.901131,-2961030.0,-7.696184,72670.0,-31846020,-82.772834,6150.0,-31852170,-82.788818,-2.07285,-2.07285,15366330,15366330,https://www.sec.gov/Archives/edgar/data/1682149/000114420418060126/0001144204-18-060126-index.htm,https://www.sec.gov/Archives/edgar/data/1682149/000114420418060126/tv507015_10q.htm
