,date,symbol,fillingDate,acceptedDate,period,revenue,costOfRevenue,grossProfit,grossProfitRatio,researchAndDevelopmentExpenses,generalAndAdministrativeExpenses,sellingAndMarketingExpenses,otherExpenses,operatingExpenses,costAndExpenses,interestExpense,depreciationAndAmortization,ebitda,ebitdaratio,operatingIncome,operatingIncomeRatio,totalOtherIncomeExpensesNet,incomeBeforeTax,incomeBeforeTaxRatio,incomeTaxExpense,netIncome,netIncomeRatio,eps,epsdiluted,weightedAverageShsOut,weightedAverageShsOutDil,link,finalLink
0,2020-09-30,ISNS,2020-11-10,2020-11-10 16:42:33,Q3,0.0,0.0,2867000.0,0.0,804000.0,1422000.0,0.0,0.0,2226000.0,2226000.0,0.0,58000.0,699000.0,0.0,641000.0,0.0,0.0,641000.0,0.0,-18000.0,659000.0,0.0,0.12436308737497641,0.12436308737497641,5299000.0,5299000.0,https://www.sec.gov/Archives/edgar/data/943034/000089710120000880/0000897101-20-000880-index.htm,https://www.sec.gov/Archives/edgar/data/943034/000089710120000880/isns-20200930.htm
0,2020-06-30,ISNS,2020-08-12,2020-08-12 16:22:10,Q2,3387000.0,611000.0,2776000.0,0.8196043696486567,842000.0,1563000.0,0.0,0.0,2405000.0,3016000.0,0.0,256000.0,627000.0,0.18512,371000.0,0.109536,0.0,371000.0,0.109536,221000.0,150000.0,0.044287,0.02831,0.02831,5299000.0,5299000.0,https://www.sec.gov/Archives/edgar/data/943034/000089710120000665/0000897101-20-000665-index.htm,https://www.sec.gov/Archives/edgar/data/943034/000089710120000665/isns-20200630.htm
0,2020-03-31,ISNS,2020-05-14,2020-05-14 16:21:32,Q1,3159000.0,623000.0,2536000.0,0.8027856916745806,902000.0,1909000.0,0.0,0.0,2811000.0,3434000.0,0.0,223999.99999999997,-51000.00000000002,-0.016144,-275000.0,-0.087053,0.0,-275000.0,-0.087053,-164000.0,-111000.0,-0.035138,-0.02107,-0.02107,5267000.0,5267000.0,https://www.sec.gov/Archives/edgar/data/943034/000089710120000387/0000897101-20-000387-index.htm,https://www.sec.gov/Archives/edgar/data/943034/000089710120000148/isns-20191231.htm
0,2019-12-31,ISNS,2020-03-12,2020-03-12 16:21:46,Q4,3446000.0,640000.0,2806000.0,0.8142774230992456,828000.0,2028000.0,2676000.0,0.0,2856000.0,3496000.0,0.0,197999.99999999997,147999.99999999997,0.042948,-50000.0,-0.01451,0.0,-50000.0,-0.01451,40000.0,-90000.0,-0.026117,-0.01712,-0.01712,5256000.0,5256000.0,https://www.sec.gov/Archives/edgar/data/943034/000089710120000148/0000897101-20-000148-index.htm,https://www.sec.gov/Archives/edgar/data/943034/000089710120000148/isns-20191231.htm
0,2019-09-30,ISNS,2019-11-13,2019-11-13 16:11:30,Q3,3689000.0,513000.0,3176000.0,0.8609379235565194,691000.0,1560000.0,0.0,0.0,2251000.0,2764000.0,0.0,199000.0,1124000.0,0.30469,925000.0,0.250745,0.0,925000.0,0.250745,-5205000.0,6130000.0,1.661697,1.16319,1.16319,5270000.0,5270000.0,https://www.sec.gov/Archives/edgar/data/943034/000089710119001012/0000897101-19-001012-index.htm,https://www.sec.gov/Archives/edgar/data/943034/000089710119001012/isns-20190930.htm
0,2019-06-30,ISNS,2019-08-12,2019-08-12 16:32:44,Q2,4225000.0,1199000.0,3026000.0,0.7162130177514793,697000.0,1682000.0,0.0,0.0,2378999.9999999995,3577999.9999999995,0.0,197000.0,844000.0,0.199763,647000.0,0.153136,0.0,647000.0,0.153136,0.0,647000.0,0.153136,0.12303,0.12303,5259000.0,5259000.0,https://www.sec.gov/Archives/edgar/data/943034/000089710119000757/0000897101-19-000757-index.htm,https://www.sec.gov/Archives/edgar/data/943034/000089710119000757/isns-20190630.htm
0,2019-03-31,ISNS,2019-05-07,2019-05-07 16:11:56,Q1,3372000.0,777000.0,2595000.0,0.7695729537366548,620000.0,1665000.0,0.0,2000.0,2287000.0,3064000.0,0.0,200999.99999999997,509000.0,0.150949,308000.0,0.09134,0.0,308000.0,0.09134,0.0,308000.0,0.09134,0.05874,0.05874,5243000.0,5243000.0,https://www.sec.gov/Archives/edgar/data/943034/000089710119000447/0000897101-19-000447-index.htm,https://www.sec.gov/Archives/edgar/data/943034/000089710119000222/MainDocument.htm
0,2018-12-31,ISNS,2019-03-14,2019-03-14 16:11:51,Q4,3609000.0,895000.0,2714000.0,0.7520088667220837,686000.0,1377000.0,2817000.0,0.0,2207000.0,3102000.0,0.0,203000.0,710000.0,0.19673,507000.0,0.140482,0.0,507000.0,0.140482,-10000.0,517000.0,0.143253,0.09818,0.09818,5266000.0,5266000.0,https://www.sec.gov/Archives/edgar/data/943034/000089710119000222/0000897101-19-000222-index.htm,https://www.sec.gov/Archives/edgar/data/943034/000089710119000222/MainDocument.htm
0,2018-09-30,ISNS,2018-11-13,2018-11-13 16:41:37,Q3,4049000.0,743000.0,3306000.0,0.8164979007162262,863000.0,1592000.0,0.0,0.0,2455000.0,3198000.0,0.0,211000.0,1062000.0,0.262287,851000.0,0.210175,0.0,851000.0,0.210175,0.0,851000.0,0.210175,0.16228,0.16228,5244000.0,5244000.0,https://www.sec.gov/Archives/edgar/data/943034/000089710118001125/0000897101-18-001125-index.htm,https://www.sec.gov/Archives/edgar/data/943034/000089710118001125/isns-20180930.htm
0,2018-06-30,ISNS,2018-08-09,2018-08-09 16:33:05,Q2,3890000.0,700000.0,3190000.0,0.8200514138817481,920000.0,1770000.0,0.0,0.0,2679999.9999999995,3379999.9999999995,0.0,190000.0,700000.0,0.179949,510000.0,0.131105,0.0,510000.0,0.131105,0.0,510000.0,0.131105,0.0977,0.0977,5220000.0,5220000.0,https://www.sec.gov/Archives/edgar/data/943034/000089710118000753/0000897101-18-000753-index.htm,https://www.sec.gov/Archives/edgar/data/943034/000089710118000753/isns-20180630.htm
0,2018-03-31,ISNS,2018-05-14,2018-05-14 16:24:03,Q1,3010000.0,450000.0,2560000.0,0.8504983388704319,820000.0,1760000.0,0.0,0.0,2579999.9999999995,3029999.9999999995,0.0,169999.99999999997,149999.99999999997,0.049834,-20000.0,-0.006645,0.0,-20000.0,-0.006645,0.0,-20000.0,-0.006645,-0.00386,-0.00386,5180000.0,5180000.0,https://www.sec.gov/Archives/edgar/data/943034/000089710118000492/0000897101-18-000492-index.htm,https://www.sec.gov/Archives/edgar/data/943034/000089710118000263/MainDocument.htm
0,2017-12-31,ISNS,2018-03-14,2018-03-14 16:57:39,Q4,4340000.0,890000.0,3450000.0,0.7949308755760369,740000.0,1950000.0,2486000.0,0.0,2690000.0,3580000.0,0.0,119999.99999999997,-2260000.0,-0.520737,760000.0,0.175115,10000.0,770000.0,0.177419,-3070000.0,690000.0,0.158986,0.1332,0.1332,5180000.0,5180000.0,https://www.sec.gov/Archives/edgar/data/943034/000089710118000263/0000897101-18-000263-index.htm,https://www.sec.gov/Archives/edgar/data/943034/000089710118000263/MainDocument.htm
0,2017-10-01,ISNS,2017-11-13,2017-11-13 16:18:10,Q3,0.0,0.0,0.0,0.0,2266000.0,4522000.0,0.0,0.0,6788000.0,6788000.0,0.0,64000.0,1425000.0,0.0,1361000.0,0.0,0.0,1394000.0,0.0,4000.0,1390000.0,0.0,0.27143,0.27143,5117000.0,5121000.0,https://www.sec.gov/Archives/edgar/data/943034/000089710117001460/0000897101-17-001460-index.htm,https://www.sec.gov/Archives/edgar/data/943034/000089710117001460/MainDocument.htm
0,2017-09-30,ISNS,2017-11-13 00:00:00,2017-11-13 16:18:10,Q3,3620000.0,600000.0,3020000.0,0.834254,720000.0,1430000.0,0.0,0.0,2150000.0,2750000.0,0.0,150000.00000000003,1020000.0,0.281768,870000.0,0.240331,0.0,870000.0,0.240331,0.0,870000.0,0.240331,0.16893,0.16893,5150000.0,5150000.0,https://www.sec.gov/Archives/edgar/data/943034/000089710117001460/0000897101-17-001460-index.html,https://www.sec.gov/Archives/edgar/data/943034/000089710117001460/MainDocument.htm
0,2017-06-30,ISNS,2017-08-10,2017-08-10 16:32:07,Q2,3480000.0,800000.0,2680000.0,0.7701149425287356,730000.0,1660000.0,0.0,0.0,2380000.0,3180000.0,0.0,150000.0,470000.0,0.135057,290000.0,0.083333,30000.0,320000.0,0.091954,4000.0,320000.0,0.091954,0.06238,0.06238,5130000.0,5130000.0,https://www.sec.gov/Archives/edgar/data/943034/000089710117000988/0000897101-17-000988-index.htm,https://www.sec.gov/Archives/edgar/data/943034/000089710117000988/MainDocument.htm
0,2017-03-31,ISNS,2017-05-10,2017-05-10 16:30:36,Q1,3080000.0,630000.0,2450000.0,0.7954545454545454,820000.0,1440000.0,0.0,0.0,2260000.0,2890000.0,0.0,160000.0,360000.0,0.116883,200000.0,0.064935,0.0,200000.0,0.064935,4000.0,200000.0,0.064935,0.03922,0.03922,5100000.0,5100000.0,https://www.sec.gov/Archives/edgar/data/943034/000094303417000035/0000943034-17-000035-index.htm,https://www.sec.gov/Archives/edgar/data/943034/000094303417000021/isns201610k-1.htm
0,2016-12-31,ISNS,2017-03-24,2017-03-24 15:21:34,Q4,2850000.0,1400000.0,1450000.0,0.5087719298245614,910000.0,1240000.0,2417000.0,0.0,2160000.0,3560000.0,0.0,169999.99999999997,-540000.0,-0.189474,-710000.0,-0.249123,0.0,-710000.0,-0.249123,-30000.0,-680000.0,-0.238596,-0.13412,-0.13412,5070000.0,5070000.0,https://www.sec.gov/Archives/edgar/data/943034/000094303417000021/0000943034-17-000021-index.htm,https://www.sec.gov/Archives/edgar/data/943034/000094303417000021/isns201610k-1.htm
0,2016-09-30,ISNS,2016-11-10,2016-11-10 16:36:14,Q3,3380000.0,810000.0,2570000.0,0.7603550295857988,640000.0,1440000.0,0.0,0.0,2080000.0,2890000.0,0.0,70000.0,540000.0,0.159763,500000.0,0.147929,-30000.0,470000.0,0.139053,4000.0,470000.0,0.139053,0.0927,0.0927,5070000.0,5070000.0,https://www.sec.gov/Archives/edgar/data/943034/000094303416000030/0000943034-16-000030-index.htm,https://www.sec.gov/Archives/edgar/data/943034/000094303416000030/iss10q.htm
0,2016-06-30,ISNS,2016-08-08,2016-08-08 17:05:40,Q2,4680000.0,960000.0,3720000.0,0.7948717948717948,600000.0,1920000.0,0.0,0.0,2520000.0,3480000.0,0.0,69999.99999999999,1260000.0,0.269231,1190000.0,0.254274,0.0,1200000.0,0.25641,4000.0,1190000.0,0.254274,0.23611,0.23611,5040000.0,5040000.0,https://www.sec.gov/Archives/edgar/data/943034/000094303416000009/0000943034-16-000009-index.htm,https://www.sec.gov/Archives/edgar/data/943034/000094303416000009/iss10q.htm
0,2016-03-31,ISNS,2016-05-12,2016-05-12 17:11:11,Q1,3240000.0,920000.0,2320000.0,0.7160493827160493,790000.0,1690000.0,0.0,126000.0,2610000.0,3530000.0,0.0,80000.0,-210000.0,-0.064815,-290000.0,-0.089506,0.0,-290000.0,-0.089506,2000.0,-290000.0,-0.089506,-0.05765,-0.05765,5030000.0,5030000.0,https://www.sec.gov/Archives/edgar/data/943034/000089710116002365/0000897101-16-002365-index.htm,https://www.sec.gov/Archives/edgar/data/943034/000089710116001983/iss160860_10k.htm
0,2015-12-31,ISNS,2016-03-10,2016-03-10 14:34:46,Q4,3520000.0,1090000.0,2430000.0,0.6903409090909091,630000.0,2110000.0,950000.0,0.0,2830000.0,3920000.0,0.0,170000.0,-90000.0,-0.025568,-400000.0,-0.113636,0.0,-400000.0,-0.113636,10000.0,-270000.0,-0.076705,-0.05378,-0.05378,5020000.0,5020000.0,https://www.sec.gov/Archives/edgar/data/943034/000089710116001983/0000897101-16-001983-index.htm,https://www.sec.gov/Archives/edgar/data/943034/000089710116001983/iss160860_10k.htm
0,2015-09-30,ISNS,2015-11-12,2015-11-12 16:36:39,Q3,4060000.0,940000.0,3120000.0,0.7684729064039408,1030000.0,1680000.0,-471000.0,0.0,2830000.0,3770000.0,0.0,190000.0,-750000.0,-0.184729,290000.0,0.071429,-10000.0,280000.0,0.068966,-10000.0,-930000.0,-0.229064,-0.18526,-0.18526,5020000.0,5020000.0,https://www.sec.gov/Archives/edgar/data/943034/000089710115001542/0000897101-15-001542-index.htm,https://www.sec.gov/Archives/edgar/data/943034/000089710115001542/iss153810_10q.htm
0,2015-06-30,ISNS,2015-08-11,2015-08-11 16:05:48,Q2,4410000.0,860000.0,3550000.0,0.8049886621315193,960000.0,1840000.0,1322000.0,1239000.0,2910000.0,3770000.0,0.0,210000.0,-520000.0,-0.117914,630000.0,0.142857,30000.0,660000.0,0.14966,10000.0,-740000.0,-0.1678,-0.1477,-0.1477,5010000.0,5010000.0,https://www.sec.gov/Archives/edgar/data/943034/000089710115001069/0000897101-15-001069-index.htm,https://www.sec.gov/Archives/edgar/data/943034/000089710115001069/iss152795_10q.htm
0,2015-03-31,ISNS,2015-05-14,2015-05-14 17:05:45,Q1,3230000.0,590000.0,2640000.0,0.8173374613003096,910000.0,1740000.0,1415000.0,500000.0,2890000.0,3480000.0,0.0,190000.0,-960000.0,-0.297214,-250000.0,-0.077399,0.0,-250000.0,-0.077399,20000.0,-1170000.0,-0.362229,-0.234,-0.234,5000000.0,5000000.0,https://www.sec.gov/Archives/edgar/data/943034/000089710115000657/0000897101-15-000657-index.htm,https://www.sec.gov/Archives/edgar/data/943034/000089710115000381/iss150864_10k.htm
0,2014-12-31,ISNS,2015-03-20,2015-03-19 18:00:09,Q4,3910000.0,1190000.0,2720000.0,0.6956521739130435,970000.0,2490000.0,2215000.0,0.0,3890000.0,5080000.0,0.0,209999.99999999997,-3650000.0,-0.933504,-1170000.0,-0.299233,40000.0,-1120000.0,-0.286445,-174000.0,-3860000.0,-0.987212,-0.77355,-0.77355,4990000.0,4990000.0,https://www.sec.gov/Archives/edgar/data/943034/000089710115000381/0000897101-15-000381-index.htm,https://www.sec.gov/Archives/edgar/data/943034/000089710115000381/iss150864_10k.htm
0,2014-09-30,ISNS,2014-11-04,2014-11-04 14:11:40,Q3,6250000.0,1930000.0,4320000.0,0.6912,1090000.0,2380000.0,2137000.0,540000.0,3740000.0,5670000.0,0.0,-390000.0,-1090000.0,-0.1744,590000.0,0.0944,10000.0,600000.0,0.096,-150000.0,-550000.0,-0.088,-0.11022,-0.11022,4990000.0,4990000.0,https://www.sec.gov/Archives/edgar/data/943034/000089710114001592/0000897101-14-001592-index.htm,https://www.sec.gov/Archives/edgar/data/943034/000089710114001592/iss143857_10q.htm
0,2014-06-30,ISNS,2014-08-04,2014-08-04 12:48:17,Q2,3660000.0,260000.0,3400000.0,0.9289617486338798,990000.0,430000.0,2471000.0,429000.0,1310000.0,1570000.0,0.0,540000.0,-1000000.0,-0.273224,2080000.0,0.568306,10000.0,2100000.0,0.57377,-10000.0,-1530000.0,-0.418033,-0.30357,-0.30357,5040000.0,5040000.0,https://www.sec.gov/Archives/edgar/data/943034/000089710114001089/0000897101-14-001089-index.htm,https://www.sec.gov/Archives/edgar/data/943034/000089710114001089/iss142751_10q.htm
0,2014-03-31,ISNS,2014-05-12,2014-05-12 16:20:06,Q1,4320000.0,1210000.0,3110000.0,0.7199074074074074,1820000.0,4090000.0,2720000.0,120000.0,6870000.0,8080000.0,0.0,540000.0,-3220000.0,-0.74537,-3760000.0,-0.87037,-1000.0,-3760000.0,-0.87037,0.0,-3760000.0,-0.87037,-0.75502,-0.75502,4980000.0,4980000.0,https://www.sec.gov/Archives/edgar/data/943034/000089710114000631/0000897101-14-000631-index.htm,https://www.sec.gov/Archives/edgar/data/943034/000089710114000273/image140791_10k.htm
0,2013-12-31,ISNS,2014-03-06,2014-03-06 16:16:32,Q4,20000.0,90000.0,-70000.0,-3.5,-430000.0,970000.0,4223000.0,510000.0,530000.0,440000.0,0.0,-660000.0,-5550000.0,-277.5,-420000.0,-21.0,10000.0,-420000.0,-21.0,5880000.0,-10770000,-538.5,-2.167,-2.167,4970000.0,4970000.0,https://www.sec.gov/Archives/edgar/data/943034/000089710114000273/0000897101-14-000273-index.htm,https://www.sec.gov/Archives/edgar/data/943034/000089710114000273/image140791_10k.htm
0,2013-09-30,ISNS,2013-11-06,2013-11-06 17:15:54,Q3,7740000.0,2940000.0,4800000.0,0.6201550387596899,1650000.0,4260000.0,2792000.0,480000.0,6720000.000000001,9660000.000000002,0.0,570000.0000000001,-1350000.0,-0.174419,-1910000.0,-0.24677,-1000.0,-1910000.0,-0.24677,20000.0,-1940000.0,-0.250646,-0.39034,-0.39034,4970000.0,4970000.0,https://www.sec.gov/Archives/edgar/data/943034/000089710113001634/0000897101-13-001634-index.htm,https://www.sec.gov/Archives/edgar/data/943034/000089710113001634/image134632_10q.htm
0,2013-06-30,ISNS,2013-08-07,2013-08-07 16:25:48,Q2,7470000.0,2510000.0,4960000.0,0.6639892904953146,1360000.0,4300000.0,2703000.0,1130000.0,7120000.000000001,9630000.000000002,0.0,560000.0,-1610000.0,-0.215529,-2160000.0,-0.289157,-2000.0,-2160000.0,-0.289157,-420000.0,-1750000.0,-0.23427,-0.35211,-0.35211,4970000.0,4970000.0,https://www.sec.gov/Archives/edgar/data/943034/000089710113001160/0000897101-13-001160-index.htm,https://www.sec.gov/Archives/edgar/data/943034/000089710113001160/image133475_10q.htm
0,2013-03-31,ISNS,2013-05-08,2013-05-08 11:42:03,Q1,4610000.0,1060000.0,3550000.0,0.7700650759219089,1130000.0,3420000.0,2050000.0,1610000.0,6500000.0,7560000.0,0.0,550000.0,-2390000.0,-0.518438,-2950000.0,-0.639913,2000.0,-2950000.0,-0.639913,-1490000.0,-1450000.0,-0.314534,-0.29532,-0.29532,4910000.0,4910000.0,https://www.sec.gov/Archives/edgar/data/943034/000089710113000692/0000897101-13-000692-index.htm,https://www.sec.gov/Archives/edgar/data/943034/000089710113000447/image130550_10k.htm
0,2012-12-31,ISNS,2013-03-27,2013-03-27 17:10:22,Q4,6820000.0,2210000.0,4610000.0,0.6759530791788856,890000.0,3150000.0,2052000.0,395000.0,4440000.0,6650000.0,0.0,570000.0000000001,740000.0000000001,0.108504,170000.0,0.024927,29000.0,170000.0,0.024927,190000.0,-20000.0,-0.002933,-0.00407,-0.00407,4910000.0,4910000.0,https://www.sec.gov/Archives/edgar/data/943034/000089710113000447/0000897101-13-000447-index.htm,https://www.sec.gov/Archives/edgar/data/943034/000089710113000447/image130550_10k.htm
0,2012-09-30,ISNS,2012-11-05,2012-11-05 15:45:38,Q3,7180000.0,1860000.0,5320000.0,0.7409470752089137,950000.0,3100000.0,1567000.0,409000.0,4460000.0,6320000.0,0.0,570000.0000000001,1430000.0,0.199164,850000.0,0.118384,27000.0,860000.0,0.119777,-130000.0,990000.0,0.137883,0.1996,0.1996,4960000.0,4960000.0,https://www.sec.gov/Archives/edgar/data/943034/000089710112001874/0000897101-12-001874-index.htm,https://www.sec.gov/Archives/edgar/data/943034/000089710112001874/image124069_10q.htm
0,2012-06-30,ISNS,2012-08-07,2012-08-07 15:19:24,Q2,5710000.0,1320000.0,4390000.0,0.7688266199649737,1020000.0,3130000.0,1821000.0,3939000.0,8080000.0,9400000.0,0.0,659999.9999999999,-3020000.0,-0.528897,-3700000.0,-0.647986,20000.0,-3680000.0,-0.644483,-20000.0,-3660000.0,-0.640981,-0.75,-0.75,4880000.0,4880000.0,https://www.sec.gov/Archives/edgar/data/943034/000089710112001325/0000897101-12-001325-index.htm,https://www.sec.gov/Archives/edgar/data/943034/000089710112001325/iss122760_10q.htm
0,2012-03-31,ISNS,2012-05-08,2012-05-08 14:30:59,Q1,5260000.0,1310000.0,3950000.0,0.7509505703422054,1270000.0,3080000.0,1849000.0,484000.0,4840000.0,6150000.0,0.0,550000.0,-340000.0,-0.064639,-890000.0,-0.169202,10000.0,-890000.0,-0.169202,-220000.0,-670000.0,-0.127376,-0.13814,-0.13814,4850000.0,4850000.0,https://www.sec.gov/Archives/edgar/data/943034/000089710112000738/0000897101-12-000738-index.htm,https://www.sec.gov/Archives/edgar/data/943034/000089710112000474/image120458_10k.htm
0,2011-12-31,ISNS,2012-03-19,2012-03-19 16:05:42,Q4,8850000.0,3170000.0,5680000.0,0.6418079096045197,1310000.0,4300000.0,2735000.0,76000.0,6130000.000000001,9300000.000000002,0.0,1820000.0000000002,1370000.0000000002,0.154802,-450000.0,-0.050847,9000.0,-450000.0,-0.050847,240000.0,-690000.0,-0.077966,-0.14227,-0.14227,4850000.0,4850000.0,https://www.sec.gov/Archives/edgar/data/943034/000089710112000474/0000897101-12-000474-index.htm,https://www.sec.gov/Archives/edgar/data/943034/000089710112000474/image120458_10k.htm
0,2011-09-30,ISNS,2011-11-10,2011-11-10 16:47:02,Q3,7420000.0,1780000.0,5640000.0,0.7601078167115903,1090000.0,4360000.0,2616000.0,12102000,17549999.999999996,19329999.999999996,0.0,540000.0,-11360000,-1.530997,-11910000,-1.605121,7000.0,-11900000,-1.603774,-3170000.0,-8730000.0,-1.17655,-1.80372,-1.80372,4840000.0,4840000.0,https://www.sec.gov/Archives/edgar/data/943034/000089710111001931/0000897101-11-001931-index.htm,https://www.sec.gov/Archives/edgar/data/943034/000089710111001931/image115309_10q.htm
0,2011-06-30,ISNS,2011-08-12,2011-08-12 11:51:41,Q2,8100000.0,2160000.0,5940000.0,0.7333333333333333,1000000.0,4170000.0,5258000.0,826000.0,5580000.0,7740000.0,0.0,540000.0,900000.0,0.111111,360000.0,0.044444,6000.0,360000.0,0.044444,150000.0,210000.0,0.025926,0.04268,0.04268,4920000.0,4920000.0,https://www.sec.gov/Archives/edgar/data/943034/000089710111001411/0000897101-11-001411-index.htm,https://www.sec.gov/Archives/edgar/data/943034/000089710111001411/iss113758_10q.htm
0,2011-03-31,ISNS,2011-05-13,2011-05-12 17:51:53,Q1,6150000.0,1660000.0,4490000.0,0.7300813008130081,1030000.0,4090000.0,2620000.0,4000.0,5540000.0,7200000.0,0.0,540000.0,-510000.0,-0.082927,-1050000.0,-0.170732,4.0,-1050000.0,-0.170732,-240000.0,-810000.0,-0.131707,-0.16805,-0.16805,4820000.0,4820000.0,https://www.sec.gov/Archives/edgar/data/943034/000089710111000844/0000897101-11-000844-index.htm,https://www.sec.gov/Archives/edgar/data/943034/000089710111000506/image111483_10-k.htm
0,2010-12-31,ISNS,2011-03-24,2011-03-24 17:30:44,Q4,10570000,3200000.0,7370000.0,0.6972563859981078,1030000.0,4310000.0,3014000.0,23000.0,6030000.0,9230000.0,0.0,560000.0,1930000.0,0.182592,1340000.0,0.126774,20000.0,1370000.0,0.129612,260000.0,1110000.0,0.105014,0.22561,0.22561,4920000.0,4920000.0,https://www.sec.gov/Archives/edgar/data/943034/000089710111000506/0000897101-11-000506-index.htm,https://www.sec.gov/Archives/edgar/data/943034/000089710111000506/image111483_10-k.htm
0,2010-09-30,ISNS,2010-11-12,2010-11-12 11:40:16,Q3,9120000.0,2160000.0,6960000.0,0.7631578947368421,990000.0,3890000.0,6793000.0,-146000.0,5290000.0,7450000.0,0.0,509999.9999999999,2110000.0,0.23136,1670000.0,0.183114,-70000.0,1600000.0,0.175439,470000.0,1130000.0,0.123904,0.23014,0.23014,4910000.0,4910000.0,https://www.sec.gov/Archives/edgar/data/943034/000089710110002242/0000897101-10-002242-index.htm,https://www.sec.gov/Archives/edgar/data/943034/000089710110002242/image105684_10q.htm
0,2010-06-30,ISNS,2010-08-09,2010-08-09 16:39:15,Q2,6580000.0,1510000.0,5070000.0,0.770516717325228,830000.0,3080000.0,4002000.0,-72000.0,4660000.0,6170000.0,0.0,340000.0,720000.0,0.109422,410000.0,0.06231,-40000.0,380000.0,0.057751,10000.0,370000.0,0.056231,0.07789,0.07789,4750000.0,4750000.0,https://www.sec.gov/Archives/edgar/data/943034/000089710110001594/0000897101-10-001594-index.htm,https://www.sec.gov/Archives/edgar/data/943034/000089710110001594/image103335_10q.htm
0,2010-03-31,ISNS,2010-05-11,2010-05-11 16:03:19,Q1,5400000.0,930000.0,4470000.0,0.8277777777777777,780000.0,2890000.0,1856000.0,-36000.0,3869999.9999999995,4800000.0,0.0,310000.0,880000.0,0.162963,610000.0,0.112963,-40000.0,570000.0,0.105556,170000.0,400000.0,0.074074,0.0978,0.0978,4090000.0,4090000.0,https://www.sec.gov/Archives/edgar/data/943034/000089710110000994/0000897101-10-000994-index.htm,https://www.sec.gov/Archives/edgar/data/943034/000089710110000610/image101352_10k.htm
0,2009-12-31,ISNS,2010-03-24,2010-03-23 18:50:29,Q4,6700000.0,1350000.0,5350000.0,0.7985074626865671,800000.0,3130000.0,1929000.0,-18000.0,4119999.999999999,5469999.999999999,0.0,-490000.00000000006,720000.0,0.107463,1230000.0,0.183582,-10000.0,1220000.0,0.18209,340000.0,870000.0,0.129851,0.21065,0.21065,4130000.0,4130000.0,https://www.sec.gov/Archives/edgar/data/943034/000089710110000610/0000897101-10-000610-index.htm,https://www.sec.gov/Archives/edgar/data/943034/000089710110000610/image101352_10k.htm
0,2009-09-30,ISNS,2009-11-12,2009-11-12 16:57:09,Q3,6820000.0,1270000.0,5550000.0,0.8137829912023461,870000.0,2520000.0,5272000.0,18000.0,3579999.9999999995,4850000.0,0.0,310000.00000000006,2300000.0,0.337243,1980000.0,0.290323,10000.0,1990000.0,0.291789,430000.0,1560000.0,0.228739,0.38329,0.38329,4070000.0,4070000.0,https://www.sec.gov/Archives/edgar/data/943034/000089710109002281/0000897101-09-002281-index.htm,https://www.sec.gov/Archives/edgar/data/943034/000089710109002281/image095178_10q.htm
0,2009-06-30,ISNS,2009-08-13,2009-08-13 12:46:40,Q2,6280000.0,910000.0,5370000.0,0.8550955414012739,860000.0,2720000.0,3551000.0,0.0,3780000.0,4690000.0,0.0,310000.0,1920000.0,0.305732,1590000.0,0.253185,20000.0,1610000.0,0.256369,440000.0,1170000.0,0.186306,0.28747,0.28747,4070000.0,4070000.0,https://www.sec.gov/Archives/edgar/data/943034/000089710109001653/0000897101-09-001653-index.htm,https://www.sec.gov/Archives/edgar/data/943034/000089710109001653/image093144_10q.htm
0,2009-03-31,ISNS,2009-05-14,2009-05-14 12:21:07,Q1,4790000.0,770000.0,4020000.0,0.8392484342379958,810000.0,2610000.0,1630000.0,-12000.0,3610000.0,4380000.0,0.0,290000.0,690000.0,0.14405,420000.0,0.087683,-10000.0,400000.0,0.083507,140000.0,260000.0,0.05428,0.06404,0.06404,4060000.0,4060000.0,https://www.sec.gov/Archives/edgar/data/943034/000089710109001011/0000897101-09-001011-index.htm,https://www.sec.gov/Archives/edgar/data/943034/000089710109000620/iss091385_10-k.htm
0,2008-12-31,ISNS,2009-03-26,2009-03-26 16:08:16,Q4,7770000.0,1440000.0,6330000.0,0.8146718146718147,740000.0,3180000.0,1992000.0,-58000.0,4119999.999999999,5559999.999999999,0.0,-500000.0,1700000.0,0.21879,2210000.0,0.284427,-20000.0,2200000.0,0.28314,670000.0,1530000.0,0.196911,0.38539,0.38539,3970000.0,3970000.0,https://www.sec.gov/Archives/edgar/data/943034/000089710109000620/0000897101-09-000620-index.htm,https://www.sec.gov/Archives/edgar/data/943034/000089710109000620/iss091385_10-k.htm
0,2008-09-30,ISNS,2008-11-14,2008-11-14 14:05:18,Q3,6080000.0,860000.0,5220000.0,0.8585526315789473,700000.0,2680000.0,4688000.0,58000.0,3570000.0,4430000.0,0.0,290000.00000000006,1940000.0,0.319079,1650000.0,0.271382,-10000.0,1650000.0,0.271382,490000.0,1160000.0,0.190789,0.28928,0.28928,4010000.0,4010000.0,https://www.sec.gov/Archives/edgar/data/943034/000089710108002310/0000897101-08-002310-index.htm,https://www.sec.gov/Archives/edgar/data/943034/000089710108002310/image084705_10q.htm
0,2008-06-30,ISNS,2008-08-13,2008-08-12 19:05:35,Q2,6740000.0,1410000.0,5330000.0,0.7908011869436202,770000.0,2680000.0,2993000.0,0.0,3630000.0,5040000.0,0.0,279999.99999999994,2010000.0,0.29822,1700000.0,0.252226,20000.0,1730000.0,0.256677,510000.0,1220000.0,0.181009,0.305,0.305,4000000.0,4000000.0,https://www.sec.gov/Archives/edgar/data/943034/000089710108001697/0000897101-08-001697-index.htm,https://www.sec.gov/Archives/edgar/data/943034/000089710108001697/image083341_10q.htm
0,2008-03-31,ISNS,2008-05-15,2008-05-15 12:49:04,Q1,5870000.0,1200000.0,4670000.0,0.7955706984667802,700000.0,2220000.0,1333000.0,0.0,3120000.0,4320000.0,0.0,290000.0,1890000.0,0.321976,1560000.0,0.265758,40000.0,1600000.0,0.272572,540000.0,1060000.0,0.180579,0.26303,0.26303,4030000.0,4030000.0,https://www.sec.gov/Archives/edgar/data/943034/000089710108001111/0000897101-08-001111-index.htm,https://www.sec.gov/Archives/edgar/data/943034/000089710108000521/image080780_10-k.htm
0,2007-12-31,ISNS,2008-03-07,2008-03-07 15:54:47,Q4,5220000.0,1040000.0,4180000.0,0.8007662835249042,620000.0,1970000.0,1153000.0,-429000.0,7140000.0,8180000.0,0.0,30000.0,-2820000.0,-0.54023,-2960000.0,-0.56705,110000.0,-2850000.0,-0.545977,-1170000.0,-1680000.0,-0.321839,-0.43979,-0.43979,3820000.0,3820000.0,https://www.sec.gov/Archives/edgar/data/943034/000089710108000521/0000897101-08-000521-index.htm,https://www.sec.gov/Archives/edgar/data/943034/000089710108000521/image080780_10-k.htm
0,2007-09-30,ISNS,2007-11-02,2007-11-02 15:36:00,Q3,4180000.0,540000.0,3640000.0,0.8708133971291866,550000.0,1460000.0,749000.0,149000.0,2010000.0,2550000.0,0.0,80000.00000000001,1870000.0,0.447368,1640000.0,0.392344,150000.0,1790000.0,0.42823,490000.0,1300000.0,0.311005,0.33592,0.33592,3870000.0,3870000.0,https://www.sec.gov/Archives/edgar/data/943034/000089710107002289/0000897101-07-002289-index.htm,https://www.sec.gov/Archives/edgar/data/943034/000089710107002289/image074493_10q.htm
0,2007-06-30,ISNS,2007-08-09,2007-08-09 17:06:29,Q2,3040000.0,290000.0,2750000.0,0.9046052631578947,530000.0,1430000.0,876000.0,280000.0,1960000.0,2250000.0,0.0,60000.0,990000.0,0.325658,790000.0,0.259868,140000.0,930000.0,0.305921,230000.0,700000.0,0.230263,0.18088,0.18088,3870000.0,3870000.0,https://www.sec.gov/Archives/edgar/data/943034/000089710107001665/0000897101-07-001665-index.htm,https://www.sec.gov/Archives/edgar/data/943034/000089710107001665/image073213_10q.htm
0,2007-03-31,ISNS,2007-05-10,2007-05-10 15:54:38,Q1,2640000.0,130000.0,2510000.0,0.9507575757575758,590000.0,1260000.0,685000.0,0.0,1850000.0,1980000.0,0.0,60000.0,870000.0,0.329545,670000.0,0.253788,140000.0,810000.0,0.306818,250000.0,560000.0,0.212121,0.14396,0.14396,3890000.0,3890000.0,https://www.sec.gov/Archives/edgar/data/943034/000089710107001056/0000897101-07-001056-index.htm,https://www.sec.gov/Archives/edgar/data/943034/000089710107000690/image071322_10-k.htm
0,2006-12-31,ISNS,2007-03-29,2007-03-29 13:37:16,Q4,4130000.0,750000.0,3380000.0,0.8184019370460048,1060000.0,1210000.0,2850000.0,0.0,2270000.0,3020000.0,0.0,109999.99999999999,1390000.0,0.336562,1110000.0,0.268765,170000.0,1280000.0,0.309927,120000.0,1160000.0,0.280872,0.29744,0.29744,3900000.0,3900000.0,https://www.sec.gov/Archives/edgar/data/943034/000089710107000690/0000897101-07-000690-index.htm,https://www.sec.gov/Archives/edgar/data/943034/000089710107000690/image071322_10-k.htm
0,2006-09-30,ISNS,2006-11-07,2006-11-07 13:39:38,Q3,3000000.0,210000.0,2790000.0,0.93,590000.0,1100000.0,2095000000,55000000,1690000.0,1900000.0,0.0,80000.00000000001,1140000.0,0.38,1100000.0,0.366667,-40000.0,1060000.0,0.353333,330000.0,730000.0,0.243333,0.18766,0.18766,3890000.0,3890000.0,https://www.sec.gov/Archives/edgar/data/943034/000089710106002301/0000897101-06-002301-index.htm,https://www.sec.gov/Archives/edgar/data/943034/000089710106002301/image064297_10q.htm
0,2006-06-30,ISNS,2006-08-09,2006-08-09 13:08:38,Q2,3410000.0,480000.0,2930000.0,0.8592375366568915,510000.0,1360000.0,0.0,-75000000,1880000.0,2360000.0,0.0,120000.00000000001,1090000.0,0.319648,1050000.0,0.307918,-80000.0,970000.0,0.284457,260000.0,710000.0,0.208211,0.18299,0.18299,3880000.0,3880000.0,https://www.sec.gov/Archives/edgar/data/943034/000089710106001628/0000897101-06-001628-index.htm,https://www.sec.gov/Archives/edgar/data/943034/000089710106001628/image063150_10q.htm
0,2006-03-31,ISNS,2006-05-05,2006-05-05 12:37:23,Q1,2590000.0,280000.0,2310000.0,0.8918918918918919,480000.0,1180000.0,0.0,0.0,1670000.0,1950000.0,0.0,80000.0,820000.0,0.316602,640000.0,0.247104,100000.0,740000.0,0.285714,240000.0,500000.0,0.19305,0.12821,0.12821,3900000.0,3900000.0,https://www.sec.gov/Archives/edgar/data/943034/000089710106000985/0000897101-06-000985-index.htm,https://www.sec.gov/Archives/edgar/data/943034/000089710106000639/image061304_10ksb.htm
0,2005-12-31,ISNS,2006-03-24,2006-03-24 17:06:03,Q4,2890000.0,480000.0,2410000.0,0.8339100346020761,450000.0,1010000.0,2567000000,0.0,1460000.0,1940000.0,0.0,-160000.00000000003,870000.0,0.301038,950000.0,0.32872,80000.0,1030000.0,0.356401,340000.0,690000.0,0.238754,0.17784,0.17784,3880000.0,3880000.0,https://www.sec.gov/Archives/edgar/data/943034/000089710106000639/0000897101-06-000639-index.htm,https://www.sec.gov/Archives/edgar/data/943034/000089710105000789/iss051472_10ksb.htm
0,2005-09-30,ISNS,,Not found...,Q3,3460000.0,440000.0,3020000.0,0.872832,520000.0,850000.0,0.0,0.0,1370000.0,1810000.0,0.0,100000.00000000003,1830000.0,0.528902,1660000.0,0.479769,70000.0,1720000.0,0.49711,580000.0,1150000.0,0.33237,0.2987,0.2987,3850000.0,3850000.0,,
0,2005-06-30,ISNS,,,Q2,2520000.0,240000.0,2290000.0,0.90873,350000.0,1050000.0,0.0,0.0,1390000.0,1630000.0,0.0,90000.0,1050000.0,0.416667,900000.0,0.357143,60000.0,960000.0,0.380952,350000.0,610000.0,0.242063,0.15762,0.15762,3870000.0,3870000.0,,
0,2005-03-31,ISNS,,,Q1,2130000.0,260000.0,1860000.0,0.873239,280000.0,990000.0,0.0,0.0,1270000.0,1530000.0,0.0,90000.0,730000.0,0.342723,600000.0,0.28169,40000.0,640000.0,0.300469,240000.0,400000.0,0.187793,0.10283,0.10283,3890000.0,3890000.0,,
0,2004-12-31,ISNS,2005-03-29,2005-03-29 09:09:42,Q4,2250000.0,260000.0,1990000.0,0.8844444444444445,330000.0,1110000.0,2523000000,0.0,1440000.0,1700000.0,0.0,85000.0,610000.0,0.271111,550000.0,0.244444,60000.0,610000.0,0.271111,190000.0,420000.0,0.186667,0.10909,0.10909,3850000.0,3850000.0,https://www.sec.gov/Archives/edgar/data/943034/000089710105000789/0000897101-05-000789-index.htm,https://www.sec.gov/Archives/edgar/data/943034/000089710105000789/iss051472_10ksb.htm
0,2004-09-30,ISNS,2004-10-28,2004-10-28 16:09:49,Q3,3080000.0,320000.0,2760000.0,0.8961038961038961,330000.0,930000.0,1784000000,0.0,1270000.0,1590000.0,0.0,0.0,1520000.0,0.493506,1490000.0,0.483766,20000.0,1510000.0,0.49026,540000.0,980000.0,0.318182,0.25654,0.25654,3820000.0,3820000.0,https://www.sec.gov/Archives/edgar/data/943034/000089710104002243/0000897101-04-002243-index.htm,https://www.sec.gov/Archives/edgar/data/943034/000089710104002243/image045101_10qsb.htm
0,2004-06-30,ISNS,2004-08-05,2004-08-05 16:05:13,Q2,3430000.0,860000.0,2570000.0,0.749271137026239,270000.0,860000.0,1219000000,24000000,1130000.0,1990000.0,0.0,90000.00000000001,1540000.0,0.44898,1440000.0,0.419825,10000.0,1450000.0,0.422741,470000.0,980000.0,0.285714,0.25654,0.25654,3820000.0,3820000.0,https://www.sec.gov/Archives/edgar/data/943034/000089710104001498/0000897101-04-001498-index.htm,https://www.sec.gov/Archives/edgar/data/943034/000089710104001498/iss043748_10q.htm
0,2004-03-31,ISNS,2004-05-06,2004-05-06 17:21:47,Q1,2070000.0,470000.0,1600000.0,0.7729468599033816,190000.0,940000.0,0.0,0.0,1140000.0,1610000.0,0.0,80000.0,560000.0,0.270531,460000.0,0.222222,10000.0,480000.0,0.231884,160000.0,320000.0,0.154589,0.08511,0.08511,3760000.0,3760000.0,https://www.sec.gov/Archives/edgar/data/943034/000089710104000924/0000897101-04-000924-index.htm,https://www.sec.gov/Archives/edgar/data/943034/000089710104000924/image042408_10q.htm
0,2003-12-31,ISNS,,,Q4,2440000.0,580000.0,1850000.0,0.758197,220000.0,1110000.0,0.0,0.0,1340000.0,1920000.0,0.0,0.0,530000.0,0.217213,520000.0,0.213115,10000.0,530000.0,0.217213,150000.0,380000.0,0.155738,0.1008,0.1008,3770000.0,3770000.0,,
0,2003-09-30,ISNS,,,Q3,2670000.0,480000.0,2190000.0,0.820225,160000.0,1000000.0,0.0,0.0,1160000.0,1640000.0,0.0,0.0,1050000.0,0.393258,1030000.0,0.385768,10000.0,1050000.0,0.393258,370000.0,680000.0,0.254682,0.18478,0.18478,3680000.0,3680000.0,,
0,2003-06-30,ISNS,,,Q2,2600000.0,490000.0,2110000.0,0.811538,160000.0,870000.0,0.0,0.0,1030000.0,1520000.0,0.0,0.0,1070000.0,0.411538,1070000.0,0.411538,0.0,1070000.0,0.411538,240000.0,830000.0,0.319231,0.23851,0.23851,3480000.0,3480000.0,,
0,2003-03-31,ISNS,,,Q1,1560000.0,260000.0,1300000.0,0.833333,180000.0,790000.0,0.0,0.0,970000.0,1230000.0,0.0,0.0,330000.0,0.211538,320000.0,0.205128,0.0,330000.0,0.211538,80000.0,250000.0,0.160256,0.07246,0.07246,3450000.0,3450000.0,,
0,2002-12-31,ISNS,,,Q4,2200000.0,730000.0,1480000.0,0.672727,130000.0,900000.0,0.0,0.0,1030000.0,1760000.0,0.0,0.0,450000.0,0.204545,450000.0,0.204545,10000.0,460000.0,0.209091,150000.0,300000.0,0.136364,0.08772,0.08772,3420000.0,3420000.0,,
0,2002-09-30,ISNS,,,Q3,2040000.0,390000.0,1640000.0,0.803922,110000.0,970000.0,0.0,0.0,1080000.0,1470000.0,0.0,0.0,560000.0,0.27451,560000.0,0.27451,10000.0,570000.0,0.279412,10000.0,550000.0,0.269608,0.16871,0.16871,3260000.0,3260000.0,,
0,2002-06-30,ISNS,,,Q2,2240000.0,410000.0,1830000.0,0.816964,120000.0,940000.0,0.0,0.0,1270000.0,1680000.0,0.0,0.0,570000.0,0.254464,560000.0,0.25,10000.0,570000.0,0.254464,10000.0,560000.0,0.25,0.175,0.175,3200000.0,3200000.0,,
0,2002-03-31,ISNS,,,Q1,1610000.0,370000.0,1240000.0,0.770186,230000.0,970000.0,0.0,0.0,1470000.0000000002,1840000.0000000002,0.0,0.0,-230000.0,-0.142857,-230000.0,-0.142857,0.0,-230000.0,-0.142857,0.0,-230000.0,-0.142857,-0.07302,-0.07302,3150000.0,3150000.0,,
0,2001-12-31,ISNS,,,Q4,2070000.0,920000.0,1160000.0,0.560386,370000.0,930000.0,0.0,0.0,1300000.0000000002,2220000.0000000005,0.0,0.0,-120000.0,-0.057971,-150000.0,-0.072464,30000.0,-120000.0,-0.057971,0.0,-120000.0,-0.057971,-0.03834,-0.03834,3130000.0,3130000.0,,
0,2001-09-30,ISNS,,,Q3,1640000.0,480000.0,1150000.0,0.70122,180000.0,1080000.0,0.0,0.0,1270000.0,1750000.0,0.0,0.0,-50000.0,-0.030488,-110000.0,-0.067073,30000.0,-80000.0,-0.04878,0.0,-50000.0,-0.030488,-0.01587,-0.01587,3150000.0,3150000.0,,
0,2001-06-30,ISNS,,,Q2,1540000.0,350000.0,1190000.0,0.772727,200000.0,1080000.0,0.0,0.0,1279999.9999999998,1629999.9999999998,0.0,0.0,-70000.0,-0.045455,-90000.0,-0.058442,30000.0,-60000.0,-0.038961,0.0,-70000.0,-0.045455,-0.02215,-0.02215,3160000.0,3160000.0,,
0,2001-03-31,ISNS,,,Q1,1430000.0,330000.0,1100000.0,0.769231,210000.0,1140000.0,0.0,0.0,1350000.0,1680000.0,0.0,0.0,-220000.0,-0.153846,-250000.0,-0.174825,30000.0,-220000.0,-0.153846,0.0,-220000.0,-0.153846,-0.06984,-0.06984,3150000.0,3150000.0,,
0,2000-12-31,ISNS,,,Q4,1910000.0,890000.0,1030000.0,0.539267,0.0,1020000.0,0.0,0.0,1020000.0,1910000.0,0.0,0.0,-10000.0,-0.005236,10000.0,0.005236,20000.0,30000.0,0.015707,30000.0,-40000.0,-0.020942,-0.0122,-0.0122,3280000.0,3280000.0,,
0,2000-09-30,ISNS,,,Q3,1500000.0,650000.0,850000.0,0.566667,0.0,970000.0,0.0,0.0,970000.0000000001,1620000.0,0.0,0.0,-100000.0,-0.066667,-130000.0,-0.086667,40000.0,-90000.0,-0.06,0.0,-100000.0,-0.066667,-0.03185,-0.03185,3140000.0,3140000.0,,
0,2000-06-30,ISNS,,,Q2,1530000.0,530000.0,1000000.0,0.653595,0.0,1020000.0,0.0,0.0,1020000.0,1550000.0,0.0,0.0,10000.0,0.006536,-20000.0,-0.013072,30000.0,10000.0,0.006536,0.0,10000.0,0.006536,0.00281,0.00281,3560000.0,3560000.0,,
0,2000-03-31,ISNS,,,Q1,1100000.0,260000.0,840000.0,0.763636,0.0,900000.0,0.0,0.0,899999.9999999999,1160000.0,0.0,0.0,-30000.0,-0.027273,-60000.0,-0.054545,30000.0,-30000.0,-0.027273,-120000.0,90000.0,0.081818,0.02752,0.02752,3270000.0,3270000.0,,
0,1999-12-31,ISNS,,,Q4,1590000.0,410000.0,1180000.0,0.742138,-70000.0,790000.0,0.0,0.0,720000.0,1130000.0,0.0,0.0,480000.0,0.301887,460000.0,0.289308,30000.0,480000.0,0.301887,0.0,480000.0,0.301887,0.14458,0.14458,3320000.0,3320000.0,,
0,1999-09-30,ISNS,,,Q3,900000.0,230000.0,660000.0,0.733333,50000.0,750000.0,0.0,0.0,810000.0,1040000.0,0.0,0.0,-130000.0,-0.144444,-140000.0,-0.155556,20000.0,-130000.0,-0.144444,0.0,-130000.0,-0.144444,-0.05242,-0.05242,2480000.0,2480000.0,,
0,1999-06-30,ISNS,,,Q2,1130000.0,310000.0,820000.0,0.725664,180000.0,700000.0,0.0,0.0,889999.9999999999,1200000.0,0.0,0.0,-40000.0,-0.035398,-60000.0,-0.053097,20000.0,-40000.0,-0.035398,0.0,-40000.0,-0.035398,-0.01613,-0.01613,2480000.0,2480000.0,,
0,1999-03-31,ISNS,,,Q1,1160000.0,260000.0,890000.0,0.767241,190000.0,660000.0,0.0,0.0,860000.0000000001,1120000.0,0.0,0.0,60000.0,0.051724,40000.0,0.034483,20000.0,60000.0,0.051724,0.0,60000.0,0.051724,0.01974,0.01974,3040000.0,3040000.0,,
0,1998-12-31,ISNS,,,Q4,1140000.0,190000.0,960000.0,0.842105,200000.0,630000.0,0.0,0.0,830000.0000000001,1020000.0000000001,0.0,0.0,150000.0,0.131579,130000.0,0.114035,20000.0,150000.0,0.131579,0.0,150000.0,0.131579,0.05051,0.05051,2970000.0,2970000.0,,
0,1998-09-30,ISNS,,,Q3,680000.0,160000.0,520000.0,0.764706,0.0,520000.0,0.0,0.0,520000.0,680000.0,0.0,0.0,20000.0,0.029412,-10000.0,-0.014706,20000.0,20000.0,0.029412,0.0,20000.0,0.029412,0.00671,0.00671,2980000.0,2980000.0,,
0,1998-06-30,ISNS,,,Q2,790000.0,190000.0,600000.0,0.759494,0.0,580000.0,0.0,0.0,580000.0000000001,770000.0000000001,0.0,0.0,50000.0,0.063291,20000.0,0.025316,30000.0,50000.0,0.063291,0.0,50000.0,0.063291,0.01672,0.01672,2990000.0,2990000.0,,
0,1998-03-31,ISNS,,,Q1,760000.0,210000.0,550000.0,0.723684,0.0,580000.0,0.0,0.0,580000.0000000001,790000.0000000001,0.0,0.0,0.0,0.0,-30000.0,-0.039474,30000.0,0.0,0.0,0.0,0.0,0.0,0.0,0.0,2970000.0,2970000.0,,
0,1997-12-31,ISNS,,,Q4,1110000.0,430000.0,680000.0,0.612613,160000.0,540000.0,0.0,0.0,700000.0,1130000.0,0.0,0.0,10000.0,0.009009,-10000.0,-0.009009,20000.0,10000.0,0.009009,0.0,10000.0,0.009009,0.00338,0.00338,2960000.0,2960000.0,,
0,1997-09-30,ISNS,,,Q3,1180000.0,310000.0,870000.0,0.737288,160000.0,520000.0,0.0,0.0,669999.9999999999,979999.9999999999,0.0,0.0,220000.0,0.186441,200000.0,0.169492,20000.0,220000.0,0.186441,0.0,220000.0,0.186441,0.07358,0.07358,2990000.0,2990000.0,,
0,1997-06-30,ISNS,,,Q2,1130000.0,180000.0,950000.0,0.840708,160000.0,550000.0,0.0,0.0,720000.0,900000.0,0.0,0.0,260000.0,0.230088,240000.0,0.212389,20000.0,260000.0,0.230088,0.0,260000.0,0.230088,0.08754,0.08754,2970000.0,2970000.0,,
0,1997-03-31,ISNS,,,Q1,910000.0,260000.0,640000.0,0.703297,170000.0,500000.0,0.0,0.0,670000.0,930000.0,0.0,0.0,10000.0,0.010989,-20000.0,-0.021978,30000.0,10000.0,0.010989,0.0,10000.0,0.010989,0.00337,0.00337,2970000.0,2970000.0,,
0,1996-12-31,ISNS,,,Q4,990000.0,240000.0,750000.0,0.757576,110000.0,580000.0,0.0,0.0,680000.0,920000.0,0.0,160000.0,250000.0,0.252525,70000.0,0.070707,20000.0,90000.0,0.090909,0.0,90000.0,0.090909,0.0303,0.0303,2970000.0,2970000.0,,
0,1996-09-30,ISNS,,,Q3,720000.0,240000.0,490000.0,0.680556,170000.0,580000.0,0.0,0.0,750000.0,990000.0,0.0,0.0,-250000.0,-0.347222,-270000.0,-0.375,20000.0,-250000.0,-0.347222,0.0,-250000.0,-0.347222,-0.08418,-0.08418,2970000.0,2970000.0,,
0,1996-06-30,ISNS,,,Q2,850000.0,290000.0,560000.0,0.658824,240000.0,650000.0,0.0,0.0,879999.9999999999,1170000.0,0.0,0.0,-300000.0,-0.352941,-320000.0,-0.376471,20000.0,-300000.0,-0.352941,0.0,-300000.0,-0.352941,-0.10101,-0.10101,2970000.0,2970000.0,,
