,date,symbol,fillingDate,acceptedDate,period,revenue,costOfRevenue,grossProfit,grossProfitRatio,researchAndDevelopmentExpenses,generalAndAdministrativeExpenses,sellingAndMarketingExpenses,otherExpenses,operatingExpenses,costAndExpenses,interestExpense,depreciationAndAmortization,ebitda,ebitdaratio,operatingIncome,operatingIncomeRatio,totalOtherIncomeExpensesNet,incomeBeforeTax,incomeBeforeTaxRatio,incomeTaxExpense,netIncome,netIncomeRatio,eps,epsdiluted,weightedAverageShsOut,weightedAverageShsOutDil,link,finalLink
0,2020-03-31,UR.TO,2020-03-31,2020-03-31,Q1,4376000.0,0.0,0.0,0.0,659000.0,5960000.0,0.0,0.0,-853000.0,6921000.0,3174000.0,0.0,-1389000.0,-0.3174131627056673,-2545000.0,-0.6046617915904936,3073000.0,-2646000.0,-0.6046617915904936,-102000.0,-11188000,-2.556672760511883,-0.08,-0.08,142929607,142929607,https://www.sedar.com/ModifyCompanyDocumentSearchForm.do?lang=EN&company_search=UrtheCast Corp&document_selection=0&industry_group=A&FromDate=13&FromMonth=05&FromYear=2000&ToDate=13&ToMonth=11&ToYear=2020&Variable=Issuer,https://www.sedar.com/ModifyCompanyDocumentSearchForm.do?lang=EN&company_search=UrtheCast Corp&document_selection=0&industry_group=A&FromDate=13&FromMonth=05&FromYear=2000&ToDate=13&ToMonth=11&ToYear=2020&Variable=Issuer
0,2019-12-31,UR.TO,2019-12-31,2019-12-31,Q4,4368000.0,0.0,0.0,0.0,717000.0,6004000.0,0.0,0.0,-467000.0,4948000.0,-697000.0,0.0,-4895000.0,-1.1206501831501832,-580000.0,0.8688186813186813,6687000.0,3795000.0,0.8688186813186813,524000.0,-9495000.0,-2.1737637362637363,-0.06643130278809205,-0.06643130278809205,142929607,142929607,https://www.sedar.com/ModifyCompanyDocumentSearchForm.do?lang=EN&company_search=UrtheCast Corp&document_selection=0&industry_group=A&FromDate=13&FromMonth=05&FromYear=2000&ToDate=13&ToMonth=11&ToYear=2020&Variable=Issuer,https://www.sedar.com/ModifyCompanyDocumentSearchForm.do?lang=EN&company_search=UrtheCast Corp&document_selection=0&industry_group=A&FromDate=13&FromMonth=05&FromYear=2000&ToDate=13&ToMonth=11&ToYear=2020&Variable=Issuer
0,2019-09-30,UR.TO,2019-09-30,2019-09-30,Q3,4429000.0,0.0,0.0,0.0,392000.0,6732000.0,0.0,0.0,-377000.0,8388000.0,2897000.0,0.0,-2316000.0,-0.5229171370512531,-3959000.0,-3.449537141566945,-8424000.0,-15278000,-3.449537141566945,-398000.0,-14898000,-3.3637389930006774,-0.11,-0.11,134181951,134181951,https://www.sedar.com/ModifyCompanyDocumentSearchForm.do?lang=EN&company_search=UrtheCast Corp&document_selection=0&industry_group=A&FromDate=13&FromMonth=05&FromYear=2000&ToDate=13&ToMonth=11&ToYear=2020&Variable=Issuer,https://www.sedar.com/ModifyCompanyDocumentSearchForm.do?lang=EN&company_search=UrtheCast Corp&document_selection=0&industry_group=A&FromDate=13&FromMonth=05&FromYear=2000&ToDate=13&ToMonth=11&ToYear=2020&Variable=Issuer
0,2019-06-30,UR.TO,2019-06-30,2019-06-30,Q2,5058000.0,0.0,0.0,0.0,234000.0,6480000.0,0.0,0.0,-219000.0,8226000.0,2340000.0,0.0,-1429000.0,-0.28252273625939106,-3168000.0,-1.0883748517200476,-5000.0,-5505000.0,-1.0883748517200476,-331000.0,-5200000.0,-1.0280743376828787,-0.04,-0.04,134005878,134005878,https://www.sedar.com/ModifyCompanyDocumentSearchForm.do?lang=EN&company_search=UrtheCast Corp&document_selection=0&industry_group=A&FromDate=13&FromMonth=05&FromYear=2000&ToDate=13&ToMonth=11&ToYear=2020&Variable=Issuer,https://www.sedar.com/ModifyCompanyDocumentSearchForm.do?lang=EN&company_search=UrtheCast Corp&document_selection=0&industry_group=A&FromDate=13&FromMonth=05&FromYear=2000&ToDate=13&ToMonth=11&ToYear=2020&Variable=Issuer
0,2019-03-31,UR.TO,2019-03-31,2019-03-31,Q1,4425000.0,0.0,0.0,0.0,294000.0,5466000.0,0.0,0.0,-331000.0,6846000.0,1637000.0,0.0,-1003000.0,-0.22666666666666666,-2421000.0,-0.3785310734463277,2382000.0,-1675000.0,-0.3785310734463277,-253000.0,-6475000.0,-1.463276836158192,-0.05,-0.05,131008822,131008822,https://www.sedar.com/ModifyCompanyDocumentSearchForm.do?lang=EN&company_search=UrtheCast Corp&document_selection=0&industry_group=A&FromDate=13&FromMonth=05&FromYear=2000&ToDate=13&ToMonth=11&ToYear=2020&Variable=Issuer,https://www.sedar.com/ModifyCompanyDocumentSearchForm.do?lang=EN&company_search=UrtheCast Corp&document_selection=0&industry_group=A&FromDate=13&FromMonth=05&FromYear=2000&ToDate=13&ToMonth=11&ToYear=2020&Variable=Issuer
0,2018-12-31,UR.TO,2018-12-31,2018-12-31,Q4,5839000.0,0.0,0.0,0.0,356000.0,9364000.0,0.0,0.0,-302000.0,13584000,26217000,0.0,-1736000.0,-0.2973111834218188,-7745000.0,-6.273848261688645,-4514000.0,-36633000,-6.273848261688645,5779000.0,-42412000,-7.26357252954273,-0.29673348223786833,-0.29673348223786833,142929607,142929607,https://www.sedar.com/ModifyCompanyDocumentSearchForm.do?lang=EN&company_search=UrtheCast Corp&document_selection=0&industry_group=A&FromDate=13&FromMonth=05&FromYear=2000&ToDate=13&ToMonth=11&ToYear=2020&Variable=Issuer,https://www.sedar.com/ModifyCompanyDocumentSearchForm.do?lang=EN&company_search=UrtheCast Corp&document_selection=0&industry_group=A&FromDate=13&FromMonth=05&FromYear=2000&ToDate=13&ToMonth=11&ToYear=2020&Variable=Issuer
0,2018-09-30,UR.TO,2018-09-30,2018-09-30,Q3,2151000.0,8302000.0,-6151000.0,-2.8596001859600184,842000.0,9365000.0,0.0,0.0,-172000.0,14245000,1292000.0,0.0,-8295000.0,-3.8563458856345885,-12094000,-7.7322175732217575,-2835000.0,-16632000,-7.7322175732217575,-103000.0,-16529000,-7.684332868433287,-0.13,-0.13,124897881,124897881,https://www.sedar.com/ModifyCompanyDocumentSearchForm.do?lang=EN&company_search=UrtheCast Corp&document_selection=0&industry_group=A&FromDate=13&FromMonth=05&FromYear=2000&ToDate=13&ToMonth=11&ToYear=2020&Variable=Issuer,https://www.sedar.com/ModifyCompanyDocumentSearchForm.do?lang=EN&company_search=UrtheCast Corp&document_selection=0&industry_group=A&FromDate=13&FromMonth=05&FromYear=2000&ToDate=13&ToMonth=11&ToYear=2020&Variable=Issuer
0,2018-06-30,UR.TO,2018-06-30,2018-06-30,Q2,3377000.0,10476000,-7099000.0,-2.1021616819662423,306000.0,10996000,0.0,0.0,-37000.0,15556000,5954000.0,0.0,-7838000.0,-2.320994965946106,-12179000,-3.9620965353864377,4703000.0,-13380000,-3.9620965353864377,-127000.0,-13253000,-3.924489191590169,-0.11,-0.11,121466318,121466318,https://www.sedar.com/ModifyCompanyDocumentSearchForm.do?lang=EN&company_search=UrtheCast Corp&document_selection=0&industry_group=A&FromDate=13&FromMonth=05&FromYear=2000&ToDate=13&ToMonth=11&ToYear=2020&Variable=Issuer,https://www.sedar.com/ModifyCompanyDocumentSearchForm.do?lang=EN&company_search=UrtheCast Corp&document_selection=0&industry_group=A&FromDate=13&FromMonth=05&FromYear=2000&ToDate=13&ToMonth=11&ToYear=2020&Variable=Issuer
0,2018-03-31,UR.TO,2018-03-31,2018-03-31,Q1,4267000.0,10220000,-5953000.0,-1.3951253808296227,306000.0,10749000,0.0,0.0,-195000.0,15228000,581000.0,0.0,-6556000.0,-1.536442465432388,-10961000,-2.610967893133349,364000.0,-11141000,-2.610967893133349,-83000.0,-11058000,-2.591516287790016,-0.09,-0.09,121413516,121413516,https://www.sedar.com/ModifyCompanyDocumentSearchForm.do?lang=EN&company_search=UrtheCast Corp&document_selection=0&industry_group=A&FromDate=13&FromMonth=05&FromYear=2000&ToDate=13&ToMonth=11&ToYear=2020&Variable=Issuer,https://www.sedar.com/ModifyCompanyDocumentSearchForm.do?lang=EN&company_search=UrtheCast Corp&document_selection=0&industry_group=A&FromDate=13&FromMonth=05&FromYear=2000&ToDate=13&ToMonth=11&ToYear=2020&Variable=Issuer
0,2017-12-31,UR.TO,2017-12-31,2017-12-31,Q4,8978000.0,11136000,-2158000.0,-0.24036533749164624,328000.0,11746000,0.0,0.0,-137000.0,16164000,716000.0,0.0,-2919000.0,-0.32512809088883937,-7186000.0,-1.834372911561595,-8607000.0,-16469000,-1.834372911561595,-106000.0,-16363000,-1.8225662731120518,-0.11448292864892576,-0.11448292864892576,142929607,142929607,https://www.sedar.com/ModifyCompanyDocumentSearchForm.do?lang=EN&company_search=UrtheCast Corp&document_selection=0&industry_group=A&FromDate=13&FromMonth=05&FromYear=2000&ToDate=13&ToMonth=11&ToYear=2020&Variable=Issuer,https://www.sedar.com/ModifyCompanyDocumentSearchForm.do?lang=EN&company_search=UrtheCast Corp&document_selection=0&industry_group=A&FromDate=13&FromMonth=05&FromYear=2000&ToDate=13&ToMonth=11&ToYear=2020&Variable=Issuer
0,2017-09-30,UR.TO,2017-09-30,2017-09-30,Q3,10165000,10418000,-253000.0,-0.024889326119035906,211000.0,11240000,0.0,0.0,-90000.0,15517000,563000.0,0.0,-1161000.0,-0.11421544515494343,-5352000.0,-0.6466305951795376,-693000.0,-6573000.0,-0.6466305951795376,-173000.0,-6400000.0,-0.6296114117068372,-0.05,-0.05,120937152,120937152,https://www.sedar.com/ModifyCompanyDocumentSearchForm.do?lang=EN&company_search=UrtheCast Corp&document_selection=0&industry_group=A&FromDate=13&FromMonth=05&FromYear=2000&ToDate=13&ToMonth=11&ToYear=2020&Variable=Issuer,https://www.sedar.com/ModifyCompanyDocumentSearchForm.do?lang=EN&company_search=UrtheCast Corp&document_selection=0&industry_group=A&FromDate=13&FromMonth=05&FromYear=2000&ToDate=13&ToMonth=11&ToYear=2020&Variable=Issuer
0,2017-06-30,UR.TO,2017-06-30,2017-06-30,Q2,11854000,10894000,960000.0,0.08098532141049435,112000.0,11772000,0.0,0.0,-61000.0,16011000,481000.0,0.0,76000.0,0.00641133794499747,-4157000.0,-0.4392610089421292,-614000.0,-5207000.0,-0.4392610089421292,-1302000.0,-3905000.0,-0.3294246667791463,-0.03,-0.03,119588969,119588969,https://www.sedar.com/ModifyCompanyDocumentSearchForm.do?lang=EN&company_search=UrtheCast Corp&document_selection=0&industry_group=A&FromDate=13&FromMonth=05&FromYear=2000&ToDate=13&ToMonth=11&ToYear=2020&Variable=Issuer,https://www.sedar.com/ModifyCompanyDocumentSearchForm.do?lang=EN&company_search=UrtheCast Corp&document_selection=0&industry_group=A&FromDate=13&FromMonth=05&FromYear=2000&ToDate=13&ToMonth=11&ToYear=2020&Variable=Issuer
0,2017-03-31,UR.TO,2017-03-31,2017-03-31,Q1,9396000.0,10509000,-1113000.0,-0.11845466155810984,276000.0,10842000,0.0,0.0,-50000.0,15542000,449000.0,0.0,-1665000.0,-0.1772030651340996,-6146000.0,-0.6987015751383567,23000.0,-6565000.0,-0.6987015751383567,-1486000.0,-5079000.0,-0.5405491698595147,-0.05,-0.05,106806593,106806593,https://www.sedar.com/ModifyCompanyDocumentSearchForm.do?lang=EN&company_search=UrtheCast Corp&document_selection=0&industry_group=A&FromDate=13&FromMonth=05&FromYear=2000&ToDate=13&ToMonth=11&ToYear=2020&Variable=Issuer,https://www.sedar.com/ModifyCompanyDocumentSearchForm.do?lang=EN&company_search=UrtheCast Corp&document_selection=0&industry_group=A&FromDate=13&FromMonth=05&FromYear=2000&ToDate=13&ToMonth=11&ToYear=2020&Variable=Issuer
0,2016-12-31,UR.TO,2016-12-31,2016-12-31,Q4,57476000,13126000,44350000,0.7716264179831582,842000.0,13828000,0.0,0.0,-229000.0,61292000,371000.0,0.0,43053000,0.7490604774166608,-3816000.0,-0.13137657457025542,-3382000.0,-7551000.0,-0.13137657457025542,766000.0,-8317000.0,-0.1447038764005846,-0.058189483442713165,-0.058189483442713165,142929607,142929607,https://www.sedar.com/ModifyCompanyDocumentSearchForm.do?lang=EN&company_search=UrtheCast Corp&document_selection=0&industry_group=A&FromDate=13&FromMonth=05&FromYear=2000&ToDate=13&ToMonth=11&ToYear=2020&Variable=Issuer,https://www.sedar.com/ModifyCompanyDocumentSearchForm.do?lang=EN&company_search=UrtheCast Corp&document_selection=0&industry_group=A&FromDate=13&FromMonth=05&FromYear=2000&ToDate=13&ToMonth=11&ToYear=2020&Variable=Issuer
0,2016-09-30,UR.TO,2016-09-30,2016-09-30,Q3,20651000,13853000,6798000.0,0.32918502735944993,844000.0,14622000,0.0,0.0,-61000.0,21726000,560000.0,0.0,5271000.0,0.2552418769066873,-1075000.0,-0.4778945329523994,-8259000.0,-9869000.0,-0.4778945329523994,-251000.0,-9618000.0,-0.4657401578616048,-0.09,-0.09,104451088,104451088,https://www.sedar.com/ModifyCompanyDocumentSearchForm.do?lang=EN&company_search=UrtheCast Corp&document_selection=0&industry_group=A&FromDate=13&FromMonth=05&FromYear=2000&ToDate=13&ToMonth=11&ToYear=2020&Variable=Issuer,https://www.sedar.com/ModifyCompanyDocumentSearchForm.do?lang=EN&company_search=UrtheCast Corp&document_selection=0&industry_group=A&FromDate=13&FromMonth=05&FromYear=2000&ToDate=13&ToMonth=11&ToYear=2020&Variable=Issuer
0,2016-06-30,UR.TO,2016-06-30,2016-06-30,Q2,20973000,13915000,7058000.0,0.33652791684546796,1493000.0,14480000,0.0,0.0,-695000.0,21670000,620000.0,0.0,5735000.0,0.27344681256854053,-697000.0,-0.07090068182901826,-210000.0,-1487000.0,-0.07090068182901826,-1210000.0,-277000.0,-0.013207457206885043,-0.00267,-0.00267,103736179,103736179,https://www.sedar.com/ModifyCompanyDocumentSearchForm.do?lang=EN&company_search=UrtheCast Corp&document_selection=0&industry_group=A&FromDate=13&FromMonth=05&FromYear=2000&ToDate=13&ToMonth=11&ToYear=2020&Variable=Issuer,https://www.sedar.com/ModifyCompanyDocumentSearchForm.do?lang=EN&company_search=UrtheCast Corp&document_selection=0&industry_group=A&FromDate=13&FromMonth=05&FromYear=2000&ToDate=13&ToMonth=11&ToYear=2020&Variable=Issuer
0,2016-03-31,UR.TO,2016-03-31,2016-03-31,Q1,12152000,15127000,-2975000.0,-0.24481566820276499,1736000.0,15685000,0.0,0.0,0.0,23985000,564000.0,0.0,-5226000.0,-0.43005266622778143,-11833000,-1.032422646477946,-192000.0,-12546000,-1.032422646477946,-1446000.0,-11100000,-0.913429888084266,-0.11,-0.11,102816338,102816338,https://www.sedar.com/ModifyCompanyDocumentSearchForm.do?lang=EN&company_search=UrtheCast Corp&document_selection=0&industry_group=A&FromDate=13&FromMonth=05&FromYear=2000&ToDate=13&ToMonth=11&ToYear=2020&Variable=Issuer,https://www.sedar.com/ModifyCompanyDocumentSearchForm.do?lang=EN&company_search=UrtheCast Corp&document_selection=0&industry_group=A&FromDate=13&FromMonth=05&FromYear=2000&ToDate=13&ToMonth=11&ToYear=2020&Variable=Issuer
0,2015-12-31,UR.TO,2015-12-31,2015-12-31,Q4,13267213,14504804,-1237591.0,-0.09328191233531866,5351409.0,15520084,0.0,0.0,-138772.0,28139693,389544.0,0.0,-7421370.0,-0.559376713104704,-14872480,-1.3763959318358723,-3043052.0,-18260938,-1.3763959318358723,-734078.0,-17526860,-1.3210656978221424,-0.12262581817635586,-0.12262581817635586,142929607,142929607,https://www.sedar.com/ModifyCompanyDocumentSearchForm.do?lang=EN&company_search=UrtheCast Corp&document_selection=0&industry_group=A&FromDate=13&FromMonth=05&FromYear=2000&ToDate=13&ToMonth=11&ToYear=2020&Variable=Issuer,https://www.sedar.com/ModifyCompanyDocumentSearchForm.do?lang=EN&company_search=UrtheCast Corp&document_selection=0&industry_group=A&FromDate=13&FromMonth=05&FromYear=2000&ToDate=13&ToMonth=11&ToYear=2020&Variable=Issuer
0,2015-09-30,UR.TO,2015-09-30,2015-09-30,Q3,15018688,12617948,2400740.0,0.15985018132076517,5215196.0,13563704,0.0,0.0,-411970.0,24205400,153191.0,0.0,-3341963.0,-0.22252030270553594,-9186712.0,-0.7900092870961831,-2531279.0,-11864903,-0.7900092870961831,82708.0,-11947611,-0.79551629276805,-0.12,-0.12,98318381,98318381,https://www.sedar.com/ModifyCompanyDocumentSearchForm.do?lang=EN&company_search=UrtheCast Corp&document_selection=0&industry_group=A&FromDate=13&FromMonth=05&FromYear=2000&ToDate=13&ToMonth=11&ToYear=2020&Variable=Issuer,https://www.sedar.com/ModifyCompanyDocumentSearchForm.do?lang=EN&company_search=UrtheCast Corp&document_selection=0&industry_group=A&FromDate=13&FromMonth=05&FromYear=2000&ToDate=13&ToMonth=11&ToYear=2020&Variable=Issuer
0,2015-06-30,UR.TO,2015-06-30,2015-06-30,Q2,4975135.0,5067336.0,-92201.0,-0.01853236143340834,3198257.0,5715113.0,0.0,0.0,-134318.0,8779052.0,149978.0,0.0,-3610609.0,-0.7257308595646148,-3803917.0,-1.1407187945653736,-1813069.0,-5675230.0,-1.1407187945653736,0.0,-5675230.0,-1.1407187945653736,-0.08,-0.08,74117217,74117217,https://www.sedar.com/ModifyCompanyDocumentSearchForm.do?lang=EN&company_search=UrtheCast Corp&document_selection=0&industry_group=A&FromDate=13&FromMonth=05&FromYear=2000&ToDate=13&ToMonth=11&ToYear=2020&Variable=Issuer,https://www.sedar.com/ModifyCompanyDocumentSearchForm.do?lang=EN&company_search=UrtheCast Corp&document_selection=0&industry_group=A&FromDate=13&FromMonth=05&FromYear=2000&ToDate=13&ToMonth=11&ToYear=2020&Variable=Issuer
0,2015-03-31,UR.TO,2015-03-31,2015-03-31,Q1,3257974.0,3186922.0,71052.0,0.021808645495636245,1930164.0,3890518.0,0.0,0.0,-430250.0,5390432.0,93124.0,63221.0,-2046565.0,-0.6281710658218881,-2132458.0,0.07660711841162636,2452494.0,249584.0,0.07660711841162636,0.0,249584.0,0.07660711841162636,0.003797,0.003555,65729630,70204365,https://www.sedar.com/ModifyCompanyDocumentSearchForm.do?lang=EN&company_search=UrtheCast Corp&document_selection=0&industry_group=A&FromDate=13&FromMonth=05&FromYear=2000&ToDate=13&ToMonth=11&ToYear=2020&Variable=Issuer,https://www.sedar.com/ModifyCompanyDocumentSearchForm.do?lang=EN&company_search=UrtheCast Corp&document_selection=0&industry_group=A&FromDate=13&FromMonth=05&FromYear=2000&ToDate=13&ToMonth=11&ToYear=2020&Variable=Issuer
0,2014-12-31,UR.TO,2014-12-31,2014-12-31,Q4,11944850,11494186,450664.0,0.03772872828038862,1200354.0,4671045.0,0.0,0.0,0.0,5871399.0,7864.0,0.0,-1846308.0,-0.15456937508633428,-1926549.0,0.5099508993415572,8003295.0,6091287.0,0.5099508993415572,0.0,6091287.0,0.5099508993415572,0.04261739137084453,0.04261739137084453,142929607,142929607,https://www.sedar.com/ModifyCompanyDocumentSearchForm.do?lang=EN&company_search=UrtheCast Corp&document_selection=0&industry_group=A&FromDate=13&FromMonth=05&FromYear=2000&ToDate=13&ToMonth=11&ToYear=2020&Variable=Issuer,https://www.sedar.com/ModifyCompanyDocumentSearchForm.do?lang=EN&company_search=UrtheCast Corp&document_selection=0&industry_group=A&FromDate=13&FromMonth=05&FromYear=2000&ToDate=13&ToMonth=11&ToYear=2020&Variable=Issuer
0,2014-09-30,UR.TO,2014-09-30,2014-09-30,Q3,0.0,0.0,0.0,0.0,872039.0,3079199.0,0.0,0.0,0.0,3951238.0,6545.0,0.0,-3874444.0,0.0,-3951238.0,0.0,-13638.0,-3946375.0,0.0,0.0,-3946375.0,0.0,-0.06,-0.06,64974241,64974241,https://www.sedar.com/ModifyCompanyDocumentSearchForm.do?lang=EN&company_search=UrtheCast Corp&document_selection=0&industry_group=A&FromDate=13&FromMonth=05&FromYear=2000&ToDate=13&ToMonth=11&ToYear=2020&Variable=Issuer,https://www.sedar.com/ModifyCompanyDocumentSearchForm.do?lang=EN&company_search=UrtheCast Corp&document_selection=0&industry_group=A&FromDate=13&FromMonth=05&FromYear=2000&ToDate=13&ToMonth=11&ToYear=2020&Variable=Issuer
0,2014-06-30,UR.TO,2014-06-30,2014-06-30,Q2,0.0,0.0,0.0,0.0,484070.0,3619422.0,0.0,0.0,0.0,4103492.0,5799.0,0.0,-4018919.0,0.0,-4103492.0,0.0,-2532.0,-4069404.0,0.0,0.0,-4069404.0,0.0,-0.06,-0.06,64400117,64400117,https://www.sedar.com/ModifyCompanyDocumentSearchForm.do?lang=EN&company_search=UrtheCast Corp&document_selection=0&industry_group=A&FromDate=13&FromMonth=05&FromYear=2000&ToDate=13&ToMonth=11&ToYear=2020&Variable=Issuer,https://www.sedar.com/ModifyCompanyDocumentSearchForm.do?lang=EN&company_search=UrtheCast Corp&document_selection=0&industry_group=A&FromDate=13&FromMonth=05&FromYear=2000&ToDate=13&ToMonth=11&ToYear=2020&Variable=Issuer
0,2014-03-31,UR.TO,2014-03-31,2014-03-31,Q1,0.0,0.0,0.0,0.0,491549.0,3400808.0,0.0,0.0,0.0,3892357.0,6776.0,37138.0,-3797351.0,0.0,-3892357.0,0.0,-27695.0,-3868960.0,0.0,0.0,-3868960.0,0.0,-0.06,-0.06,64082583,64082583,https://www.sedar.com/ModifyCompanyDocumentSearchForm.do?lang=EN&company_search=UrtheCast Corp&document_selection=0&industry_group=A&FromDate=13&FromMonth=05&FromYear=2000&ToDate=13&ToMonth=11&ToYear=2020&Variable=Issuer,https://www.sedar.com/ModifyCompanyDocumentSearchForm.do?lang=EN&company_search=UrtheCast Corp&document_selection=0&industry_group=A&FromDate=13&FromMonth=05&FromYear=2000&ToDate=13&ToMonth=11&ToYear=2020&Variable=Issuer
0,2013-12-31,UR.TO,2013-12-31,2013-12-31,Q4,0.0,0.0,0.0,0.0,293480.0,4606132.0,0.0,0.0,0.0,4899612.0,98633.0,0.0,-4710408.0,0.0,-4899612.0,0.0,8908.0,-4827939.0,0.0,0.0,-4827939.0,0.0,-0.03377843892063594,-0.03377843892063594,142929607,142929607,https://www.sedar.com/ModifyCompanyDocumentSearchForm.do?lang=EN&company_search=UrtheCast Corp&document_selection=0&industry_group=A&FromDate=13&FromMonth=05&FromYear=2000&ToDate=13&ToMonth=11&ToYear=2020&Variable=Issuer,https://www.sedar.com/ModifyCompanyDocumentSearchForm.do?lang=EN&company_search=UrtheCast Corp&document_selection=0&industry_group=A&FromDate=13&FromMonth=05&FromYear=2000&ToDate=13&ToMonth=11&ToYear=2020&Variable=Issuer
0,2013-09-30,UR.TO,2013-09-30,2013-09-30,Q3,0.0,0.0,0.0,0.0,96108.0,2530686.0,0.0,0.0,0.0,2626794.0,56637.0,0.0,-2579355.0,0.0,-2626794.0,0.0,-29056.0,-2599213.0,0.0,0.0,-2599213.0,0.0,-0.04,-0.04,58157096,58157096,https://www.sedar.com/ModifyCompanyDocumentSearchForm.do?lang=EN&company_search=UrtheCast Corp&document_selection=0&industry_group=A&FromDate=13&FromMonth=05&FromYear=2000&ToDate=13&ToMonth=11&ToYear=2020&Variable=Issuer,https://www.sedar.com/ModifyCompanyDocumentSearchForm.do?lang=EN&company_search=UrtheCast Corp&document_selection=0&industry_group=A&FromDate=13&FromMonth=05&FromYear=2000&ToDate=13&ToMonth=11&ToYear=2020&Variable=Issuer
0,2013-06-30,UR.TO,2013-06-30,2013-06-30,Q2,0.0,0.0,0.0,0.0,506291.0,2526929.0,0.0,0.0,0.0,3033220.0,78542.0,0.0,-3018936.0,0.0,-3033220.0,0.0,-7358997.0,-10470759,0.0,0.0,-10470759,0.0,-0.29,-0.29,36584245,36584245,https://www.sedar.com/ModifyCompanyDocumentSearchForm.do?lang=EN&company_search=UrtheCast Corp&document_selection=0&industry_group=A&FromDate=13&FromMonth=05&FromYear=2000&ToDate=13&ToMonth=11&ToYear=2020&Variable=Issuer,https://www.sedar.com/ModifyCompanyDocumentSearchForm.do?lang=EN&company_search=UrtheCast Corp&document_selection=0&industry_group=A&FromDate=13&FromMonth=05&FromYear=2000&ToDate=13&ToMonth=11&ToYear=2020&Variable=Issuer
0,2013-03-31,UR.TO,2013-03-31,2013-03-31,Q1,0.0,0.0,0.0,0.0,0.0,619586.0,0.0,0.0,0.0,619586.0,0.0,0.0,-209533.0,0.0,-619586.0,0.0,-410053.0,-953636.0,0.0,0.0,-953636.0,0.0,-0.134097,-0.134097,13550286,13550286,https://www.sedar.com/ModifyCompanyDocumentSearchForm.do?lang=EN&company_search=UrtheCast Corp&document_selection=0&industry_group=A&FromDate=13&FromMonth=05&FromYear=2000&ToDate=13&ToMonth=11&ToYear=2020&Variable=Issuer,https://www.sedar.com/ModifyCompanyDocumentSearchForm.do?lang=EN&company_search=UrtheCast Corp&document_selection=0&industry_group=A&FromDate=13&FromMonth=05&FromYear=2000&ToDate=13&ToMonth=11&ToYear=2020&Variable=Issuer
0,2012-12-31,UR.TO,2012-12-31,2012-12-31,Q4,0.0,0.0,0.0,0.0,0.0,-25989.0,14200.0,0.0,0.0,-25651.0,0.0,0.0,6617817.0,0.0,25651.0,0.0,-799173.0,-747870.0,0.0,0.0,-747870.0,0.0,-0.005232435852146435,-0.005232435852146435,142929607,142929607,https://www.sedar.com/ModifyCompanyDocumentSearchForm.do?lang=EN&company_search=UrtheCast Corp&document_selection=0&industry_group=A&FromDate=13&FromMonth=05&FromYear=2000&ToDate=13&ToMonth=11&ToYear=2020&Variable=Issuer,https://www.sedar.com/ModifyCompanyDocumentSearchForm.do?lang=EN&company_search=UrtheCast Corp&document_selection=0&industry_group=A&FromDate=13&FromMonth=05&FromYear=2000&ToDate=13&ToMonth=11&ToYear=2020&Variable=Issuer
0,2012-09-30,UR.TO,2012-09-30,2012-09-30,Q3,0.0,0.0,0.0,0.0,0.0,1144875.0,25528.0,0.0,0.0,1144875.0,0.0,0.0,-1144813.0,0.0,-1144875.0,0.0,31671.0,-1113142.0,0.0,0.0,-1113142.0,0.0,-0.134097,-0.134097,13550286,13550286,https://www.sedar.com/ModifyCompanyDocumentSearchForm.do?lang=EN&company_search=UrtheCast Corp&document_selection=0&industry_group=A&FromDate=13&FromMonth=05&FromYear=2000&ToDate=13&ToMonth=11&ToYear=2020&Variable=Issuer,https://www.sedar.com/ModifyCompanyDocumentSearchForm.do?lang=EN&company_search=UrtheCast Corp&document_selection=0&industry_group=A&FromDate=13&FromMonth=05&FromYear=2000&ToDate=13&ToMonth=11&ToYear=2020&Variable=Issuer
0,2012-06-30,UR.TO,2012-06-30,2012-06-30,Q2,0.0,0.0,0.0,0.0,0.0,6559914.0,704.0,0.0,-1.0,6559913.0,0.0,0.0,-6553987.0,0.0,-6559913.0,0.0,-1156291.0,-7710278.0,0.0,0.0,-7710278.0,0.0,-0.536387,-0.536387,13550286,13550286,https://www.sedar.com/ModifyCompanyDocumentSearchForm.do?lang=EN&company_search=UrtheCast Corp&document_selection=0&industry_group=A&FromDate=13&FromMonth=05&FromYear=2000&ToDate=13&ToMonth=11&ToYear=2020&Variable=Issuer,https://www.sedar.com/ModifyCompanyDocumentSearchForm.do?lang=EN&company_search=UrtheCast Corp&document_selection=0&industry_group=A&FromDate=13&FromMonth=05&FromYear=2000&ToDate=13&ToMonth=11&ToYear=2020&Variable=Issuer
0,2012-03-31,UR.TO,2012-03-31,2012-03-31,Q1,-247540.0,0.0,-247540.0,1.0,0.0,275995.0,0.0,0.0,338.0,291425.0,0.0,15092.0,4602691.0,-18.593726266461985,-538965.0,22.88732730063828,-5126564.0,-5665529.0,22.88732730063828,0.0,-5665529.0,22.88732730063828,-0.40229,-0.40229,13550286,13550286,https://www.sedar.com/ModifyCompanyDocumentSearchForm.do?lang=EN&company_search=UrtheCast Corp&document_selection=0&industry_group=A&FromDate=13&FromMonth=05&FromYear=2000&ToDate=13&ToMonth=11&ToYear=2020&Variable=Issuer,https://www.sedar.com/ModifyCompanyDocumentSearchForm.do?lang=EN&company_search=UrtheCast Corp&document_selection=0&industry_group=A&FromDate=13&FromMonth=05&FromYear=2000&ToDate=13&ToMonth=11&ToYear=2020&Variable=Issuer
0,2011-12-31,UR.TO,2011-12-31,2011-12-31,Q4,0.0,0.0,0.0,0.0,0.0,2266397.0,0.0,0.0,0.0,2321544.0,0.0,15849.0,-2262690.0,0.0,-2321544.0,0.0,-7494780.0,-9765955.0,0.0,0.0,-9765955.0,0.0,-0.06832702618429504,-0.06832702618429504,142929607,142929607,https://www.sedar.com/ModifyCompanyDocumentSearchForm.do?lang=EN&company_search=UrtheCast Corp&document_selection=0&industry_group=A&FromDate=13&FromMonth=05&FromYear=2000&ToDate=13&ToMonth=11&ToYear=2020&Variable=Issuer,https://www.sedar.com/ModifyCompanyDocumentSearchForm.do?lang=EN&company_search=UrtheCast Corp&document_selection=0&industry_group=A&FromDate=13&FromMonth=05&FromYear=2000&ToDate=13&ToMonth=11&ToYear=2020&Variable=Issuer
0,2011-09-30,UR.TO,2011-09-30,2011-09-30,Q3,0.0,0.0,0.0,0.0,0.0,582922.0,0.0,0.0,0.0,598607.0,42761.0,15685.0,-582214.0,0.0,-598607.0,0.0,28992.0,-611668.0,0.0,0.0,-611668.0,0.0,-0.045141,-0.045141,13550286,13550286,https://www.sedar.com/ModifyCompanyDocumentSearchForm.do?lang=EN&company_search=UrtheCast Corp&document_selection=0&industry_group=A&FromDate=13&FromMonth=05&FromYear=2000&ToDate=13&ToMonth=11&ToYear=2020&Variable=Issuer,https://www.sedar.com/ModifyCompanyDocumentSearchForm.do?lang=EN&company_search=UrtheCast Corp&document_selection=0&industry_group=A&FromDate=13&FromMonth=05&FromYear=2000&ToDate=13&ToMonth=11&ToYear=2020&Variable=Issuer
0,2011-06-30,UR.TO,2011-06-30,2011-06-30,Q2,0.0,0.0,0.0,0.0,0.0,125232.0,0.0,0.0,0.0,139806.0,4341.0,14574.0,-124604.0,0.0,-139806.0,0.0,-41178.0,-184697.0,0.0,0.0,-184697.0,0.0,-0.016159,-0.016159,11429872,11429872,https://www.sedar.com/ModifyCompanyDocumentSearchForm.do?lang=EN&company_search=UrtheCast Corp&document_selection=0&industry_group=A&FromDate=13&FromMonth=05&FromYear=2000&ToDate=13&ToMonth=11&ToYear=2020&Variable=Issuer,https://www.sedar.com/ModifyCompanyDocumentSearchForm.do?lang=EN&company_search=UrtheCast Corp&document_selection=0&industry_group=A&FromDate=13&FromMonth=05&FromYear=2000&ToDate=13&ToMonth=11&ToYear=2020&Variable=Issuer
0,2011-03-31,UR.TO,2011-03-31,2011-03-31,Q1,0.0,0.0,0.0,0.0,0.0,381150.0,0.0,0.0,0.0,394906.0,3015.0,13756.0,-380994.0,0.0,-394906.0,0.0,-22348.0,-420113.0,0.0,0.0,-420113.0,0.0,-0.03909,-0.03909,10747418,10747418,https://www.sedar.com/ModifyCompanyDocumentSearchForm.do?lang=EN&company_search=UrtheCast Corp&document_selection=0&industry_group=A&FromDate=13&FromMonth=05&FromYear=2000&ToDate=13&ToMonth=11&ToYear=2020&Variable=Issuer,https://www.sedar.com/ModifyCompanyDocumentSearchForm.do?lang=EN&company_search=UrtheCast Corp&document_selection=0&industry_group=A&FromDate=13&FromMonth=05&FromYear=2000&ToDate=13&ToMonth=11&ToYear=2020&Variable=Issuer
0,2010-12-31,UR.TO,2010-12-31,2010-12-31,Q4,287.0,0.0,287.0,1.0,0.0,282077.0,0.0,0.0,-862991.0,-567403.0,0.0,13511.0,581201.0,2025.0905923344949,567690.0,0.0,0.0,0.0,0.0,0.0,567690.0,1978.01393728223,0.0039718153006605555,0.0039718153006605555,142929607,142929607,https://www.sedar.com/ModifyCompanyDocumentSearchForm.do?lang=EN&company_search=UrtheCast Corp&document_selection=0&industry_group=A&FromDate=13&FromMonth=05&FromYear=2000&ToDate=13&ToMonth=11&ToYear=2020&Variable=Issuer,https://www.sedar.com/ModifyCompanyDocumentSearchForm.do?lang=EN&company_search=UrtheCast Corp&document_selection=0&industry_group=A&FromDate=13&FromMonth=05&FromYear=2000&ToDate=13&ToMonth=11&ToYear=2020&Variable=Issuer
0,2010-09-30,UR.TO,2010-09-30,2010-09-30,Q3,114.0,0.0,114.0,1.0,0.0,256041.0,0.0,0.0,96099.0,386959.0,0.0,34819.0,-352026.0,-3087.9473684210525,-386845.0,0.0,0.0,0.0,0.0,0.0,-386845.0,-3393.377192982456,0.0,0.0,10744141,10744141,https://www.sedar.com/ModifyCompanyDocumentSearchForm.do?lang=EN&company_search=UrtheCast Corp&document_selection=0&industry_group=A&FromDate=13&FromMonth=05&FromYear=2000&ToDate=13&ToMonth=11&ToYear=2020&Variable=Issuer,https://www.sedar.com/ModifyCompanyDocumentSearchForm.do?lang=EN&company_search=UrtheCast Corp&document_selection=0&industry_group=A&FromDate=13&FromMonth=05&FromYear=2000&ToDate=13&ToMonth=11&ToYear=2020&Variable=Issuer
0,2010-06-30,UR.TO,2010-06-30,2010-06-30,Q2,48.0,0.0,48.0,1.0,0.0,2183082.0,0.0,78896.0,0.0,2197134.0,22674.0,14052.0,-2183034.0,-45479.875,-2197086.0,0.0,78896.0,0.0,0.0,0.0,-2140864.0,-44601.333333333336,-0.134097,-0.134097,10648535,10648535,https://www.sedar.com/ModifyCompanyDocumentSearchForm.do?lang=EN&company_search=UrtheCast Corp&document_selection=0&industry_group=A&FromDate=13&FromMonth=05&FromYear=2000&ToDate=13&ToMonth=11&ToYear=2020&Variable=Issuer,https://www.sedar.com/ModifyCompanyDocumentSearchForm.do?lang=EN&company_search=UrtheCast Corp&document_selection=0&industry_group=A&FromDate=13&FromMonth=05&FromYear=2000&ToDate=13&ToMonth=11&ToYear=2020&Variable=Issuer
0,2010-03-31,UR.TO,2010-03-31,2010-03-31,Q1,28.0,0.0,28.0,1.0,0.0,242741.0,0.0,0.0,3182.0,252606.0,0.0,6683.0,-245895.0,-8781.964285714286,-252578.0,0.0,0.0,0.0,0.0,0.0,-252578.0,-9020.642857142857,0.0,0.0,8737299.0,8737299.0,https://www.sedar.com/ModifyCompanyDocumentSearchForm.do?lang=EN&company_search=UrtheCast Corp&document_selection=0&industry_group=A&FromDate=13&FromMonth=05&FromYear=2000&ToDate=13&ToMonth=11&ToYear=2020&Variable=Issuer,https://www.sedar.com/ModifyCompanyDocumentSearchForm.do?lang=EN&company_search=UrtheCast Corp&document_selection=0&industry_group=A&FromDate=13&FromMonth=05&FromYear=2000&ToDate=13&ToMonth=11&ToYear=2020&Variable=Issuer
0,2009-12-31,UR.TO,2009-12-31,2009-12-31,Q4,-561941.0,-69168.0,-492773.0,0.8769123448902999,0.0,813895.0,0.0,0.0,-508352.0,-1376776.0,0.0,0.0,814835.0,-1.4500365696754642,814835.0,0.0,0.0,0.0,0.0,0.0,-261130.0,0.464692912601145,-0.0018269832645660322,-0.0018269832645660322,142929607,142929607,https://www.sedar.com/ModifyCompanyDocumentSearchForm.do?lang=EN&company_search=UrtheCast Corp&document_selection=0&industry_group=A&FromDate=13&FromMonth=05&FromYear=2000&ToDate=13&ToMonth=11&ToYear=2020&Variable=Issuer,https://www.sedar.com/ModifyCompanyDocumentSearchForm.do?lang=EN&company_search=UrtheCast Corp&document_selection=0&industry_group=A&FromDate=13&FromMonth=05&FromYear=2000&ToDate=13&ToMonth=11&ToYear=2020&Variable=Issuer
0,2009-09-30,UR.TO,2009-09-30,2009-09-30,Q3,249395.0,26628.0,222767.0,0.8932296156699212,0.0,3408342.0,0.0,0.0,544091.0,4793835.0,14362.0,0.0,-3799685.0,-15.23561017662744,-4544440.0,0.0,0.0,0.0,0.0,0.0,-4558802.0,-18.279444255097335,-0.536387,-0.536387,8277498.0,8277498.0,https://www.sedar.com/ModifyCompanyDocumentSearchForm.do?lang=EN&company_search=UrtheCast Corp&document_selection=0&industry_group=A&FromDate=13&FromMonth=05&FromYear=2000&ToDate=13&ToMonth=11&ToYear=2020&Variable=Issuer,https://www.sedar.com/ModifyCompanyDocumentSearchForm.do?lang=EN&company_search=UrtheCast Corp&document_selection=0&industry_group=A&FromDate=13&FromMonth=05&FromYear=2000&ToDate=13&ToMonth=11&ToYear=2020&Variable=Issuer
0,2009-06-30,UR.TO,2009-06-30,2009-06-30,Q2,536470.0,20951.0,515519.0,0.9609465580554365,0.0,554409.0,0.0,0.0,-65380.0,1147997.0,7996.0,0.0,-75227.0,-0.1402259213003523,-611527.0,0.0,0.0,0.0,0.0,0.0,-619523.0,-1.1548138758924078,-0.268194,-0.268194,3106716.0,3106716.0,https://www.sedar.com/ModifyCompanyDocumentSearchForm.do?lang=EN&company_search=UrtheCast Corp&document_selection=0&industry_group=A&FromDate=13&FromMonth=05&FromYear=2000&ToDate=13&ToMonth=11&ToYear=2020&Variable=Issuer,https://www.sedar.com/ModifyCompanyDocumentSearchForm.do?lang=EN&company_search=UrtheCast Corp&document_selection=0&industry_group=A&FromDate=13&FromMonth=05&FromYear=2000&ToDate=13&ToMonth=11&ToYear=2020&Variable=Issuer
0,2009-03-31,UR.TO,2009-03-31,2009-03-31,Q1,205831.0,21589.0,184242.0,0.8951129810378418,0.0,515938.0,0.0,0.0,65380.0,763267.0,0.0,0.0,-459236.0,-2.2311313650519113,-557436.0,0.0,0.0,0.0,0.0,0.0,-557436.0,-2.708221793607377,-0.134097,-0.134097,3102784.0,3102784.0,https://www.sedar.com/ModifyCompanyDocumentSearchForm.do?lang=EN&company_search=UrtheCast Corp&document_selection=0&industry_group=A&FromDate=13&FromMonth=05&FromYear=2000&ToDate=13&ToMonth=11&ToYear=2020&Variable=Issuer,https://www.sedar.com/ModifyCompanyDocumentSearchForm.do?lang=EN&company_search=UrtheCast Corp&document_selection=0&industry_group=A&FromDate=13&FromMonth=05&FromYear=2000&ToDate=13&ToMonth=11&ToYear=2020&Variable=Issuer
0,2008-12-31,UR.TO,2008-12-31,2008-12-31,Q4,679580.0,-192019.0,871599.0,1.2825554018658583,0.0,976804.0,0.0,0.0,0.0,909785.0,3164.0,0.0,-475850.0,-0.7002118955825657,-230205.0,-1.3749448188587068,0.0,-934385.0,-1.3749448188587068,0.0,-934385.0,-1.3749448188587068,-0.006537378921079661,-0.006537378921079661,142929607,142929607,https://www.sedar.com/ModifyCompanyDocumentSearchForm.do?lang=EN&company_search=UrtheCast Corp&document_selection=0&industry_group=A&FromDate=13&FromMonth=05&FromYear=2000&ToDate=13&ToMonth=11&ToYear=2020&Variable=Issuer,https://www.sedar.com/ModifyCompanyDocumentSearchForm.do?lang=EN&company_search=UrtheCast Corp&document_selection=0&industry_group=A&FromDate=13&FromMonth=05&FromYear=2000&ToDate=13&ToMonth=11&ToYear=2020&Variable=Issuer
0,2008-09-30,UR.TO,2008-09-30,2008-09-30,Q3,307269.0,164629.0,142640.0,0.464218648806095,0.0,1133022.0,0.0,0.0,0.0,1579651.0,661.0,0.0,-990382.0,-3.223175784084955,-1272382.0,-3.380298695930927,0.0,-1038661.0,-3.380298695930927,0.0,-1038661.0,-3.380298695930927,-0.804581,-0.804581,1229515.0,1229515.0,https://www.sedar.com/ModifyCompanyDocumentSearchForm.do?lang=EN&company_search=UrtheCast Corp&document_selection=0&industry_group=A&FromDate=13&FromMonth=05&FromYear=2000&ToDate=13&ToMonth=11&ToYear=2020&Variable=Issuer,https://www.sedar.com/ModifyCompanyDocumentSearchForm.do?lang=EN&company_search=UrtheCast Corp&document_selection=0&industry_group=A&FromDate=13&FromMonth=05&FromYear=2000&ToDate=13&ToMonth=11&ToYear=2020&Variable=Issuer
0,2008-06-30,UR.TO,2008-06-30,2008-06-30,Q2,401076.0,138977.0,262099.0,0.6534896129411882,0.0,366553.0,0.0,0.0,0.0,883160.0,-3852.0,0.0,-104454.0,-0.2604344313795889,-482084.0,0.0,0.0,0.0,0.0,0.0,-478232.0,-1.192372517926777,-0.40229,-0.40229,1229515.0,1229515.0,https://www.sedar.com/ModifyCompanyDocumentSearchForm.do?lang=EN&company_search=UrtheCast Corp&document_selection=0&industry_group=A&FromDate=13&FromMonth=05&FromYear=2000&ToDate=13&ToMonth=11&ToYear=2020&Variable=Issuer,https://www.sedar.com/ModifyCompanyDocumentSearchForm.do?lang=EN&company_search=UrtheCast Corp&document_selection=0&industry_group=A&FromDate=13&FromMonth=05&FromYear=2000&ToDate=13&ToMonth=11&ToYear=2020&Variable=Issuer
0,2008-03-31,UR.TO,2008-03-31,2008-03-31,Q1,135491.0,70766.0,64725.0,0.47770700636942676,0.0,221936.0,0.0,0.0,0.0,346472.0,109216.0,0.0,-157211.0,-1.1603058505731008,-210981.0,0.0,109216.0,0.0,0.0,0.0,-210981.0,-1.5571587780738203,-0.134097,-0.134097,716057.0,716057.0,https://www.sedar.com/ModifyCompanyDocumentSearchForm.do?lang=EN&company_search=UrtheCast Corp&document_selection=0&industry_group=A&FromDate=13&FromMonth=05&FromYear=2000&ToDate=13&ToMonth=11&ToYear=2020&Variable=Issuer,https://www.sedar.com/ModifyCompanyDocumentSearchForm.do?lang=EN&company_search=UrtheCast Corp&document_selection=0&industry_group=A&FromDate=13&FromMonth=05&FromYear=2000&ToDate=13&ToMonth=11&ToYear=2020&Variable=Issuer
0,2007-12-31,UR.TO,2007-12-31,2007-12-31,Q4,132312.0,18279.0,114033.0,0.8618492653727553,0.0,401251.0,0.0,0.0,0.0,9471165.0,28902.0,0.0,-287218.0,-2.1707630449241186,-9338853.0,0.0,0.0,0.0,0.0,0.0,-8545385.0,-64.58510943829735,-0.05978736791741126,-0.05978736791741126,142929607,142929607,https://www.sedar.com/ModifyCompanyDocumentSearchForm.do?lang=EN&company_search=UrtheCast Corp&document_selection=0&industry_group=A&FromDate=13&FromMonth=05&FromYear=2000&ToDate=13&ToMonth=11&ToYear=2020&Variable=Issuer,https://www.sedar.com/ModifyCompanyDocumentSearchForm.do?lang=EN&company_search=UrtheCast Corp&document_selection=0&industry_group=A&FromDate=13&FromMonth=05&FromYear=2000&ToDate=13&ToMonth=11&ToYear=2020&Variable=Issuer
0,2007-09-30,UR.TO,2007-09-30,2007-09-30,Q3,130596.0,67585.0,63011.0,0.48248797819228767,0.0,384802.0,0.0,0.0,0.0,498154.0,24299.0,0.0,-321791.0,-2.4640188060890074,-367558.0,0.0,0.0,0.0,0.0,0.0,-391119.0,-2.99487733161812,-0.134097,-0.134097,3979922.0,3979922.0,https://www.sedar.com/ModifyCompanyDocumentSearchForm.do?lang=EN&company_search=UrtheCast Corp&document_selection=0&industry_group=A&FromDate=13&FromMonth=05&FromYear=2000&ToDate=13&ToMonth=11&ToYear=2020&Variable=Issuer,https://www.sedar.com/ModifyCompanyDocumentSearchForm.do?lang=EN&company_search=UrtheCast Corp&document_selection=0&industry_group=A&FromDate=13&FromMonth=05&FromYear=2000&ToDate=13&ToMonth=11&ToYear=2020&Variable=Issuer
0,2007-06-30,UR.TO,2007-06-30,2007-06-30,Q2,63365.0,120486.0,-57121.0,-0.9014597964175807,0.0,214870.0,0.0,0.0,0.0,361463.0,17698.0,0.0,-271991.0,-4.292448512585812,-298098.0,0.0,0.0,0.0,0.0,0.0,-315657.0,-4.981567111181252,-1.340968,-1.340968,397692.0,397692.0,https://www.sedar.com/ModifyCompanyDocumentSearchForm.do?lang=EN&company_search=UrtheCast Corp&document_selection=0&industry_group=A&FromDate=13&FromMonth=05&FromYear=2000&ToDate=13&ToMonth=11&ToYear=2020&Variable=Issuer,https://www.sedar.com/ModifyCompanyDocumentSearchForm.do?lang=EN&company_search=UrtheCast Corp&document_selection=0&industry_group=A&FromDate=13&FromMonth=05&FromYear=2000&ToDate=13&ToMonth=11&ToYear=2020&Variable=Issuer
0,2007-03-31,UR.TO,2007-03-31,2007-03-31,Q1,96552.0,9442.0,87110.0,0.9022081365481813,0.0,243336.0,0.0,0.0,0.0,290602.0,0.0,0.0,-156226.0,-1.618050376998923,-194050.0,-2.193636589609744,0.0,-211800.0,-2.193636589609744,0.0,-211800.0,-2.193636589609744,-0.40229,-0.40229,397541.0,397541.0,https://www.sedar.com/ModifyCompanyDocumentSearchForm.do?lang=EN&company_search=UrtheCast Corp&document_selection=0&industry_group=A&FromDate=13&FromMonth=05&FromYear=2000&ToDate=13&ToMonth=11&ToYear=2020&Variable=Issuer,https://www.sedar.com/ModifyCompanyDocumentSearchForm.do?lang=EN&company_search=UrtheCast Corp&document_selection=0&industry_group=A&FromDate=13&FromMonth=05&FromYear=2000&ToDate=13&ToMonth=11&ToYear=2020&Variable=Issuer
0,2006-12-31,UR.TO,2006-12-31,2006-12-31,Q4,60276.0,-145798.0,206074.0,3.418840002654456,0.0,721529.0,0.0,0.0,0.0,687536.0,19504.0,0.0,-515455.0,-8.551579401420135,-627260.0,0.0,0.0,0.0,0.0,0.0,-285193.0,-4.731451987524056,-0.00199533886635538,-0.00199533886635538,142929607,142929607,https://www.sedar.com/ModifyCompanyDocumentSearchForm.do?lang=EN&company_search=UrtheCast Corp&document_selection=0&industry_group=A&FromDate=13&FromMonth=05&FromYear=2000&ToDate=13&ToMonth=11&ToYear=2020&Variable=Issuer,https://www.sedar.com/ModifyCompanyDocumentSearchForm.do?lang=EN&company_search=UrtheCast Corp&document_selection=0&industry_group=A&FromDate=13&FromMonth=05&FromYear=2000&ToDate=13&ToMonth=11&ToYear=2020&Variable=Issuer
0,2006-09-30,UR.TO,2006-09-30,2006-09-30,Q3,90897.0,28183.0,62714.0,0.6899457627864506,0.0,25129.0,0.0,0.0,0.0,54770.0,367.0,0.0,37585.0,0.4134899941692245,36127.0,0.0,0.0,0.0,0.0,0.0,64713.0,0.7119376877124658,0.195247,0.195247,331442.0,331442.0,https://www.sedar.com/ModifyCompanyDocumentSearchForm.do?lang=EN&company_search=UrtheCast Corp&document_selection=0&industry_group=A&FromDate=13&FromMonth=05&FromYear=2000&ToDate=13&ToMonth=11&ToYear=2020&Variable=Issuer,https://www.sedar.com/ModifyCompanyDocumentSearchForm.do?lang=EN&company_search=UrtheCast Corp&document_selection=0&industry_group=A&FromDate=13&FromMonth=05&FromYear=2000&ToDate=13&ToMonth=11&ToYear=2020&Variable=Issuer
0,2006-06-30,UR.TO,2006-06-30,2006-06-30,Q2,128700.0,70290.0,58410.0,0.45384615384615384,0.0,353474.0,0.0,0.0,0.0,435669.0,1456.0,0.0,-295064.0,-2.2926495726495726,-306969.0,0.0,-420000.0,0.0,0.0,0.0,-712541.0,-5.536449106449107,-2.681936,-2.681936,265058.0,265058.0,https://www.sedar.com/ModifyCompanyDocumentSearchForm.do?lang=EN&company_search=UrtheCast Corp&document_selection=0&industry_group=A&FromDate=13&FromMonth=05&FromYear=2000&ToDate=13&ToMonth=11&ToYear=2020&Variable=Issuer,https://www.sedar.com/ModifyCompanyDocumentSearchForm.do?lang=EN&company_search=UrtheCast Corp&document_selection=0&industry_group=A&FromDate=13&FromMonth=05&FromYear=2000&ToDate=13&ToMonth=11&ToYear=2020&Variable=Issuer
0,2006-03-31,UR.TO,2006-03-31,2006-03-31,Q1,64892.0,42677.0,22215.0,0.34233803858719103,0.0,211530.0,0.0,0.0,0.0,266317.0,1724.0,0.0,-189315.0,-2.9173858102693706,-201425.0,0.0,0.0,0.0,0.0,0.0,-201591.0,-3.106561671700672,-1.475065,-1.475065,138151.0,138151.0,https://www.sedar.com/ModifyCompanyDocumentSearchForm.do?lang=EN&company_search=UrtheCast Corp&document_selection=0&industry_group=A&FromDate=13&FromMonth=05&FromYear=2000&ToDate=13&ToMonth=11&ToYear=2020&Variable=Issuer,https://www.sedar.com/ModifyCompanyDocumentSearchForm.do?lang=EN&company_search=UrtheCast Corp&document_selection=0&industry_group=A&FromDate=13&FromMonth=05&FromYear=2000&ToDate=13&ToMonth=11&ToYear=2020&Variable=Issuer
0,2005-12-31,UR.TO,2005-12-31,2005-12-31,Q4,-54328.0,0.0,-370518.0,6.8200191429833605,0.0,28611.0,0.0,0.0,0.0,324375.0,8000.0,0.0,-399129.0,7.346653659254896,-378703.0,0.0,0.0,0.0,0.0,0.0,-323896.0,5.961861286997497,-0.002266122511622102,-0.002266122511622102,142929607,142929607,https://www.sedar.com/ModifyCompanyDocumentSearchForm.do?lang=EN&company_search=UrtheCast Corp&document_selection=0&industry_group=A&FromDate=13&FromMonth=05&FromYear=2000&ToDate=13&ToMonth=11&ToYear=2020&Variable=Issuer,https://www.sedar.com/ModifyCompanyDocumentSearchForm.do?lang=EN&company_search=UrtheCast Corp&document_selection=0&industry_group=A&FromDate=13&FromMonth=05&FromYear=2000&ToDate=13&ToMonth=11&ToYear=2020&Variable=Issuer
0,2005-09-30,UR.TO,2005-09-30,2005-09-30,Q3,106125.0,0.0,0.0,0.0,0.0,216904.0,0.0,0.0,0.0,224032.0,0.0,0.0,-110779.0,-1.0438539458186102,-117907.0,0.0,-38401.0,0.0,0.0,0.0,-156573.0,-1.475363957597173,-2.681936,-2.681936,77138.0,77138.0,https://www.sedar.com/ModifyCompanyDocumentSearchForm.do?lang=EN&company_search=UrtheCast Corp&document_selection=0&industry_group=A&FromDate=13&FromMonth=05&FromYear=2000&ToDate=13&ToMonth=11&ToYear=2020&Variable=Issuer,https://www.sedar.com/ModifyCompanyDocumentSearchForm.do?lang=EN&company_search=UrtheCast Corp&document_selection=0&industry_group=A&FromDate=13&FromMonth=05&FromYear=2000&ToDate=13&ToMonth=11&ToYear=2020&Variable=Issuer
0,2005-06-30,UR.TO,2005-06-30,2005-06-30,Q2,112318.0,39175.0,73143.0,0.6512135187592372,0.0,40881.0,0.0,0.0,0.0,99019.0,0.0,0.0,32262.0,0.2872380206200253,13299.0,0.0,-7505.0,0.0,0.0,0.0,5794.0,0.05158567638312648,0.075276,0.070144,76970.0,82601.0,https://www.sedar.com/ModifyCompanyDocumentSearchForm.do?lang=EN&company_search=UrtheCast Corp&document_selection=0&industry_group=A&FromDate=13&FromMonth=05&FromYear=2000&ToDate=13&ToMonth=11&ToYear=2020&Variable=Issuer,https://www.sedar.com/ModifyCompanyDocumentSearchForm.do?lang=EN&company_search=UrtheCast Corp&document_selection=0&industry_group=A&FromDate=13&FromMonth=05&FromYear=2000&ToDate=13&ToMonth=11&ToYear=2020&Variable=Issuer
0,2005-03-31,UR.TO,2005-03-31,2005-03-31,Q1,195782.0,53604.0,142178.0,0.7262056777436128,0.0,33847.0,0.0,0.0,0.0,122733.0,0.0,0.0,108331.0,0.5533246161547026,73049.0,0.0,-16901.0,0.0,0.0,0.0,56148.0,0.2867883666527056,0.804581,0.804581,75005.0,75005.0,https://www.sedar.com/ModifyCompanyDocumentSearchForm.do?lang=EN&company_search=UrtheCast Corp&document_selection=0&industry_group=A&FromDate=13&FromMonth=05&FromYear=2000&ToDate=13&ToMonth=11&ToYear=2020&Variable=Issuer,https://www.sedar.com/ModifyCompanyDocumentSearchForm.do?lang=EN&company_search=UrtheCast Corp&document_selection=0&industry_group=A&FromDate=13&FromMonth=05&FromYear=2000&ToDate=13&ToMonth=11&ToYear=2020&Variable=Issuer
0,2004-12-31,UR.TO,,,Q4,0.0,0.0,0.0,0.0,0.0,73888.0,0.0,0.0,0.0,73534.0,0.0,0.0,-73888.0,0.0,-73534.0,0.0,0.0,0.0,0.0,0.0,-73534.0,0.0,-0.0005144770320399748,-0.0005144770320399748,142929607,142929607,https://www.sedar.com/ModifyCompanyDocumentSearchForm.do?lang=EN&company_search=UrtheCast Corp&document_selection=0&industry_group=A&FromDate=13&FromMonth=05&FromYear=2000&ToDate=13&ToMonth=11&ToYear=2020&Variable=Issuer,https://www.sedar.com/ModifyCompanyDocumentSearchForm.do?lang=EN&company_search=UrtheCast Corp&document_selection=0&industry_group=A&FromDate=13&FromMonth=05&FromYear=2000&ToDate=13&ToMonth=11&ToYear=2020&Variable=Issuer
0,2004-09-30,UR.TO,,,Q3,0.0,0.0,0.0,0.0,0.0,138101.0,0.0,0.0,0.0,139026.0,0.0,0.0,-138101.0,0.0,-139026.0,0.0,0.0,0.0,0.0,0.0,-139026.0,0.0,-6.70484,-6.70484,20497.0,20497.0,https://www.sedar.com/ModifyCompanyDocumentSearchForm.do?lang=EN&company_search=UrtheCast Corp&document_selection=0&industry_group=A&FromDate=13&FromMonth=05&FromYear=2000&ToDate=13&ToMonth=11&ToYear=2020&Variable=Issuer,https://www.sedar.com/ModifyCompanyDocumentSearchForm.do?lang=EN&company_search=UrtheCast Corp&document_selection=0&industry_group=A&FromDate=13&FromMonth=05&FromYear=2000&ToDate=13&ToMonth=11&ToYear=2020&Variable=Issuer
