,date,symbol,fillingDate,acceptedDate,period,revenue,costOfRevenue,grossProfit,grossProfitRatio,researchAndDevelopmentExpenses,generalAndAdministrativeExpenses,sellingAndMarketingExpenses,otherExpenses,operatingExpenses,costAndExpenses,interestExpense,depreciationAndAmortization,ebitda,ebitdaratio,operatingIncome,operatingIncomeRatio,totalOtherIncomeExpensesNet,incomeBeforeTax,incomeBeforeTaxRatio,incomeTaxExpense,netIncome,netIncomeRatio,eps,epsdiluted,weightedAverageShsOut,weightedAverageShsOutDil,link,finalLink
0,2020-09-30,INTT,2020-11-12,2020-11-12 16:30:33,Q3,14443.0,7993.0,6450.0,0.4465831198504466,0.0,2960.0,1747.0,1316.0,6023.0,14016.0,0.0,794.0,1221.0,0.08453922315308454,427.0,0.029564494911029564,6.0,433.0,0.02997992106902998,-25.0,458.0,0.03171086339403171,4.4644075594701975e-05,4.4644075594701975e-05,10258920,10258920,https://www.sec.gov/Archives/edgar/data/1036262/000143774920023648/0001437749-20-023648-index.htm,https://www.sec.gov/Archives/edgar/data/1036262/000143774920023648/intt20200930_10q.htm
0,2020-06-30,INTT,2020-08-12,2020-08-12 11:40:01,Q2,13275000,7208000.0,6067000.0,0.45702448210922786,1217000.0,4611000.0,1761.0,1761000.0,5866000.0,13074000,0.0,793000.0,976000.0,0.073522,201000.0,0.015141,-18000.0,183000.0,0.013785,13000.0,170000.0,0.012806,0.01657,0.01657,10258920,10258920,https://www.sec.gov/Archives/edgar/data/1036262/000143774920017615/0001437749-20-017615-index.htm,https://www.sec.gov/Archives/edgar/data/1036262/000143774920017615/intt20200630_10q.htm
0,2020-03-31,INTT,2020-05-13,2020-05-13 16:16:42,Q1,11230000,6363000.0,4867000.0,0.4333926981300089,1292000.0,4936000.0,2052000.0,1292000.0,6227999.999999999,12590999.999999998,0.0,791000.0,-602000.0,-0.053606,-1361000.0,-0.121193,-32000.0,-1393000.0,-0.124043,-250000.0,-1143000.0,-0.101781,-0.11183,-0.11183,10220850,10220850,https://www.sec.gov/Archives/edgar/data/1036262/000143774920010587/0001437749-20-010587-index.htm,https://www.sec.gov/Archives/edgar/data/1036262/000143774920005921/intt20191231_10k.htm
0,2019-12-31,INTT,2020-03-23,2020-03-23 16:59:18,Q4,13614000,7149000.0,6465000.0,0.4748788012340238,1211000.0,4658000.0,1955000.0,1211000.0,5869000.000000001,13018000.000000002,0.0,762000.0,1410000.0,0.10357,596000.0,0.043778,52000.0,648000.0,0.047598,-76000.0,724000.0,0.053181,0.0703,0.0703,10298540,10298540,https://www.sec.gov/Archives/edgar/data/1036262/000143774920005921/0001437749-20-005921-index.htm,https://www.sec.gov/Archives/edgar/data/1036262/000143774920005921/intt20191231_10k.htm
0,2019-09-30,INTT,2019-11-13,2019-11-13 11:26:31,Q3,14632000,7427000.0,7205000.0,0.49241388737014763,1261000.0,5138000.0,2044000.0,1261.0,6399000.000000001,13826000.000000002,0.0,833000.0,1627000.0,0.111195,806000.0,0.055085,-12000.0,794000.0,0.054265,147000.0,647000.0,0.044218,0.06204,0.06204,10429540,10429540,https://www.sec.gov/Archives/edgar/data/1036262/000143774919022627/0001437749-19-022627-index.htm,https://www.sec.gov/Archives/edgar/data/1036262/000143774919022627/intt20190930_10q.htm
0,2019-06-30,INTT,2019-08-13,2019-08-13 12:36:19,Q2,14352000,7633000.0,6719000.0,0.4681577480490524,1208000.0,5805000.0,2087000.0,1208.0,7013000.000000001,14646000.000000002,0.0,794000.0,494000.0,0.03442,-294000.0,-0.020485,-6000.0,-300000.0,-0.020903,-113000.0,-187000.0,-0.01303,-0.01796,-0.01796,10411280,10411280,https://www.sec.gov/Archives/edgar/data/1036262/000143774919016515/0001437749-19-016515-index.htm,https://www.sec.gov/Archives/edgar/data/1036262/000143774919016515/intt20190630_10q.htm
0,2019-03-31,INTT,2019-05-15,2019-05-15 12:02:24,Q1,18062000,9226000.0,8836000.0,0.4892038533938656,1284000.0,6111000.0,2374000.0,1284.0,7394999.999999998,16620999.999999998,0.0,804000.0,2266000.0,0.125457,1441000.0,0.079781,21000.0,1462000.0,0.080943,324000.0,1138000.0,0.063005,0.10927,0.10927,10414330,10414330,https://www.sec.gov/Archives/edgar/data/1036262/000143774919009971/0001437749-19-009971-index.htm,https://www.sec.gov/Archives/edgar/data/1036262/000143774919005715/intt20181231_10k.htm
0,2018-12-31,INTT,2019-03-26,2019-03-26 17:28:04,Q4,18435000,9431000.0,9004000.0,0.48841876864659617,1175000.0,5464000.0,2306000.0,2828000.0,9467000.0,18898000,0.0,500999.9999999999,3999.9999999999,0.000217,-463000.0,-0.025115,-34000.0,-497000.0,-0.02696,295000.0,-792000.0,-0.042962,-0.0764,-0.0764,10367130,10367130,https://www.sec.gov/Archives/edgar/data/1036262/000143774919005715/0001437749-19-005715-index.htm,https://www.sec.gov/Archives/edgar/data/1036262/000143774919005715/intt20181231_10k.htm
0,2018-09-30,INTT,2018-11-13,2018-11-13 11:57:21,Q3,20160000,10068000,10092000,0.5005952380952381,1207000.0,5609000.0,2291000.0,3057000.0,9873000.0,19941000,0.0,530000.0000000001,692000.0000000001,0.034325,219000.0,0.010863,-57000.0,162000.0,0.008036,728000.0,-566000.0,-0.028075,-0.05466,-0.05466,10355670,10355670,https://www.sec.gov/Archives/edgar/data/1036262/000143774918020501/0001437749-18-020501-index.htm,https://www.sec.gov/Archives/edgar/data/1036262/000143774918020501/intt20180930_10q.htm
0,2018-06-30,INTT,2018-08-13,2018-08-13 16:16:43,Q2,21100000,10190000,10910000,0.5170616113744075,1230000.0,5870000.0,2538000.0,-710000.0,6389999.999999999,16579999.999999998,0.0,430000.0,4350000.0,0.206161,4520000.0,0.214218,-120000.0,4400000.0,0.208531,-90000.0,4010000.0,0.190047,0.38669,0.38669,10370000,10370000,https://www.sec.gov/Archives/edgar/data/1036262/000143774918015348/0001437749-18-015348-index.htm,https://www.sec.gov/Archives/edgar/data/1036262/000143774918015348/intt20180630_10q.htm
0,2018-03-31,INTT,2018-05-14,2018-05-14 16:16:03,Q1,18870000,9480000.0,9390000.0,0.49761526232114467,1300000.0,5470000.0,2476000.0,1730000.0,8480000.0,17960000,0.0,410000.0,1390000.0,0.073662,910000.0,0.048225,80000.0,980000.0,0.051934,600000.0,380000.0,0.020138,0.03664,0.03664,10370000,10370000,https://www.sec.gov/Archives/edgar/data/1036262/000143774918009772/0001437749-18-009772-index.htm,https://www.sec.gov/Archives/edgar/data/1036262/000143774918005659/intt20171231_10k.htm
0,2017-12-31,INTT,2018-03-28,2018-03-28 13:54:36,Q4,19380000,9640000.0,9740000.0,0.5025799793601651,1250000.0,5520000.0,2247000.0,7530000.0,14280000.000000002,23920000,0.0,459999.99999999994,-2690000.0,-0.138803,-4540000.0,-0.234262,30000.0,-4510000.0,-0.232714,1420000.0,-4570000.0,-0.23581,-0.44326,-0.44326,10310000,10310000,https://www.sec.gov/Archives/edgar/data/1036262/000143774918005659/0001437749-18-005659-index.htm,https://www.sec.gov/Archives/edgar/data/1036262/000143774918005659/intt20171231_10k.htm
0,2017-09-30,INTT,2017-11-14,2017-11-14 14:52:59,Q3,17350000,8560000.0,8790000.0,0.506628242074928,1140000.0,5470000.0,5861000.0,-550000.0,6049999.999999999,14609999.999999998,0.0,800000.0,3640000.0,0.209798,2740000.0,0.157925,100000.0,2840000.0,0.163689,820000.0,2020000.0,0.116427,0.19517,0.19517,10350000,10350000,https://www.sec.gov/Archives/edgar/data/1036262/000143774917019326/0001437749-17-019326-index.htm,https://www.sec.gov/Archives/edgar/data/1036262/000143774917019326/intt20170930_10q.htm
0,2017-06-30,INTT,2017-08-14,2017-08-14 15:30:44,Q2,15890000,7470000.0,8420000.0,0.5298930144745123,980000.0,5160000.0,0.0,1871000.0,6140000.0,13610000,0.0,370000.0,2710000.0,0.170548,2280000.0,0.143486,50000.0,2340000.0,0.147262,890000.0,1450000.0,0.091252,0.14037,0.14037,10330000,10330000,https://www.sec.gov/Archives/edgar/data/1036262/000103626217000048/0001036262-17-000048-index.htm,https://www.sec.gov/Archives/edgar/data/1036262/000103626217000048/f10q-063017.htm
0,2017-03-31,INTT,2017-05-12,2017-05-12 09:34:56,Q1,14180000,6450000.0,7730000.0,0.5451339915373766,940000.0,3660000.0,0.0,1668000.0,4600000.000000001,11050000,0.0,150000.0,3320000.0,0.234133,3130000.0,0.220733,40000.0,3170000.0,0.223554,1090000.0,2080000.0,0.146685,0.20194,0.20194,10300000,10300000,https://www.sec.gov/Archives/edgar/data/1036262/000103626217000028/0001036262-17-000028-index.htm,https://www.sec.gov/Archives/edgar/data/1036262/000103626217000016/f10k-2016.htm
0,2016-12-31,INTT,2017-03-27,2017-03-27 13:12:17,Q4,10270000,4870000.0,5400000.0,0.5258033106134372,780000.0,3010000.0,-4000.0,1367000.0,3790000.0,8660000.0,0.0,149999.99999999997,1760000.0,0.171373,1620000.0,0.157741,0.0,1610000.0,0.156767,610000.0,1000000.0,0.097371,0.09709,0.09709,10300000,10300000,https://www.sec.gov/Archives/edgar/data/1036262/000103626217000016/0001036262-17-000016-index.htm,https://www.sec.gov/Archives/edgar/data/1036262/000103626217000016/f10k-2016.htm
0,2016-09-30,INTT,2016-11-14,2016-11-14 13:48:10,Q3,10820000,5250000.0,5570000.0,0.5147874306839186,910000.0,2970000.0,1000.0,1394000.0,3869999.999999999,9119999.999999998,0.0,150000.00000000003,1870000.0,0.172828,1700000.0,0.157116,20000.0,1720000.0,0.158965,630000.0,1090000.0,0.100739,0.10562,0.10562,10320000,10320000,https://www.sec.gov/Archives/edgar/data/1036262/000103626216000062/0001036262-16-000062-index.htm,https://www.sec.gov/Archives/edgar/data/1036262/000103626216000062/f10q-093016.htm
0,2016-06-30,INTT,2016-08-12,2016-08-12 14:18:51,Q2,10490000,5160000.0,5330000.0,0.5081029551954243,980000.0,3620000.0,2000.0,1471000.0,4590000.0,9750000.0,0.0,140000.0,890000.0,0.084843,730000.0,0.06959,20000.0,750000.0,0.071497,260000.0,490000.0,0.046711,0.04753,0.04753,10310000,10310000,https://www.sec.gov/Archives/edgar/data/1036262/000103626216000054/0001036262-16-000054-index.htm,https://www.sec.gov/Archives/edgar/data/1036262/000103626216000054/f10q-063016.htm
0,2016-03-31,INTT,2016-05-13,2016-05-13 14:06:52,Q1,8650000.0,4580000.0,4070000.0,0.4705202312138728,990000.0,2980000.0,1000.0,1335000.0,3970000.0000000005,8550000.0,0.0,160000.0,280000.0,0.03237,100000.0,0.011561,30000.0,120000.0,0.013873,40000.0,80000.0,0.009249,0.00769,0.00769,10400000,10400000,https://www.sec.gov/Archives/edgar/data/1036262/000103626216000045/0001036262-16-000045-index.htm,https://www.sec.gov/Archives/edgar/data/1036262/000103626216000039/f10k-2015.htm
0,2015-12-31,INTT,2016-03-29,2016-03-29 15:06:44,Q4,7940000.0,4330000.0,3610000.0,0.45465994962216627,910000.0,2870000.0,-4000.0,1348000.0,3769999.9999999995,8100000.0,0.0,170000.00000000003,10000.00000000004,0.001259,-160000.0,-0.020151,10000.0,-150000.0,-0.018892,-190000.0,30000.0,0.003778,0.00286,0.00286,10500000,10500000,https://www.sec.gov/Archives/edgar/data/1036262/000103626216000039/0001036262-16-000039-index.htm,https://www.sec.gov/Archives/edgar/data/1036262/000103626216000039/f10k-2015.htm
0,2015-09-30,INTT,2015-11-13,2015-11-13 14:12:41,Q3,9200000.0,4880000.0,4320000.0,0.46956521739130436,1040000.0,2880000.0,1000.0,1370000.0,3920000.000000001,8800000.000000002,0.0,179999.99999999994,589999.9999999999,0.06413,400000.0,0.043478,10000.0,410000.0,0.044565,100000.0,310000.0,0.033696,0.02952,0.02952,10500000,10500000,https://www.sec.gov/Archives/edgar/data/1036262/000103626215000024/0001036262-15-000024-index.htm,https://www.sec.gov/Archives/edgar/data/1036262/000103626215000024/f10q-093015.htm
0,2015-06-30,INTT,2015-08-14,2015-08-14 11:09:23,Q2,11560000,5710000.0,5850000.0,0.5060553633217993,1050000.0,3160000.0,2000.0,1592000.0,4210000.0,9920000.0,0.0,200000.0,1860000.0,0.1609,1640000.0,0.141869,20000.0,1660000.0,0.143599,580000.0,1080000.0,0.093426,0.10296,0.10296,10490000,10490000,https://www.sec.gov/Archives/edgar/data/1036262/000103626215000020/0001036262-15-000020-index.htm,https://www.sec.gov/Archives/edgar/data/1036262/000103626215000020/f10q-063015.htm
0,2015-03-31,INTT,2015-05-14,2015-05-14 15:18:55,Q1,10190000,5270000.0,4920000.0,0.48282630029440626,940000.0,3290000.0,1000.0,1487000.0,4240000.0,9510000.0,0.0,200000.0,870000.0,0.085378,680000.0,0.066732,-10000.0,670000.0,0.065751,230000.0,440000.0,0.04318,0.04198,0.04198,10480000,10480000,https://www.sec.gov/Archives/edgar/data/1036262/000103626215000012/0001036262-15-000012-index.htm,https://www.sec.gov/Archives/edgar/data/1036262/000103626215000004/f10k-2014.htm
0,2014-12-31,INTT,2015-03-26,2015-03-26 16:33:11,Q4,9860000.0,4840000.0,5020000.0,0.5091277890466531,880000.0,2970000.0,1000.0,1417000.0,3840000.0,8680000.0,0.0,219999.99999999997,1400000.0,0.141988,1180000.0,0.119675,-10000.0,1180000.0,0.119675,220000.0,960000.0,0.097363,0.0916,0.0916,10480000,10480000,https://www.sec.gov/Archives/edgar/data/1036262/000103626215000004/0001036262-15-000004-index.htm,https://www.sec.gov/Archives/edgar/data/1036262/000103626215000004/f10k-2014.htm
0,2014-09-30,INTT,2014-11-13,2014-11-13 13:46:19,Q3,10790000,5630000.0,5160000.0,0.4782205746061168,890000.0,2990000.0,1000.0,1462000.0,3880000.0,9510000.0,0.0,220000.00000000003,1490000.0,0.138091,1280000.0,0.118628,-20000.0,1270000.0,0.117702,430000.0,840000.0,0.07785,0.08015,0.08015,10480000,10480000,https://www.sec.gov/Archives/edgar/data/1036262/000103626214000054/0001036262-14-000054-index.htm,https://www.sec.gov/Archives/edgar/data/1036262/000103626214000054/f10q-093014.htm
0,2014-06-30,INTT,2014-08-13,2014-08-13 16:07:36,Q2,12340000,6260000.0,6080000.0,0.49270664505672607,890000.0,3150000.0,1000.0,1530000.0,4040000.000000001,10300000.000000002,0.0,220000.0,2280000.0,0.184765,2040000.0,0.165316,10000.0,2050000.0,0.166126,700000.0,1360000.0,0.110211,0.13002,0.13002,10460000,10460000,https://www.sec.gov/Archives/edgar/data/1036262/000103626214000040/0001036262-14-000040-index.htm,https://www.sec.gov/Archives/edgar/data/1036262/000103626214000040/f10q-063014.htm
0,2014-03-31,INTT,2014-05-14,2014-05-14 10:09:11,Q1,8800000.0,4610000.0,4190000.0,0.47613636363636364,920000.0,2860000.0,3000.0,1326000.0,3780000.0,8390000.0,0.0,220000.0,640000.0,0.072727,400000.0,0.045455,10000.0,410000.0,0.046591,130000.0,290000.0,0.032955,0.02775,0.02775,10450000,10450000,https://www.sec.gov/Archives/edgar/data/1036262/000103626214000024/0001036262-14-000024-index.htm,https://www.sec.gov/Archives/edgar/data/1036262/000103626214000004/f10k-2013.htm
0,2013-12-31,INTT,2014-03-27,2014-03-27 15:26:27,Q4,9340000.0,4650000.0,4690000.0,0.5021413276231264,820000.0,2850000.0,3000.0,1423000.0,3660000.0,8310000.0,0.0,209999.99999999997,1250000.0,0.133833,1020000.0,0.109208,20000.0,1040000.0,0.111349,350000.0,690000.0,0.073876,0.06647,0.06647,10380000,10380000,https://www.sec.gov/Archives/edgar/data/1036262/000103626214000004/0001036262-14-000004-index.htm,https://www.sec.gov/Archives/edgar/data/1036262/000103626214000004/f10k-2013.htm
0,2013-09-30,INTT,2013-11-13,2013-11-13 15:41:25,Q3,9900000.0,5140000.0,4760000.0,0.4808080808080808,950000.0,2720000.0,3000.0,1255000.0,3670000.000000001,8810000.000000002,0.0,210000.00000000003,1320000.0,0.133333,1090000.0,0.110101,30000.0,1110000.0,0.112121,20000.0,1090000.0,0.110101,0.10501,0.10501,10380000,10380000,https://www.sec.gov/Archives/edgar/data/1036262/000103626213000049/0001036262-13-000049-index.htm,https://www.sec.gov/Archives/edgar/data/1036262/000103626213000049/f10q-093013.htm
0,2013-06-30,INTT,2013-08-12,2013-08-12 13:16:30,Q2,11220000,5750000.0,5470000.0,0.4875222816399287,930000.0,3050000.0,2000.0,1528000.0,3980000.0000000005,9730000.0,0.0,210000.0,1690000.0,0.150624,1490000.0,0.132799,0.0,1490000.0,0.132799,480000.0,1000000.0,0.089127,0.09625,0.09625,10390000,10390000,https://www.sec.gov/Archives/edgar/data/1036262/000103626213000034/0001036262-13-000034-index.htm,https://www.sec.gov/Archives/edgar/data/1036262/000103626213000034/f10q-063013.htm
0,2013-03-31,INTT,2013-05-15,2013-05-15 14:14:06,Q1,8970000.0,4870000.0,4100000.0,0.45707915273132665,1000000.0,2750000.0,2000.0,1189000.0,3739999.999999999,8610000.0,0.0,220000.0,590000.0,0.065775,360000.0,0.040134,10000.0,370000.0,0.041249,80000.0,290000.0,0.03233,0.02797,0.02797,10370000,10370000,https://www.sec.gov/Archives/edgar/data/1036262/000103626213000022/0001036262-13-000022-index.htm,https://www.sec.gov/Archives/edgar/data/1036262/000103626213000014/f10k-2012.htm
0,2012-12-31,INTT,2013-03-29,2013-03-29 13:47:30,Q4,8270000.0,4760000.0,3510000.0,0.4244256348246675,990000.0,2470000.0,5000.0,1096000.0,3410000.0,8170000.0,0.0,230000.0000000001,350000.0000000001,0.042322,100000.0,0.012092,20000.0,120000.0,0.01451,-80000.0,200000.0,0.024184,0.01912,0.01912,10460000,10460000,https://www.sec.gov/Archives/edgar/data/1036262/000103626213000014/0001036262-13-000014-index.htm,https://www.sec.gov/Archives/edgar/data/1036262/000103626213000014/f10k-2012.htm
0,2012-09-30,INTT,2012-11-14,2012-11-14 14:17:51,Q3,10800000,6040000.0,4760000.0,0.44074074074074077,1010000.0,2770000.0,3000.0,1322000.0,3770000.0000000005,9810000.0,0.0,229999.99999999997,1240000.0,0.114815,990000.0,0.091667,20000.0,1010000.0,0.093519,350000.0,660000.0,0.061111,0.06371,0.06371,10360000,10360000,https://www.sec.gov/Archives/edgar/data/1036262/000103626212000047/0001036262-12-000047-index.htm,https://www.sec.gov/Archives/edgar/data/1036262/000103626212000047/f10q-093012.htm
0,2012-06-30,INTT,2012-08-10,2012-08-10 12:12:03,Q2,13580000,7380000.0,6200000.0,0.4565537555228277,980000.0,3220000.0,2000.0,1555000.0,4200000.0,11580000,0.0,249999.99999999997,2240000.0,0.164948,1990000.0,0.146539,0.0,1990000.0,0.146539,660000.0,1330000.0,0.097938,0.12838,0.12838,10360000,10360000,https://www.sec.gov/Archives/edgar/data/1036262/000103626212000039/0001036262-12-000039-index.htm,https://www.sec.gov/Archives/edgar/data/1036262/000103626212000039/f10q-063012.htm
0,2012-03-31,INTT,2012-05-15,2012-05-15 10:55:33,Q1,10730000,6140000.0,4590000.0,0.4277726001863933,920000.0,3400000.0,2000.0,1765000.0,4680000.000000001,10820000.000000002,0.0,220000.0,150000.0,0.013979,-80000.0,-0.007456,10000.0,-70000.0,-0.006524,-30000.0,-40000.0,-0.003728,-0.00392,-0.00392,10210000,10210000,https://www.sec.gov/Archives/edgar/data/1036262/000103626212000020/0001036262-12-000020-index.htm,https://www.sec.gov/Archives/edgar/data/1036262/000103626212000010/f10k-2011.htm
0,2011-12-31,INTT,2012-03-30,2012-03-30 14:07:34,Q4,10080000,5210000.0,4870000.0,0.48313492063492064,800000.0,2890000.0,-13000.0,1275000.0,3690000.0000000005,8900000.0,0.0,90000.00000000001,1280000.0,0.126984,1180000.0,0.117063,10000.0,1190000.0,0.118056,420000.0,770000.0,0.076389,0.0749,0.0749,10280000,10280000,https://www.sec.gov/Archives/edgar/data/1036262/000103626212000010/0001036262-12-000010-index.htm,https://www.sec.gov/Archives/edgar/data/1036262/000103626212000010/f10k-2011.htm
0,2011-09-30,INTT,2011-11-14,2011-11-14 13:50:57,Q3,11680000,5550000.0,6130000.0,0.5248287671232876,810000.0,2910000.0,3000.0,1461000.0,3720000.0,9270000.0,0.0,90000.0,2510000.0,0.214897,2420000.0,0.207192,0.0,2420000.0,0.207192,-2760000.0,5180000.0,0.443493,0.50291,0.50291,10300000,10300000,https://www.sec.gov/Archives/edgar/data/1036262/000103626211000055/0001036262-11-000055-index.htm,https://www.sec.gov/Archives/edgar/data/1036262/000103626211000055/f10q-093011.htm
0,2011-06-30,INTT,2011-08-12,2011-08-12 15:09:47,Q2,13800000,7000000.0,6800000.0,0.4927536231884058,820000.0,3250000.0,5000.0,2972000.0,4080000.0,11080000,-154700000,109999.99999999999,-151850000,-11.003623,2720000.0,0.197101,10000.0,2730000.0,0.197826,80000.0,2660000.0,0.192754,0.25825,0.25825,10300000,10300000,https://www.sec.gov/Archives/edgar/data/1036262/000103626211000050/0001036262-11-000050-index.htm,https://www.sec.gov/Archives/edgar/data/1036262/000103626211000050/f10q-063011.htm
0,2011-03-31,INTT,2011-05-13,2011-05-13 15:19:46,Q1,11700000,6610000.0,5090000.0,0.43504273504273505,810000.0,3020000.0,5000.0,0.0,3829999.999999999,10439999.999999998,0.0,100000.0,1420000.0,0.121368,1260000.0,0.107692,50000.0,1320000.0,0.112821,60000.0,1260000.0,0.107692,0.12269,0.12269,10270000,10270000,https://www.sec.gov/Archives/edgar/data/1036262/000103626211000040/0001036262-11-000040-index.htm,https://www.sec.gov/Archives/edgar/data/1036262/000103626211000021/f10k-2010.htm
0,2010-12-31,INTT,2011-03-31,2011-03-31 15:39:53,Q4,10110000,5320000.0,4790000.0,0.47378832838773494,790000.0,2640000.0,-13000.0,0.0,3429999.9999999995,8750000.0,0.0,120000.0,1540000.0,0.152324,1360000.0,0.13452,70000.0,1430000.0,0.141444,130000.0,1290000.0,0.127596,0.12672,0.12672,10180000,10180000,https://www.sec.gov/Archives/edgar/data/1036262/000103626211000021/0001036262-11-000021-index.htm,https://www.sec.gov/Archives/edgar/data/1036262/000103626211000021/f10k-2010.htm
0,2010-09-30,INTT,2010-11-12,2010-11-12 10:36:39,Q3,11310000,5850000.0,5460000.0,0.4827586206896552,770000.0,3000000.0,5000.0,0.0,3769999.9999999995,9620000.0,-20000.0,90000.00000000001,1770000.0,0.156499,1690000.0,0.149425,20000.0,1690000.0,0.149425,20000.0,1680000.0,0.148541,0.16487,0.16487,10190000,10190000,https://www.sec.gov/Archives/edgar/data/1036262/000103626210000047/0001036262-10-000047-index.htm,https://www.sec.gov/Archives/edgar/data/1036262/000103626210000047/f10q-093010.htm
0,2010-06-30,INTT,2010-08-13,2010-08-13 13:50:16,Q2,15260000,7890000.0,7370000.0,0.4829619921363041,790000.0,3410000.0,5000.0,0.0,4200000.0,12090000,-20000.0,90000.0,3240000.0,0.21232,3170000.0,0.207733,10000.0,3170000.0,0.207733,0.0,3170000.0,0.207733,0.31109,0.31109,10190000,10190000,https://www.sec.gov/Archives/edgar/data/1036262/000103626210000039/0001036262-10-000039-index.htm,https://www.sec.gov/Archives/edgar/data/1036262/000103626210000039/f10q-063010.htm
0,2010-03-31,INTT,2010-05-14,2010-05-14 13:23:49,Q1,9530000.0,4990000.0,4540000.0,0.47639034627492133,700000.0,2710000.0,3000.0,0.0,3410000.0,8400000.0,-20000.0,100000.0,1190000.0,0.124869,1130000.0,0.118573,0.0,1120000.0,0.117524,0.0,1110000.0,0.116474,0.111,0.111,10000000,10000000,https://www.sec.gov/Archives/edgar/data/1036262/000103626210000027/0001036262-10-000027-index.htm,https://www.sec.gov/Archives/edgar/data/1036262/000103626210000017/f10k-2009.htm
0,2009-12-31,INTT,2010-03-31,2010-03-31 12:29:50,Q4,8420000.0,5260000.0,3160000.0,0.3752969121140142,570000.0,2400000.0,-8000.0,0.0,3279999.9999999995,8540000.0,-10000.0,109999.99999999999,190000.0,0.022565,-110000.0,-0.013064,220000.0,100000.0,0.011876,-50000.0,140000.0,0.016627,0.01401,0.01401,9990000.0,9990000.0,https://www.sec.gov/Archives/edgar/data/1036262/000103626210000017/0001036262-10-000017-index.htm,https://www.sec.gov/Archives/edgar/data/1036262/000103626210000017/f10k-2009.htm
0,2009-09-30,INTT,2009-11-13,2009-11-13 14:27:49,Q3,6010000.0,3580000.0,2430000.0,0.4043261231281198,520000.0,2150000.0,3000.0,0.0,2689999.9999999995,6269999.999999999,-10000.0,120000.0,-170000.0,-0.028286,-260000.0,-0.043261,-10000.0,-280000.0,-0.046589,0.0,-280000.0,-0.046589,-0.02806,-0.02806,9980000.0,9980000.0,https://www.sec.gov/Archives/edgar/data/1036262/000103626209000061/0001036262-09-000061-index.htm,https://www.sec.gov/Archives/edgar/data/1036262/000103626209000061/f10q-093009.htm
0,2009-06-30,INTT,2009-08-14,2009-07-09 18:07:47,Q2,4670000.0,3260000.0,1410000.0,0.3019271948608137,580000.0,2410000.0,2000.0,0.0,3250000.0,6510000.0,0.0,140000.0,-1820000.0,-0.389722,-1840000.0,-0.394004,-120000.0,-1960000.0,-0.4197,-10000.0,-1950000.0,-0.417559,-0.19559,-0.19559,9970000.0,9970000.0,https://www.sec.gov/Archives/edgar/data/1036262/000103626209000043/0001036262-09-000043-index.htm,https://www.sec.gov/Archives/edgar/data/1036262/000103626209000043/f10q-063009.htm
0,2009-03-31,INTT,2009-07-17,Not found...,Q1,4400000.0,3590000.0,810000.0,0.18409090909090908,760000.0,2820000.0,3000.0,0.0,3640000.0000000005,7230000.000000001,0.0,130000.0,-2630000.0,-0.597727,-2840000.0,-0.645455,80000.0,-2750000.0,-0.625,0.0,-2760000.0,-0.627273,-0.27711,-0.27711,9960000.0,9960000.0,https://www.sec.gov/Archives/edgar/data/1036262/000103626209000039/0001036262-09-000039-index.htm,https://www.sec.gov/Archives/edgar/data/1036262/000103626209000035/f10k-2008.htm
0,2008-12-31,INTT,2009-07-10,2009-07-09 18:07:47,Q4,6830000.0,4980000.0,1850000.0,0.2708638360175695,1000000.0,3720000.0,3000.0,0.0,6549999.999999999,11529999.999999998,80000.0,330000.00000000006,-4100000.0,-0.600293,-4700000.0,-0.688141,110000.0,-4510000.0,-0.660322,-90000.0,-4420000.0,-0.647145,-0.44692,-0.44692,9890000.0,9890000.0,https://www.sec.gov/Archives/edgar/data/1036262/000103626209000035/0001036262-09-000035-index.htm,https://www.sec.gov/Archives/edgar/data/1036262/000103626209000035/f10k-2008.htm
0,2008-09-30,INTT,2008-11-14,2008-11-14 10:22:12,Q3,9160000.0,6200000.0,2960000.0,0.3231441048034934,1240000.0,3610000.0,9000.0,0.0,5040000.0,11240000,40000.0,250000.0,-1700000.0,-0.18559,-2080000.0,-0.227074,50000.0,-2000000.0,-0.218341,40000.0,-2030000.0,-0.221616,-0.21734,-0.21734,9340000.0,9340000.0,https://www.sec.gov/Archives/edgar/data/1036262/000103626208000036/0001036262-08-000036-index.htm,https://www.sec.gov/Archives/edgar/data/1036262/000103626208000036/f10q-093008.htm
0,2008-06-30,INTT,2008-08-14,2008-08-14 14:55:22,Q2,11500000,6970000.0,4530000.0,0.3939130434782609,1420000.0,4260000.0,8000.0,0.0,5880000.0,12850000,50000.0,250000.0,-1010000.0,-0.087826,-1360000.0,-0.118261,0.0,-1310000.0,-0.113913,50000.0,-1360000.0,-0.118261,-0.14592,-0.14592,9320000.0,9320000.0,https://www.sec.gov/Archives/edgar/data/1036262/000103626208000026/0001036262-08-000026-index.htm,https://www.sec.gov/Archives/edgar/data/1036262/000103626208000026/f10q-063008.htm
0,2008-03-31,INTT,2008-05-14,2008-05-14 11:12:43,Q1,11300000,6850000.0,4450000.0,0.3938053097345133,1410000.0,4340000.0,8000.0,0.0,5750000.0,12600000,110000.0,240000.0,-920000.0,-0.081416,-1300000.0,-0.115044,-70000.0,-1260000.0,-0.111504,60000.0,-1330000.0,-0.117699,-0.14286,-0.14286,9310000.0,9310000.0,https://www.sec.gov/Archives/edgar/data/1036262/000103626208000017/0001036262-08-000017-index.htm,https://www.sec.gov/Archives/edgar/data/1036262/000103626208000009/f10k-2007.htm
0,2007-12-31,INTT,2008-03-31,2008-03-31 15:39:14,Q4,11410000,6820000.0,4590000.0,0.4022787028921998,1360000.0,3950000.0,-13000.0,0.0,8690000.0,15510000,110000.0,290000.00000000006,-3700000.0,-0.324277,-4100000.0,-0.359334,-120000.0,-4100000.0,-0.359334,80000.0,-4180000.0,-0.366345,-0.45092,-0.45092,9270000.0,9270000.0,https://www.sec.gov/Archives/edgar/data/1036262/000103626208000009/0001036262-08-000009-index.htm,https://www.sec.gov/Archives/edgar/data/1036262/000103626208000009/f10k-2007.htm
0,2007-09-30,INTT,2007-11-14,2007-11-14 11:42:43,Q3,13110000,8000000.0,5110000.0,0.3897787948131198,1360000.0,4070000.0,7000.0,0.0,5439999.999999999,13440000,90000.0,320000.00000000006,240000.00000000006,0.018307,-320000.0,-0.024409,60000.0,-170000.0,-0.012967,80000.0,-250000.0,-0.019069,-0.02711,-0.02711,9220000.0,9220000.0,https://www.sec.gov/Archives/edgar/data/1036262/000103626207000040/0001036262-07-000040-index.htm,https://www.sec.gov/Archives/edgar/data/1036262/000103626207000040/f10q-093007.htm
0,2007-06-30,INTT,2007-08-14,2007-08-14 10:47:55,Q2,12060000,7490000.0,4570000.0,0.37893864013267,1390000.0,4300000.0,3000.0,0.0,5699999.999999999,13189999.999999998,100000.0,339999.99999999994,-560000.0,-0.046434,-1130000.0,-0.093698,20000.0,-1000000.0,-0.082919,90000.0,-1090000.0,-0.090381,-0.1172,-0.1172,9300000.0,9300000.0,https://www.sec.gov/Archives/edgar/data/1036262/000103626207000034/0001036262-07-000034-index.htm,https://www.sec.gov/Archives/edgar/data/1036262/000103626207000034/f10q-063007.htm
0,2007-03-31,INTT,2007-05-14,2007-05-14 13:40:25,Q1,12120000,7700000.0,4420000.0,0.36468646864686466,1400000.0,4320000.0,3000.0,0.0,5729999.999999999,13430000,110000.0,360000.0,-720000.0,-0.059406,-1310000.0,-0.108086,10000.0,-1190000.0,-0.098185,30000.0,-1220000.0,-0.10066,-0.1329,-0.1329,9180000.0,9180000.0,https://www.sec.gov/Archives/edgar/data/1036262/000103626207000024/0001036262-07-000024-index.htm,https://www.sec.gov/Archives/edgar/data/1036262/000103626207000015/f10k-2006.htm
0,2006-12-31,INTT,2007-03-30,2007-03-30 09:54:02,Q4,13160000,7930000.0,5230000.0,0.3974164133738602,1420000.0,3870000.0,0.0,0.0,5310000.000000001,13240000,130000.0,350000.0000000001,640000.0000000001,0.048632,-80000.0,-0.006079,110000.0,160000.0,0.012158,80000.0,80000.0,0.006079,0.00861,0.00861,9290000.0,9290000.0,https://www.sec.gov/Archives/edgar/data/1036262/000103626207000015/0001036262-07-000015-index.htm,https://www.sec.gov/Archives/edgar/data/1036262/000103626207000015/f10k-2006.htm
0,2006-09-30,INTT,2006-11-13,Not found...,Q3,16570000,9640000.0,6930000.0,0.41822570911285456,1780000.0,4220000.0,0.0,0.0,5990000.0,15630000,100000.0,369999.9999999999,1490000.0,0.089922,930000.0,0.056126,-10000.0,1020000.0,0.061557,510000.0,510000.0,0.030779,0.05508,0.05508,9260000.0,9260000.0,https://www.sec.gov/Archives/edgar/data/1036262/000103626206000036/0001036262-06-000036-index.htm,https://www.sec.gov/Archives/edgar/data/1036262/000103626206000036/f10q-093006.htm
0,2006-06-30,INTT,2006-08-11,Not found...,Q2,18890000,10490000,8400000.0,0.4446797247220752,1290000.0,4770000.0,0.0,0.0,6060000.000000001,16550000,70000.0,380000.0,2880000.0,0.152462,2340000.0,0.123875,20000.0,2430000.0,0.128639,490000.0,1940000.0,0.1027,0.21272,0.21272,9120000.0,9120000.0,https://www.sec.gov/Archives/edgar/data/1036262/000103626206000030/0001036262-06-000030-index.htm,https://www.sec.gov/Archives/edgar/data/1036262/000103626206000030/f10q-063006.htm
0,2006-03-31,INTT,2006-05-12,Not found...,Q1,13730000,7880000.0,5850000.0,0.42607428987618357,1440000.0,4080000.0,0.0,0.0,5520000.000000001,13400000,60000.0,380000.0,830000.0,0.060452,330000.0,0.024035,0.0,390000.0,0.028405,50000.0,340000.0,0.024763,0.03749,0.03749,9070000.0,9070000.0,https://www.sec.gov/Archives/edgar/data/1036262/000103626206000019/0001036262-06-000019-index.htm,https://www.sec.gov/Archives/edgar/data/1036262/000103626206000008/f10k-2005.htm
0,2005-12-31,INTT,2006-03-31,2006-03-31 09:57:35,Q4,14070000,8170000.0,5900000.0,0.4193319118692253,1480000.0,3860000.0,0.0,0.0,5470000.000000001,13640000.000000002,40000.0,410000.0000000001,870000.0000000001,0.061834,430000.0,0.030561,-50000.0,420000.0,0.029851,230000.0,190000.0,0.013504,0.02109,0.02109,9010000.0,9010000.0,https://www.sec.gov/Archives/edgar/data/1036262/000103626206000008/0001036262-06-000008-index.htm,https://www.sec.gov/Archives/edgar/data/1036262/000103626206000008/f10k-2005.htm
0,2005-09-30,INTT,2005-11-14,Not found...,Q3,16450000,9980000.0,6470000.0,0.3933130699088146,1520000.0,4460000.0,0.0,0.0,6010000.0,15990000,20000.0,439999.99999999994,970000.0,0.058967,460000.0,0.027964,30000.0,520000.0,0.031611,120000.0,390000.0,0.023708,0.04377,0.04377,8910000.0,8910000.0,https://www.sec.gov/Archives/edgar/data/1036262/000103626205000037/0001036262-05-000037-index.htm,https://www.sec.gov/Archives/edgar/data/1036262/000103626205000037/f10q-093005.htm
0,2005-06-30,INTT,2005-08-15,Not found...,Q2,12160000,7940000.0,4220000.0,0.3470394736842105,1530000.0,4380000.0,0.0,0.0,6229999.999999999,14170000,100000.0,500000.0,-1310000.0,-0.10773,-2010000.0,-0.165296,0.0,-1910000.0,-0.157072,-120000.0,-1790000.0,-0.147204,-0.20457,-0.20457,8750000.0,8750000.0,https://www.sec.gov/Archives/edgar/data/1036262/000103626205000033/0001036262-05-000033-index.htm,https://www.sec.gov/Archives/edgar/data/1036262/000103626205000033/f10q-063005.htm
0,2005-03-31,INTT,2005-05-16,Not found...,Q1,10690000,7550000.0,3140000.0,0.293732460243218,1400000.0,4080000.0,19000.0,0.0,5580000.000000001,13130000.000000002,20000.0,520000.0,-1860000.0,-0.173994,-2450000.0,-0.229186,20000.0,-2410000.0,-0.225444,10000.0,-2410000.0,-0.225444,-0.27638,-0.27638,8720000.0,8720000.0,https://www.sec.gov/Archives/edgar/data/1036262/000103626205000022/0001036262-05-000022-index.htm,https://www.sec.gov/Archives/edgar/data/1036262/000103626205000014/f10k-2004.htm
0,2004-12-31,INTT,2005-03-31,2005-03-31 15:03:33,Q4,11980000,8600000.0,3380000.0,0.28213689482470783,1510000.0,4650000.0,0.0,0.0,6790000.000000001,15390000.000000002,20000.0,549999.9999999998,-2920000.0,-0.24374,-3410000.0,-0.284641,-110000.0,-3500000.0,-0.292154,-20000.0,-3470000.0,-0.289649,-0.39931,-0.39931,8690000.0,8690000.0,https://www.sec.gov/Archives/edgar/data/1036262/000103626205000014/0001036262-05-000014-index.htm,https://www.sec.gov/Archives/edgar/data/1036262/000103626205000014/f10k-2004.htm
0,2004-09-30,INTT,2004-11-15,2004-11-15 17:26:39,Q3,19510000,11730000,7780000.0,0.39876986160943106,1690000.0,5270000.0,0.0,0.0,6960000.000000001,18690000,20000.0,530000.0,1410000.0,0.072271,820000.0,0.04203,20000.0,860000.0,0.04408,-380000.0,1240000.0,0.063557,0.13933,0.13933,8900000.0,8900000.0,https://www.sec.gov/Archives/edgar/data/1036262/000103626204000031/0001036262-04-000031-index.htm,https://www.sec.gov/Archives/edgar/data/1036262/000103626204000031/f10q-904.htm
0,2004-06-30,INTT,2004-08-13,2004-08-13 16:16:04,Q2,22710000,12300000,10410000,0.4583883751651255,1720000.0,5560000.0,0.0,0.0,7279999.999999998,19579999.999999996,20000.0,510000.0,3720000.0,0.163804,3140000.0,0.138265,30000.0,3190000.0,0.140467,680000.0,2510000.0,0.110524,0.28851,0.28851,8700000.0,8700000.0,https://www.sec.gov/Archives/edgar/data/1036262/000103626204000019/0001036262-04-000019-index.htm,https://www.sec.gov/Archives/edgar/data/1036262/000103626204000019/f10q-604.htm
0,2004-03-31,INTT,2004-05-14,2004-05-14 13:26:34,Q1,17010000,9800000.0,7210000.0,0.42386831275720166,1540000.0,4560000.0,15000.0,0.0,6090000.0,15890000,20000.0,520000.0,1670000.0,0.098178,1120000.0,0.065844,-20000.0,1120000.0,0.065844,130000.0,1000000.0,0.058789,0.11468,0.11468,8720000.0,8720000.0,https://www.sec.gov/Archives/edgar/data/1036262/000103626204000013/0001036262-04-000013-index.htm,https://www.sec.gov/Archives/edgar/data/1036262/000103626204000004/f10k-2003.htm
0,2003-12-31,INTT,2004-03-30,2004-03-30 17:07:17,Q4,14850000,8930000.0,5920000.0,0.39865319865319865,1750000.0,4720000.0,0.0,0.0,6460000.000000001,15390000.000000002,10000.0,539999.9999999998,99999.9999999998,0.006734,-540000.0,-0.036364,90000.0,-450000.0,-0.030303,440000.0,-890000.0,-0.059933,-0.10659,-0.10659,8350000.0,8350000.0,https://www.sec.gov/Archives/edgar/data/1036262/000103626204000004/0001036262-04-000004-index.htm,https://www.sec.gov/Archives/edgar/data/1036262/000103626204000004/f10k-2003.htm
0,2003-09-30,INTT,2003-11-14,2003-11-14 16:01:51,Q3,12730000,7250000.0,5480000.0,0.4304791830322074,1710000.0,4460000.0,0.0,0.0,6170000.0,13420000,10000.0,500000.0,-150000.0,-0.011783,-690000.0,-0.054203,20000.0,-670000.0,-0.052632,2120000.0,-2780000.0,-0.218382,-0.33373,-0.33373,8330000.0,8330000.0,https://www.sec.gov/Archives/edgar/data/1036262/000103626203000024/0001036262-03-000024-index.htm,https://www.sec.gov/Archives/edgar/data/1036262/000103626203000024/r10q-903.htm
0,2003-06-30,INTT,2003-08-14,2003-08-14 14:06:30,Q2,11270000,6800000.0,4470000.0,0.3966282165039929,1470000.0,3810000.0,0.0,0.0,5280000.0,12080000,10000.0,500000.0,-230000.0,-0.020408,-810000.0,-0.071872,50000.0,-750000.0,-0.066548,-100000.0,-640000.0,-0.056788,-0.07692,-0.07692,8320000.0,8320000.0,https://www.sec.gov/Archives/edgar/data/1036262/000103626203000020/0001036262-03-000020-index.htm,https://www.sec.gov/Archives/edgar/data/1036262/000103626203000020/r10q-603.htm
0,2003-03-31,INTT,2003-05-15,2003-05-15 13:08:21,Q1,9190000.0,6200000.0,2990000.0,0.3253536452665941,1480000.0,3300000.0,0.0,0.0,4780000.0,10980000,20000.0,490000.0,-1240000.0,-0.134929,-1790000.0,-0.194777,20000.0,-1750000.0,-0.190424,-610000.0,-1140000.0,-0.124048,-0.13702,-0.13702,8320000.0,8320000.0,https://www.sec.gov/Archives/edgar/data/1036262/000103626203000015/0001036262-03-000015-index.htm,https://www.sec.gov/Archives/edgar/data/1036262/000103626203000007/f10k-2002.htm
0,2002-12-31,INTT,2003-03-31,2003-03-31 14:30:42,Q4,12220000,7710000.0,4510000.0,0.3690671031096563,1610000.0,4110000.0,0.0,0.0,5720000.0,13430000,10000.0,520000.0,-710000.0,-0.058101,-1210000.0,-0.099018,-50000.0,-1240000.0,-0.101473,-540000.0,-700000.0,-0.057283,-0.08413,-0.08413,8320000.0,8320000.0,https://www.sec.gov/Archives/edgar/data/1036262/000103626203000007/0001036262-03-000007-index.htm,https://www.sec.gov/Archives/edgar/data/1036262/000103626202000010/rf10k-1201.htm
0,2002-09-30,INTT,2002-11-14 00:00:00,2002-11-14 15:13:40,Q3,14980000,8570000.0,6400000.0,0.427236,1560000.0,4100000.0,0.0,0.0,5670000.0,14240000,20000.0,469999.9999999999,1319999.9999999998,0.088117,740000.0,0.049399,70000.0,830000.0,0.055407,250000.0,580000.0,0.038718,0.06905,0.06905,8400000.0,8400000.0,https://www.sec.gov/Archives/edgar/data/1036262/000103626202000042/0001036262-02-000042-index.html,https://www.sec.gov/Archives/edgar/data/1036262/000103626202000042/r10q-902.htm
0,2002-06-30,INTT,2002-08-14 00:00:00,2002-08-14 11:19:38,Q2,12960000,7580000.0,5390000.0,0.415895,1310000.0,3600000.0,0.0,0.0,4910000.0,12490000,10000.0,460000.0000000001,990000.0000000001,0.076389,480000.0,0.037037,40000.0,530000.0,0.040895,-410000.0,930000.0,0.071759,0.10839,0.10839,8580000.0,8580000.0,https://www.sec.gov/Archives/edgar/data/1036262/000103626202000024/0001036262-02-000024-index.html,https://www.sec.gov/Archives/edgar/data/1036262/000103626202000024/r10q-602.htm
0,2002-03-31,INTT,2002-04-01 00:00:00,2002-04-01 00:00:00,Q1,6970000.0,5030000.0,1930000.0,0.276901,1190000.0,2570000.0,0.0,0.0,3759999.999999999,8789999.999999998,20000.0,470000.0,-1290000.0,-0.185079,-1820000.0,-0.261119,20000.0,-1780000.0,-0.25538,-690000.0,-1090000.0,-0.156385,-0.13117,-0.13117,8310000.0,8310000.0,https://www.sec.gov/Archives/edgar/data/1036262/000103626202000010/0001036262-02-000010-index.html,https://www.sec.gov/Archives/edgar/data/1036262/000103626202000010/rf10k-1201.htm
0,2001-12-31,INTT,2002-04-01,2002-04-01 00:00:00,Q4,7420000.0,6460000.0,960000.0,0.1293800539083558,1300000.0,3180000.0,0.0,0.0,4470000.0,10930000,30000.0,830000.0000000001,-2580000.0,-0.347709,-3510000.0,-0.473046,40000.0,-3440000.0,-0.463612,-1110000.0,-2330000.0,-0.314016,-0.28039,-0.28039,8310000.0,8310000.0,https://www.sec.gov/Archives/edgar/data/1036262/000103626202000010/0001036262-02-000010-index.htm,https://www.sec.gov/Archives/edgar/data/1036262/000103626202000010/rf10k-1201.htm
0,2001-09-30,INTT,2001-11-14 00:00:00,2001-11-14 00:00:00,Q3,7430000.0,9180000.0,-1750000.0,-0.235532,1600000.0,4340000.0,0.0,0.0,10550000,19730000,50000.0,610000.0000000001,-11520000,-1.550471,-12300000,-1.655451,70000.0,-12180000,-1.6393,-2360000.0,-9820000.0,-1.321669,-1.18456,-1.18456,8290000.0,8290000.0,https://www.sec.gov/Archives/edgar/data/1036262/000103626201500026/0001036262-01-500026-index.html,https://www.sec.gov/Archives/edgar/data/1036262/000103626201500026/r10q-901.htm
0,2001-06-30,INTT,2001-08-14 00:00:00,2001-08-14 00:00:00,Q2,16680000,11140000,5530000.0,0.331535,1560000.0,4140000.0,0.0,0.0,5699999.999999999,16840000,40000.0,600000.0,680000.0,0.040767,-160000.0,-0.009592,160000.0,40000.0,0.002398,80000.0,-40000.0,-0.002398,-0.00484,-0.00484,8270000.0,8270000.0,https://www.sec.gov/Archives/edgar/data/1036262/000103626201500015/0001036262-01-500015-index.html,https://www.sec.gov/Archives/edgar/data/1036262/000103626201500015/r10q-601.htm
0,2001-03-31,INTT,2001-05-15 00:00:00,2001-05-15 00:00:00,Q1,20110000,12140000,7960000.0,0.395823,1680000.0,5000000.0,0.0,0.0,6680000.0,18820000,60000.0,500000.0,2000000.0,0.099453,1280000.0,0.06365,100000.0,1440000.0,0.071606,580000.0,860000.0,0.042765,0.10226,0.10226,8410000.0,8410000.0,https://www.sec.gov/Archives/edgar/data/1036262/000103626201500011/0001036262-01-500011-index.html,https://www.sec.gov/Archives/edgar/data/1036262/000103626201500011/r10q-301.htm
0,2000-12-31,INTT,2001-03-30 00:00:00,2001-03-30 00:00:00,Q4,21590000,13780000,7810000.0,0.361742,1910000.0,5360000.0,0.0,0.0,7270000.000000001,21050000,110000.0,660000.0,1530000.0,0.070866,540000.0,0.025012,120000.0,760000.0,0.035201,290000.0,470000.0,0.021769,0.05582,0.05582,8420000.0,8420000.0,https://www.sec.gov/Archives/edgar/data/1036262/000103626201500007/0001036262-01-500007-index.html,https://www.sec.gov/Archives/edgar/data/1036262/000103626201500007/rf10k-1200.htm
0,2000-09-30,INTT,2000-11-14 00:00:00,2000-11-14 00:00:00,Q3,24490000,13230000,11260000,0.45978,1590000.0,5250000.0,0.0,0.0,7259999.999999998,20489999.999999996,130000.0,530000.0,4840000.0,0.197632,4000000.0,0.163332,50000.0,4190000.0,0.17109,1550000.0,2630000.0,0.107391,0.31014,0.31014,8480000.0,8480000.0,https://www.sec.gov/Archives/edgar/data/1036262/000103626200500009/0001036262-00-500009-index.html,https://www.sec.gov/Archives/edgar/data/1036262/000103626200500009/r10q-900.htm
0,2000-06-30,INTT,2000-08-14 00:00:00,2000-08-14 00:00:00,Q2,21320000,10810000,10510000,0.492964,1620000.0,4580000.0,0.0,0.0,6319999.999999998,17130000,130000.0,480000.00000000006,4960000.0,0.232645,4190000.0,0.196529,30000.0,4350000.0,0.204034,1560000.0,2790000.0,0.130863,0.32708,0.32708,8530000.0,8530000.0,https://www.sec.gov/Archives/edgar/data/1036262/000103626200000026/0001036262-00-000026-index.html,https://www.sec.gov/Archives/edgar/data/1036262/000103626200000026/0001036262-00-000026-0001.txt
0,2000-03-31,INTT,2000-05-12 00:00:00,2000-05-12 00:00:00,Q1,20250000,10280000,9980000.0,0.49284,1450000.0,3790000.0,0.0,0.0,7799999.999999999,18080000,90000.0,410000.0,2780000.0,0.137284,2180000.0,0.107654,10000.0,2280000.0,0.112593,1800000.0,480000.0,0.023704,0.05667,0.05667,8470000.0,8470000.0,https://www.sec.gov/Archives/edgar/data/1036262/000103626200000010/0001036262-00-000010-index.html,https://www.sec.gov/Archives/edgar/data/1036262/0001036262-00-000010.txt
0,1999-12-31,INTT,2000-03-30 00:00:00,2000-03-30 00:00:00,Q4,19310000,9280000.0,10030000,0.51942,1370000.0,4960000.0,0.0,0.0,6320000.0,15600000,70000.0,399999.9999999999,4240000.0,0.219575,3710000.0,0.192128,0.0,3770000.0,0.195236,40000.0,3730000.0,0.193164,0.44617,0.44617,8360000.0,8360000.0,https://www.sec.gov/Archives/edgar/data/1036262/000103626200000003/0001036262-00-000003-index.html,https://www.sec.gov/Archives/edgar/data/1036262/0001036262-00-000003.txt
0,1999-09-30,INTT,1999-11-15 00:00:00,1999-11-15 00:00:00,Q3,15240000,7620000.0,7620000.0,0.5,1240000.0,3780000.0,0.0,0.0,5020000.000000001,12640000,20000.0,360000.00000000006,3050000.0,0.200131,2600000.0,0.170604,50000.0,2670000.0,0.175197,900000.0,1770000.0,0.116142,0.21429,0.21429,8260000.0,8260000.0,https://www.sec.gov/Archives/edgar/data/1036262/000103626299000011/0001036262-99-000011-index.html,https://www.sec.gov/Archives/edgar/data/1036262/0001036262-99-000011.txt
0,1999-06-30,INTT,1999-08-13 00:00:00,1999-08-13 00:00:00,Q2,10820000,5500000.0,5310000.0,0.490758,1190000.0,3160000.0,0.0,0.0,4350000.0,9850000.0,30000.0,339999.99999999994,1420000.0,0.131238,970000.0,0.089649,60000.0,1050000.0,0.097043,360000.0,690000.0,0.063771,0.08394,0.08394,8220000.0,8220000.0,https://www.sec.gov/Archives/edgar/data/1036262/000103626299000008/0001036262-99-000008-index.html,https://www.sec.gov/Archives/edgar/data/1036262/0001036262-99-000008.txt
0,1999-03-31,INTT,1999-05-11 00:00:00,1999-05-11 00:00:00,Q1,8220000.0,4470000.0,3750000.0,0.456204,1070000.0,2630000.0,0.0,0.0,3690000.0000000005,8160000.0,0.0,329999.99999999994,399999.99999999994,0.048662,60000.0,0.007299,0.0,60000.0,0.007299,130000.0,-60000.0,-0.007299,-0.00744,-0.00744,8060000.0,8060000.0,https://www.sec.gov/Archives/edgar/data/1036262/000103626299000006/0001036262-99-000006-index.html,https://www.sec.gov/Archives/edgar/data/1036262/0001036262-99-000006.txt
0,1998-12-31,INTT,1999-03-26 00:00:00,1999-03-26 00:00:00,Q4,3840000.0,1950000.0,1890000.0,0.492188,600000.0,2040000.0,0.0,0.0,2630000.0,4580000.0,80000.0,770000.0,240000.0,0.0625,-750000.0,-0.195313,60000.0,-610000.0,-0.158854,-250000.0,-360000.0,-0.09375,-0.05505,-0.05505,6540000.0,6540000.0,https://www.sec.gov/Archives/edgar/data/1036262/000103626299000002/0001036262-99-000002-index.html,https://www.sec.gov/Archives/edgar/data/1036262/0001036262-99-000002.txt
0,1998-09-30,INTT,1998-11-16 00:00:00,1998-11-16 00:00:00,Q3,4450000.0,2120000.0,2330000.0,0.523596,480000.0,1590000.0,0.0,0.0,2070000.0000000002,4190000.0000000005,110000.0,169999.99999999997,640000.0,0.14382,260000.0,0.058427,-10000.0,360000.0,0.080899,130000.0,230000.0,0.051685,0.03639,0.03639,6320000.0,6320000.0,https://www.sec.gov/Archives/edgar/data/1036262/000103626298000010/0001036262-98-000010-index.html,https://www.sec.gov/Archives/edgar/data/1036262/0001036262-98-000010.txt
0,1998-06-30,INTT,1998-08-13 00:00:00,1998-08-13 00:00:00,Q2,5160000.0,2130000.0,3030000.0,0.587209,430000.0,1260000.0,0.0,0.0,1700000.0000000002,3830000.0,140000.0,70000.0,1670000.0,0.323643,1340000.0,0.25969,-10000.0,1460000.0,0.282946,550000.0,910000.0,0.176357,0.15372,0.15372,5920000.0,5920000.0,https://www.sec.gov/Archives/edgar/data/1036262/000103626298000006/0001036262-98-000006-index.html,https://www.sec.gov/Archives/edgar/data/1036262/0001036262-98-000006.txt
0,1998-03-31,INTT,1998-05-15 00:00:00,1998-05-15 00:00:00,Q1,5630000.0,2200000.0,3430000.0,0.609236,420000.0,1340000.0,0.0,0.0,1759999.9999999998,3960000.0,130000.0,60000.0,2010000.0,0.357016,1670000.0,0.296625,30000.0,1820000.0,0.323268,670000.0,1150000.0,0.204263,0.19426,0.19426,5920000.0,5920000.0,https://www.sec.gov/Archives/edgar/data/1036262/000103626298000004/0001036262-98-000004-index.html,https://www.sec.gov/Archives/edgar/data/1036262/0001036262-98-000004.txt
0,1997-12-31,INTT,1998-03-30 00:00:00,1998-03-30 00:00:00,Q4,6030000.0,2050000.0,3980000.0,0.660033,510000.0,1650000.0,0.0,0.0,2160000.0,4210000.0,0.0,60000.00000000001,1960000.0,0.325041,1820000.0,0.301824,80000.0,1900000.0,0.315091,720000.0,1180000.0,0.195688,0.19832,0.19832,5950000.0,5950000.0,https://www.sec.gov/Archives/edgar/data/1036262/000095011698000687/0000950116-98-000687-index.html,https://www.sec.gov/Archives/edgar/data/1036262/0000950116-98-000687.txt
0,1997-09-30,INTT,1997-11-14 00:00:00,1997-11-14 00:00:00,Q3,6210000.0,2320000.0,3890000.0,0.626409,460000.0,1370000.0,0.0,0.0,1830000.0000000005,4150000.0000000005,-10000.0,90000.0,2270000.0,0.365539,2070000.0,0.333333,130000.0,2190000.0,0.352657,920000.0,1270000.0,0.204509,0.21273,0.21273,5970000.0,5970000.0,https://www.sec.gov/Archives/edgar/data/1036262/000103626297000003/0001036262-97-000003-index.html,https://www.sec.gov/Archives/edgar/data/1036262/0001036262-97-000003.txt
