,date,symbol,fillingDate,acceptedDate,period,revenue,costOfRevenue,grossProfit,grossProfitRatio,researchAndDevelopmentExpenses,generalAndAdministrativeExpenses,sellingAndMarketingExpenses,otherExpenses,operatingExpenses,costAndExpenses,interestExpense,depreciationAndAmortization,ebitda,ebitdaratio,operatingIncome,operatingIncomeRatio,totalOtherIncomeExpensesNet,incomeBeforeTax,incomeBeforeTaxRatio,incomeTaxExpense,netIncome,netIncomeRatio,eps,epsdiluted,weightedAverageShsOut,weightedAverageShsOutDil,link,finalLink
0,2020-09-30,VRNS,2020-10-27,2020-10-27 16:01:33,Q3,76751000,11284000,65467000,0.8529791142786414,24670000,11814000,45435000,0.0,81919000,93203000,0.0,3111000.0,-15894000,-0.20708524970358694,-19005000,-0.24761892353194095,0.0,-19005000,-0.24761892353194095,0.0,-19225000,-0.2504853356959518,-2.39,-2.39,31336125,31336125,https://www.sec.gov/Archives/edgar/data/1361113/000162828020014876/0001628280-20-014876-index.htm,https://www.sec.gov/Archives/edgar/data/1361113/000162828020014876/vrns-20200930.htm
0,2020-06-30,VRNS,2020-08-04,2020-08-04 16:46:50,Q2,66565000,10335000,56230000,0.8447382257943363,24067000,54257000,42983000,0.0,78324000.00000001,88659000.00000001,-1845000.0,2110000.0000000005,-23674000,-0.355652,-22094000,-0.331916,0.0,-23939000,-0.359633,384000.0,-24323000,-0.365402,-0.7723,-0.7723,31494290,31494290,https://www.sec.gov/Archives/edgar/data/1361113/000162828020011648/0001628280-20-011648-index.htm,https://www.sec.gov/Archives/edgar/data/1361113/000162828020011648/vrns-20200630.htm
0,2020-03-31,VRNS,2020-05-05,2020-05-05 16:48:32,Q1,54176000,10180000,43996000,0.8120939161252215,22688000,53978000,42580000,0.0,76666000,86846000,1453000.0,2098000.0,-27666000,-0.510669,-32670000,-0.603035,0.0,-31217000,-0.576215,213000.0,-31430000,-0.580146,-1.01738,-1.01738,30893000,30893000,https://www.sec.gov/Archives/edgar/data/1361113/000162828020006469/0001628280-20-006469-index.htm,https://www.sec.gov/Archives/edgar/data/1361113/000162828020001362/vrns-12312019x10k.htm
0,2019-12-31,VRNS,2020-02-11,2020-02-11 16:42:42,Q4,72560000,9652000.0,62908000,0.8669790518191841,21874000,55039000,44129000,0.0,76913000,86565000,156000.0,2000999.9999999993,-11692000,-0.161136,-14005000,-0.193013,0.0,-13849000,-0.190863,801000.0,-14650000,-0.201902,-0.47988,-0.47988,30528160,30528160,https://www.sec.gov/Archives/edgar/data/1361113/000162828020001362/0001628280-20-001362-index.htm,https://www.sec.gov/Archives/edgar/data/1361113/000162828020001362/vrns-12312019x10k.htm
0,2019-09-30,VRNS,2019-10-30,2019-10-29 19:51:53,Q3,65649000,8768000.0,56881000,0.8664412253042697,20400000,52456000,42117000,0.0,72856000,81624000,-482000.0,1504000.0000000005,-15435000,-0.235114,-15975000,-0.24334,0.0,-16457000,-0.250682,530000.0,-16987000,-0.258755,-0.55915,-0.55915,30380150,30380150,https://www.sec.gov/Archives/edgar/data/1361113/000162828019012704/0001628280-19-012704-index.htm,https://www.sec.gov/Archives/edgar/data/1361113/000162828019012704/vrns-09302019x10q.htm
0,2019-06-30,VRNS,2019-07-30,2019-07-30 16:47:43,Q2,59621000,8398000.0,51223000,0.8591435903456835,19722000,55507000,41656000,0.0,75229000,83627000,65000.0,1479000.0,-22397000,-0.375656,-24006000,-0.402643,0.0,-23941000,-0.401553,547000.0,-24488000,-0.410728,-0.8086,-0.8086,30284420,30284420,https://www.sec.gov/Archives/edgar/data/1361113/000162828019009285/0001628280-19-009285-index.htm,https://www.sec.gov/Archives/edgar/data/1361113/000162828019009285/vrns-06302019x10q.htm
0,2019-03-31,VRNS,2019-04-30,2019-04-30 16:31:46,Q1,56360000,8326000.0,48034000,0.8522711142654364,18768000,51267000,41996000,0.0,70035000,78361000,-128000.0,1337000.0,-20920000,-0.371185,-22001000,-0.390366,0.0,-22129000,-0.392637,510000.0,-22639000,-0.401686,-0.75899,-0.75899,29827930,29827930,https://www.sec.gov/Archives/edgar/data/1361113/000162828019005208/0001628280-19-005208-index.htm,https://www.sec.gov/Archives/edgar/data/1361113/000162828019001223/vrns-12312018x10k.htm
0,2018-12-31,VRNS,2019-02-12,2019-02-12 17:00:30,Q4,87518000,7749000.0,79769000,0.911458214310199,19445000,55824000,46196000,0.0,75269000,83018000,704000.0,1675999.9999999998,7584000.0,0.086656,4500000.0,0.051418,0.0,5204000.0,0.059462,-1264000.0,6468000.0,0.073905,0.21922,0.21922,29505110,29505110,https://www.sec.gov/Archives/edgar/data/1361113/000162828019001223/0001628280-19-001223-index.htm,https://www.sec.gov/Archives/edgar/data/1361113/000162828019001223/vrns-12312018x10k.htm
0,2018-09-30,VRNS,2018-10-30,2018-10-30 17:07:55,Q3,120580000,13494000,107086000,0.888090894012274,32809000,15843000,80764000,0.0,129416000,142910000,0.0,12198000,5464000.0,0.08148899361689435,-6734000.0,-0.10042951738948876,1077000.0,-6734000.0,-0.10042951738948876,1110000.0,-7317000.0,-0.10912426176698682,-0.25354,-0.25354,30893000,28859156,https://www.sec.gov/Archives/edgar/data/1361113/000162828018013109/0001628280-18-013109-index.htm,https://www.sec.gov/Archives/edgar/data/1361113/000162828018013109/vrns-09302018x10q.htm
0,2018-06-30,VRNS,2018-07-31,2018-07-31 17:05:42,Q1,62190000,6440000.0,55750000,0.896446374015115,17717000,7989000.0,41349000,0.0,67055000,73495000,0.0,829000.0,-11287000,-0.18149220131853996,-12116000,-0.19482231870075575,-811000.0,-12116000,-0.19482231870075575,567000.0,-12683000,-0.20393954011899018,-0.43855,-0.43855,30893000,28920314,https://www.sec.gov/Archives/edgar/data/1361113/000162828018009870/0001628280-18-009870-index.htm,https://www.sec.gov/Archives/edgar/data/1361113/000162828018009870/vrns-06302018x10q.htm
0,2018-03-31,VRNS,2018-05-01,2018-05-01 17:01:09,Q1,53528000,6442000.0,47086000,0.8796517710357197,15542000,7069000.0,39972000,0.0,62583000,69025000,0.0,4122000.0,-10397000,-0.19423479300552982,-14519000,-0.27124121954864744,978000.0,-14519000,-0.27124121954864744,527000.0,-15046000,-0.28108653415035123,-0.53049,-0.53049,30893000,28362479,https://www.sec.gov/Archives/edgar/data/1361113/000117184318003268/0001171843-18-003268-index.htm,https://www.sec.gov/Archives/edgar/data/1361113/000117184318001113/f10k_021318p.htm
0,2017-12-31,VRNS,2018-02-13,2018-02-13 17:06:27,Q4,73209000,5887000.0,67322000,0.9195863896515456,13559000,8017000.0,39723000,0.0,61299000,67186000,0.0,1358000.0,7381000.0,0.100820937316,6023000.0,0.0822713054406,321000.0,6344000.0,0.0866560122389,810000.0,5534000.0,0.0755917988225,0.20147,0.20147,30893000,27467440,https://www.sec.gov/Archives/edgar/data/1361113/000117184318001113/0001171843-18-001113-index.htm,https://www.sec.gov/Archives/edgar/data/1361113/000117184318001113/f10k_021318p.htm
0,2017-09-30,VRNS,2017-11-03,2017-11-03 17:01:11,Q3,53601000,5436000.0,48165000,0.8985839816421335,11903000,6711000.0,32802000,0.0,51416000,56852000,0.0,686000.0,-1943000.0,-0.03624932370664726,-2629000.0,-0.04904759239566426,622000.0,-2629000.0,-0.04904759239566426,685000.0,-3314000.0,-0.06182720471632992,-0.12143,-0.12143,30893000,27292216,https://www.sec.gov/Archives/edgar/data/1361113/000117184317006623/0001171843-17-006623-index.htm,https://www.sec.gov/Archives/edgar/data/1361113/000117184317006623/f10q_110317p.htm
0,2017-06-30,VRNS,2017-08-04,2017-08-04 16:16:16,Q2,50174000,4878000.0,45296000,0.9027783314067047,11498000,6582000.0,32560000,0.0,50640000,55518000,0.0,662000.0,-3732000.0,-0.07438115358552239,-4394000.0,-0.08757523817116435,950000.0,-4394000.0,-0.08757523817116435,641000.0,-5035000.0,-0.1003507792880775,-0.18553,-0.18553,30893000,27137930,https://www.sec.gov/Archives/edgar/data/1361113/000117184317004747/0001171843-17-004747-index.htm,https://www.sec.gov/Archives/edgar/data/1361113/000117184317004747/f10q_080417p.htm
0,2017-03-31,VRNS,2017-05-05,2017-05-05 17:06:07,Q1,40380000,4672000.0,35708000,0.8842991579990094,10409000,5513000.0,30811000,0.0,46733000,51405000,0.0,622000.0,-9934000.0,-0.246012877662209,-10556000,-0.2614165428429916,469000.0,-10556000,-0.2614165428429916,323000.0,-10879000,-0.2694155522535909,-0.40366,-0.40366,30893000,26951205,https://www.sec.gov/Archives/edgar/data/1361113/000117184317002737/0001171843-17-002737-index.htm,https://www.sec.gov/Archives/edgar/data/1361113/000117184317000799/f10k_020917p.htm
0,2016-12-31,VRNS,2017-02-09,2017-02-09 17:22:03,Q4,54409000,4510000.0,49899000,0.9171093017699278,9627000.0,5443000.0,30218000,0.0,45288000,49798000,0.0,570000.0,5181000.0,0.0952232167472,4611000.0,0.0847470087669,-739000.0,3872000.0,0.071164697017,350000.0,3522000.0,0.0647319377309,0.13338,0.13338,30893000,26406312,https://www.sec.gov/Archives/edgar/data/1361113/000117184317000799/0001171843-17-000799-index.htm,https://www.sec.gov/Archives/edgar/data/1361113/000117184317000799/f10k_020917p.htm
0,2016-09-30,VRNS,2016-11-04,2016-11-04 16:31:08,Q3,40936000,4116000.0,36820000,0.899452804377565,9291000.0,5057000.0,26403000,0.0,40751000,44867000,0.0,544000.0,-3573000.0,-0.08728258745358608,-4117000.0,-0.10057162399843658,-186000.0,-4117000.0,-0.10057162399843658,272000.0,-4389000.0,-0.10721614227086183,-0.16691,-0.16691,30893000,26294936,https://www.sec.gov/Archives/edgar/data/1361113/000117184316012959/0001171843-16-012959-index.htm,https://www.sec.gov/Archives/edgar/data/1361113/000117184316012959/f10q_110416p.htm
0,2016-06-30,VRNS,2016-08-09,2016-08-09 17:01:07,Q2,38641000,3721000.0,34920000,0.9037033203074455,8905000.0,4760000.0,26840000,0.0,40505000,44226000,0.0,569000.0,-5621000.0,-0.14546724981237547,-6190000.0,-0.16019254160089025,-605000.0,-6190000.0,-0.16019254160089025,303000.0,-6493000.0,-0.1680339535726301,-0.24787,-0.24787,30893000,26195269,https://www.sec.gov/Archives/edgar/data/1361113/000117184316011647/0001171843-16-011647-index.htm,https://www.sec.gov/Archives/edgar/data/1361113/000117184316011647/f10q_080916p.htm
0,2016-03-31,VRNS,2016-05-05,2016-05-05 06:31:08,Q1,30470000,3496000.0,26974000,0.885264194289465,8837000.0,4562000.0,24364000,0.0,37763000,41259000,0.0,497000.0,-9647000.0,-0.31660649819494585,-10144000,-0.33291762389235313,645000.0,-10144000,-0.33291762389235313,206000.0,-10350000,-0.3396783721693469,-0.39629,-0.39629,30893000,26117073,https://www.sec.gov/Archives/edgar/data/1361113/000117184316009717/0001171843-16-009717-index.htm,https://www.sec.gov/Archives/edgar/data/1361113/000117184316007861/f10k_021216.htm
0,2015-12-31,VRNS,2016-02-12,2016-02-12 06:31:19,Q4,43837000,3279000.0,40558000,0.925200173369528,8175000.0,4530000.0,24295000,0.0,37000000,40279000,0.0,564000.0,4122000.0,0.0940301571732,3558000.0,0.0811643132514,-780000.0,2778000.0,0.0633711248489,144000.0,2634000.0,0.0600862285284,0.10453,0.10453,30893000,25198546,https://www.sec.gov/Archives/edgar/data/1361113/000117184316007861/0001171843-16-007861-index.htm,https://www.sec.gov/Archives/edgar/data/1361113/000117184316007861/f10k_021216.htm
0,2015-09-30,VRNS,2015-11-06,2015-11-06 06:00:46,Q3,31237000,3044000.0,28193000,0.9025514614079457,8085000.0,4036000.0,20617000,639000.0,32738000,35782000,0.0,362000.0,-4287000.0,-0.13724109229439446,-4649000.0,-0.14882991324390946,639000.0,-4649000.0,-0.14882991324390946,276000.0,-4925000.0,-0.15766558888497614,-0.19702,-0.19702,30893000,24997856,https://www.sec.gov/Archives/edgar/data/1361113/000117184315006078/0001171843-15-006078-index.htm,https://www.sec.gov/Archives/edgar/data/1361113/000117184315006078/gff10q_110615p.htm
0,2015-06-30,VRNS,2015-08-07,2015-08-07 06:00:36,Q2,29150000,2863000.0,26287000,0.9017838765008577,7799000.0,3760000.0,21264000,-20830000,32823000,35686000,0.0,345000.0,-5789000.0,-0.19859348198970841,-6134000.0,-0.21042881646655232,402000.0,-6134000.0,-0.21042881646655232,188000.0,-6322000.0,-0.21687821612349914,-0.25483,-0.25483,30893000,24809006,https://www.sec.gov/Archives/edgar/data/1361113/000117184315004456/0001171843-15-004456-index.htm,https://www.sec.gov/Archives/edgar/data/1361113/000117184315004456/gfpf10q_080615.htm
0,2015-03-31,VRNS,2015-05-07,2015-05-07 16:30:40,Q1,22986000,2833000.0,20153000,0.8767510658661795,7733000.0,3780000.0,20191000,20191000,31704000,34537000,0.0,344000.0,-12248000,-0.5328460802227443,-12592000,-0.5478117114765509,-1041000.0,-12592000,-0.5478117114765509,78000.0,-12670000,-0.5512050813538676,-0.5121,-0.5121,30893000,24741306,https://www.sec.gov/Archives/edgar/data/1361113/000117184315002648/0001171843-15-002648-index.htm,https://www.sec.gov/Archives/edgar/data/1361113/000119312515054287/d846864d10k.htm
0,2014-12-31,VRNS,2015-02-19,2015-02-19 16:35:44,Q4,33714000,2788000.0,30926000,0.9173043839354571,7499000.0,3512000.0,19619000,0.0,30630000,33418000,0.0,521000.0,817000.0,0.024233256214,296000.0,0.00877973542149,-1714000.0,-510000.0,-0.015127246841074924,-179000.0,-331000.0,-0.009817879812540784,-0.01558,-0.01558,30893000,21242313,https://www.sec.gov/Archives/edgar/data/1361113/000119312515054287/0001193125-15-054287-index.htm,https://www.sec.gov/Archives/edgar/data/1361113/000119312515054287/d846864d10k.htm
0,2014-09-30,VRNS,2014-11-10,2014-11-10 16:28:32,Q3,25563000,2590000.0,22973000,0.8986816883777334,7316000.0,3030000.0,17741000,0.0,28087000,30677000,0.0,386000.0,-5672000.0,-0.22188319054884012,-6058000.0,-0.2369831396940891,0.0,-6058000.0,-0.2369831396940891,296000.0,-6354000.0,-0.24856237530806244,-0.31611,-0.31611,30893000,20100388,https://www.sec.gov/Archives/edgar/data/1361113/000119312514406113/0001193125-14-406113-index.htm,https://www.sec.gov/Archives/edgar/data/1361113/000119312514406113/d786750d10q.htm
0,2014-06-30,VRNS,2014-08-06,2014-08-06 06:42:19,Q2,24616000,2491000.0,22125000,0.8988056548586285,6832000.0,2665000.0,17186000,0.0,26683000,29174000,0.0,280000.0,-4204000.0,-0.1707832304192395,-4484000.0,-0.18215794605134872,0.0,-4484000.0,-0.18215794605134872,155000.0,-4639000.0,-0.18845466363340915,-0.25999,-0.25999,30893000,17843306,https://www.sec.gov/Archives/edgar/data/1361113/000119312514296834/0001193125-14-296834-index.htm,https://www.sec.gov/Archives/edgar/data/1361113/000119312514296834/d747352d10q.htm
