,date,symbol,fillingDate,acceptedDate,period,revenue,costOfRevenue,grossProfit,grossProfitRatio,researchAndDevelopmentExpenses,generalAndAdministrativeExpenses,sellingAndMarketingExpenses,otherExpenses,operatingExpenses,costAndExpenses,interestExpense,depreciationAndAmortization,ebitda,ebitdaratio,operatingIncome,operatingIncomeRatio,totalOtherIncomeExpensesNet,incomeBeforeTax,incomeBeforeTaxRatio,incomeTaxExpense,netIncome,netIncomeRatio,eps,epsdiluted,weightedAverageShsOut,weightedAverageShsOutDil,link,finalLink
0,2020-10-03,VIAV,2020-11-10,2020-11-10 16:11:47,Q1,284000000,221000000,169000000,0.5950704225352113,48000000,81000000,0.0,9000000.0,138000000,359000000,9000000.0,8000000.0,39000000,0.13732394366197184,31000000,0.10915492957746478,0.0,22000000,0.07746478873239436,8000000.0,14000000,0.04929577464788732,0.06134969325153374,0.06134969325153374,228200000,228200000,https://www.sec.gov/Archives/edgar/data/912093/000091209320000101/0000912093-20-000101-index.htm,https://www.sec.gov/Archives/edgar/data/912093/000091209320000101/viavq1fy2110-q.htm
0,2020-06-27,VIAV,2020-08-24,2020-08-24 16:20:29,Q4,266600000,112000000,154600000,0.5798949737434359,45000000,51900000,0.0,14400000,111300000.00000001,223300000,8600000.0,26599999.999999993,70200000,0.263316,43300000,0.162416,0.0,35000000,0.131283,8300000.0,26700000,0.10015,0.117,0.117,228200000,228200000,https://www.sec.gov/Archives/edgar/data/912093/000091209320000057/0000912093-20-000057-index.htm,https://www.sec.gov/Archives/edgar/data/912093/000091209320000057/viavq4fy2010-k.htm
0,2020-03-28,VIAV,2020-05-07 00:00:00,2020-05-07 16:33:28,Q3,256200000,109400000,146800000,0.57299,46800000,83600000,0.0,7300000.0,137700000,247100000,8400000.0,27200000.000000007,41600000.00000001,0.162373,9100000.0,0.035519,0.0,6000000.0,0.023419,38800000,-32800000,-0.128025,-0.14261,-0.14261,230000000,230000000,https://www.sec.gov/Archives/edgar/data/912093/000091209320000030/0000912093-20-000030-index.html,https://www.sec.gov/Archives/edgar/data/912093/000091209320000030/viavq3fy2010-q.htm
0,2019-12-28,VIAV,2020-02-06 00:00:00,2020-02-06 08:44:16,Q2,313700000,124200000,189500000,0.60408,50300000,86300000,0.0,7900000.0,144500000,268700000,8400000.0,27099999.999999993,73400000,0.233982,45000000,0.143449,0.0,37900000,0.120816,9900000.0,28000000,0.089257,0.1175,0.1175,238300000,238300000,https://www.sec.gov/Archives/edgar/data/912093/000091209320000004/0000912093-20-000004-index.html,https://www.sec.gov/Archives/edgar/data/912093/000091209320000004/viavq2fy2010-q.htm
0,2019-09-28,VIAV,2019-11-05 00:00:00,2019-11-05 16:16:06,Q1,299800000,125400000,174400000,0.581721,51500000,93200000,0.0,9000000.0,153700000.00000003,279100000,8300000.0,26900000.000000004,50300000,0.167779,20700000,0.069046,0.0,15100000,0.050367,8300000.0,6800000.0,0.022682,0.02876,0.02876,236400000,236400000,https://www.sec.gov/Archives/edgar/data/912093/000091209319000060/0000912093-19-000060-index.html,https://www.sec.gov/Archives/edgar/data/912093/000091209319000060/viavq1fy2010-q.htm
0,2019-06-29,VIAV,2019-08-27 00:00:00,2019-08-27 09:01:50,Q4,289700000,120200000,169500000,0.585088,49800000,83800000,0.0,8100000.0,141700000,261900000,8100000.0,27300000,57200000,0.197446,27800000,0.095961,0.0,21800000,0.07525,9300000.0,12500000,0.043148,0.05185,0.05185,241100000,241100000,https://www.sec.gov/Archives/edgar/data/912093/000091209319000023/0000912093-19-000023-index.html,https://www.sec.gov/Archives/edgar/data/912093/000091209319000023/viavq4fy1910-k.htm
0,2019-03-30,VIAV,2019-05-08 00:00:00,2019-05-08 16:16:43,Q3,265200000,111700000,153500000,0.578808,48700000,86800000,0.0,10100000,145600000.00000003,257300000.00000003,8000000.0,27100000,35900000,0.13537,7900000.0,0.029789,0.0,800000.0,0.003017,5600000.0,-4800000.0,-0.0181,-0.02102,-0.02102,228300000,228300000,https://www.sec.gov/Archives/edgar/data/912093/000091209319000008/0000912093-19-000008-index.html,https://www.sec.gov/Archives/edgar/data/912093/000091209319000008/viavq3fy1910-q.htm
0,2018-12-29,VIAV,2019-02-06 00:00:00,2019-02-06 16:55:03,Q2,306900000,128900000,178000000,0.579993,45900000,88500000,0.0,10700000,145100000,274000000,8100000.0,28700000.000000004,60700000,0.197784,32900000,0.107201,0.0,26300000,0.085696,10900000,13000000,0.042359,0.05694,0.05694,228300000,228300000,https://www.sec.gov/Archives/edgar/data/912093/000091209319000004/0000912093-19-000004-index.html,https://www.sec.gov/Archives/edgar/data/912093/000091209319000004/viavq2fy1910-q.htm
0,2018-09-29,VIAV,2018-11-07 00:00:00,2018-11-07 16:15:54,Q1,268500000,118100000,150400000,0.560149,42600000,84400000,0.0,24600000,151600000,269700000,10100000,29100000,29600000,0.110242,-1200000.0,-0.004469,0.0,-9600000.0,-0.035754,5700000.0,-15300000,-0.056983,-0.06734,-0.06734,227200000,227200000,https://www.sec.gov/Archives/edgar/data/912093/000091209318000065/0000912093-18-000065-index.html,https://www.sec.gov/Archives/edgar/data/912093/000091209318000065/viavq1fy1910-q.htm
0,2018-06-30,VIAV,2018-08-28 00:00:00,2018-08-28 16:36:46,Q4,259300000,126900000,132400000,0.510605,42200000,88400000,0.0,14000000,145499999.99999997,272399999.99999994,11700000,32500000.00000001,23500000.00000001,0.090629,-13100000,-0.050521,0.0,-20700000,-0.07983,10700000,-31400000,-0.121095,-0.13863,-0.13863,226500000,226500000,https://www.sec.gov/Archives/edgar/data/912093/000091209318000059/0000912093-18-000059-index.html,https://www.sec.gov/Archives/edgar/data/912093/000091209318000059/viavq4fy1810-k.htm
0,2018-03-31,VIAV,2018-05-09 00:00:00,2018-05-08 21:16:29,Q3,219400000,95700000,123700000,0.56381,32100000,86400000,0.0,4800000.0,123600000.00000001,219300000,11400000,19500000,23300000,0.106199,100000.0,0.000456,0.0,-7600000.0,-0.03464,1100000.0,-8700000.0,-0.039654,-0.03844,-0.03844,226300000,226300000,https://www.sec.gov/Archives/edgar/data/912093/000091209318000029/0000912093-18-000029-index.html,https://www.sec.gov/Archives/edgar/data/912093/000091209318000029/viavq3fy1810-q.htm
0,2017-12-30,VIAV,2018-02-07 00:00:00,2018-02-06 18:15:59,Q2,205400000,86000000,119400000,0.581305,29900000,76700000,0.0,5900000.0,112500000,198500000,11700000,15799999.999999996,25599999.999999996,0.124635,6900000.0,0.033593,0.0,-1900000.0,-0.00925,-800000.0,-1100000.0,-0.005355,-0.00484,-0.00484,227400000,227400000,https://www.sec.gov/Archives/edgar/data/912093/000091209318000010/0000912093-18-000010-index.html,https://www.sec.gov/Archives/edgar/data/912093/000091209318000010/viavq2fy1810-q.htm
0,2017-09-30,VIAV,2017-11-08 00:00:00,2017-11-07 18:13:59,Q1,190900000,78200000,112700000,0.590361,29100000,72300000,0.0,4600000.0,105999999.99999999,184200000,12500000,15600000.000000002,22500000,0.117863,6700000.0,0.035097,0.0,-5600000.0,-0.029335,2000000.0,-7600000.0,-0.039811,-0.03332,-0.03332,228100000,228100000,https://www.sec.gov/Archives/edgar/data/912093/000162828017011110/0001628280-17-011110-index.html,https://www.sec.gov/Archives/edgar/data/912093/000162828017011110/viavq1fy1810-q.htm
0,2017-07-01,VIAV,2017-08-29 00:00:00,2017-08-29 08:51:41,Q4,198100000,78900000,119200000,0.601716,30200000,72000000,0.0,5000000.0,107199999.99999999,186100000,13900000,14000000,47100000,0.237759,12000000,0.060575,0.0,17600000,0.088844,5500000.0,13700000,0.069157,0.05949,0.05949,230300000,230300000,https://www.sec.gov/Archives/edgar/data/912093/000091209317000022/0000912093-17-000022-index.html,https://www.sec.gov/Archives/edgar/data/912093/000091209317000022/viavq4fy1710-k.htm
0,2017-04-01,VIAV,2017-05-09 00:00:00,2017-05-09 08:49:25,Q3,196000000,79000000,117000000,0.596939,34100000,76200000,0.0,21900000,132200000,211200000,10700000,13799999.999999998,54800000,0.279592,-15200000,-0.077551,0.0,30300000,0.154592,4300000.0,26000000,0.132653,0.11083,0.11083,234600000,234600000,https://www.sec.gov/Archives/edgar/data/912093/000091209317000015/0000912093-17-000015-index.html,https://www.sec.gov/Archives/edgar/data/912093/000091209317000015/viavq3fy1710-q.htm
0,2016-12-31,VIAV,2017-02-07 00:00:00,2017-02-07 08:49:28,Q2,206500000,81800000,124700000,0.603874,35900000,76900000,0.0,5200000.0,118000000.00000001,199800000,9400000.0,14700000,79100000,0.383051,6700000.0,0.032446,0.0,55000000,0.266344,5800000.0,49200000,0.238257,0.21008,0.21008,234200000,234200000,https://www.sec.gov/Archives/edgar/data/912093/000091209317000006/0000912093-17-000006-index.html,https://www.sec.gov/Archives/edgar/data/912093/000091209317000006/viavq2fy1710-q.htm
0,2016-10-01,VIAV,2016-11-08 00:00:00,2016-11-08 08:34:41,Q1,210800000,85700000,125100000,0.593454,36100000,75400000,0.0,3500000.0,114999999.99999999,200700000,9200000.0,15200000,108100000,0.512808,10100000,0.047913,0.0,83700000,0.397059,5700000.0,78000000,0.370019,0.32939,0.32939,236800000,236800000,https://www.sec.gov/Archives/edgar/data/912093/000091209316000041/0000912093-16-000041-index.html,https://www.sec.gov/Archives/edgar/data/912093/000091209316000041/viavq1fy1710-q.htm
0,2016-07-02,VIAV,2016-08-30,2016-08-30 16:20:24,Q4,224100000,88000000,136100000,0.607318,40400000,89800000,0.0,103700000,233899999.99999997,321900000,9000000.0,16100000,-52200000,-0.232932,-97800000,-0.436412,0.0,-73900000,-0.329763,-9400000.0,-67900000,-0.30299,-0.29167,-0.29167,232800000,232800000,https://www.sec.gov/Archives/edgar/data/912093/000091209316000035/viavq4fy1610-k.htm,https://www.sec.gov/Archives/edgar/data/912093/000091209316000035/viavq4fy1610-k.htm
0,2016-04-02,VIAV,2016-05-10 00:00:00,2016-05-10 08:54:09,Q3,220400000,89100000,131300000,0.595735,40000000,80600000,0.0,3500000.0,124100000,213200000,9100000.0,15800000,68600000,0.311252,7200000.0,0.032668,0.0,38700000,0.17559,9900000.0,33800000,0.153358,0.14408,0.14408,234600000,234600000,https://www.sec.gov/Archives/edgar/data/912093/000091209316000021/0000912093-16-000021-index.html,https://www.sec.gov/Archives/edgar/data/912093/000091209316000021/viavq3fy1610q.htm
0,2016-01-02,VIAV,2016-02-09 00:00:00,2016-02-09 16:20:03,Q2,232100000,90300000,141800000,0.610944,41700000,85800000,0.0,5100000.0,132600000.00000001,222900000.00000003,8800000.0,17000000,30900000,0.133132,9200000.0,0.039638,0.0,2100000.0,0.009048,1100000.0,4000000.0,0.017234,0.01687,0.01687,237100000,237100000,https://www.sec.gov/Archives/edgar/data/912093/000091209316000013/0000912093-16-000013-index.html,https://www.sec.gov/Archives/edgar/data/912093/000091209316000013/viavq2fy1610q.htm
0,2015-10-03,VIAV,2015-11-12 00:00:00,2015-11-12 09:18:26,Q1,229700000,89200000,140500000,0.611667,44300000,94900000,0.0,4200000.0,143399999.99999997,232599999.99999997,8800000.0,21700000,-35700000,-0.15542,-2900000.0,-0.012625,0.0,-12800000,-0.055725,2900000.0,-69100000,-0.300827,-0.2928,-0.2928,236000000,236000000,https://www.sec.gov/Archives/edgar/data/912093/000091209315000007/0000912093-15-000007-index.html,https://www.sec.gov/Archives/edgar/data/912093/000091209315000007/viavq1fy1610q.htm
0,2015-06-27,VIAV,2015-08-25 00:00:00,2015-08-25 16:09:08,Q4,219800000,88700000,131100000,0.596451,45400000,91100000,0.0,18400000,150100000.00000003,238800000.00000003,8600000.0,32700000,8200000.0,0.037307,-19000000,-0.086442,0.0,-25100000,-0.114195,7000000.0,-40100000,-0.182439,-0.171,-0.171,234500000,234500000,https://www.sec.gov/Archives/edgar/data/912093/000110465915061694/0001104659-15-061694-index.html,https://www.sec.gov/Archives/edgar/data/912093/000110465915061694/a15-16909_110k.htm
0,2015-03-28,VIAV,2015-05-05 00:00:00,2015-05-05 16:21:00,Q3,212400000,85400000,127000000,0.597928,42100000,95500000,0.0,13200000,150200000,235600000,8600000.0,35899999.99999999,36099999.99999999,0.169962,-23200000,-0.109228,0.0,-31000000,-0.145951,4800000.0,-13200000,-0.062147,-0.0566,-0.0566,233200000,233200000,https://www.sec.gov/Archives/edgar/data/912093/000110465915034290/0001104659-15-034290-index.html,https://www.sec.gov/Archives/edgar/data/912093/000110465915034290/a15-7436_110q.htm
0,2014-12-27,VIAV,2015-02-05,2015-02-05 07:00:51,Q2,226400000,93300000,133100000,0.587898,44200000,96100000,0.0,14700000,154300000,247600000,8500000.0,36700000,28600000,0.126325,-21200000,-0.09364,0.0,-29200000,-0.128975,8500000.0,-25100000,-0.110866,-0.10814,-0.10814,232100000,232100000,https://www.sec.gov/Archives/edgar/data/912093/000110465915006806/a14-26601_110q.htm,https://www.sec.gov/Archives/edgar/data/912093/000110465915006806/a14-26601_110q.htm
0,2014-09-27,VIAV,2014-11-04 00:00:00,2014-11-04 17:04:05,Q1,215300000,86400000,128900000,0.598699,41600000,93600000,0.0,8000000.0,141299999.99999997,227699999.99999997,8300000.0,34700000,39100000,0.181607,-12400000,-0.057594,0.0,-20000000,-0.092894,5800000.0,-9700000.0,-0.045053,-0.04203,-0.04203,230800000,230800000,https://www.sec.gov/Archives/edgar/data/912093/000110465914076570/0001104659-14-076570-index.html,https://www.sec.gov/Archives/edgar/data/912093/000110465914076570/a14-23537_110q.htm
0,2014-06-28,VIAV,2014-08-26 00:00:00,2014-08-26 07:05:57,Q4,448600000,239100000,209500000,0.467008,80000000,120900000,0.0,25100000,226000000.00000003,465100000.00000006,8400000.0,34700000,18300000,0.040794,-16500000,-0.036781,0.0,-24800000,-0.055283,600000.0,-25400000,-0.056621,-0.10832,-0.10832,234500000,234500000,https://www.sec.gov/Archives/edgar/data/912093/000104746914007199/0001047469-14-007199-index.html,https://www.sec.gov/Archives/edgar/data/912093/000104746914007199/a2221211z10-k.htm
0,2014-03-29,VIAV,2014-05-07 00:00:00,2014-05-07 07:01:40,Q3,418000000,233300000,184700000,0.441866,74100000,113400000,0.0,8800000.0,196300000,429600000,7700000.0,34399999.99999999,23399999.99999999,0.055981,-11600000,-0.027751,0.0,-18700000,-0.044737,-17200000,-1500000.0,-0.003589,-0.00641,-0.00641,234000000,234000000,https://www.sec.gov/Archives/edgar/data/912093/000110465914035422/0001104659-14-035422-index.html,https://www.sec.gov/Archives/edgar/data/912093/000110465914035422/a14-8792_110q.htm
0,2013-12-28,VIAV,2014-02-06,2014-02-06 16:17:04,Q2,447600000,242700000,204900000,0.457775,72300000,109000000,0.0,3800000.0,185100000.00000003,427800000,8400000.0,30500000,50700000,0.113271,19800000,0.044236,0.0,11800000,0.026363,3000000.0,8800000.0,0.01966,0.03732,0.03732,235800000,235800000,https://www.sec.gov/Archives/edgar/data/912093/000110465914007161/a13-26013_110q.htm,https://www.sec.gov/Archives/edgar/data/912093/000110465914007161/a13-26013_110q.htm
0,2013-09-28,VIAV,2013-11-06 00:00:00,2013-11-06 06:04:41,Q1,429000000,243800000,185200000,0.431702,69600000,107100000,0.0,1900000.0,178599999.99999997,422399999.99999994,5200000.0,31900000,37900000,0.088345,6600000.0,0.015385,0.0,800000.0,0.001865,500000.0,300000.0,0.000699,0.00125,0.00125,239600000,239600000,https://www.sec.gov/Archives/edgar/data/912093/000110465913081365/0001104659-13-081365-index.html,https://www.sec.gov/Archives/edgar/data/912093/000110465913081365/a13-21017_110q.htm
0,2013-06-29,VIAV,2013-08-23 00:00:00,2013-08-23 07:21:53,Q4,421300000,243600000,177700000,0.42179,67600000,111900000,0.0,16800000,196299999.99999997,439900000,2500000.0,36000000.00000001,18000000.00000001,0.042725,-18600000,-0.044149,0.0,-21500000,-0.051033,-113000000,92500000,0.219559,0.36417,0.36417,254000000,254000000,https://www.sec.gov/Archives/edgar/data/912093/000104746913008597/0001047469-13-008597-index.html,https://www.sec.gov/Archives/edgar/data/912093/000104746913008597/a2216445z10-k.htm
0,2013-03-30,VIAV,2013-05-08 00:00:00,2013-05-08 16:25:04,Q3,405300000,250000000,155300000,0.383173,65800000,107300000,0.0,3500000.0,176600000.00000003,426600000,4200000.0,37100000,14900000,0.036763,-21300000,-0.052554,0.0,-26400000,-0.065137,1600000.0,-28000000,-0.069085,-0.11869,-0.11869,235900000,235900000,https://www.sec.gov/Archives/edgar/data/912093/000110465913038876/0001104659-13-038876-index.html,https://www.sec.gov/Archives/edgar/data/912093/000110465913038876/a13-7818_110q.htm
0,2012-12-29,VIAV,2013-02-06 00:00:00,2013-02-06 06:06:25,Q2,429400000,240400000,189000000,0.440149,63500000,105400000,0.0,5200000.0,174100000,414500000,5100000.0,33700000,47000000,0.109455,14900000,0.0347,0.0,7400000.0,0.017233,4100000.0,4100000.0,0.009548,0.01729,0.01729,237100000,237100000,https://www.sec.gov/Archives/edgar/data/912093/000110465913007738/0001104659-13-007738-index.html,https://www.sec.gov/Archives/edgar/data/912093/000110465913007738/a12-29736_110q.htm
0,2012-09-29,VIAV,2012-11-08 00:00:00,2012-11-08 07:00:53,Q1,420900000,248300000,172600000,0.410074,61600000,104700000,0.0,6200000.0,172500000,420800000,6100000.0,37800000,35700000,0.084818,100000.0,0.000238,0.0,-6400000.0,-0.015206,3400000.0,-11600000,-0.02756,-0.04983,-0.04983,232800000,232800000,https://www.sec.gov/Archives/edgar/data/912093/000110465912075612/0001104659-12-075612-index.html,https://www.sec.gov/Archives/edgar/data/912093/000110465912075612/a12-19487_110q.htm
0,2012-06-30,VIAV,2012-08-24 00:00:00,2012-08-24 06:02:15,Q4,434000000,252400000,181600000,0.418433,63800000,106900000,0.0,35000000,181100000,433500000,7200000.0,39799999.99999999,27299999.99999999,0.062903,500000.0,0.001152,0.0,3900000.0,0.008986,2500000.0,-22200000,-0.051152,-0.0959,-0.0959,231500000,231500000,https://www.sec.gov/Archives/edgar/data/912093/000104746912008496/0001047469-12-008496-index.html,https://www.sec.gov/Archives/edgar/data/912093/000104746912008496/a2210801z10-k.htm
0,2012-03-31,VIAV,2012-05-08,2012-05-08 16:50:23,Q3,403300000,235500000,167800000,0.416067,62000000,104500000,0.0,9500000.0,174200000,409700000,6900000.0,39500000.00000001,32100000.00000001,0.079593,-6400000.0,-0.015869,0.0,-13100000,-0.032482,3100000.0,-17400000,-0.043144,-0.07546,-0.07546,230600000,230600000,https://www.sec.gov/Archives/edgar/data/912093/000110465912034534/a12-7331_110q.htm,https://www.sec.gov/Archives/edgar/data/912093/000110465912034534/a12-7331_110q.htm
0,2011-12-31,VIAV,2012-02-07 00:00:00,2012-02-07 06:01:51,Q2,409300000,234800000,174500000,0.426338,58900000,105300000,0.0,11200000,173599999.99999997,408399999.99999994,6600000.0,40000000,39400000,0.096262,900000.0,0.002199,0.0,-4700000.0,-0.011483,3000000.0,-10200000,-0.024921,-0.04446,-0.04446,229400000,229400000,https://www.sec.gov/Archives/edgar/data/912093/000110465912007058/0001104659-12-007058-index.html,https://www.sec.gov/Archives/edgar/data/912093/000110465912007058/a11-30227_110q.htm
0,2011-10-01,VIAV,2011-11-09 00:00:00,2011-11-09 06:01:47,Q1,415800000,234200000,181600000,0.436748,59300000,110300000,0.0,8400000.0,176200000,410400000,6600000.0,38500000,42700000,0.102694,5400000.0,0.012987,0.0,-200000.0,-0.000481,3400000.0,-5800000.0,-0.013949,-0.02539,-0.02539,228400000,228400000,https://www.sec.gov/Archives/edgar/data/912093/000110465911062310/0001104659-11-062310-index.html,https://www.sec.gov/Archives/edgar/data/912093/000110465911062310/a11-26283_110q.htm
0,2011-07-02,VIAV,2011-08-30 00:00:00,2011-08-30 14:49:17,Q4,471800000,267700000,204100000,0.432599,62700000,109700000,0.0,13500000,185700000,453400000,6500000.0,38599999.99999999,57199999.99999999,0.121238,18400000,0.039,-700000.0,12100000,0.025646,3000000.0,9100000.0,0.019288,0.03861,0.03861,235700000,235700000,https://www.sec.gov/Archives/edgar/data/912093/000104746911007735/0001047469-11-007735-index.html,https://www.sec.gov/Archives/edgar/data/912093/000104746911007735/a2205402z10-k.htm
0,2011-04-02,VIAV,2011-05-10 00:00:00,2011-05-10 15:30:28,Q3,454000000,254300000,199700000,0.439868,60600000,110900000,0.0,35000000,187300000,441600000,18900000,38900000,64300000,0.14163,12400000,0.027313,300000.0,6500000.0,0.014317,-32100000,38600000,0.085022,0.16398,0.16398,235400000,235400000,https://www.sec.gov/Archives/edgar/data/912093/000119312511134116/0001193125-11-134116-index.html,https://www.sec.gov/Archives/edgar/data/912093/000119312511134116/d10q.htm
0,2011-01-01,VIAV,2011-02-08,2011-02-08 16:16:09,Q2,473500000,259700000,213800000,0.451531,60200000,109500000,0.0,11000000,180200000,439900000,-4900000.0,38199999.99999999,62099999.99999999,0.131151,33600000,0.070961,100000.0,28800000,0.060824,5200000.0,23600000,0.049842,0.10301,0.10301,229100000,229100000,https://www.sec.gov/Archives/edgar/data/912093/000119312511027239/d10q.htm,https://www.sec.gov/Archives/edgar/data/912093/000119312511027239/d10q.htm
0,2010-10-02,VIAV,2010-11-12 00:00:00,2010-11-12 15:42:20,Q1,405200000,231900000,173300000,0.42769,56400000,107200000,0.0,9000000.0,172499999.99999997,404399999.99999994,-3100000.0,37500000,32400000,0.079961,800000.0,0.001974,300000.0,-2000000.0,-0.004936,-2100000.0,100000.0,0.000247,0.00044,0.00044,227500000,227500000,https://www.sec.gov/Archives/edgar/data/912093/000119312510258748/0001193125-10-258748-index.html,https://www.sec.gov/Archives/edgar/data/912093/000119312510258748/d10q.htm
0,2010-07-03,VIAV,2010-08-31 00:00:00,2010-08-31 16:50:04,Q4,390900000,231000000,159900000,0.409056,51400000,103700000,0.0,3000000.0,163200000,394200000,-1000000.0,35800000.00000001,38100000.00000001,0.097467,-3300000.0,-0.008442,-4400000.0,3500000.0,0.008954,1800000.0,1500000.0,0.003837,0.00659,0.00659,227600000,227600000,https://www.sec.gov/Archives/edgar/data/912093/000119312510201868/0001193125-10-201868-index.html,https://www.sec.gov/Archives/edgar/data/912093/000119312510201868/d10k.htm
0,2010-04-03,VIAV,2010-05-07 00:00:00,2010-05-07 16:30:16,Q3,332300000,200400000,131900000,0.39693,42200000,92300000,0.0,8000000.0,143100000,343500000,6000000.0,32700000,25100000,0.075534,-11200000,-0.033704,3400000.0,-13000000,-0.039121,-1700000.0,-11900000,-0.035811,-0.05424,-0.05424,219400000,219400000,https://www.sec.gov/Archives/edgar/data/912093/000119312510112945/0001193125-10-112945-index.html,https://www.sec.gov/Archives/edgar/data/912093/000119312510112945/d10q.htm
0,2010-01-02,VIAV,2010-02-05 00:00:00,2010-02-05 16:15:06,Q2,342900000,204700000,138200000,0.403033,41500000,94700000,0.0,15000000,151800000,356500000,7000000.0,33499999.99999999,22699999.99999999,0.0662,-13600000,-0.039662,-200000.0,-17700000,-0.051619,1700000.0,-19500000,-0.056868,-0.08933,-0.08933,218300000,218300000,https://www.sec.gov/Archives/edgar/data/912093/000119312510023351/0001193125-10-023351-index.html,https://www.sec.gov/Archives/edgar/data/912093/000119312510023351/d10q.htm
0,2009-10-03,VIAV,2009-11-12 00:00:00,2009-11-10 19:32:48,Q1,297800000,180700000,117100000,0.393217,39800000,92200000,0.0,13000000,144600000.00000003,325300000,5000000.0,34700000,8500000.0,0.028543,-27500000,-0.092344,-200000.0,-30000000,-0.100739,700000.0,-31900000,-0.107119,-0.14667,-0.14667,217500000,217500000,https://www.sec.gov/Archives/edgar/data/912093/000119312509230987/0001193125-09-230987-index.html,https://www.sec.gov/Archives/edgar/data/912093/000119312509230987/d10q.htm
0,2009-06-27,VIAV,2009-08-24 00:00:00,2009-08-24 16:54:59,Q4,273200000,171900000,101300000,0.370791,38800000,92100000,0.0,63000000,161499999.99999997,333399999.99999994,1000000.0,34500000.00000001,-29099999.99999999,-0.106515,-60200000,-0.220351,400000.0,-63700000,-0.233163,-1000000.0,-63600000,-0.232796,-0.29431,-0.29431,216100000,216100000,https://www.sec.gov/Archives/edgar/data/912093/000119312509180423/0001193125-09-180423-index.html,https://www.sec.gov/Archives/edgar/data/912093/000119312509180423/d10k.htm
0,2009-03-28,VIAV,2009-05-05 00:00:00,2009-05-05 16:20:59,Q3,279100000,177700000,101400000,0.363311,41900000,92600000,0.0,70000000,198900000.00000003,376600000.00000006,2000000.0,36800000,-63500000,-0.227517,-97500000,-0.349337,-200000.0,-100900000,-0.361519,-600000.0,-101700000,-0.364386,-0.47171,-0.47171,215600000,215600000,https://www.sec.gov/Archives/edgar/data/912093/000119312509099963/0001193125-09-099963-index.html,https://www.sec.gov/Archives/edgar/data/912093/000119312509099963/d10q.htm
0,2008-12-27,VIAV,2009-02-05 00:00:00,2009-02-05 16:37:28,Q2,353800000,218500000,135300000,0.382419,42100000,103700000,0.0,710000000,859599999.9999999,1078100000,2000000.0,36800000,-685800000,-1.938383,-724300000,-2.047202,-1600000.0,-724000000,-2.046354,-1700000.0,-722900000,-2.043245,-3.36076,-3.36076,215100000,215100000,https://www.sec.gov/Archives/edgar/data/912093/000119312509020076/0001193125-09-020076-index.html,https://www.sec.gov/Archives/edgar/data/912093/000119312509020076/d10q.htm
0,2008-09-27,VIAV,2008-11-03 00:00:00,2008-11-03 16:55:37,Q1,377200000,228600000,148600000,0.393955,44300000,110600000,0.0,10000000,167900000,396500000,2000000.0,36300000,18000000,0.04772,-19300000,-0.051166,-1300000.0,-19900000,-0.052757,1000000.0,-21300000,-0.056469,-0.09889,-0.09889,215400000,215400000,https://www.sec.gov/Archives/edgar/data/912093/000119312508222996/0001193125-08-222996-index.html,https://www.sec.gov/Archives/edgar/data/912093/000119312508222996/d10q.htm
0,2008-06-28,VIAV,2008-08-27 00:00:00,2008-08-26 21:09:30,Q4,390300000,249700000,140600000,0.360236,47500000,137900000,0.0,5000000.0,239000000,488700000,1000000.0,37200000,8200000.0,0.021009,-98400000,-0.252114,70000000,-30000000,-0.076864,-200000.0,-29800000,-0.076352,-0.13019,-0.13019,228900000,228900000,https://www.sec.gov/Archives/edgar/data/912093/000119312508184575/0001193125-08-184575-index.html,https://www.sec.gov/Archives/edgar/data/912093/000119312508184575/d10k.htm
0,2008-03-29,VIAV,2008-05-06 00:00:00,2008-05-06 16:35:17,Q3,383900000,238300000,145600000,0.379265,47700000,112200000,0.0,12000000,171500000,409800000,2000000.0,36900000,27300000,0.071112,-25900000,-0.067465,15100000,-11600000,-0.030216,-5400000.0,-6200000.0,-0.01615,-0.02753,-0.02753,225200000,225200000,https://www.sec.gov/Archives/edgar/data/912093/000119312508104149/0001193125-08-104149-index.html,https://www.sec.gov/Archives/edgar/data/912093/000119312508104149/d10q.htm
0,2007-12-29,VIAV,2008-02-07,2008-02-07 13:17:16,Q2,399200000,227800000,171400000,0.429359,46300000,105500000,0.0,7000000.0,158599999.99999997,386399999.99999994,2000000.0,35600000,64300000,0.161072,12800000,0.032064,15700000,26700000,0.066884,5500000.0,21200000,0.053106,0.09282,0.09282,228400000,228400000,https://www.sec.gov/Archives/edgar/data/912093/000119312508022767/d10q.htm,https://www.sec.gov/Archives/edgar/data/912093/000119312508022767/d10q.htm
0,2007-09-29,VIAV,2007-11-07 00:00:00,2007-11-07 16:19:30,Q1,356700000,223000000,133700000,0.374825,46600000,100200000,0.0,9000000.0,151000000,374000000,2000000.0,34800000,32400000,0.090833,-17300000,-0.0485,-700000.0,-4400000.0,-0.012335,2500000.0,-6900000.0,-0.019344,-0.03148,-0.03148,219200000,219200000,https://www.sec.gov/Archives/edgar/data/912093/000119312507238473/0001193125-07-238473-index.html,https://www.sec.gov/Archives/edgar/data/912093/000119312507238473/d10q.htm
0,2007-06-30,VIAV,2007-08-29 00:00:00,2007-08-29 14:17:03,Q4,350700000,238800000,111900000,0.319076,42200000,95300000,0.0,4000000.0,154500000,393300000,1000000.0,33400000,11900000,0.033932,-42600000,-0.121471,21500000,-22500000,-0.064157,-4600000.0,-17900000,-0.051041,-0.08376,-0.08376,213700000,213700000,https://www.sec.gov/Archives/edgar/data/912093/000119312507191624/0001193125-07-191624-index.html,https://www.sec.gov/Archives/edgar/data/912093/000119312507191624/d10k.htm
0,2007-03-31,VIAV,2007-05-09 00:00:00,2007-05-09 13:34:14,Q3,361700000,236700000,125000000,0.34559,43400000,95700000,0.0,9000000.0,149400000.00000003,386100000.00000006,2000000.0,30799999.999999996,22599999.999999996,0.062483,-24400000,-0.067459,16400000,-10200000,-0.0282,4000000.0,-14200000,-0.039259,-0.0672,-0.0672,211300000,211300000,https://www.sec.gov/Archives/edgar/data/912093/000119312507107848/0001193125-07-107848-index.html,https://www.sec.gov/Archives/edgar/data/912093/000119312507107848/d10q.htm
0,2006-12-30,VIAV,2007-02-06 00:00:00,2007-02-06 14:45:17,Q2,366300000,229200000,137100000,0.374283,42800000,94400000,0.0,17000000,152600000.00000003,381800000,2000000.0,31300000,60200000,0.164346,-15500000,-0.042315,15300000,26900000,0.073437,3700000.0,23200000,0.063336,0.1038,0.1038,223500000,223500000,https://www.sec.gov/Archives/edgar/data/912093/000119312507021209/0001193125-07-021209-index.html,https://www.sec.gov/Archives/edgar/data/912093/000119312507021209/d10q.htm
0,2006-09-30,VIAV,2006-11-09,2006-11-09 13:00:28,Q1,318100000,220100000,98000000,0.308079,40000000,83000000,0.0,11000000,134700000.00000003,354800000,1000000.0,32900000.000000007,15400000.000000006,0.048412,-36700000,-0.115373,19800000,-18500000,-0.058158,-1100000.0,-17400000,-0.0547,-0.0825,-0.0825,210900000,210900000,https://www.sec.gov/Archives/edgar/data/912093/000119312506229884/d10q.htm,https://www.sec.gov/Archives/edgar/data/912093/000119312506229884/d10q.htm
0,2006-06-30,VIAV,2006-09-14,2006-09-14 16:12:10,Q4,318200000,212600000,105600000,0.331867,39800000,83400000,0.0,9000000.0,160299999.99999997,372900000,-1100000.0,32799999.99999999,-13500000.00000001,-0.042426,-54700000,-0.171904,10600000,-45200000,-0.142049,-9300000.0,-35900000,-0.112822,-0.17047,-0.17047,210600000,210600000,https://www.sec.gov/Archives/edgar/data/912093/000119312506190889/d10k.htm,https://www.sec.gov/Archives/edgar/data/912093/000119312506190889/d10k.htm
0,2006-03-31,VIAV,2006-05-09,2006-05-09 07:13:05,Q3,314900000,218900000,96000000,0.304859,41300000,88200000,0.0,26000000,144900000,363800000,36900000,31300000.000000007,64900000.00000001,0.206097,-48900000,-0.155287,8700000.0,-3300000.0,-0.01048,2900000.0,-6200000.0,-0.019689,-0.03342,-0.03342,185500000,185500000,https://www.sec.gov/Archives/edgar/data/912093/000119312506104260/d10q.htm,https://www.sec.gov/Archives/edgar/data/912093/000119312506104260/d10q.htm
0,2005-12-31,VIAV,2006-02-08,2006-02-08 06:24:33,Q2,312900000,225600000,87300000,0.279003,40700000,83300000,0.0,32000000,136500000.00000003,362100000.00000006,1100000.0,29199999.999999996,-11300000.000000004,-0.036114,-49200000,-0.157239,6500000.0,-41600000,-0.13295,500000.0,-42100000,-0.134548,-0.18753,-0.18753,224500000,224500000,https://www.sec.gov/Archives/edgar/data/912093/000119312506022862/d10q.htm,https://www.sec.gov/Archives/edgar/data/912093/000119312506022862/d10q.htm
0,2005-10-01,VIAV,2005-11-15,2005-11-15 15:37:28,Q1,258000000,206000000,52000000,0.20155038759689922,33000000,70000000,0.0,38000000,141000000,347000000,0.0,12000000,-78000000,-0.3023255813953488,-90000000,-0.3488372093023256,0.0,-61000000,-0.2364341085271318,5000000.0,-67000000,-0.2596899224806202,-0.04238,-0.04238,1581000000,1581000000,https://www.sec.gov/Archives/edgar/data/912093/000119312505227047/0001193125-05-227047-index.htm,https://www.sec.gov/Archives/edgar/data/912093/000119312505227047/d10q.htm
0,2005-09-30,VIAV,,,Q1,258300000,206700000,51600000,0.199768,33700000,70400000,0.0,0.0,146800000,353500000,32500000,24900000,-4100000.0,-0.015873,-95200000,-0.368564,1200000.0,-61500000,-0.238095,5500000.0,-67000000,-0.259388,-0.33907,-0.33907,197600000,197600000,,
0,2005-06-30,VIAV,2005-09-30 00:00:00,2005-09-30 16:32:41,Q4,170900000,143900000,27000000,0.157987,22300000,38600000,0.0,76000000,137499999.99999997,281399999.99999994,-25300000,15500000,-145600000,-0.85196,-110500000,-0.646577,0.0,-135800000,-0.794617,9900000.0,-145700000,-0.852545,-0.80497,-0.80497,181000000,181000000,https://www.sec.gov/Archives/edgar/data/912093/000119312505195032/0001193125-05-195032-index.html,https://www.sec.gov/Archives/edgar/data/912093/000119312505195032/d10k.htm
0,2005-03-31,VIAV,2005-05-12,2005-05-11 21:51:26,Q3,166300000,141500000,24800000,0.149128,22500000,38000000,0.0,9000000.0,69400000,210900000,2200000.0,15800000,-22400000,-0.134696,-44600000,-0.26819,0.0,-40400000,-0.242934,-1800000.0,-38600000,-0.232111,-0.2135,-0.2135,180800000,180800000,https://www.sec.gov/Archives/edgar/data/912093/000119312505104451/d10q.htm,https://www.sec.gov/Archives/edgar/data/912093/000119312505104451/d10q.htm
0,2004-12-31,VIAV,2005-02-10,2005-02-10 16:33:32,Q2,180500000,150700000,29800000,0.165097,24400000,43500000,0.0,9000000.0,74200000.00000001,224900000.00000003,-800000.0,14899999.999999998,-28800000,-0.159557,-44400000,-0.245983,0.0,-42900000,-0.237673,-1900000.0,-41000000,-0.227147,-0.22503,-0.22503,182200000,182200000,https://www.sec.gov/Archives/edgar/data/912093/000095013405002597/f05008e10vq.htm,https://www.sec.gov/Archives/edgar/data/912093/000095013405002597/f05008e10vq.htm
0,2004-09-30,VIAV,2004-11-10,2004-11-10 17:13:25,Q1,194500000,151600000,42900000,0.220566,24500000,37200000,0.0,15000000,78500000,230100000,100000.0,15100000.000000002,-20300000,-0.10437,-35600000,-0.183033,0.0,-35500000,-0.182519,500000.0,-36000000,-0.18509,-0.19967,-0.19967,180300000,180300000,https://www.sec.gov/Archives/edgar/data/912093/000095013404017078/f03119e10vq.htm,https://www.sec.gov/Archives/edgar/data/912093/000095013404017078/f03119e10vq.htm
0,2004-06-30,VIAV,2004-09-16,2004-09-16 17:26:34,Q4,174500000,137800000,36700000,0.210315,25100000,31300000,0.0,10000000,62599999.99999999,200400000,6200000.0,13599999.999999998,99999.999999998,0.000573,-25900000,-0.148424,0.0,-19700000,-0.112894,1900000.0,-21600000,-0.123782,-0.12,-0.12,180000000,180000000,https://www.sec.gov/Archives/edgar/data/912093/000089161804001245/f00999e10vk.htm,https://www.sec.gov/Archives/edgar/data/912093/000089161804001245/f00999e10vk.htm
0,2004-03-31,VIAV,2004-05-13,2004-05-13 17:14:13,Q3,161400000,121000000,40400000,0.25031,25600000,35600000,0.0,15000000,78800000.00000001,199800000,23800000,13399999.999999998,22600000,0.140025,-38400000,-0.237918,0.0,-14600000,-0.090458,-7300000.0,-7300000.0,-0.045229,-0.0406,-0.0406,179800000,179800000,https://www.sec.gov/Archives/edgar/data/912093/000089161804001000/f98915e10vq.htm,https://www.sec.gov/Archives/edgar/data/912093/000089161804001000/f98915e10vq.htm
0,2003-12-31,VIAV,2004-02-17,2004-02-17 17:04:11,Q2,152600000,120500000,32100000,0.210354,24100000,34600000,0.0,53000000,111500000,232000000,23400000,14400000.000000002,-18199999.999999996,-0.119266,-79400000,-0.520315,0.0,-56000000,-0.366972,2500000.0,-58500000,-0.383355,-0.32609,-0.32609,179400000,179400000,https://www.sec.gov/Archives/edgar/data/912093/000089161804000600/f96506e10vq.htm,https://www.sec.gov/Archives/edgar/data/912093/000089161804000600/f96506e10vq.htm
0,2003-09-30,VIAV,2003-11-12,2003-11-12 17:02:24,Q1,147400000,115600000,31800000,0.215739,24700000,41000000,0.0,5000000.0,72100000,187700000,2300000.0,14500000,-24100000,-0.163501,-40300000,-0.273406,0.0,-38000000,-0.257802,-12900000,-28000000,-0.189959,-0.15616,-0.15616,179300000,179300000,https://www.sec.gov/Archives/edgar/data/912093/000089161803005866/f94426e10vq.htm,https://www.sec.gov/Archives/edgar/data/912093/000089161803005866/f94426e10vq.htm
0,2003-06-30,VIAV,2003-09-24,2003-09-24 16:49:51,Q4,160600000,121600000,39000000,0.242839,32100000,58300000,0.0,504000000,110300000.00000001,231900000,3700000.0,13400000,-50500000,-0.314446,-71300000,-0.44396,0.0,-67600000,-0.420922,-6000000.0,-61600000,-0.383562,-0.34452,-0.34452,178800000,178800000,https://www.sec.gov/Archives/edgar/data/912093/000104746903031522/a2119081z10-k.htm,https://www.sec.gov/Archives/edgar/data/912093/000104746903031522/a2119081z10-k.htm
0,2003-03-31,VIAV,2003-05-13,2003-05-13 17:20:50,Q3,165700000,142900000,22800000,0.137598,36800000,70000000,0.0,-49000000,147799999.99999997,290700000,6800000.0,18200000.000000004,-93200000,-0.562462,-125000000,-0.754375,0.0,-118200000,-0.713337,18600000,-136800000,-0.825588,-0.7694,-0.7694,177800000,177800000,https://www.sec.gov/Archives/edgar/data/912093/000104746903018213/a2104727z10-q.htm,https://www.sec.gov/Archives/edgar/data/912093/000104746903018213/a2104727z10-q.htm
0,2002-12-31,VIAV,2003-02-11,2003-02-11 16:56:41,Q2,156600000,171000000,-14400000,-0.091954,40100000,73200000,0.0,81000000,203000000,374000000,3400000.0,19599999.999999993,-191000000,-1.219668,-217400000,-1.38825,0.0,-214000000,-1.366539,900000.0,-214900000,-1.372286,-1.2155,-1.2155,176800000,176800000,https://www.sec.gov/Archives/edgar/data/912093/000104746903004771/a2100228z10-q.htm,https://www.sec.gov/Archives/edgar/data/912093/000104746903004771/a2100228z10-q.htm
0,2002-09-30,VIAV,2002-11-12,2002-11-12 17:15:03,Q1,193000000,185400000,7600000.0,0.039378,44700000,65800000,0.0,412000000,540000000,725400000,11900000,28000000,-480600000,-2.490155,-532400000,-2.758549,0.0,-520500000,-2.696891,0.0,-520500000,-2.696891,-2.94901,-2.94901,176500000,176500000,https://www.sec.gov/Archives/edgar/data/912093/000091205702042067/a2092313z10-q.htm,https://www.sec.gov/Archives/edgar/data/912093/000091205702042067/a2092313z10-q.htm
0,2002-06-30,VIAV,2002-09-17,2002-09-17 16:06:13,Q4,221700000,255300000,-33600000,-0.151556,63700000,94200000,0.0,868000000,1133200000,1388500000,15500000,143000000.0000001,-992799999.9999999,-4.478124,-1166800000,-5.262968,0.0,-1151300000,-5.193054,-108800000,-1042500000,-4.7023,-6.11079,-6.11079,170600000,170600000,https://www.sec.gov/Archives/edgar/data/912093/000089161802004336/f84311e10vk.htm,https://www.sec.gov/Archives/edgar/data/912093/000089161802004336/f84311e10vk.htm
0,2002-03-30,VIAV,,,Q3,261800000,240100000,21700000,0.082888,57800000,84000000,0.0,0.0,4396700000,4636800000,7200000.0,443499999.99999994,-3917100000,-14.962185,-4375000000,-16.71123,0.0,-4367800000,-16.683728,-26900000,-4340900000,-16.580978,-25.54974,-25.54974,169900000,169900000,,
0,2001-12-29,VIAV,,,Q2,286100000,357700000,-71600000,-0.250262,64100000,98400000,0.0,0.0,1871400000,2229100000,-9700000.0,536600000,-1425800000,-4.983572,-1943000000,-6.791332,0.0,-1952700000,-6.825236,177800000,-2130500000,-7.446697,-12.81118,-12.81118,166300000,166300000,,
0,2001-09-29,VIAV,2001-11-13 00:00:00,2001-11-13 00:00:00,Q1,328600000,343300000,-14700000,-0.044735,69200000,106300000,0.0,0.0,1010300000,1353600000,-4200000.0,522200000,-511200000,-1.555691,-1025000000,-3.119294,0.0,-1029200000,-3.132075,195200000,-1224400000,-3.726111,-7.40714,-7.40714,165300000,165300000,https://www.sec.gov/Archives/edgar/data/912093/000089161801502154/0000891618-01-502154-index.html,https://www.sec.gov/Archives/edgar/data/912093/000089161801502154/f77140e10-q.txt
0,2001-06-30,VIAV,2001-09-19 00:00:00,2001-09-19 00:00:00,Q4,601100000,926600000,-325500000,-0.541507,94300000,155400000,0.0,0.0,12391699999.999998,13318299999.999998,-579000000,1095800000.0000002,-12779400000,-21.260023,-12717200000,-21.156546,0.0,-13296200000,-22.11978,-934200000,-12362000000,-20.56563,-75.10328,-75.10328,164600000,164600000,https://www.sec.gov/Archives/edgar/data/912093/000109581101504970/0001095811-01-504970-index.html,https://www.sec.gov/Archives/edgar/data/912093/000109581101504970/f75587e10-k.txt
0,2001-03-31,VIAV,,,Q3,920100000,877900000,42200000,0.045865,98000000,440800000,0.0,0.0,42443700000,43321600000,1022400000,2165200000,-38191500000,-41.507988,-42401500000,-46.083578,0.0,-41379100000,-44.972394,468800000,-41847900000,-45.481904,-293.05252,-293.05252,142800000,142800000,,
0,2000-12-30,VIAV,,,Q2,925100000,449800000,475300000,0.513782,71200000,105700000,0.0,0.0,1281000000,1730800000,-40100000,1142100000,256200000,0.276943,-805700000,-0.870933,0.0,-845800000,-0.91428,49600000,-895400000,-0.967895,-7.43688,-7.43688,120400000,120400000,,
0,2000-09-30,VIAV,2000-11-14 00:00:00,2000-11-14 00:00:00,Q1,786500000,445600000,340900000,0.433439,62400000,116200000,0.0,0.0,1286000000,1731600000,-27600000,1139300000.0000002,139000000.0000002,0.176732,-945100000,-1.201653,0.0,-972700000,-1.236745,43900000,-1016600000,-1.292562,-8.59341,-8.59341,118300000,118300000,https://www.sec.gov/Archives/edgar/data/912093/000091209300500021/0000912093-00-500021-index.html,https://www.sec.gov/Archives/edgar/data/912093/000091209300500021/bod1_01q.htm
0,2000-06-30,VIAV,2000-09-28 00:00:00,2000-09-28 00:00:00,Q4,524000000,542000000,-18000000,-0.034351,41300000,62100000,0.0,0.0,392700000.00000006,934700000,9100000.0,309699999.99999994,-82800000.00000007,-0.158015,-410700000,-0.783779,0.0,-401600000,-0.766412,17100000,-418700000,-0.799046,-4.28119,-4.28119,97800000,97800000,https://www.sec.gov/Archives/edgar/data/912093/000091209300500006/0000912093-00-500006-index.html,https://www.sec.gov/Archives/edgar/data/912093/000091209300500006/body10k.htm
0,2000-03-31,VIAV,2000-05-15 00:00:00,2000-05-15 00:00:00,Q3,394600000,286200000,108400000,0.274709,33300000,49100000,0.0,0.0,332000000.00000006,618200000.0000001,10000000,268200000,64600000,0.16371,-223600000,-0.56665,0.0,-213600000,-0.541308,27300000,-240900000,-0.610492,-2.57647,-2.57647,93500000,93500000,https://www.sec.gov/Archives/edgar/data/912093/000091209300000019/0000912093-00-000019-index.html,https://www.sec.gov/Archives/edgar/data/912093/000091209300000019/0000912093-00-000019-d1.html
0,1999-12-31,VIAV,,,Q2,281700000,158900000,122800000,0.435925,21600000,33800000,0.0,0.0,240499999.99999997,399399999.99999994,10700000,192600000.00000003,96300000.00000001,0.341853,-117700000,-0.41782,0.0,-107000000,-0.379837,24200000,-131200000,-0.465744,-1.52028,-1.52028,86300000,86300000,,
0,1999-09-30,VIAV,,,Q1,230100000,125200000,104900000,0.455889,17200000,27900000,0.0,0.0,218000000,343200000,5500000.0,180200000,78100000,0.339418,-113100000,-0.491525,0.0,-107600000,-0.467623,6300000.0,-113900000,-0.495002,-1.35113,-1.35113,84300000,84300000,,
0,1999-06-30,VIAV,,,Q4,87100000,250400000,-163300000,-1.874856,8300000.0,12800000,0.0,0.0,25099999.999999993,275500000,1000000.0,8600000.0,-177800000,-2.041332,-188300000,-2.161883,0.0,-187300000,-2.150402,7000000.0,-194400000,-2.231917,-4.8,-4.8,40500000,40500000,,
0,1999-03-31,VIAV,,,Q3,74500000,36300000,38200000,0.512752,7300000.0,9100000.0,0.0,500000.0,20800000.000000004,57100000.00000001,900000.0,7500000.000000002,26700000.000000004,0.358389,17400000,0.233557,0.0,18300000,0.245638,5500000.0,12800000,0.171812,0.29493,0.29493,43400000,43400000,,
0,1998-12-31,VIAV,,,Q2,63800000,33500000,30200000,0.473354,5800000.0,8400000.0,0.0,6300000.0,24500000,58000000,800000.0,6100000.0,13500000,0.211599,5800000.0,0.090909,0.0,6600000.0,0.103448,4200000.0,2400000.0,0.037618,0.05674,0.05674,42300000,42300000,,
0,1998-09-30,VIAV,,,Q1,57400000,28900000,28500000,0.496516,5700000.0,7100000.0,0.0,0.0,16600000,45500000,900000.0,8500000.0,22200000,0.38676,11900000,0.207317,0.0,12800000,0.222997,4700000.0,8100000.0,0.141115,0.19149,0.19149,42300000,42300000,,
0,1998-06-30,VIAV,,,Q4,51800000,62900000,-11100000,-0.214286,4400000.0,18600000,0.0,0.0,27300000.000000004,90200000,1000000.0,4100000.0000000005,-32300000,-0.623552,-38400000,-0.741313,0.0,-37400000,-0.722008,-700000.0,-36700000,-0.708494,-1.00824,-1.00824,36400000,36400000,,
0,1998-03-31,VIAV,,,Q3,47900000,23200000,24700000,0.515658,4100000.0,7100000.0,0.0,0.0,11599999.999999998,34800000,800000.0,2199999.9999999995,16900000,0.352818,13100000,0.273486,0.0,13900000,0.290188,4600000.0,9300000.0,0.194154,0.24346,0.24346,38200000,38200000,,
0,1997-12-31,VIAV,,,Q2,45500000,29800000,15700000,0.345055,3400000.0,7400000.0,0.0,0.0,11200000,41000000,800000.0,2000000.0,8100000.0,0.178022,4500000.0,0.098901,0.0,5200000.0,0.114286,4000000.0,1300000.0,0.028571,0.0343,0.0343,37900000,37900000,,
0,1997-09-30,VIAV,,,Q1,40000000,20500000,19500000,0.4875,3000000.0,6900000.0,0.0,0.0,10300000,30800000,800000.0,1900000.0,12700000,0.3175,9200000.0,0.23,0.0,10000000,0.25,3400000.0,6600000.0,0.165,0.1746,0.1746,37800000,37800000,,
0,1997-06-30,VIAV,,,Q4,33900000,18200000,15600000,0.460177,3000000.0,4800000.0,0.0,200000.0,8000000.0,26200000,600000.0,1800000.0000000002,10800000,0.318584,7700000.0,0.227139,0.0,8300000.0,0.244838,-600000.0,9000000.0,0.265487,0.27607,0.27607,32600000,32600000,,
0,1997-03-31,VIAV,,,Q3,26900000,48000000,-21100000,-0.784387,2600000.0,9000000.0,0.0,400000.0,11899999.999999998,59900000,900000.0,799999.9999999998,-30400000,-1.130112,-33000000,-1.226766,0.0,-32100000,-1.193309,2400000.0,-34500000,-1.282528,-1.03916,-1.03916,33200000,33200000,,
0,1996-12-31,VIAV,,,Q2,22700000,12300000,10400000,0.45815,2100000.0,4200000.0,0.0,400000.0,6699999.999999999,19000000,1000000.0,1300000.0,6900000.0,0.303965,3700000.0,0.162996,0.0,4600000.0,0.202643,1500000.0,3100000.0,0.136564,0.08732,0.08732,35500000,35500000,,
0,1996-09-30,VIAV,1996-11-14 00:00:00,1996-11-14 00:00:00,Q1,23500000,12200000,11300000,0.480851,1600000.0,4500000.0,0.0,400000.0,6500000.0,18700000,900000.0,899999.9999999999,7500000.0,0.319149,4800000.0,0.204255,0.0,5700000.0,0.242553,2100000.0,3600000.0,0.153191,0.10286,0.10286,35000000,35000000,https://www.sec.gov/Archives/edgar/data/912093/000091209396000014/0000912093-96-000014-index.html,https://www.sec.gov/Archives/edgar/data/912093/0000912093-96-000014.txt
0,1996-06-30,VIAV,,,Q4,21700000,18700000,3100000.0,0.142857,1700000.0,3800000.0,0.0,100000.0,5600000.000000001,24300000,500000.0,700000.0000000002,-899999.9999999998,-0.041475,-2600000.0,-0.119816,0.0,-2100000.0,-0.096774,800000.0,-2900000.0,-0.133641,-0.10105,-0.10105,28700000,28700000,,
