,date,symbol,fillingDate,acceptedDate,period,revenue,costOfRevenue,grossProfit,grossProfitRatio,researchAndDevelopmentExpenses,generalAndAdministrativeExpenses,sellingAndMarketingExpenses,otherExpenses,operatingExpenses,costAndExpenses,interestExpense,depreciationAndAmortization,ebitda,ebitdaratio,operatingIncome,operatingIncomeRatio,totalOtherIncomeExpensesNet,incomeBeforeTax,incomeBeforeTaxRatio,incomeTaxExpense,netIncome,netIncomeRatio,eps,epsdiluted,weightedAverageShsOut,weightedAverageShsOutDil,link,finalLink
0,2019-12-31,INGR,2020-02-19 00:00:00,2020-02-19 15:42:27,FY,6209000000,4897000000,1312000000,0.211306,0.0,0.0,0.0,591000000,648000000,5545000000,-81000000,220000000,710000000,0.11435,664000000,0.106942,-1000000.0,582000000,0.093735,158000000,413000000,0.066516,6.1276,6.1276,67400000,67400000,https://www.sec.gov/Archives/edgar/data/1046257/000155837020000978/0001558370-20-000978-index.html,https://www.sec.gov/Archives/edgar/data/1046257/000155837020000978/ingr-20191231x10k60356d.htm
0,2018-12-31,INGR,2019-02-25 00:00:00,2019-02-25 16:41:09,FY,6289000000,4921000000,1368000000,0.217523,0.0,0.0,0.0,601000000,665000000,5586000000,-86000000,247000000,771000000,0.122595,703000000,0.111782,4000000.0,621000000,0.098744,167000000,443000000,0.07044,6.16992,6.16992,71800000,71800000,https://www.sec.gov/Archives/edgar/data/1046257/000155837019000999/0001558370-19-000999-index.html,https://www.sec.gov/Archives/edgar/data/1046257/000155837019000999/ingr-20181231x10k.htm
0,2017-12-31,INGR,2018-02-21 00:00:00,2018-02-21 16:54:20,FY,6244000000,4772000000,1472000000,0.235746,0.0,0.0,0.0,598000000,636000000,5408000000,-73000000,209000000,892000000,0.142857,836000000,0.133889,6000000.0,769000000,0.123158,237000000,519000000,0.08312,7.06122,7.06122,73500000,73500000,https://www.sec.gov/Archives/edgar/data/1046257/000155837018000857/0001558370-18-000857-index.html,https://www.sec.gov/Archives/edgar/data/1046257/000155837018000857/ingr-20171231x10k.htm
0,2016-12-31,INGR,2017-02-22 00:00:00,2017-02-22 13:56:23,FY,5704000000,4302000000,1402000000,0.245792,0.0,579000000,0.0,-4000000.0,594000000,4896000000,-66000000,196000000,861000000,0.150947,808000000,0.141655,0.0,742000000,0.130084,246000000,485000000,0.085028,6.54521,6.54521,74100000,74100000,https://www.sec.gov/Archives/edgar/data/1046257/000155837017000769/0001558370-17-000769-index.html,https://www.sec.gov/Archives/edgar/data/1046257/000155837017000769/ingr-20161231x10k.htm
0,2015-12-31,INGR,2016-02-19 00:00:00,2016-02-19 14:34:38,FY,5621000000,4379000000,1242000000,0.220957,0.0,555000000,0.0,-1000000.0,582000000,4961000000,-61000000,194000000,722000000,0.128447,660000000,0.117417,0.0,599000000,0.106565,187000000,402000000,0.071518,5.50685,5.50685,73000000,73000000,https://www.sec.gov/Archives/edgar/data/1046257/000110465916098429/0001104659-16-098429-index.html,https://www.sec.gov/Archives/edgar/data/1046257/000110465916098429/a15-23372_110k.htm
0,2014-12-31,INGR,2015-02-20,2015-02-20 17:05:11,FY,5668000000,4553000000,1115000000,0.196718,0.0,525000000,0.0,-9000000.0,541000000,5094000000,-61000000,195000000,646000000,0.113973,574000000,0.10127,7000000.0,520000000,0.091743,157000000,355000000,0.062632,4.73965,4.73965,74900000,74900000,https://www.sec.gov/Archives/edgar/data/1046257/000110465915012662/a14-24691_110k.htm,https://www.sec.gov/Archives/edgar/data/1046257/000110465915012662/a14-24691_110k.htm
0,2013-12-31,INGR,2014-02-24,2014-02-24 15:58:49,FY,6328000000,5197000000,1131000000,0.178729,0.0,534000000,0.0,-16000000,518000000,5715000000,-66000000,194000000,668000000,0.105563,613000000,0.096871,-16000000,547000000,0.086441,144000000,396000000,0.062579,5.05747,5.05747,78300000,78300000,https://www.sec.gov/Archives/edgar/data/1046257/000110465914012704/a13-24815_110k.htm,https://www.sec.gov/Archives/edgar/data/1046257/000110465914012704/a13-24815_110k.htm
0,2012-12-31,INGR,2013-02-28 00:00:00,2013-02-27 18:16:28,FY,6532000000,5294000000,1238000000,0.189528,0.0,556000000,0.0,-20000000,570000000,5864000000,-67000000,211000000,739000000,0.113135,668000000,0.102266,-20000000,601000000,0.092009,167000000,428000000,0.065524,5.47315,5.47315,78200000,78200000,https://www.sec.gov/Archives/edgar/data/1046257/000110465913015305/0001104659-13-015305-index.html,https://www.sec.gov/Archives/edgar/data/1046257/000110465913015305/a12-29131_110k.htm
0,2011-12-31,INGR,2012-02-27 00:00:00,2012-02-27 15:04:07,FY,6219000000,5093000000,1126000000,0.181058,0.0,543000000,0.0,-68000000,455000000,5548000000,-78000000,211000000,719000000,0.115613,671000000,0.107895,-68000000,593000000,0.095353,170000000,416000000,0.066892,5.31969,5.31969,78200000,78200000,https://www.sec.gov/Archives/edgar/data/1046257/000110465912013085/0001104659-12-013085-index.html,https://www.sec.gov/Archives/edgar/data/1046257/000110465912013085/a12-1337_110k.htm
0,2010-12-31,INGR,2011-02-28,2011-02-28 15:03:16,FY,4367000000,3643000000,724000000,0.165789,0.0,370000000,0.0,-8000000.0,385000000,4028000000,-64000000,155000000,359000000,0.082207,339000000,0.077628,-8000000.0,275000000,0.062972,99000000,169000000,0.038699,2.20052,2.20052,76800000,76800000,https://www.sec.gov/Archives/edgar/data/1046257/000110465911010836/a11-2437_110k.htm,https://www.sec.gov/Archives/edgar/data/1046257/000110465911010836/a11-2437_110k.htm
0,2009-12-31,INGR,2010-02-26 00:00:00,2010-02-26 16:59:59,FY,3672000000,3152000000,520000000,0.141612,0.0,247000000,0.0,-3000000.0,367000000,3519000000,-38000000,130000000,201000000,0.054739,153000000,0.041667,-3000000.0,115000000,0.031318,68000000,41000000,0.011166,0.54305,0.54305,75500000,75500000,https://www.sec.gov/Archives/edgar/data/1046257/000110465910010324/0001104659-10-010324-index.html,https://www.sec.gov/Archives/edgar/data/1046257/000110465910010324/a10-4312_110k.htm
0,2008-12-31,INGR,2009-02-27 00:00:00,2009-02-27 16:57:52,FY,3944000000,3239000000,705000000,0.178753,0.0,275000000,0.0,-15000000,271000000,3510000000,-29000000,128000000,496000000,0.125761,434000000,0.110041,-15000000,405000000,0.102688,130000000,267000000,0.067698,3.51779,3.51779,75900000,75900000,https://www.sec.gov/Archives/edgar/data/1046257/000095013709001371/0000950137-09-001371-index.html,https://www.sec.gov/Archives/edgar/data/1046257/000095013709001371/c48759e10vk.htm
0,2007-12-31,INGR,2008-02-29,2008-02-29 12:23:36,FY,3391000000,2805000000,586000000,0.17281,0.0,249000000,0.0,-4000000.0,239000000,3044000000,-42000000,125000000,383000000,0.112946,347000000,0.10233,-4000000.0,305000000,0.089944,102000000,198000000,0.05839,2.58824,2.58824,76500000,76500000,https://www.sec.gov/Archives/edgar/data/1046257/000095013708003051/c24006e10vk.htm,https://www.sec.gov/Archives/edgar/data/1046257/000095013708003051/c24006e10vk.htm
0,2006-12-31,INGR,2007-02-27,2007-02-27 16:59:22,FY,2621000000,2205000000,416000000,0.158718,0.0,202000000,0.0,-9000000.0,192000000,2397000000,-27000000,114000000,280000000,0.106829,224000000,0.085464,-9000000.0,197000000,0.075162,69000000,124000000,0.04731,1.63588,1.63588,75800000,75800000,https://www.sec.gov/Archives/edgar/data/1046257/000095013707002867/c12670e10vk.htm,https://www.sec.gov/Archives/edgar/data/1046257/000095013707002867/c12670e10vk.htm
0,2005-12-31,INGR,2006-03-09,2006-03-09 15:10:46,FY,2360000000,2028000000,332000000,0.140678,0.0,158000000,0.0,-9000000.0,149000000,2177000000,-35000000,106000000,216000000,0.091525,183000000,0.077542,-9000000.0,148000000,0.062712,55000000,90000000,0.038136,1.19048,1.19048,75600000,75600000,https://www.sec.gov/Archives/edgar/data/1046257/000095013706002801/c03166e10vk.htm,https://www.sec.gov/Archives/edgar/data/1046257/000095013706002801/c03166e10vk.htm
0,2004-12-31,INGR,2005-03-11 00:00:00,2005-03-11 15:09:13,FY,2283000000,1929000000,354000000,0.155059,0.0,158000000,0.0,-4000000.0,175000000,2104000000,-34000000,102000000,205000000,0.089794,179000000,0.078406,-4000000.0,145000000,0.063513,43000000,94000000,0.041174,1.25837,1.25837,74700000,74700000,https://www.sec.gov/Archives/edgar/data/1046257/000095013705002885/0000950137-05-002885-index.html,https://www.sec.gov/Archives/edgar/data/1046257/000095013705002885/c92864e10vk.htm
0,2003-12-31,INGR,2004-03-12 00:00:00,2004-03-12 17:20:14,FY,2102000000,1778000000,324000000,0.154139,0.0,149000000,0.0,1000000.0,150000000,1928000000,-39000000,101000000,187000000,0.088963,174000000,0.082778,0.0,135000000,0.064225,49000000,76000000,0.036156,1.04972,1.04972,72400000,72400000,https://www.sec.gov/Archives/edgar/data/1046257/000095013704001814/0000950137-04-001814-index.html,https://www.sec.gov/Archives/edgar/data/1046257/000095013704001814/c83460e10vk.htm
0,2002-12-31,INGR,2003-03-21 00:00:00,2003-03-21 14:38:20,FY,1871000000,1604000000,267000000,0.142704,0.0,134000000,0.0,0.0,114000000,1718000000,-36000000,103000000,172000000,0.091929,153000000,0.081774,0.0,117000000,0.062533,42000000,63000000,0.033672,0.88112,0.88112,71500000,71500000,https://www.sec.gov/Archives/edgar/data/1046257/000095013703001625/0000950137-03-001625-index.html,https://www.sec.gov/Archives/edgar/data/1046257/000095013703001625/c75436e10vk.txt
0,2001-12-31,INGR,2002-03-26 00:00:00,2002-03-26 00:00:00,FY,1887000000,1588000000,299000000,0.158453,0.0,148000000,0.0,0.0,133000000,1721000000,-64000000,127000000,156000000,0.082671,166000000,0.08797,0.0,102000000,0.054054,36000000,57000000,0.030207,0.80282,0.80282,71000000,71000000,https://www.sec.gov/Archives/edgar/data/1046257/000095013702001595/0000950137-02-001595-index.html,https://www.sec.gov/Archives/edgar/data/1046257/000095013702001595/c68303e10-k.txt
0,2000-12-31,INGR,2001-03-27 00:00:00,2001-03-27 00:00:00,FY,1865000000,1559000000,306000000,0.164075,0.0,135000000,0.0,0.0,150000000,1709000000,-54000000,135000000,165000000,0.088472,156000000,0.083646,0.0,102000000,0.054692,36000000,48000000,0.025737,0.67511,0.67511,71100000,71100000,https://www.sec.gov/Archives/edgar/data/1046257/000095013701000910/0000950137-01-000910-index.html,https://www.sec.gov/Archives/edgar/data/1046257/000095013701000910/c61002e10-k.txt
0,1999-12-31,INGR,2000-03-24 00:00:00,2000-03-24 00:00:00,FY,1735000000,1445000000,290000000,0.167147,0.0,134000000,0.0,0.0,128000000,1573000000,-35000000,122000000,209000000,0.120461,162000000,0.093372,0.0,127000000,0.073199,45000000,77000000,0.04438,1.02941,1.02941,74800000,74800000,https://www.sec.gov/Archives/edgar/data/1046257/000095013700001233/0000950137-00-001233-index.html,https://www.sec.gov/Archives/edgar/data/1046257/0000950137-00-001233.txt
0,1998-12-31,INGR,1999-03-30 00:00:00,1999-03-30 00:00:00,FY,1448000000,1277000000,171000000,0.118094,0.0,101000000,0.0,0.0,87000000,1364000000,-13000000,95000000,150000000,0.103591,84000000,0.058011,0.0,71000000,0.049033,25000000,43000000,0.029696,0.59557,0.59557,72200000,72200000,https://www.sec.gov/Archives/edgar/data/1046257/000095013799000673/0000950137-99-000673-index.html,https://www.sec.gov/Archives/edgar/data/1046257/0000950137-99-000673.txt
0,1997-12-31,INGR,1998-03-31 00:00:00,1998-03-31 00:00:00,FY,1418000000,1280000000,138000000,0.09732,0.0,95000000,0.0,0.0,199000000,1479000000,-28000000,103000000,-19000000,-0.013399,-61000000,-0.043018,0.0,-89000000,-0.062764,-19000000,-75000000,-0.052891,-1.05337,-1.05337,71200000,71200000,https://www.sec.gov/Archives/edgar/data/1046257/000095013798001383/0000950137-98-001383-index.html,https://www.sec.gov/Archives/edgar/data/1046257/0000950137-98-001383.txt
