,date,symbol,fillingDate,acceptedDate,period,revenue,costOfRevenue,grossProfit,grossProfitRatio,researchAndDevelopmentExpenses,generalAndAdministrativeExpenses,sellingAndMarketingExpenses,otherExpenses,operatingExpenses,costAndExpenses,interestExpense,depreciationAndAmortization,ebitda,ebitdaratio,operatingIncome,operatingIncomeRatio,totalOtherIncomeExpensesNet,incomeBeforeTax,incomeBeforeTaxRatio,incomeTaxExpense,netIncome,netIncomeRatio,eps,epsdiluted,weightedAverageShsOut,weightedAverageShsOutDil,link,finalLink
0,2019-12-31,ACU,2020-03-13,2020-03-13 16:31:41,FY,142457340,90456480,52000860,0.36502759352378755,596000.0,42975510,0.0,-97672000,43571509.99999999,134027989.99999999,-1795970.0,3432720.0,8179920.0,0.05742,8429350.0,0.059171,-90210.0,6543160.0,0.045931,1029560.0,5513610.0,0.038704,1.59694,1.59694,3341580.0,3446005.0,https://www.sec.gov/Archives/edgar/data/2098/000156459020010850/0001564590-20-010850-index.htm,https://www.sec.gov/Archives/edgar/data/2098/000156459020010850/acu-10k_20191231.htm
0,2018-12-31,ACU,2019-03-15,2019-03-15 17:02:57,FY,137321400,86672410,50648990,0.36883537453011694,0.0,43192080,0.0,-67458000,43192079.99999999,129864489.99999999,-1858220.0,3229210.0,6902210.0,0.050263,7456910.0,0.054303,-67460.0,5531220.0,0.040279,932870.0,4598350.0,0.033486,1.29827,1.29827,3381139.0,3537192.0,https://www.sec.gov/Archives/edgar/data/2098/000102660819000011/0001026608-19-000011-index.htm,https://www.sec.gov/Archives/edgar/data/2098/000102660819000011/acu_10k123118.htm
0,2017-12-31,ACU,2018-03-15,2018-03-15 17:12:17,FY,130550350,82651080,47899270,0.3669026547994701,0.0,40103220,0.0,24404000,40103220.00000001,122754300.00000001,-1327160.0,2894860.0,6816000.0,0.05221,7796050.0,0.059717,24400.0,6493300.0,0.049738,1195820.0,4052480.0,0.031042,1.08803,1.08803,3349156.0,3717870.0,https://www.sec.gov/Archives/edgar/data/2098/000102660818000010/0001026608-18-000010-index.htm,https://www.sec.gov/Archives/edgar/data/2098/000102660818000010/acu_10k123117.htm
0,2016-12-31,ACU,2017-03-10,2017-03-10 16:39:58,FY,124574370,79019320,45555050,0.36568557400691654,0.0,37113000,0.0,-76846000,37113000.000000015,116132320.00000001,-868510.0,2421750.0,9049950.0,0.072647,8442050.0,0.067767,-76850.0,7496700.0,0.060179,1645710.0,5851000.0,0.046968,1.63535,1.63535,3324430.0,3567681.0,https://www.sec.gov/Archives/edgar/data/2098/000102660817000009/0001026608-17-000009-index.htm,https://www.sec.gov/Archives/edgar/data/2098/000102660817000009/acu_10k123116.htm
0,2015-12-31,ACU,2016-03-11,2016-03-11 17:04:30,FY,109811770,70250550,39561220,0.3602639316350151,0.0,32214210,0.0,-167397000,32214209.999999993,102464760,-565210.0,2052860.0,8102050.0,0.073781,7347010.0,0.066905,-167400.0,6614400.0,0.060234,1820870.0,4793530.0,0.043652,1.3,1.3,3328836.0,3687326.0,https://www.sec.gov/Archives/edgar/data/2098/000102660816000091/0001026608-16-000091-index.htm,https://www.sec.gov/Archives/edgar/data/2098/000102660816000091/acu_10k123115.htm
0,2014-12-31,ACU,2015-03-06,2015-03-06 16:34:26,FY,107222310,69036700,38185610,0.3561349312470511,0.0,30791150,0.0,-118250000,30791150.000000004,99827850,-473490.0,1700060.0,8029300.0,0.074885,7394460.0,0.068964,-118250.0,6802730.0,0.063445,2013720.0,4789010.0,0.044664,1.35839,1.35839,3235814.0,3521327.0,https://www.sec.gov/Archives/edgar/data/2098/000102660815000007/0001026608-15-000007-index.htm,https://www.sec.gov/Archives/edgar/data/2098/000102660815000007/acu_10k123114.htm
0,2013-12-31,ACU,2014-03-06,2014-03-06 17:15:41,FY,89600000,57800000,31800000,0.3549107142857143,0.0,25900000,0.0,-34871000,25900000.000000007,83700000,-400000.0,1200000.0000000002,6300000.0,0.070313,5900000.0,0.065848,100000.0,5500000.0,0.061384,1500000.0,4000000.0,0.044643,1.21212,1.21212,3176908.0,3281069.0,https://www.sec.gov/Archives/edgar/data/2098/000102660814000011/0001026608-14-000011-index.htm,https://www.sec.gov/Archives/edgar/data/2098/000102660814000011/acu_10k123113.htm
0,2012-12-31,ACU,2013-03-08,2013-03-08 16:28:30,FY,84400000,54600000,29800000,0.35308056872037913,0.0,24400000,0.0,-99076000,24400000,79000000,-300000.0,1090000.0,5690000.0,0.067417,5400000.0,0.063981,-100000.0,5000000.0,0.059242,1400000.0,3500000.0,0.041469,1.12903,1.12903,3113360.0,3140912.0,https://www.sec.gov/Archives/edgar/data/2098/000102660813000014/0001026608-13-000014-index.htm,https://www.sec.gov/Archives/edgar/data/2098/000102660813000014/acu_10k123112.htm
0,2011-12-31,ACU,2012-03-07,2012-03-07 16:57:18,FY,73300000,47000000,26300000,0.3587994542974079,0.0,22000000,0.0,-4379000.0,22000000,69000000,-300000.0,980000.0,4680000.0,0.063847,4300000.0,0.058663,-4379.0,4000000.0,0.05457,1200000.0,2800000.0,0.038199,0.90323,0.90323,3089223.0,3089223.0,https://www.sec.gov/Archives/edgar/data/2098/000102660812000017/0001026608-12-000017-index.htm,https://www.sec.gov/Archives/edgar/data/2098/000102660812000017/acme_10k2011.htm
0,2010-12-31,ACU,2011-03-11,2011-03-11 14:07:58,FY,63100000,39800000,23300000,0.3692551505546751,0.0,20400000,0.0,-69309000,20400000.000000007,60200000.00000001,301304000,870000.0,305074000,4.83477,3000000.0,0.047544,100000.0,2900000.0,0.045959,300000.0,2600000.0,0.041204,0.8125,0.8125,3137760.0,3176498.0,https://www.sec.gov/Archives/edgar/data/2098/000102660811000025/0001026608-11-000025-index.htm,https://www.sec.gov/Archives/edgar/data/2098/000102660811000025/acme_10k123110.htm
0,2009-12-31,ACU,2010-03-09,2010-03-09 16:55:57,FY,59100000,37100000,22000000,0.37225042301184436,0.0,19000000,0.0,426331000,19000000,56100000,155008000,910000.0,159318000,2.695736,3000000.0,0.050761,500000.0,3500000.0,0.059222,600000.0,2800000.0,0.047377,0.82353,0.82353,3304752.0,3343631.0,https://www.sec.gov/Archives/edgar/data/2098/000102660810000024/0001026608-10-000024-index.htm,https://www.sec.gov/Archives/edgar/data/2098/000102660810000024/acme_10k123109.htm
0,2008-12-31,ACU,2009-03-10 00:00:00,2009-03-10 17:19:08,FY,68700000,41100000,27700000,0.403202,0.0,20800000,0.0,0.0,20699999.999999996,61799999.99999999,-400000.0,1010000.0,7310000.0,0.106405,6900000.0,0.100437,200000.0,6700000.0,0.097525,2200000.0,4500000.0,0.065502,1.25,1.25,3600000.0,3600000.0,https://www.sec.gov/Archives/edgar/data/2098/000102660809000026/0001026608-09-000026-index.html,https://www.sec.gov/Archives/edgar/data/2098/000102660809000026/acme_10k08.txt
0,2007-12-31,ACU,,,FY,63200000,36700000,26500000,0.419304,0.0,19700000,0.0,0.0,19699999.999999996,56399999.99999999,-700000.0,870000.0000000001,6470000.0,0.102373,6800000.0,0.107595,200000.0,6300000.0,0.099684,2300000.0,4000000.0,0.063291,1.08108,1.08108,3700000.0,3700000.0,,
0,2006-12-31,ACU,,,FY,56900000,32300000,24600000,0.432337,0.0,17900000,0.0,0.0,17900000.000000007,50200000.00000001,-600000.0,840000.0000000001,6640000.0,0.116696,6700000.0,0.11775,300000.0,6300000.0,0.110721,2500000.0,3900000.0,0.068541,1.05405,1.05405,3700000.0,3700000.0,,
0,2005-12-31,ACU,,,FY,49900000,27600000,22400000,0.448898,0.0,15500000,0.0,0.0,17000000,44600000,-200000.0,650000.0,5150000.0,0.103206,5300000.0,0.106212,-300000.0,4800000.0,0.096192,1800000.0,2900000.0,0.058116,0.76316,0.76316,3800000.0,3800000.0,,
0,2004-12-31,ACU,,,FY,43400000,23700000,19700000,0.453917,0.0,14200000,0.0,0.0,14200000,37900000,-200000.0,520000.0,5620000.0,0.129493,5500000.0,0.126728,0.0,5300000.0,0.12212,2100000.0,3200000.0,0.073733,0.84211,0.84211,3800000.0,3800000.0,,
0,2003-12-31,ACU,,,FY,35000000,21800000,13100000,0.374286,0.0,10600000,0.0,0.0,10700000,32500000,-200000.0,450000.0,2550000.0,0.072857,2500000.0,0.071429,100000.0,2300000.0,0.065714,1100000.0,1200000.0,0.034286,0.33333,0.33333,3600000.0,3600000.0,,
0,2002-12-31,ACU,,,FY,30900000,20200000,10600000,0.343042,0.0,9500000.0,0.0,0.0,10100000.000000002,30300000,-600000.0,559999.9999999999,59999.9999999999,0.001942,600000.0,0.019417,100000.0,100000.0,0.003236,-600000.0,700000.0,0.022654,0.19444,0.19444,3600000.0,3600000.0,,
0,2001-12-31,ACU,2002-03-26 00:00:00,2002-03-26 00:00:00,FY,36200000,22300000,13800000,0.381215,0.0,11400000,0.0,0.0,11400000.000000002,33700000,-800000.0,730000.0,1630000.0,0.045028,2500000.0,0.069061,0.0,1700000.0,0.046961,400000.0,1300000.0,0.035912,0.36111,0.36111,3600000.0,3600000.0,https://www.sec.gov/Archives/edgar/data/2098/000102660802000007/0001026608-02-000007-index.html,https://www.sec.gov/Archives/edgar/data/2098/000102660802000007/acme_10k01.txt
0,2000-12-31,ACU,2001-03-28 00:00:00,2001-03-28 00:00:00,FY,34400000,22200000,12200000,0.354651,0.0,9700000.0,0.0,0.0,9800000.0,32000000,-900000.0,750000.0,950000.0,0.027616,2400000.0,0.069767,-400000.0,1100000.0,0.031977,0.0,1100000.0,0.031977,0.30556,0.30556,3600000.0,3600000.0,https://www.sec.gov/Archives/edgar/data/2098/000102660801500005/0001026608-01-500005-index.html,https://www.sec.gov/Archives/edgar/data/2098/000102660801500005/acmeun_10k00.txt
0,1999-12-31,ACU,,,FY,34300000,26100000,8200000.0,0.239067,0.0,7600000.0,0.0,0.0,7600000.000000001,33700000,-1100000.0,980000.0,2080000.0,0.060641,600000.0,0.017493,300000.0,-200000.0,-0.005831,0.0,2200000.0,0.06414,0.64706,0.64706,3400000.0,3400000.0,,
0,1998-12-31,ACU,1999-03-31 00:00:00,1999-03-31 00:00:00,FY,36500000,28800000,7700000.0,0.210959,0.0,8500000.0,0.0,0.0,8499999.999999996,37299999.99999999,-1500000.0,1270000.0,-1930000.0,-0.052877,-900000.0,-0.024658,-100000.0,-2400000.0,-0.065753,0.0,-1700000.0,-0.046575,-0.5,-0.5,3400000.0,3400000.0,https://www.sec.gov/Archives/edgar/data/2098/000102660899000031/0001026608-99-000031-index.html,https://www.sec.gov/Archives/edgar/data/2098/0001026608-99-000031.txt
0,1997-12-31,ACU,1998-03-27 00:00:00,1998-03-27 00:00:00,FY,46300000,34200000,12100000,0.261339,0.0,11300000,0.0,0.0,11699999.999999996,45899999.99999999,-1300000.0,1070000.0,70000.0,0.001512,400000.0,0.008639,1200000.0,300000.0,0.006479,100000.0,200000.0,0.00432,0.05405,0.05405,3700000.0,3700000.0,https://www.sec.gov/Archives/edgar/data/2098/000102660898000010/0001026608-98-000010-index.html,https://www.sec.gov/Archives/edgar/data/2098/0001026608-98-000010.txt
0,1996-12-31,ACU,1997-03-28 00:00:00,1997-03-28 00:00:00,FY,47500000,35000000,12400000,0.261053,0.0,12700000,0.0,0.0,14500000,49500000,-1500000.0,1360000.0,-3240000.0,-0.068211,-2000000.0,-0.042105,400000.0,-3100000.0,-0.065263,100000.0,-3200000.0,-0.067368,-0.9697,-0.9697,3300000.0,3300000.0,https://www.sec.gov/Archives/edgar/data/2098/000102660897000026/0001026608-97-000026-index.html,https://www.sec.gov/Archives/edgar/data/2098/0001026608-97-000026.txt
0,1995-12-31,ACU,1996-03-29 00:00:00,1996-03-29 00:00:00,FY,52200000,42200000,10000000,0.191571,0.0,14400000,0.0,0.0,17500000,59700000,-2000000.0,1880000.0,-9420000.0,-0.18046,-7500000.0,-0.143678,200000.0,-9300000.0,-0.178161,-600000.0,-8700000.0,-0.166667,-2.63636,-2.63636,3300000.0,3300000.0,https://www.sec.gov/Archives/edgar/data/2098/000000209896000003/0000002098-96-000003-index.html,https://www.sec.gov/Archives/edgar/data/2098/0000002098-96-000003.txt
