,date,symbol,fillingDate,acceptedDate,period,revenue,costOfRevenue,grossProfit,grossProfitRatio,researchAndDevelopmentExpenses,generalAndAdministrativeExpenses,sellingAndMarketingExpenses,otherExpenses,operatingExpenses,costAndExpenses,interestExpense,depreciationAndAmortization,ebitda,ebitdaratio,operatingIncome,operatingIncomeRatio,totalOtherIncomeExpensesNet,incomeBeforeTax,incomeBeforeTaxRatio,incomeTaxExpense,netIncome,netIncomeRatio,eps,epsdiluted,weightedAverageShsOut,weightedAverageShsOutDil,link,finalLink
0,2019-12-28,PRMW,2020-02-26 00:00:00,2020-02-26 17:05:34,FY,2394000000,1166000000,1228000000,0.5129490392648287,0.0,1113000000,0.0,2000000.0,1113000000,2279000000,-78000000,192000000,282000000,0.11779448621553884,90000000,0.03759398496240601,2000000.0,9000000.0,0.0037593984962406013,9000000.0,2000000.0,0.000835421888053467,1e-05,1e-05,135224000000,135224000000,https://www.sec.gov/Archives/edgar/data/884713/000088471320000003/0000884713-20-000003-index.html,https://www.sec.gov/Archives/edgar/data/884713/000088471320000003/a201910-k.htm
0,2018-12-31,PRMW,2019-02-27 00:00:00,2019-02-27 16:42:24,FY,2372900000,1197300000,1175600000,0.49542753592650346,0.0,1092100000,0.0,5200000.0,0.0,2289400000,77600000,0.0,283300000,0.11938977622318682,83500000,0.010156348771545367,18200000,24100000,0.010156348771545367,-4800000.0,382900000,0.1613637321421046,2.75,2.71,139097000,141436000,https://www.sec.gov/Archives/edgar/data/884713/000088471319000005/0000884713-19-000005-index.html,https://www.sec.gov/Archives/edgar/data/884713/000088471319000005/a201810-k.htm
0,2018-12-29,PRMW,2019-02-27 00:00:00,2019-02-27 16:42:24,FY,2372000000,1197000000,1175000000,0.49536256323777406,0.0,1092000000,0.0,-42000000,1092000000,2289000000,-77000000,194000000,252000000,0.10623946037099494,58000000,0.024451939291736932,-42000000,24000000,0.01011804384485666,-4000000.0,383000000,0.16146711635750421,0.00271,0.00271,139097000000,141436000000,https://www.sec.gov/Archives/edgar/data/884713/000088471319000005/0000884713-19-000005-index.html,https://www.sec.gov/Archives/edgar/data/884713/000088471319000005/a201810-k.htm
0,2017-12-31,PRMW,2018-02-28 00:00:00,2018-02-28 16:48:52,FY,2269700000,1142000000,1127700000,0.49684980393884653,0.0,1042700000,0.0,-200000.0,0.0,2184700000,85500000,0.0,273400000,0.12045644798872097,85000000,-0.014803718553112747,-33100000,-33600000,-0.014803718553112747,-30000000,-1400000.0,-0.0006168216063796978,-0.01,-0.01,139078000,139078000,https://www.sec.gov/Archives/edgar/data/884713/000119312518064134/0001193125-18-064134-index.html,https://www.sec.gov/Archives/edgar/data/884713/000119312518064134/d483557d10k.htm
0,2017-12-30,PRMW,2018-02-28 00:00:00,2018-02-28 16:48:52,FY,2269000000,1142000000,1127000000,0.49669457910973996,0.0,1042000000,0.0,-3000000.0,1042000000,2184000000,-85000000,188000000,236000000,0.10401057734684883,48000000,0.021154693697664168,-3000000.0,-33000000,-0.014543851917144116,-30000000,7000000.0,0.003085059497576025,5e-05,5e-05,139078000000,139078000000,https://www.sec.gov/Archives/edgar/data/884713/000119312518064134/0001193125-18-064134-index.html,https://www.sec.gov/Archives/edgar/data/884713/000119312518064134/d483557d10k.htm
0,2016-12-31,PRMW,2017-03-01 00:00:00,2017-03-01 16:55:29,FY,3235900000,2161700000,1074200000,0.33196328687536697,0.0,958100000,0.0,200000.0,0.0,3119800000,124200000,0.0,355000000,0.1097067276491857,116100000,-0.014184616335486263,-37800000,-45900000,-0.014184616335486263,25600000,-77800000,-0.0240427701721314,-0.61,-0.61,128300000,128300000,https://www.sec.gov/Archives/edgar/data/884713/000119312517065920/0001193125-17-065920-index.html,https://www.sec.gov/Archives/edgar/data/884713/000119312517065920/d293713d10k.htm
0,2016-01-02,PRMW,2016-02-29 00:00:00,2016-02-29 16:46:55,FY,2944000000,2048000000,896000000,0.30434782608695654,0.0,768000000,0.0,-9000000.0,768000000,2816000000,-111000000,223000000,322000000,0.109375,99000000,0.033627717391304345,-9000000.0,-2000000.0,-0.0006793478260869565,-22000000,20000000,0.006793478260869565,0.00019,0.00019,103037000000,103037000000,https://www.sec.gov/Archives/edgar/data/884713/000119312516485439/0001193125-16-485439-index.html,https://www.sec.gov/Archives/edgar/data/884713/000119312516485439/d101398d10k.htm
0,2015-12-31,PRMW,2016-02-29 00:00:00,2016-02-29 16:46:55,FY,2944000000,2048500000,895500000,0.30417798913043476,0.0,768600000,0.0,300000.0,0.0,2817100000,111000000,0.0,351000000,0.11922554347826086,126900000,-0.0007133152173913043,-18000000,-2100000.0,-0.0007133152173913043,-22700000,14500000,0.004925271739130435,-0.03,-0.03,103000000,103000000,https://www.sec.gov/Archives/edgar/data/884713/000119312516485439/0001193125-16-485439-index.html,https://www.sec.gov/Archives/edgar/data/884713/000119312516485439/d101398d10k.htm
0,2015-01-03,PRMW,2015-03-04,2015-03-04 16:48:25,FY,2102000000,1826000000,276000000,0.1313035204567079,0.0,255000000,0.0,21000000,255000000,2081000000,-39000000,110000000,125000000,0.05946717411988582,15000000,0.007136060894386299,21000000,-45000000,-0.021408182683158895,-61000000,16000000,0.007611798287345386,0.00017,0.00017,93777000000,95900000000,https://www.sec.gov/Archives/edgar/data/884713/000119312515076926/0001193125-15-076926-index.htm,https://www.sec.gov/Archives/edgar/data/884713/000119312515076926/d832943d10k.htm
0,2014-12-31,PRMW,,,FY,2102800000,1826300000,276500000,0.131491344873502,0.0,255000000,0.0,100000.0,0.0,2081300000,39700000,0.0,132300000,0.06291611185086551,21500000,-0.021400038044512078,-26800000,-45000000,-0.021400038044512078,-61400000,10800000,0.005136009130682899,0.11,0.1,93800000,95900000,,
0,2013-12-31,PRMW,,,FY,2094000000,1842000000,252000000,0.12034383954154727,0.0,160400000,0.0,100000.0,0.0,2002400000,51600000,0.0,192400000,0.09188156638013371,91600000,0.011556829035339064,-15800000,24200000,0.011556829035339064,2200000.0,17000000,0.008118433619866285,0.18,0.18,94800000,95600000,,
0,2013-12-28,PRMW,2014-02-24,2014-02-24 13:40:24,FY,2094000000,1842000000,252000000,0.12034383954154727,0.0,160000000,0.0,12000000,160000000,2002000000,-51000000,100000000,188000000,0.08978032473734479,88000000,0.04202483285577841,12000000,24000000,0.011461318051575931,2000000.0,22000000,0.010506208213944603,0.00023,0.00023,94750000000,95633000000,https://www.sec.gov/Archives/edgar/data/884713/000119312514064516/0001193125-14-064516-index.htm,https://www.sec.gov/Archives/edgar/data/884713/000119312514064516/d633950d10k.htm
0,2012-12-31,PRMW,2013-02-27 00:00:00,2013-02-27 17:06:12,FY,2250600000,1961100000,289500000,0.12863236470274594,0.0,178000000,0.0,1900000.0,0.0,2139100000,54200000,0.0,209200000,0.09295299031369413,111500000,0.02528214698302675,-400000.0,56900000,0.02528214698302675,4600000.0,47800000,0.021238780769572557,0.51,0.5,94600000,94800000,https://www.sec.gov/Archives/edgar/data/884713/000119312513080286/0001193125-13-080286-index.html,https://www.sec.gov/Archives/edgar/data/884713/000119312513080286/d442419d10k.htm
0,2012-12-29,PRMW,2013-02-27 00:00:00,2013-02-27 17:06:12,FY,2250000000,1961000000,289000000,0.12844444444444444,0.0,178000000,0.0,-2000000.0,178000000,2139000000,-54000000,97000000,206000000,0.09155555555555556,109000000,0.04844444444444444,-2000000.0,56000000,0.024888888888888887,4000000.0,52000000,0.02311111111111111,0.00055,0.00055,94553000000,94775000000,https://www.sec.gov/Archives/edgar/data/884713/000119312513080286/0001193125-13-080286-index.html,https://www.sec.gov/Archives/edgar/data/884713/000119312513080286/d442419d10k.htm
0,2011-12-31,PRMW,2012-02-29 00:00:00,2012-02-29 15:09:36,FY,2334600000,2058000000,276600000,0.11847854022102287,0.0,172700000,0.0,0.0,0.0,2230700000,57100000,0.0,199200000,0.08532510922641995,103900000,0.017347725520431765,-6300000.0,40500000,0.017347725520431765,-700000.0,37600000,0.016105542705388505,0.4,0.4,94241000,95001000,https://www.sec.gov/Archives/edgar/data/884713/000119312512088741/0001193125-12-088741-index.html,https://www.sec.gov/Archives/edgar/data/884713/000119312512088741/d262492d10k.htm
0,2011-01-01,PRMW,2011-03-15,2011-03-15 17:10:59,FY,1803000000,1537000000,266000000,0.14753189129229063,0.0,166000000,0.0,4000000.0,166000000,1703000000,-36000000,13000000,112000000,0.06211869107043816,99000000,0.05490848585690516,4000000.0,78000000,0.04326123128119801,18000000,59000000,0.032723239046034386,0.00068,0.00068,85588000000,86185000000,https://www.sec.gov/Archives/edgar/data/884713/000119312511067317/0001193125-11-067317-index.htm,https://www.sec.gov/Archives/edgar/data/884713/000119312511067317/d10k.htm
0,2010-01-02,PRMW,2010-03-16 00:00:00,2010-03-16 14:16:01,FY,1596000000,1346000000,250000000,0.15664160401002505,0.0,146000000,0.0,4000000.0,146000000,1492000000,-29000000,66000000,163000000,0.10213032581453634,97000000,0.06077694235588972,4000000.0,63000000,0.039473684210526314,0.0,86000000,0.05388471177944862,0.00114,0.00114,74207000000,75215000000,https://www.sec.gov/Archives/edgar/data/884713/000119312510058169/0001193125-10-058169-index.html,https://www.sec.gov/Archives/edgar/data/884713/000119312510058169/d10k.htm
0,2008-12-27,PRMW,2009-03-11 00:00:00,2009-03-11 17:17:38,FY,1648000000,1467000000,181000000,0.10983009708737865,0.0,179000000,0.0,-4000000.0,179000000,1646000000,-32000000,80000000,-33000000,-0.020024271844660196,-113000000,-0.06856796116504854,-4000000.0,-142000000,-0.08616504854368932,0.0,-122000000,-0.07402912621359223,-0.00172,-0.00172,71017000000,71017000000,https://www.sec.gov/Archives/edgar/data/884713/000119312509050988/0001193125-09-050988-index.html,https://www.sec.gov/Archives/edgar/data/884713/000119312509050988/d10k.htm
0,2007-12-29,PRMW,2008-03-11,2008-03-11 17:19:55,FY,1776000000,1578000000,198000000,0.11148648648648649,0.0,161000000,0.0,-4000000.0,161000000,1739000000,-32000000,71000000,17000000,0.009572072072072071,-54000000,-0.030405405405405407,-4000000.0,-85000000,-0.04786036036036036,-13000000,-72000000,-0.04054054054054054,-0.001,-0.001,71831000000,71831000000,https://www.sec.gov/Archives/edgar/data/884713/000119312508053038/0001193125-08-053038-index.htm,https://www.sec.gov/Archives/edgar/data/884713/000119312508053038/d10k.htm
