,date,symbol,fillingDate,acceptedDate,period,revenue,costOfRevenue,grossProfit,grossProfitRatio,researchAndDevelopmentExpenses,generalAndAdministrativeExpenses,sellingAndMarketingExpenses,otherExpenses,operatingExpenses,costAndExpenses,interestExpense,depreciationAndAmortization,ebitda,ebitdaratio,operatingIncome,operatingIncomeRatio,totalOtherIncomeExpensesNet,incomeBeforeTax,incomeBeforeTaxRatio,incomeTaxExpense,netIncome,netIncomeRatio,eps,epsdiluted,weightedAverageShsOut,weightedAverageShsOutDil,link,finalLink
0,2020-09-30,CPE,2020-11-03,2020-11-03 16:50:18,Q3,290026000,21282000,268744000,0.9266203719666513,0.0,8224000.0,0.0,911509000,919733000,941015000,-24683000,114201000,-515506000,-1.777447539186142,-629707000,-2.1712087881776116,-1044000.0,-680384000,-2.3459413983573887,0.0,-680384000,-2.3459413983573887,-0.01711830121270065,-0.01711830121270065,39708400,39708400,https://www.sec.gov/Archives/edgar/data/928022/000092802220000166/0000928022-20-000166-index.htm,https://www.sec.gov/Archives/edgar/data/928022/000092802220000166/cpe-20200930.htm
0,2020-06-30,CPE,2020-08-05,2020-08-05 16:37:24,Q2,157234000,61199000,96035000,0.6107775671928464,0.0,30061000,0.0,4135000.0,1457711000,1518910000,22682000,138929999.99999997,-1351868000,-8.59781,-1361676000,-8.660188,-2157000.0,-1513480000,-9.625653,51251000,-1564731000,-9.951607,-39.40554,-39.40554,39708400,39708400,https://www.sec.gov/Archives/edgar/data/928022/000092802220000140/0000928022-20-000140-index.htm,https://www.sec.gov/Archives/edgar/data/928022/000092802220000140/cpe-20200630.htm
0,2020-03-31,CPE,2020-05-11,2020-05-11 06:19:53,Q1,289919000,72063000,217856000,0.7514374704658887,0.0,22703000,0.0,233734000,169995999.99999997,242058999.99999997,20478000,131463000,432554000,1.491982,47860000,0.165081,1262000.0,280613000,0.967901,64048000,216565000,0.746985,0.54573,0.54573,396836000,396836000,https://www.sec.gov/Archives/edgar/data/928022/000092802220000073/0000928022-20-000073-index.htm,https://www.sec.gov/Archives/edgar/data/928022/000092802220000031/a4q19form10k.htm
0,2019-12-31,CPE,2020-02-28,2020-02-28 16:41:11,Q4,196095000,34157000,161938000,0.8258140187154186,0.0,13626000,0.0,-440000.0,148439000.00000003,182596000.00000003,689000.0,63783000.000000015,46786000.000000015,0.238588,13499000,0.068839,198000.0,-17686000,-0.090191,5857000.0,-23543000,-0.120059,-0.09478,-0.09478,248398000,248398000,https://www.sec.gov/Archives/edgar/data/928022/000092802220000031/0000928022-20-000031-index.htm,https://www.sec.gov/Archives/edgar/data/928022/000092802220000031/a4q19form10k.htm
0,2019-09-30,CPE,2019-11-05,2019-11-04 17:33:51,Q3,155378000,31534000,123844000,0.7970497753864768,0.0,9388000.0,0.0,-33000.0,71300000.00000001,102834000.00000001,739000.0,57106999.999999985,131581999.99999999,0.846851,52544000,0.338169,122000.0,73736000,0.474559,17902000,55834000,0.359343,0.24438,0.24438,228469000,228469000,https://www.sec.gov/Archives/edgar/data/928022/000092802219000197/0000928022-19-000197-index.htm,https://www.sec.gov/Archives/edgar/data/928022/000092802219000197/a3q19form10q.htm
0,2019-06-30,CPE,2019-08-07,2019-08-06 17:54:19,Q2,167052000,33907000,133145000,0.7970272729449512,0.0,10564000,0.0,935000.0,74636000.00000001,108543000.00000001,741000.0,64374000.00000001,136986000,0.82002,58509000,0.350244,67000.0,71871000,0.430231,16691000,55180000,0.330316,0.24158,0.24158,228411000,228411000,https://www.sec.gov/Archives/edgar/data/928022/000092802219000122/0000928022-19-000122-index.htm,https://www.sec.gov/Archives/edgar/data/928022/000092802219000122/a2q19form10q.htm
0,2019-03-31,CPE,2019-05-07,2019-05-06 17:34:14,Q1,153047000,34880000,118167000,0.7720961534691957,0.0,14777000,0.0,157000.0,75118000,109998000,738000.0,60672000,36718000,0.239913,43049000,0.28128,257000.0,-24692000,-0.161336,-5149000.0,-19543000,-0.127693,-0.0858,-0.0858,227784000,227784000,https://www.sec.gov/Archives/edgar/data/928022/000092802219000069/0000928022-19-000069-index.htm,https://www.sec.gov/Archives/edgar/data/928022/000092802219000044/a4q18form10k.htm
0,2018-12-31,CPE,2019-02-27,2019-02-26 18:08:34,Q4,161895000,33965000,127930000,0.7902035269773618,0.0,8514000.0,0.0,1581000.0,69597000,103562000,735000.0,60300999.99999999,222877000,1.376676,58333000,0.360314,325000.0,161841000,0.999666,5647000.0,156194000,0.964786,0.68462,0.68462,228147000,228147000,https://www.sec.gov/Archives/edgar/data/928022/000092802219000044/0000928022-19-000044-index.htm,https://www.sec.gov/Archives/edgar/data/928022/000092802219000044/a4q18form10k.htm
0,2018-09-30,CPE,2018-11-07,2018-11-06 17:38:43,Q3,161214000,28788000,132426000,0.8214299006289776,0.0,9721000.0,0.0,1637000.0,59615000.00000001,88403000.00000001,712000.0,48930000.00000001,89060000.00000001,0.552433,72811000,0.451642,1657000.0,39418000,0.244507,1487000.0,37931000,0.235284,0.16626,0.16626,228140000,228140000,https://www.sec.gov/Archives/edgar/data/928022/000092802218000113/0000928022-18-000113-index.htm,https://www.sec.gov/Archives/edgar/data/928022/000092802218000113/a3q18form10q.htm
0,2018-06-30,CPE,2018-08-07,2018-08-06 18:22:11,Q2,137100000,20700000,116400000,0.849015317286652,0.0,8300000.0,0.0,2000000.0,49000000,69700000,593000.0,39400000,90993000,0.663698,67400000,0.491612,700000.0,51000000,0.371991,500000.0,50500000,0.368344,0.23877,0.23877,211500000,211500000,https://www.sec.gov/Archives/edgar/data/928022/000092802218000095/0000928022-18-000095-index.htm,https://www.sec.gov/Archives/edgar/data/928022/000092802218000095/a2q18form10q.htm
0,2018-03-31,CPE,2018-05-03,2018-05-02 17:34:56,Q1,127400000,21500000,105900000,0.8312401883830455,0.0,8800000.0,0.0,800000.0,45000000,66500000,460000.0,36100000,92860000,0.728885,61000000,0.478807,200000.0,56300000,0.441915,500000.0,55800000,0.437991,0.27542,0.27542,202600000,202600000,https://www.sec.gov/Archives/edgar/data/928022/000092802218000031/0000928022-18-000031-index.htm,https://www.sec.gov/Archives/edgar/data/928022/000092802218000013/cpe-20171231x10k.htm
0,2017-12-31,CPE,2018-02-28,2018-02-27 18:03:56,Q4,118200000,19400000,98800000,0.8358714043993232,0.0,8200000.0,0.0,56012000,44800000.00000001,64200000.00000001,461000.0,37300000,60761000,0.514052,54000000,0.456853,-41000.0,23100000,0.195431,200000.0,22800000,0.192893,0.11265,0.11265,202400000,202400000,https://www.sec.gov/Archives/edgar/data/928022/000092802218000013/0000928022-18-000013-index.htm,https://www.sec.gov/Archives/edgar/data/928022/000092802218000013/cpe-20171231x10k.htm
0,2017-09-30,CPE,2017-11-07,2017-11-06 18:14:01,Q3,84600000,17100000,67500000,0.7978723404255319,0.0,7300000.0,0.0,300000.0,36100000,53200000,444000.0,29099999.999999993,46843999.99999999,0.553712,31400000,0.371158,500000.0,17300000,0.204492,200000.0,17100000,0.202128,0.08453,0.08453,202300000,202300000,https://www.sec.gov/Archives/edgar/data/928022/000092802217000066/0000928022-17-000066-index.htm,https://www.sec.gov/Archives/edgar/data/928022/000092802217000066/a3q17form10q.htm
0,2017-06-30,CPE,2017-08-02,2017-08-02 17:16:31,Q2,82300000,17000000,65300000,0.7934386391251519,0.0,6400000.0,0.0,8900000.0,41500000,58500000,589000.0,26800000.000000004,61089000.00000001,0.742272,23700000,0.287971,100000.0,33700000,0.409478,300000.0,33400000,0.405832,0.16543,0.16543,201900000,201900000,https://www.sec.gov/Archives/edgar/data/928022/000092802217000057/0000928022-17-000057-index.htm,https://www.sec.gov/Archives/edgar/data/928022/000092802217000057/cpeform10q-20170630.htm
0,2017-03-31,CPE,2017-05-03,2017-05-02 19:23:16,Q1,81400000,18800000,62600000,0.769041769041769,0.0,5200000.0,0.0,600000.0,30300000,49100000,665000.0,24900000,73165000,0.898833,32200000,0.395577,700000.0,47600000,0.584767,500000.0,47100000,0.578624,0.23352,0.23352,201700000,201700000,https://www.sec.gov/Archives/edgar/data/928022/000092802217000037/0000928022-17-000037-index.htm,https://www.sec.gov/Archives/edgar/data/928022/000092802217000023/cpe-20161231x10k.htm
0,2016-12-31,CPE,2017-02-28,2017-02-27 20:39:10,Q4,69100000,17800000,51300000,0.7424023154848046,0.0,6600000.0,0.0,1500000.0,43000000,60800000,1369000.0,22499999.999999993,22168999.999999993,0.320825,8300000.0,0.120116,300000.0,-1700000.0,-0.024602,-14000.0,-1700000.0,-0.024602,-0.01022,-0.01022,166300000,166300000,https://www.sec.gov/Archives/edgar/data/928022/000092802217000023/0000928022-17-000023-index.htm,https://www.sec.gov/Archives/edgar/data/928022/000092802217000023/cpe-20161231x10k.htm
0,2016-09-30,CPE,2016-11-03,2016-11-02 18:13:30,Q3,55900000,13400000,42500000,0.7602862254025045,0.0,7900000.0,0.0,600000.0,25900000,39300000,831000.0,17800000.000000004,39631000.00000001,0.708962,16700000,0.298748,100000.0,21100000,0.37746,-100000.0,21100000,0.37746,0.15345,0.15345,137500000,137500000,https://www.sec.gov/Archives/edgar/data/928022/000092802216000210/0000928022-16-000210-index.htm,https://www.sec.gov/Archives/edgar/data/928022/000092802216000210/cpe-20160930x10q.htm
0,2016-06-30,CPE,2016-08-08,2016-08-08 16:54:05,Q2,45100000,9800000.0,35300000,0.7827050997782705,0.0,6300000.0,0.0,2300000.0,85900000,95700000,4180000.0,16699999.999999996,-49220000.00000001,-1.091353,-50500000,-1.119734,100000.0,-70100000,-1.554324,0.0,-70100000,-1.554324,-0.59306,-0.59306,118200000,118200000,https://www.sec.gov/Archives/edgar/data/928022/000092802216000189/0000928022-16-000189-index.htm,https://www.sec.gov/Archives/edgar/data/928022/000092802216000189/cpe-20160630x10q.htm
0,2016-03-31,CPE,2016-05-04,2016-05-04 16:38:55,Q1,30700000,9200000.0,21500000,0.7003257328990228,0.0,5600000.0,0.0,200000.0,56300000,65500000,5491000.0,16100000,-19509000,-0.635472,-34800000,-1.13355,100000.0,-41100000,-1.338762,0.0,-41100000,-1.338762,-0.49163,-0.49163,83600000,83600000,https://www.sec.gov/Archives/edgar/data/928022/000092802216000149/0000928022-16-000149-index.htm,https://www.sec.gov/Archives/edgar/data/928022/000092802216000132/cpe-20151231x10k.htm
0,2015-12-31,CPE,2016-03-03,2016-03-02 18:43:45,Q4,33600000,8300000.0,25300000,0.7529761904761905,0.0,6200000.0,0.0,200000.0,143799999.99999997,152099999.99999997,5544000.0,17300000.000000004,-90356000,-2.689167,-118500000,-3.526786,-21000.0,-113200000,-3.369048,0.0,-113200000,-3.369048,-1.55068,-1.55068,73000000,73000000,https://www.sec.gov/Archives/edgar/data/928022/000092802216000132/0000928022-16-000132-index.htm,https://www.sec.gov/Archives/edgar/data/928022/000092802216000132/cpe-20151231x10k.htm
0,2015-09-30,CPE,2015-11-05,2015-11-04 17:49:22,Q3,34300000,9800000.0,24500000,0.7142857142857143,0.0,4300000.0,0.0,100000.0,108400000,118200000,5603000.0,16000000,-44497000,-1.297289,-83900000,-2.446064,100000.0,-66100000,-1.927114,45700000,-111800000,-3.259475,-1.68627,-1.68627,66300000,66300000,https://www.sec.gov/Archives/edgar/data/928022/000092802215000104/0000928022-15-000104-index.htm,https://www.sec.gov/Archives/edgar/data/928022/000092802215000104/cpe-20150930x10q.htm
0,2015-06-30,CPE,2015-08-05,2015-08-05 17:04:21,Q2,39200000,9500000.0,29700000,0.7576530612244898,0.0,5800000.0,0.0,100000.0,23500000,33000000,5106000.0,18100000,16106000,0.410867,6200000.0,0.158163,-41000.0,-7100000.0,-0.181122,-2100000.0,-5000000.0,-0.127551,-0.07576,-0.07576,66000000,66000000,https://www.sec.gov/Archives/edgar/data/928022/000092802215000091/0000928022-15-000091-index.htm,https://www.sec.gov/Archives/edgar/data/928022/000092802215000091/cpe-20150630x10q.htm
0,2015-03-31,CPE,2015-05-07,2015-05-06 18:11:33,Q1,30400000,9200000.0,21200000,0.6973684210526315,0.0,12100000,0.0,200000.0,34099999.99999999,43299999.99999999,4858000.0,18500000,8058000.0,0.265066,-12900000,-0.424342,-44000.0,-15300000,-0.503289,-5100000.0,-10200000,-0.335526,-0.17739,-0.17739,57500000,57500000,https://www.sec.gov/Archives/edgar/data/928022/000092802215000036/0000928022-15-000036-index.htm,https://www.sec.gov/Archives/edgar/data/928022/000092802215000032/cpe-20141231x10k.htm
0,2014-12-31,CPE,2015-03-05,2015-03-04 18:51:16,Q4,38400000,10100000,28300000,0.7369791666666666,0.0,1400000.0,0.0,900000.0,23400000,33500000,4765000.0,18500000,52765000,1.374089,4900000.0,0.127604,300000.0,29500000,0.768229,10500000,19000000,0.494792,0.33748,0.33748,56300000,56300000,https://www.sec.gov/Archives/edgar/data/928022/000092802215000032/0000928022-15-000032-index.htm,https://www.sec.gov/Archives/edgar/data/928022/000092802215000032/cpe-20141231x10k.htm
0,2014-09-30,CPE,2014-11-06,2014-11-05 18:38:30,Q3,39700000,8500000.0,31200000,0.7858942065491183,0.0,3300000.0,0.0,200000.0,19600000,28100000,2205000.0,16500000,38105000,0.959824,11600000,0.292191,100000.0,19400000,0.488665,7200000.0,12200000,0.307305,0.27602,0.27602,44200000,44200000,https://www.sec.gov/Archives/edgar/data/928022/000092802214000107/0000928022-14-000107-index.htm,https://www.sec.gov/Archives/edgar/data/928022/000092802214000107/cpe-20140930x10q.htm
0,2014-06-30,CPE,2014-08-06,2014-08-06 16:48:31,Q2,40500000,6600000.0,33900000,0.837037037037037,0.0,9600000.0,0.0,200000.0,18600000,25200000,1825000.0,12400000,23025000,0.568519,15300000,0.377778,100000.0,8900000.0,0.219753,4100000.0,4700000.0,0.116049,0.11298,0.11298,41600000,41600000,https://www.sec.gov/Archives/edgar/data/928022/000092802214000092/0000928022-14-000092-index.htm,https://www.sec.gov/Archives/edgar/data/928022/000092802214000092/cpe-20140630x10q.htm
0,2014-03-31,CPE,2014-05-08,2014-05-08 17:04:24,Q1,33300000,6100000.0,27200000,0.8168168168168168,0.0,10800000,0.0,200000.0,20500000,26600000,977000.0,10600000,14777000,0.443754,6600000.0,0.198198,-49000.0,3200000.0,0.096096,1300000.0,1900000.0,0.057057,0.04715,0.04715,40300000,40300000,https://www.sec.gov/Archives/edgar/data/928022/000092802214000064/0000928022-14-000064-index.htm,https://www.sec.gov/Archives/edgar/data/928022/000092802214000049/cpe-20131231x10k.htm
0,2013-12-31,CPE,2014-03-13,2014-03-12 17:40:57,Q4,26500000,5300000.0,21200000,0.8,0.0,6400000.0,0.0,200000.0,15000000,20300000,1625000.0,10699999.999999996,17824999.999999996,0.672642,6200000.0,0.233962,100000.0,5400000.0,0.203774,2200000.0,3300000.0,0.124528,0.08189,0.08189,40300000,40300000,https://www.sec.gov/Archives/edgar/data/928022/000092802214000049/0000928022-14-000049-index.htm,https://www.sec.gov/Archives/edgar/data/928022/000092802214000049/cpe-20131231x10k.htm
0,2013-09-30,CPE,2013-11-07,2013-11-07 15:38:10,Q3,30800000,6300000.0,24500000,0.7954545454545454,0.0,5800000.0,0.0,500000.0,18200000,24500000,1417000.0,12300000.000000004,15317000.000000004,0.497305,6300000.0,0.204545,300000.0,1500000.0,0.048701,500000.0,1100000.0,0.035714,0.0273,0.0273,40300000,40300000,https://www.sec.gov/Archives/edgar/data/928022/000092802213000134/0000928022-13-000134-index.htm,https://www.sec.gov/Archives/edgar/data/928022/000092802213000134/cpe-20130930x10xq.htm
0,2013-06-30,CPE,2013-08-08,2013-08-08 17:23:39,Q2,22800000,6100000.0,16700000,0.7324561403508771,0.0,4500000.0,0.0,500000.0,15700000.000000002,21800000,1537000.0,10999999.999999998,14036999.999999998,0.615658,1000000.0,0.04386,-44000.0,1400000.0,0.061404,700000.0,800000.0,0.035088,0.01985,0.01985,40300000,40300000,https://www.sec.gov/Archives/edgar/data/928022/000092802213000116/0000928022-13-000116-index.htm,https://www.sec.gov/Archives/edgar/data/928022/000092802213000116/cpe-20130630x10xq.htm
0,2013-03-31,CPE,2013-05-09,2013-05-09 17:18:46,Q1,22500000,6300000.0,16200000,0.72,0.0,3700000.0,0.0,600000.0,15300000,21600000,1515000.0,11400000,11915000,0.529556,900000.0,0.04,-45000.0,-1000000.0,-0.044444,-200000.0,-800000.0,-0.035556,-0.0201,-0.0201,39800000,39800000,https://www.sec.gov/Archives/edgar/data/928022/000092802213000052/0000928022-13-000052-index.htm,https://www.sec.gov/Archives/edgar/data/928022/000092802213000023/cpe-20121231x10k.htm
0,2012-12-31,CPE,2013-03-14,2013-03-14 17:05:12,Q4,28700000,6100000.0,22600000,0.7874564459930313,0.0,4500000.0,0.0,500000.0,19900000,26000000,2012000.0,14000000,16312000,0.568362,2700000.0,0.094077,-100000.0,200000.0,0.006969,700000.0,-400000.0,-0.013937,-0.01005,-0.01005,39800000,39800000,https://www.sec.gov/Archives/edgar/data/928022/000092802213000023/0000928022-13-000023-index.htm,https://www.sec.gov/Archives/edgar/data/928022/000092802213000023/cpe-20121231x10k.htm
0,2012-09-30,CPE,2012-11-07,2012-11-07 17:20:17,Q3,27400000,5900000.0,21500000,0.7846715328467153,0.0,6400000.0,0.0,600000.0,18900000,24800000,2135000.0,12300000,13135000,0.47938,2600000.0,0.094891,-200000.0,-1400000.0,-0.051095,-200000.0,-1100000.0,-0.040146,-0.02778,-0.02778,39600000,39600000,https://www.sec.gov/Archives/edgar/data/928022/000092802212000122/0000928022-12-000122-index.htm,https://www.sec.gov/Archives/edgar/data/928022/000092802212000122/a2012-3qcpeform10xq.htm
0,2012-06-30,CPE,2012-08-08,2012-08-08 17:25:49,Q2,25400000,5800000.0,19600000,0.7716535433070866,0.0,4400000.0,0.0,600000.0,15399999.999999998,21200000,2384000.0,12200000,19984000,0.786772,4100000.0,0.161417,200000.0,5400000.0,0.212598,1600000.0,3800000.0,0.149606,0.09453,0.09453,40200000,40200000,https://www.sec.gov/Archives/edgar/data/928022/000092802212000089/0000928022-12-000089-index.htm,https://www.sec.gov/Archives/edgar/data/928022/000092802212000089/a2012-2qcpeform10xq.htm
0,2012-03-31,CPE,2012-05-07,2012-05-07 17:09:47,Q1,29300000,8800000.0,20500000,0.6996587030716723,0.0,5000000.0,0.0,600000.0,17800000,26600000,2577000.0,12500000,15677000,0.535051,2700000.0,0.09215,300000.0,500000.0,0.017065,100000.0,500000.0,0.017065,0.01241,0.01241,40300000,40300000,https://www.sec.gov/Archives/edgar/data/928022/000092802212000041/0000928022-12-000041-index.htm,https://www.sec.gov/Archives/edgar/data/928022/000092802212000026/cpe-20111231x10k.htm
0,2011-12-31,CPE,2012-03-15,2012-03-15 16:27:35,Q4,31800000,4000000.0,27800000,0.8742138364779874,0.0,5100000.0,0.0,600000.0,18700000,22700000,11717000,13299999.999999996,32316999.999999996,1.016258,9100000.0,0.286164,800000.0,7100000.0,0.22327,-66600000,73900000,2.323899,1.81127,1.81127,40800000,40800000,https://www.sec.gov/Archives/edgar/data/928022/000092802212000026/0000928022-12-000026-index.htm,https://www.sec.gov/Archives/edgar/data/928022/000092802212000026/cpe-20111231x10k.htm
0,2011-09-30,CPE,2011-11-02,2011-11-02 17:16:24,Q3,33600000,6000000.0,27600000,0.8214285714285714,0.0,3500000.0,0.0,600000.0,17000000,23000000,-2700000.0,13300000,19000000,0.565476,10500000,0.3125,300000.0,8200000.0,0.244048,3972000.0,8400000.0,0.25,0.21,0.21,40000000,40000000,https://www.sec.gov/Archives/edgar/data/928022/000092802211000124/0000928022-11-000124-index.htm,https://www.sec.gov/Archives/edgar/data/928022/000092802211000124/form10q.htm
0,2011-06-30,CPE,2011-08-08,2011-08-08 17:08:03,Q2,36800000,5300000.0,31500000,0.8559782608695652,0.0,3800000.0,0.0,600000.0,17300000,22600000,-2700000.0,13200000,27700000,0.752717,14200000,0.38587,400000.0,16900000,0.459239,-2700000.0,19900000,0.540761,0.5,0.5,39800000,39800000,https://www.sec.gov/Archives/edgar/data/928022/000092802211000101/0000928022-11-000101-index.htm,https://www.sec.gov/Archives/edgar/data/928022/000092802211000101/form10-q.htm
0,2011-03-31,CPE,2011-05-10,2011-05-10 14:21:57,Q1,25400000,5000000.0,20400000,0.8031496062992126,0.0,4200000.0,0.0,600000.0,12700000,17700000,-3492000.0,10000000,10708000,0.421575,7700000.0,0.30315,-200000.0,4100000.0,0.161417,0.0,4200000.0,0.165354,0.12174,0.12174,34500000,34500000,https://www.sec.gov/Archives/edgar/data/928022/000092802211000058/0000928022-11-000058-index.htm,https://www.sec.gov/Archives/edgar/data/928022/000092802211000022/form10k_2010.htm
0,2010-12-31,CPE,2011-03-15,2011-03-14 19:59:33,Q4,24400000,4700000.0,19700000,0.8073770491803278,0.0,4400000.0,0.0,700000.0,15700000,20400000,-3387000.0,10700000.000000004,7813000.000000003,0.320205,4000000.0,0.163934,-200000.0,500000.0,0.020492,-200000.0,700000.0,0.028689,0.02365,0.02365,29600000,29600000,https://www.sec.gov/Archives/edgar/data/928022/000092802211000022/0000928022-11-000022-index.htm,https://www.sec.gov/Archives/edgar/data/928022/000092802211000022/form10k_2010.htm
0,2010-11-12,CPE,2010-11-15,2010-11-15 16:14:24,Q3,20485000,0.0,20485000,1.0,0.0,3371000.0,0.0,12459000,15830000,15830000,-3133000.0,7615000.0,12270000,0.5989748596534049,4655000.0,0.22723944349524042,63000.0,1459000.0,0.07122284598486697,0.0,1459000.0,0.07122284598486697,0.04957,0.04957,28769000,29431000,https://www.sec.gov/Archives/edgar/data/928022/000092802210000061/0000928022-10-000061-index.htm,https://www.sec.gov/Archives/edgar/data/928022/000092802210000061/form_10q.htm
0,2010-09-30,CPE,2010-11-15 00:00:00,2010-11-15 16:14:24,Q3,20500000,4300000.0,16200000,0.790244,0.0,3400000.0,0.0,700000.0,11500000,15800000,-3100000.0,7699999.999999999,6199999.999999999,0.302439,4700000.0,0.229268,-100000.0,1500000.0,0.073171,0.0,1600000.0,0.078049,0.05424,0.05424,29500000,29500000,https://www.sec.gov/Archives/edgar/data/928022/000092802210000061/0000928022-10-000061-index.html,https://www.sec.gov/Archives/edgar/data/928022/000092802210000061/form_10q.htm
0,2010-06-30,CPE,2010-08-06,2010-08-06 13:37:25,Q2,21600000,4000000.0,17600000,0.8148148148148148,0.0,4400000.0,0.0,600000.0,12399999.999999998,16399999.999999998,-3198000.0,7199999.999999999,6101999.999999999,0.2825,5100000.0,0.236111,100000.0,2000000.0,0.092593,0.0,2100000.0,0.097222,0.07095,0.07095,29600000,29600000,https://www.sec.gov/Archives/edgar/data/928022/000092802210000032/0000928022-10-000032-index.htm,https://www.sec.gov/Archives/edgar/data/928022/000092802210000032/form10q.htm
0,2010-03-31,CPE,2010-05-07,2010-05-07 16:05:30,Q1,23400000,4600000.0,18800000,0.8034188034188035,0.0,4300000.0,0.0,600000.0,11700000.000000002,16300000.000000002,-3594000.0,7000000.0,7306000.0,0.312222,7000000.0,0.299145,400000.0,3800000.0,0.162393,0.0,3900000.0,0.166667,0.13356,0.13356,29200000,29200000,https://www.sec.gov/Archives/edgar/data/928022/000095012310046378/0000950123-10-046378-index.htm,https://www.sec.gov/Archives/edgar/data/928022/000095012310024025/h71486e10vk.htm
0,2009-12-31,CPE,2010-03-12,2010-03-12 13:55:01,Q4,71000000,4800000.0,66200000,0.9323943661971831,0.0,3100000.0,0.0,900000.0,13800000,18600000,-19089000,8899999.999999998,43711000,0.615648,52400000,0.738028,-100000.0,53700000,0.756338,0.0,53900000,0.759155,2.27426,2.27426,23700000,23700000,https://www.sec.gov/Archives/edgar/data/928022/000095012310024025/0000950123-10-024025-index.htm,https://www.sec.gov/Archives/edgar/data/928022/000095012310024025/h71486e10vk.htm
0,2009-09-30,CPE,2009-11-09,2009-11-09 17:20:27,Q3,21300000,5000000.0,16300000,0.7652582159624414,0.0,3000000.0,0.0,700000.0,10500000,15500000,-4919000.0,7099999.999999998,1180999.999999998,0.055446,5800000.0,0.2723,-100000.0,-1100000.0,-0.051643,0.0,-1000000.0,-0.046948,-0.04608,-0.04608,21700000,21700000,https://www.sec.gov/Archives/edgar/data/928022/000095012309060317/0000950123-09-060317-index.htm,https://www.sec.gov/Archives/edgar/data/928022/000095012309060317/d69987e10vq.htm
0,2009-06-30,CPE,2009-08-10,2009-08-10 17:22:19,Q2,25000000,4700000.0,20300000,0.812,0.0,5400000.0,0.0,800000.0,14600000.000000002,19300000,-4854000.0,8700000.000000002,2946000.000000001,0.11784,5700000.0,0.228,-100000.0,-1100000.0,-0.044,24000.0,-900000.0,-0.036,-0.04167,-0.04167,21600000,21600000,https://www.sec.gov/Archives/edgar/data/928022/000095012309033071/0000950123-09-033071-index.htm,https://www.sec.gov/Archives/edgar/data/928022/000095012309033071/d68749e10vq.htm
0,2009-03-31,CPE,2009-05-11,2009-05-11 17:22:51,Q1,24800000,4000000.0,20800000,0.8387096774193549,0.0,1800000.0,0.0,1000000.0,12300000,16300000,-4782000.0,9600000.0,7218000.0,0.291048,8500000.0,0.342742,100000.0,2300000.0,0.092742,-24000.0,2400000.0,0.096774,0.11111,0.11111,21600000,21600000,https://www.sec.gov/Archives/edgar/data/928022/000095013409010316/0000950134-09-010316-index.htm,https://www.sec.gov/Archives/edgar/data/928022/000095013409005716/d66826e10vk.htm
0,2008-12-31,CPE,2009-03-20,2009-03-19 18:15:08,Q4,15500000,5500000.0,10000000,0.6451612903225806,0.0,2500000.0,0.0,1100000.0,510500000,516000000,-6996000.0,22600000.00000001,-491396000,-31.702968,-500400000,-32.283871,400000.0,-507000000,-32.709677,-49500000,-457500000,-29.516129,-21.47887,-21.47887,21300000,21300000,https://www.sec.gov/Archives/edgar/data/928022/000095013409005716/0000950134-09-005716-index.htm,https://www.sec.gov/Archives/edgar/data/928022/000095013409005716/d66826e10vk.htm
0,2008-09-30,CPE,2008-11-10,2008-11-10 17:04:45,Q3,32800000,3700000.0,29100000,0.8871951219512195,0.0,1500000.0,0.0,1100000.0,15400000.000000002,19100000.000000004,-5014000.0,11699999.999999996,15485999.999999996,0.472134,13600000,0.414634,100000.0,8700000.0,0.265244,2900000.0,5900000.0,0.179878,0.26818,0.26818,22000000,22000000,https://www.sec.gov/Archives/edgar/data/928022/000095013408020081/0000950134-08-020081-index.htm,https://www.sec.gov/Archives/edgar/data/928022/000095013408020081/d65084e10vq.htm
0,2008-06-30,CPE,2008-08-08,2008-08-08 14:00:44,Q2,48000000,4900000.0,43100000,0.8979166666666667,0.0,2900000.0,0.0,1000000.0,31000000,35900000,-4755000.0,15400000.000000002,18545000.000000004,0.386354,12200000,0.254167,400000.0,7800000.0,0.1625,2700000.0,5200000.0,0.108333,0.23529,0.23529,22100000,22100000,https://www.sec.gov/Archives/edgar/data/928022/000095013408014704/0000950134-08-014704-index.htm,https://www.sec.gov/Archives/edgar/data/928022/000095013408014704/d59383e10vq.htm
0,2008-03-31,CPE,2008-05-09,2008-05-09 12:09:05,Q1,45000000,5200000.0,39800000,0.8844444444444445,0.0,2700000.0,0.0,1000000.0,18700000,23900000,-9940000.0,15200000,16960000,0.376889,21100000,0.468889,500000.0,11600000,0.257778,4100000.0,7600000.0,0.168889,0.35185,0.35185,21600000,21600000,https://www.sec.gov/Archives/edgar/data/928022/000095013408009045/0000950134-08-009045-index.htm,https://www.sec.gov/Archives/edgar/data/928022/000095013408004915/d54908e10vk.htm
0,2007-12-31,CPE,2008-03-17,2008-03-17 16:31:16,Q4,43900000,7200000.0,36700000,0.835990888382688,0.0,2800000.0,0.0,1000000.0,20000000,27200000,-34329000,16400000.000000006,-11228999.999999994,-0.255786,16700000,0.38041,-1172000.0,6700000.0,0.15262,2200000.0,4500000.0,0.102506,0.21028,0.21028,21400000,21400000,https://www.sec.gov/Archives/edgar/data/928022/000095013408004915/0000950134-08-004915-index.htm,https://www.sec.gov/Archives/edgar/data/928022/000095013408004915/d54908e10vk.htm
0,2007-09-30,CPE,2007-11-06,2007-11-05 19:52:43,Q3,37900000,5300000.0,32600000,0.8601583113456465,0.0,2600000.0,0.0,900000.0,19500000,24800000,-10148000,16199999.999999996,9551999.999999996,0.252032,13100000,0.345646,-387.0,3300000.0,0.087071,1200000.0,2300000.0,0.060686,0.10849,0.10849,21200000,21200000,https://www.sec.gov/Archives/edgar/data/928022/000095013407022866/0000950134-07-022866-index.htm,https://www.sec.gov/Archives/edgar/data/928022/000095013407022866/d51064e10vq.htm
0,2007-06-30,CPE,2007-08-06,2007-08-06 12:35:47,Q2,43500000,8600000.0,34900000,0.8022988505747126,0.0,2300000.0,0.0,900000.0,22000000,30600000,-9172000.0,19100000,13828000,0.317885,12800000,0.294253,-102.0,3800000.0,0.087356,1300000.0,2600000.0,0.05977,0.12207,0.12207,21300000,21300000,https://www.sec.gov/Archives/edgar/data/928022/000095013407016951/0000950134-07-016951-index.htm,https://www.sec.gov/Archives/edgar/data/928022/000095013407016951/d48789e10vq.htm
0,2007-03-31,CPE,2007-05-10,2007-05-09 18:59:41,Q1,45500000,6600000.0,38900000,0.8549450549450549,0.0,2200000.0,0.0,1100000.0,25200000.000000004,31800000.000000004,-4585000.0,22000000,27015000,0.593736,13700000,0.301099,-325.0,9400000.0,0.206593,3800000.0,5800000.0,0.127473,0.27358,0.27358,21200000,21200000,https://www.sec.gov/Archives/edgar/data/928022/000095013407010933/0000950134-07-010933-index.htm,https://www.sec.gov/Archives/edgar/data/928022/000095013407005981/d44549e10vk.htm
0,2006-12-31,CPE,2007-03-16,2007-03-16 17:29:14,Q4,44800000,7500000.0,37300000,0.8325892857142857,0.0,2000000.0,0.0,1100000.0,24900000,32400000,-16480000,21800000.000000004,14220000.000000004,0.317411,12400000,0.276786,-1869000.0,8700000.0,0.194196,3000000.0,5900000.0,0.131696,0.2757,0.2757,21400000,21400000,https://www.sec.gov/Archives/edgar/data/928022/000095013407005981/0000950134-07-005981-index.htm,https://www.sec.gov/Archives/edgar/data/928022/000095013407005981/d44549e10vk.htm
0,2006-09-30,CPE,2006-11-08,2006-11-07 18:01:26,Q3,44900000,8100000.0,36800000,0.8195991091314031,0.0,2900000.0,0.0,1100000.0,19000000,27100000,-4027000.0,15100000.000000002,25573000,0.569555,17800000,0.396437,-354.0,14100000,0.314031,4900000.0,9600000.0,0.213808,0.4507,0.4507,21300000,21300000,https://www.sec.gov/Archives/edgar/data/928022/000095013406020797/0000950134-06-020797-index.htm,https://www.sec.gov/Archives/edgar/data/928022/000095013406020797/d40961e10vq.htm
0,2006-06-30,CPE,2006-08-08,2006-08-07 18:02:05,Q2,47100000,7400000.0,39700000,0.8428874734607219,0.0,1900000.0,0.0,1300000.0,18000000,25400000,-8276000.0,15000000,25324000,0.537665,21600000,0.458599,-670.0,18200000,0.386412,6300000.0,12300000,0.261146,0.57477,0.57477,21400000,21400000,https://www.sec.gov/Archives/edgar/data/928022/000095013406015067/0000950134-06-015067-index.htm,https://www.sec.gov/Archives/edgar/data/928022/000095013406015067/d38478e10vq.htm
0,2006-03-31,CPE,2006-05-09,2006-05-08 19:41:44,Q1,45600000,5900000.0,39700000,0.8706140350877193,0.0,1700000.0,0.0,1400000.0,17100000,23000000,-4148000.0,14000000,29252000,0.641491,22600000,0.495614,-330.0,18800000,0.412281,6600000.0,12800000,0.280702,0.60094,0.60094,21300000,21300000,https://www.sec.gov/Archives/edgar/data/928022/000095013406009084/0000950134-06-009084-index.htm,https://www.sec.gov/Archives/edgar/data/928022/000095013406005141/d33954e10vk.htm
0,2005-12-31,CPE,2006-03-15,2006-03-15 12:35:50,Q4,24900000,6000000.0,18900000,0.7590361445783133,0.0,2000000.0,0.0,1100000.0,9100000.0,15100000,-16660000,6800000.000000004,-3459999.999999996,-0.138956,9800000.0,0.393574,-998000.0,6400000.0,0.257028,2100000.0,4300000.0,0.172691,0.20188,0.20188,21300000,21300000,https://www.sec.gov/Archives/edgar/data/928022/000095013406005141/0000950134-06-005141-index.htm,https://www.sec.gov/Archives/edgar/data/928022/000095013406005141/d33954e10vk.htm
0,2005-09-30,CPE,2005-11-08,2005-11-08 17:02:24,Q3,31700000,5600000.0,26100000,0.8233438485804416,0.0,1600000.0,0.0,900000.0,17400000,23000000,-4050000.0,9500000.0,10750000,0.339117,8700000.0,0.274448,-352.0,5000000.0,0.157729,1600000.0,3700000.0,0.116719,0.17453,0.17453,21200000,21200000,https://www.sec.gov/Archives/edgar/data/928022/000095013405020888/0000950134-05-020888-index.htm,https://www.sec.gov/Archives/edgar/data/928022/000095013405020888/d30059e10vq.htm
0,2005-06-30,CPE,2005-08-04,2005-08-04 17:00:12,Q2,41700000,6200000.0,35500000,0.8513189448441247,0.0,2800000.0,0.0,800000.0,17800000,24000000,-4265000.0,13899999.999999998,23635000,0.566787,17700000,0.42446,-96.0,13500000,0.323741,4700000.0,9300000.0,0.223022,0.45813,0.45813,20300000,20300000,https://www.sec.gov/Archives/edgar/data/928022/000095013405014862/0000950134-05-014862-index.htm,https://www.sec.gov/Archives/edgar/data/928022/000095013405014862/d27621e10vq.htm
0,2005-03-31,CPE,2005-05-09,2005-05-09 17:10:14,Q1,43000000,6500000.0,36500000,0.8488372093023255,0.0,1700000.0,0.0,900000.0,18400000,24900000,-4569000.0,15500000,25231000,0.586767,18100000,0.42093,-202.0,13800000,0.32093,4800000.0,9500000.0,0.22093,0.45894,0.45894,20700000,20700000,https://www.sec.gov/Archives/edgar/data/928022/000095013405009466/0000950134-05-009466-index.htm,https://www.sec.gov/Archives/edgar/data/928022/000095013405004630/d23168e10vk.htm
0,2004-12-31,CPE,2005-03-10,2005-03-10 17:19:19,Q4,25100000,5200000.0,19900000,0.7928286852589641,0.0,1900000.0,0.0,800000.0,13600000.000000002,18800000,-4300000.0,11200000.000000004,9300000.000000004,0.370518,6400000.0,0.25498,-357000.0,2100000.0,0.083665,-6700000.0,9100000.0,0.36255,0.44608,0.44608,20400000,20400000,https://www.sec.gov/Archives/edgar/data/928022/000095013405004630/0000950134-05-004630-index.htm,https://www.sec.gov/Archives/edgar/data/928022/000095013405004630/d23168e10vk.htm
0,2004-09-30,CPE,2004-11-09,2004-11-08 18:17:19,Q3,25100000,5800000.0,19300000,0.7689243027888446,0.0,1500000.0,0.0,800000.0,14500000,20300000,-4511000.0,10300000,6289000.0,0.250558,4800000.0,0.191235,65.0,300000.0,0.011952,0.0,500000.0,0.01992,0.0266,0.0266,18800000,18800000,https://www.sec.gov/Archives/edgar/data/928022/000095013404016782/0000950134-04-016782-index.htm,https://www.sec.gov/Archives/edgar/data/928022/000095013404016782/d19828e10vq.htm
0,2004-06-30,CPE,2004-08-09,2004-08-09 11:47:08,Q2,37600000,6100000.0,31500000,0.8377659574468085,0.0,1500000.0,0.0,900000.0,17000000,23100000,-5436000.0,14700000,18964000,0.504362,14500000,0.385638,-290.0,9400000.0,0.25,0.0,9700000.0,0.257979,0.57396,0.57396,16900000,16900000,https://www.sec.gov/Archives/edgar/data/928022/000095013404011720/0000950134-04-011720-index.htm,https://www.sec.gov/Archives/edgar/data/928022/000095013404011720/d17361e10vq.htm
0,2004-03-31,CPE,,Not found...,Q1,31900000,5200000.0,26800000,0.840125,0.0,3800000.0,0.0,800000.0,19000000,24200000,-5800000.0,12000000,8300000.0,0.260188,7800000.0,0.244514,0.0,2000000.0,0.062696,0.0,2100000.0,0.065831,0.14384,0.14384,14600000,14600000,,
0,2003-12-31,CPE,,,Q4,18900000,3300000.0,15600000,0.825397,0.0,1000000.0,0.0,700000.0,14899999.999999998,18200000,-8200000.0,7699999.999999999,-8000000.000000001,-0.42328,700000.0,0.037037,0.0,-7500000.0,-0.396825,9200000.0,-16700000,-0.883598,-1.21898,-1.21898,13700000,13700000,,
0,2003-09-30,CPE,,,Q3,15100000,2700000.0,12400000,0.821192,0.0,1100000.0,0.0,800000.0,7999999.999999999,10699999.999999998,-7500000.0,6700000.000000001,-3899999.999999999,-0.258278,4400000.0,0.291391,0.0,-3100000.0,-0.205298,-1100000.0,-2000000.0,-0.13245,-0.14599,-0.14599,13700000,13700000,,
0,2003-06-30,CPE,,,Q2,18400000,2500000.0,15900000,0.86413,0.0,1400000.0,0.0,700000.0,9500000.0,12000000,-7400000.0,7300000.000000001,-999999.999999999,-0.054348,6400000.0,0.347826,0.0,-1000000.0,-0.054348,-300000.0,-600000.0,-0.032609,-0.04412,-0.04412,13600000,13600000,,
0,2003-03-31,CPE,,,Q1,21300000,2800000.0,18400000,0.86385,0.0,1200000.0,0.0,700000.0,9500000.0,12300000,-7100000.0,7600000.0,2500000.0,0.117371,8900000.0,0.41784,0.0,1800000.0,0.084507,600000.0,1400000.0,0.065728,0.09859,0.09859,14200000,14200000,,
0,2002-12-31,CPE,,,Q4,19100000,2800000.0,16200000,0.848168,0.0,1200000.0,0.0,0.0,9399999.999999998,12199999.999999998,-7200000.0,8400000.000000002,800000.000000002,0.041885,6800000.0,0.356021,0.0,-400000.0,-0.020942,-100000.0,-300000.0,-0.015707,-0.02222,-0.02222,13500000,13500000,,
0,2002-09-30,CPE,,,Q3,15800000,2800000.0,12900000,0.816456,0.0,1100000.0,0.0,0.0,7899999.999999999,10700000,-7100000.0,6999999.999999998,-2100000.000000002,-0.132911,5100000.0,0.322785,0.0,-2000000.0,-0.126582,-700000.0,-1300000.0,-0.082278,-0.09701,-0.09701,13400000,13400000,,
0,2002-06-30,CPE,,,Q2,15300000,2800000.0,12500000,0.816993,0.0,1300000.0,0.0,0.0,8200000.0,11000000,-3200000.0,6600000.000000001,7000000.000000001,0.457516,4300000.0,0.281046,0.0,3600000.0,0.235294,1300000.0,2300000.0,0.150327,0.16788,0.16788,13700000,13700000,,
0,2002-03-31,CPE,,,Q1,11100000,2600000.0,8500000.0,0.765766,0.0,1100000.0,0.0,0.0,7100000.0,9700000.0,-5200000.0,5800000.0,-3200000.0,-0.288288,1400000.0,0.126126,0.0,-3800000.0,-0.342342,-1300000.0,-2500000.0,-0.225225,-0.18797,-0.18797,13300000,13300000,,
0,2001-12-31,CPE,,,Q4,10400000,2300000.0,8100000.0,0.778846,0.0,1100000.0,0.0,0.0,16599999.999999998,18899999.999999996,-3900000.0,6500000.0,-9800000.0,-0.942308,-8500000.0,-0.817308,0.0,-12400000,-1.192308,-4300000.0,-8100000.0,-0.778846,-0.60902,-0.60902,13300000,13300000,,
0,2001-09-30,CPE,2001-11-13 00:00:00,2001-11-13 00:00:00,Q3,12400000,3200000.0,9200000.0,0.741935,0.0,800000.0,0.0,0.0,5600000.000000001,8800000.0,-3200000.0,4899999.999999999,2099999.999999999,0.169355,3600000.0,0.290323,0.0,400000.0,0.032258,100000.0,300000.0,0.024194,0.02256,0.02256,13300000,13300000,https://www.sec.gov/Archives/edgar/data/928022/000095013401508334/0000950134-01-508334-index.html,https://www.sec.gov/Archives/edgar/data/928022/000095013401508334/d92065e10-q.txt
0,2001-06-30,CPE,2001-08-13 00:00:00,2001-08-13 00:00:00,Q2,17100000,3100000.0,14000000,0.818713,0.0,1600000.0,0.0,0.0,6700000.000000001,9800000.000000002,-2000000.0,5300000.000000001,8700000.000000002,0.508772,7300000.0,0.426901,0.0,5300000.0,0.309942,1900000.0,3500000.0,0.204678,0.26119,0.26119,13400000,13400000,https://www.sec.gov/Archives/edgar/data/928022/000095013401505178/0000950134-01-505178-index.html,https://www.sec.gov/Archives/edgar/data/928022/000095013401505178/h89411e10-q.txt
0,2001-03-31,CPE,,,Q1,20200000,2700000.0,17500000,0.866337,0.0,1100000.0,0.0,0.0,5999999.999999999,8699999.999999998,-2000000.0,5000000.0,12500000,0.618812,11500000,0.569307,0.0,9500000.0,0.470297,3300000.0,6200000.0,0.306931,0.41611,0.41611,14900000,14900000,,
0,2000-12-31,CPE,,,Q4,16600000,2900000.0,13700000,0.825301,0.0,1200000.0,0.0,0.0,5400000.0,8300000.0,-2200000.0,4400000.000000002,8200000.000000002,0.493976,8200000.0,0.493976,0.0,6000000.0,0.361446,2000000.0,4000000.0,0.240964,0.29412,0.29412,13600000,13600000,,
0,2000-09-30,CPE,2000-11-13 00:00:00,2000-11-13 00:00:00,Q3,16000000,2300000.0,13700000,0.85625,0.0,1000000.0,0.0,0.0,5600000.000000001,7900000.000000001,-1600000.0,4699999.999999999,9599999.999999998,0.6,8100000.0,0.50625,0.0,6500000.0,0.40625,2200000.0,4300000.0,0.26875,0.28667,0.28667,15000000,15000000,https://www.sec.gov/Archives/edgar/data/928022/000095013400009481/0000950134-00-009481-index.html,https://www.sec.gov/Archives/edgar/data/928022/000095013400009481/d81552e10-q.txt
0,2000-06-30,CPE,2000-08-11 00:00:00,2000-08-11 00:00:00,Q2,14300000,2300000.0,12000000,0.839161,0.0,900000.0,0.0,0.0,5600000.000000001,7900000.000000001,-1700000.0,4700000.0,7800000.0,0.545455,6400000.0,0.447552,0.0,4800000.0,0.335664,1600000.0,3200000.0,0.223776,0.25806,0.25806,12400000,12400000,https://www.sec.gov/Archives/edgar/data/928022/000095013400006754/0000950134-00-006754-index.html,https://www.sec.gov/Archives/edgar/data/928022/000095013400006754/e10-q.txt
0,2000-03-31,CPE,2000-05-11 00:00:00,2000-05-11 00:00:00,Q1,9400000.0,1800000.0,7600000.0,0.808511,0.0,1000000.0,0.0,0.0,4800000.0,6600000.0,-1100000.0,3800000.0,4500000.0,0.478723,2900000.0,0.308511,0.0,1800000.0,0.191489,600000.0,1200000.0,0.12766,0.09677,0.09677,12400000,12400000,https://www.sec.gov/Archives/edgar/data/928022/000095013400004232/0000950134-00-004232-index.html,https://www.sec.gov/Archives/edgar/data/928022/0000950134-00-004232.txt
0,1999-12-31,CPE,,,Q4,10400000,2200000.0,8100000.0,0.778846,0.0,1100000.0,0.0,0.0,5700000.0,7900000.0,-1200000.0,4600000.0,4800000.0,0.461538,2500000.0,0.240385,0.0,1300000.0,0.125,500000.0,900000.0,0.086538,0.08411,0.08411,10700000,10700000,,
0,1999-09-30,CPE,,,Q3,10200000,1800000.0,8400000.0,0.823529,0.0,1000000.0,0.0,0.0,5300000.0,7100000.0,-1600000.0,4400000.0,4400000.0,0.431373,3200000.0,0.313725,0.0,1600000.0,0.156863,500000.0,1100000.0,0.107843,0.12791,0.12791,8600000.0,8600000.0,,
0,1999-06-30,CPE,,,Q2,8600000.0,1900000.0,6700000.0,0.77907,0.0,1400000.0,0.0,0.0,5300000.000000001,7200000.000000001,-1000000.0,4100000.0,3400000.0,0.395349,1300000.0,0.151163,0.0,300000.0,0.034884,100000.0,200000.0,0.023256,0.02381,0.02381,8400000.0,8400000.0,,
0,1999-03-31,CPE,,,Q1,8000000.0,1600000.0,6400000.0,0.8,0.0,1100000.0,0.0,0.0,5000000.0,6600000.0,-600000.0,4100000.0,4200000.0,0.525,1300000.0,0.1625,0.0,700000.0,0.0875,200000.0,500000.0,0.0625,0.05882,0.05882,8500000.0,8500000.0,,
0,1998-12-31,CPE,,,Q4,6700000.0,1800000.0,4900000.0,0.731343,0.0,1200000.0,0.0,0.0,54900000.00000001,56700000.00000001,-200000.0,4700000.000000001,-45700000,-6.820896,-50000000,-7.462687,0.0,-50200000,-7.492537,-16600000,-33600000,-5.014925,-4.14815,-4.14815,8100000.0,8100000.0,,
0,1998-09-30,CPE,,,Q3,8600000.0,1900000.0,6700000.0,0.77907,0.0,1400000.0,0.0,0.0,5699999.999999999,7599999.999999999,400000.0,4400000.0,6200000.0,0.72093,1000000.0,0.116279,0.0,1400000.0,0.162791,500000.0,900000.0,0.104651,0.11111,0.11111,8100000.0,8100000.0,,
0,1998-06-30,CPE,,,Q2,9300000.0,2100000.0,7100000.0,0.763441,0.0,1200000.0,0.0,0.0,6200000.000000001,8300000.000000001,100000.0,4999999.999999999,6199999.999999999,0.666667,1000000.0,0.107527,0.0,1100000.0,0.11828,400000.0,700000.0,0.075269,0.08537,0.08537,8200000.0,8200000.0,,
0,1998-03-31,CPE,,,Q1,11000000,1900000.0,9100000.0,0.827273,0.0,1500000.0,0.0,0.0,7100000.0,9000000.0,-200000.0,5700000.0,7300000.0,0.663636,2000000.0,0.181818,0.0,1800000.0,0.163636,600000.0,1200000.0,0.109091,0.14634,0.14634,8200000.0,8200000.0,,
0,1997-12-31,CPE,,,Q4,12600000,1900000.0,10700000,0.849206,0.0,1200000.0,0.0,0.0,6400000.0,8300000.0,-700000.0,5299999.999999999,8299999.999999999,0.65873,4300000.0,0.34127,0.0,3600000.0,0.285714,1300000.0,2400000.0,0.190476,0.375,0.375,6400000.0,6400000.0,,
0,1997-09-30,CPE,,,Q3,8700000.0,2100000.0,6700000.0,0.770115,0.0,900000.0,0.0,0.0,4600000.0,6700000.0,-300000.0,3800000.0,5300000.0,0.609195,2100000.0,0.241379,0.0,1800000.0,0.206897,600000.0,1200000.0,0.137931,0.1875,0.1875,6400000.0,6400000.0,,
0,1997-06-30,CPE,,,Q2,8400000.0,1800000.0,6600000.0,0.785714,0.0,1400000.0,0.0,0.0,5100000.000000001,6900000.000000001,300000.0,3900000.0,6000000.0,0.714286,1500000.0,0.178571,0.0,1800000.0,0.214286,600000.0,1200000.0,0.142857,0.19048,0.19048,6300000.0,6300000.0,,
0,1997-03-31,CPE,,,Q1,12500000,2400000.0,10100000,0.808,0.0,1000000.0,0.0,0.0,4900000.0,7300000.0,200000.0,3900000.0,9500000.0,0.76,5200000.0,0.416,0.0,5400000.0,0.432,1700000.0,3700000.0,0.296,0.39785,0.39785,9300000.0,9300000.0,,
0,1996-12-31,CPE,,,Q4,7200000.0,1900000.0,5300000.0,0.736111,0.0,1100000.0,0.0,0.0,3300000.0000000005,5200000.0,300000.0,2199999.999999999,4799999.999999999,0.666667,2000000.0,0.277778,0.0,2300000.0,0.319444,100000.0,2200000.0,0.305556,0.33846,0.33846,6500000.0,6500000.0,,
0,1996-09-30,CPE,,,Q3,6300000.0,2000000.0,4400000.0,0.698413,0.0,600000.0,0.0,0.0,3500000.0,5500000.0,100000.0,2900000.0000000005,4000000.0000000005,0.634921,900000.0,0.142857,0.0,1000000.0,0.15873,0.0,1000000.0,0.15873,0.17241,0.17241,5800000.0,5800000.0,,
0,1996-06-30,CPE,,,Q2,5900000.0,1900000.0,4000000.0,0.677966,0.0,800000.0,0.0,0.0,3300000.0000000005,5200000.0,200000.0,2500000.0,3600000.0,0.610169,700000.0,0.118644,0.0,900000.0,0.152542,0.0,900000.0,0.152542,0.15517,0.15517,5800000.0,5800000.0,,
