,date,symbol,fillingDate,acceptedDate,period,revenue,costOfRevenue,grossProfit,grossProfitRatio,researchAndDevelopmentExpenses,generalAndAdministrativeExpenses,sellingAndMarketingExpenses,otherExpenses,operatingExpenses,costAndExpenses,interestExpense,depreciationAndAmortization,ebitda,ebitdaratio,operatingIncome,operatingIncomeRatio,totalOtherIncomeExpensesNet,incomeBeforeTax,incomeBeforeTaxRatio,incomeTaxExpense,netIncome,netIncomeRatio,eps,epsdiluted,weightedAverageShsOut,weightedAverageShsOutDil,link,finalLink
0,2020-09-30,BPT,2020-11-09,2020-11-09 17:03:59,Q3,0.0,0.0,0.0,0.0,0.0,288000.0,0.0,0.0,0.0,288000.0,0.0,0.0,-288000.0,0.0,-288000.0,0.0,0.0,-288000.0,0.0,0.0,-288000.0,0.0,-0.013458,-0.013458,21400000,21400000,https://www.sec.gov/Archives/edgar/data/850033/000119312520289203/0001193125-20-289203-index.htm,https://www.sec.gov/Archives/edgar/data/850033/000119312520289203/d45731d10q.htm
0,2020-06-30,BPT,2020-08-10,2020-08-10 16:18:59,Q2,-67000.0,0.0,0.0,0.0,0.0,689000.0,0.0,0.0,0.0,689000.0,0.0,0.0,-756000.0,11.283582089552239,-756000.0,11.223880597014926,0.0,-752000.0,11.223880597014926,0.0,-752000.0,11.223880597014926,-0.03514,-0.03514,21400000,21400000,https://www.sec.gov/Archives/edgar/data/850033/000119312520214938/0001193125-20-214938-index.htm,https://www.sec.gov/Archives/edgar/data/850033/000119312520214938/d79199d10q.htm
0,2020-03-31,BPT,2020-05-11 00:00:00,2020-05-11 16:48:55,Q1,9337000.0,0.0,0.0,0.0,0.0,253000.0,0.0,0.0,0.0,253000.0,0.0,0.0,9084000.0,0.972903502195566,9084000.0,0.973653207668416,0.0,9091000.0,0.973653207668416,0.0,9091000.0,0.973653207668416,0.424206,0.424206,21400000,21400000,https://www.sec.gov/Archives/edgar/data/850033/000119312520139179/0001193125-20-139179-index.htm,https://www.sec.gov/Archives/edgar/data/850033/000119312520139179/d842542d10q.htm
0,2019-12-31,BPT,2020-03-02 00:00:00,2020-03-02 16:54:04,Q4,7301000.0,0.0,0.0,0.0,0.0,106000.0,0.0,0.0,0.0,106000.0,0.0,0.0,7195000.0,0.9854814408985071,7195000.0,0.9865771812080537,0.0,7203000.0,0.9865771812080537,0.0,7203000.0,0.9865771812080537,0.0,0.0,0.0,0.0,https://www.sec.gov/Archives/edgar/data/850033/000119312520059100/0001193125-20-059100-index.html,https://www.sec.gov/Archives/edgar/data/850033/000119312520059100/d870189d10k.htm
0,2019-09-30,BPT,2019-11-12 00:00:00,2019-11-12 15:29:56,Q3,12164000,0.0,0.0,0.0,0.0,341000.0,0.0,0.0,0.0,341000.0,0.0,0.0,11823000,0.9719664584018415,11823000,0.9726241367971062,0.0,11831000,0.9726241367971062,0.0,11831000,0.9726241367971062,0.551075,0.551075,21400000,21400000,https://www.sec.gov/Archives/edgar/data/850033/000119312519289851/0001193125-19-289851-index.html,https://www.sec.gov/Archives/edgar/data/850033/000119312519289851/d825374d10q.htm
0,2019-06-30,BPT,,Not found...,Q2,7748000.0,0.0,0.0,0.0,0.0,312000.0,0.0,0.0,0.0,312000.0,0.0,0.0,7436000.0,0.959731543624161,7436000.0,0.9610221992772329,0.0,7446000.0,0.9610221992772329,0.0,7446000.0,0.9610221992772329,0.344907,0.344907,21400000,21400000,,
0,2019-03-31,BPT,2019-05-10 00:00:00,2019-05-10 14:47:56,Q1,21759000,0.0,0.0,0.0,0.0,326000.0,0.0,0.0,0.0,326000.0,0.0,0.0,21433000,0.9850176938278413,21433000,0.9854313157773795,0.0,21442000,0.9854313157773795,0.0,21442000,0.9854313157773795,1.001963,1.001963,21400000,21400000,https://www.sec.gov/Archives/edgar/data/850033/000119312519144101/0001193125-19-144101-index.html,https://www.sec.gov/Archives/edgar/data/850033/000119312519144101/d745211d10q.htm
0,2018-12-31,BPT,2019-03-01 00:00:00,2019-03-01 17:12:03,Q4,29727000,0.0,0.0,0.0,0.0,202000.0,0.0,0.0,0.0,202000.0,0.0,0.0,29525000,0.9932048306253575,29525000,0.9935075856965049,0.0,29534000,0.9935075856965049,0.0,29534000,0.9935075856965049,0.0,0.0,0.0,0.0,https://www.sec.gov/Archives/edgar/data/850033/000119312519061205/0001193125-19-061205-index.html,https://www.sec.gov/Archives/edgar/data/850033/000119312519061205/d662539d10k.htm
0,2018-09-30,BPT,2018-11-09 00:00:00,2018-11-09 15:00:05,Q3,30492000,0.0,0.0,0.0,0.0,297000.0,0.0,0.0,0.0,297000.0,0.0,0.0,30195000,0.9902597402597403,30195000,0.9905221041584678,0.0,30203000,0.9905221041584678,0.0,30203000,0.9905221041584678,1.411355,1.411355,21400000,21400000,https://www.sec.gov/Archives/edgar/data/850033/000119312518323643/0001193125-18-323643-index.html,https://www.sec.gov/Archives/edgar/data/850033/000119312518323643/d586386d10q.htm
0,2018-06-30,BPT,2018-08-09 00:00:00,2018-08-09 14:58:51,Q2,27611000,0.0,0.0,0.0,0.0,407000.0,0.0,0.0,0.0,407000.0,0.0,0.0,27204000,0.985259498026149,27204000,0.9856578899713883,0.0,27215000,0.9856578899713883,0.0,27215000,0.9856578899713883,1.271729,1.271729,21400000,21400000,https://www.sec.gov/Archives/edgar/data/850033/000119312518244160/0001193125-18-244160-index.html,https://www.sec.gov/Archives/edgar/data/850033/000119312518244160/d588962d10q.htm
0,2018-03-31,BPT,2018-05-10 00:00:00,2018-05-10 14:43:33,Q1,26539000,0.0,0.0,0.0,0.0,215000.0,0.0,0.0,0.0,215000.0,0.0,0.0,26324000,0.9918987150985342,26324000,0.9921247974678775,0.0,26330000,0.9921247974678775,0.0,26330000,0.9921247974678775,1.230374,1.230374,21400000,21400000,https://www.sec.gov/Archives/edgar/data/850033/000119312518159001/0001193125-18-159001-index.html,https://www.sec.gov/Archives/edgar/data/850033/000119312518159001/d583123d10q.htm
0,2017-12-31,BPT,2018-03-01 00:00:00,2018-03-01 14:21:08,Q4,14667000,0.0,0.0,0.0,0.0,242000.0,0.0,0.0,0.0,242000.0,0.0,0.0,14425000,0.9835003749914775,14425000,0.9837049157973683,-3000.0,14428000,0.9837049157973683,0.0,14428000,0.9837049157973683,0.0,0.0,0.0,0.0,https://www.sec.gov/Archives/edgar/data/850033/000119312518066611/0001193125-18-066611-index.html,https://www.sec.gov/Archives/edgar/data/850033/000119312518066611/d515551d10k.htm
0,2017-09-30,BPT,2017-11-09 00:00:00,2017-11-09 16:14:00,Q3,18230000,0.0,0.0,0.0,0.0,406000.0,0.0,0.0,0.0,406000.0,0.0,0.0,17824000,0.9777290181020296,17824000,0.9778935820076796,-3000.0,17827000,0.9778935820076796,0.0,17827000,0.9778935820076796,0.833037,0.833037,21400000,21400000,https://www.sec.gov/Archives/edgar/data/850033/000119312517338786/0001193125-17-338786-index.html,https://www.sec.gov/Archives/edgar/data/850033/000119312517338786/d477106d10q.htm
0,2017-06-30,BPT,2017-08-09 00:00:00,2017-08-09 16:12:05,Q2,23814000,0.0,0.0,0.0,0.0,311000.0,0.0,0.0,0.0,311000.0,0.0,0.0,23503000,0.9869404551944234,23503000,0.9870664315108759,-3000.0,23506000,0.9870664315108759,0.0,23506000,0.9870664315108759,1.098411,1.098411,21400000,21400000,https://www.sec.gov/Archives/edgar/data/850033/000119312517252787/0001193125-17-252787-index.html,https://www.sec.gov/Archives/edgar/data/850033/000119312517252787/d438621d10q.htm
0,2017-03-31,BPT,2017-05-10 00:00:00,2017-05-10 16:12:04,Q1,21482000,0.0,0.0,0.0,0.0,206000.0,0.0,0.0,0.0,206000.0,0.0,0.0,21276000,0.9904105762964343,21276000,0.9905036774974397,-2000.0,21278000,0.9905036774974397,0.0,21278000,0.9905036774974397,0.994299,0.994299,21400000,21400000,https://www.sec.gov/Archives/edgar/data/850033/000119312517165872/0001193125-17-165872-index.html,https://www.sec.gov/Archives/edgar/data/850033/000119312517165872/d378141d10q.htm
0,2016-12-31,BPT,2017-03-01 00:00:00,2017-03-01 16:28:05,Q4,14734000,0.0,0.0,0.0,0.0,197000.0,0.0,0.0,0.0,197000.0,0.0,0.0,14537000,0.9866295642731098,14537000,0.986697434505226,-1000.0,14538000,0.986697434505226,0.0,14538000,0.986697434505226,0.0,0.0,0.0,0.0,https://www.sec.gov/Archives/edgar/data/850033/000119312517065805/0001193125-17-065805-index.html,https://www.sec.gov/Archives/edgar/data/850033/000119312517065805/d335309d10k.htm
0,2016-09-30,BPT,2016-11-09 00:00:00,2016-11-09 12:06:02,Q3,15110000,0.0,0.0,0.0,0.0,450000.0,0.0,0.0,0.0,450000.0,0.0,0.0,14660000,0.9702183984116479,14660000,0.9702845797485109,-1000.0,14661000,0.9702845797485109,0.0,14661000,0.9702845797485109,0.685093,0.685093,21400000,21400000,https://www.sec.gov/Archives/edgar/data/850033/000119312516763993/0001193125-16-763993-index.html,https://www.sec.gov/Archives/edgar/data/850033/000119312516763993/d479008d10q.htm
0,2016-06-30,BPT,,,Q2,1951000.0,0.0,0.0,0.0,0.0,410000.0,0.0,0.0,0.0,410000.0,0.0,0.0,1541000.0,0.7898513582778063,1541000.0,0.7903639159405433,-1000.0,1542000.0,0.7903639159405433,0.0,1542000.0,0.7903639159405433,0.072056,0.072056,21400000,21400000,,
0,2016-03-31,BPT,2016-05-10 00:00:00,2016-05-10 16:34:09,Q1,13121000,0.0,0.0,0.0,0.0,241000.0,0.0,0.0,0.0,241000.0,0.0,0.0,12880000,0.9816324975230546,12880000,0.9816324975230546,0.0,12880000,0.9816324975230546,0.0,12880000,0.9816324975230546,0.601869,0.601869,21400000,21400000,https://www.sec.gov/Archives/edgar/data/850033/000119312516585667/0001193125-16-585667-index.html,https://www.sec.gov/Archives/edgar/data/850033/000119312516585667/d177137d10q.htm
0,2015-12-31,BPT,2016-02-29 00:00:00,2016-02-29 13:10:34,Q4,15335000,0.0,15335000,1.0,0.0,291000.0,0.0,0.0,0.0,291000.0,0.0,0.0,15044000,0.9810238017606782,15044000,0.9810238017606782,0.0,15044000,0.9810238017606782,0.0,15044000,0.9810238017606782,0.0,0.0,0.0,0.0,https://www.sec.gov/Archives/edgar/data/850033/000119312516484604/0001193125-16-484604-index.html,https://www.sec.gov/Archives/edgar/data/850033/000119312516484604/d102077d10k.htm
0,2015-09-30,BPT,2015-11-09 00:00:00,2015-11-09 13:15:54,Q3,31866000,0.0,31866000,1.0,0.0,358000.0,0.0,0.0,0.0,358000.0,0.0,0.0,31508000,0.9887654553442541,31508000,0.9887654553442541,0.0,31508000,0.9887654553442541,0.0,31508000,0.9887654553442541,1.472336,1.472336,21400000,21400000,https://www.sec.gov/Archives/edgar/data/850033/000119312515371602/0001193125-15-371602-index.html,https://www.sec.gov/Archives/edgar/data/850033/000119312515371602/d96763d10q.htm
0,2015-06-30,BPT,2015-08-10 00:00:00,2015-08-10 10:14:35,Q2,21891000,0.0,21891000,1.0,0.0,514000.0,0.0,0.0,0.0,514000.0,0.0,0.0,21377000,0.9765200310629939,21377000,0.9765200310629939,0.0,21377000,0.9765200310629939,0.0,21377000,0.9765200310629939,0.998925,0.998925,21400000,21400000,https://www.sec.gov/Archives/edgar/data/850033/000119312515284133/0001193125-15-284133-index.html,https://www.sec.gov/Archives/edgar/data/850033/000119312515284133/d98204d10q.htm
0,2015-03-31,BPT,2015-05-08 00:00:00,2015-05-08 14:53:05,Q1,57689000,0.0,57689000,1.0,0.0,157000.0,0.0,0.0,0.0,157000.0,0.0,0.0,57532000,0.9972785106346097,57532000,0.9972785106346097,0.0,57532000,0.9972785106346097,0.0,57532000,0.9972785106346097,2.688411,2.688411,21400000,21400000,https://www.sec.gov/Archives/edgar/data/850033/000119312515179321/0001193125-15-179321-index.html,https://www.sec.gov/Archives/edgar/data/850033/000119312515179321/d924721d10q.htm
0,2014-12-31,BPT,,,Q4,43634000,0.0,43634000,1.0,0.0,256000.0,0.0,0.0,0.0,256000.0,0.0,0.0,43378000,0.9941330155383417,43378000,0.9941330155383417,0.0,43378000,0.9941330155383417,0.0,43378000,0.9941330155383417,0.0,0.0,0.0,0.0,,
0,2014-09-30,BPT,2014-11-07 00:00:00,2014-11-07 11:29:53,Q3,65188000,0.0,0.0,0.0,0.0,291000.0,0.0,0.0,0.0,291000.0,0.0,0.0,64897000,0.9955359882186906,64897000,0.9955359882186906,0.0,64897000,0.9955359882186906,0.0,64897000,0.9955359882186906,3.03257,3.03257,21400000,21400000,https://www.sec.gov/Archives/edgar/data/850033/000119312514402620/0001193125-14-402620-index.html,https://www.sec.gov/Archives/edgar/data/850033/000119312514402620/d818362d10q.htm
0,2014-06-30,BPT,2014-08-08 00:00:00,2014-08-08 11:36:59,Q2,64860000,0.0,64860000,1.0,0.0,467000.0,0.0,0.0,0.0,467000.0,0.0,0.0,64393000,0.992799876657416,64393000,0.992799876657416,0.0,64393000,0.992799876657416,0.0,64393000,0.992799876657416,3.009019,3.009019,21400000,21400000,https://www.sec.gov/Archives/edgar/data/850033/000119312514302306/0001193125-14-302306-index.html,https://www.sec.gov/Archives/edgar/data/850033/000119312514302306/d771912d10q.htm
0,2014-03-31,BPT,2014-05-09 00:00:00,2014-05-09 14:11:34,Q1,54222000,0.0,54222000,1.0,0.0,127000.0,0.0,0.0,0.0,127000.0,0.0,0.0,54095000,0.9976577772859725,54095000,0.9976577772859725,0.0,54095000,0.9976577772859725,0.0,54095000,0.9976577772859725,2.527804,2.527804,21400000,21400000,https://www.sec.gov/Archives/edgar/data/850033/000119312514192070/0001193125-14-192070-index.html,https://www.sec.gov/Archives/edgar/data/850033/000119312514192070/d725962d10q.htm
0,2013-12-31,BPT,,,Q4,46813000,0.0,46813000,1.0,0.0,419000.0,0.0,0.0,0.0,419000.0,0.0,0.0,46394000,0.9910494947984534,46394000,0.9910494947984534,0.0,46394000,0.9910494947984534,0.0,46394000,0.9910494947984534,0.0,0.0,0.0,0.0,,
0,2013-09-30,BPT,2013-11-08 00:00:00,2013-11-08 09:46:59,Q3,46283000,0.0,46283000,1.0,0.0,426000.0,0.0,0.0,0.0,426000.0,0.0,0.0,45857000,0.9907957565412786,45857000,0.9907957565412786,0.0,45857000,0.9907957565412786,0.0,45857000,0.9907957565412786,2.14285,2.14285,21400000,21400000,https://www.sec.gov/Archives/edgar/data/850033/000119312513434256/0001193125-13-434256-index.html,https://www.sec.gov/Archives/edgar/data/850033/000119312513434256/d624318d10q.htm
0,2013-06-30,BPT,2013-08-09 00:00:00,2013-08-09 09:08:35,Q2,52046000,0.0,52046000,1.0,0.0,370000.0,0.0,0.0,0.0,370000.0,0.0,0.0,51676000,0.9928909042001307,51676000,0.9928909042001307,0.0,51676000,0.9928909042001307,0.0,51676000,0.9928909042001307,2.414766,2.414766,21400000,21400000,https://www.sec.gov/Archives/edgar/data/850033/000119312513328218/0001193125-13-328218-index.html,https://www.sec.gov/Archives/edgar/data/850033/000119312513328218/d579835d10q.htm
0,2013-03-31,BPT,2013-05-10 00:00:00,2013-05-10 09:54:59,Q1,49712000,0.0,49712000,1.0,0.0,167000.0,0.0,0.0,0.0,167000.0,0.0,0.0,49545000,0.9966406501448343,49545000,0.9966406501448343,0.0,49545000,0.9966406501448343,0.0,49545000,0.9966406501448343,2.315187,2.315187,21400000,21400000,https://www.sec.gov/Archives/edgar/data/850033/000119312513212818/0001193125-13-212818-index.html,https://www.sec.gov/Archives/edgar/data/850033/000119312513212818/d535947d10q.htm
0,2012-12-31,BPT,2013-03-01 00:00:00,2013-03-01 09:44:54,Q4,39174000,0.0,39174000,1.0,0.0,192000.0,0.0,0.0,0.0,192000.0,0.0,0.0,38982000,0.9950987900137847,38982000,0.0,0.0,0.0,0.0,0.0,38983000,0.9951243171491295,0.0,0.0,0.0,0.0,https://www.sec.gov/Archives/edgar/data/850033/000119312513086256/0001193125-13-086256-index.html,https://www.sec.gov/Archives/edgar/data/850033/000119312513086256/d491848d10k.htm
0,2012-09-30,BPT,2012-11-09 00:00:00,2012-11-09 12:37:26,Q3,50011000,0.0,50011000,1.0,0.0,517000.0,0.0,0.0,0.0,517000.0,0.0,0.0,49494000,0.989662274299654,49494000,0.0,0.0,0.0,0.0,0.0,49494000,0.989662274299654,2.3129,2.3129,21400000,21400000,https://www.sec.gov/Archives/edgar/data/850033/000119312512462532/0001193125-12-462532-index.html,https://www.sec.gov/Archives/edgar/data/850033/000119312512462532/d434944d10q.htm
0,2012-06-30,BPT,2012-08-09 00:00:00,2012-08-09 12:39:38,Q2,56890000,0.0,56890000,1.0,0.0,326000.0,0.0,0.0,0.0,326000.0,0.0,0.0,56564000,0.9942696431710318,56564000,0.0,0.0,0.0,0.0,0.0,56564000,0.9942696431710318,2.6431,2.6431,21400000,21400000,https://www.sec.gov/Archives/edgar/data/850033/000119312512346494/0001193125-12-346494-index.html,https://www.sec.gov/Archives/edgar/data/850033/000119312512346494/d393492d10q.htm
0,2012-03-31,BPT,2012-05-10 00:00:00,2012-05-10 09:25:01,Q1,53944000,0.0,53944000,1.0,0.0,117000.0,0.0,0.0,0.0,117000.0,0.0,0.0,53827000,0.9978310840872016,53827000,0.0,0.0,0.0,0.0,0.0,53827000,0.9978310840872016,2.5161,2.5161,21400000,21400000,https://www.sec.gov/Archives/edgar/data/850033/000119312512223947/0001193125-12-223947-index.html,https://www.sec.gov/Archives/edgar/data/850033/000119312512223947/d348799d10q.htm
0,2011-12-31,BPT,2012-02-29 00:00:00,2012-02-29 13:04:54,Q4,42186000,0.0,42186000,1.0,0.0,299000.0,0.0,0.0,0.0,299000.0,0.0,0.0,41887000,0.9929123405869246,41887000,0.0,0.0,0.0,0.0,0.0,41887000,0.9929123405869246,0.0,0.0,0.0,0.0,https://www.sec.gov/Archives/edgar/data/850033/000119312512088171/0001193125-12-088171-index.html,https://www.sec.gov/Archives/edgar/data/850033/000119312512088171/d295756d10k.htm
0,2011-09-30,BPT,2011-11-09 00:00:00,2011-11-09 11:28:34,Q3,56752000,0.0,56752000,1.0,0.0,276000.0,0.0,0.0,0.0,276000.0,0.0,0.0,56476000,0.9951367352692416,56476000,0.0,0.0,0.0,0.0,0.0,56476000,0.9951367352692416,2.6391,2.6391,21400000,21400000,https://www.sec.gov/Archives/edgar/data/850033/000119312511303794/0001193125-11-303794-index.html,https://www.sec.gov/Archives/edgar/data/850033/000119312511303794/d251924d10q.htm
0,2011-06-30,BPT,2011-08-08 00:00:00,2011-08-08 12:43:38,Q2,51726000,0.0,51726000,1.0,0.0,556000.0,0.0,0.0,0.0,556000.0,0.0,0.0,51170000,0.989251053628736,51170000,0.0,0.0,0.0,0.0,0.0,51171000,0.9892703862660944,2.3933,2.3933,21400000,21400000,https://www.sec.gov/Archives/edgar/data/850033/000119312511213788/0001193125-11-213788-index.html,https://www.sec.gov/Archives/edgar/data/850033/000119312511213788/d10q.htm
0,2011-03-31,BPT,2011-05-10 00:00:00,2011-05-10 09:09:03,Q1,51661000,0.0,0.0,0.0,0.0,86000.0,0.0,0.0,0.0,86000.0,0.0,0.0,51575000,0.9983353012911094,51575000,0.9983353012911094,0.0,51575000,0.9983353012911094,0.0,51575000,0.9983353012911094,2.408,2.408,21400000,21400000,https://www.sec.gov/Archives/edgar/data/850033/000095012311047888/0000950123-11-047888-index.html,https://www.sec.gov/Archives/edgar/data/850033/000095012311047888/l42634e10vq.htm
0,2010-12-31,BPT,,,Q4,43423000,0.0,43423000,1.0,0.0,185000.0,0.0,0.0,0.0,185000.0,0.0,0.0,43238000,0.995739585012551,43238000,0.0,0.0,0.0,0.0,0.0,43238000,0.995739585012551,0.0,0.0,0.0,0.0,,
0,2010-09-30,BPT,2010-11-09 00:00:00,2010-11-09 12:19:07,Q3,45463000,0.0,45463000,1.0,0.0,621000.0,0.0,0.0,0.0,621000.0,0.0,0.0,44842000,0.9863405406594373,44842000,0.0,0.0,0.0,0.0,0.0,44842000,0.9863405406594373,2.0954,2.0954,21400000,21400000,https://www.sec.gov/Archives/edgar/data/850033/000095012310103038/0000950123-10-103038-index.html,https://www.sec.gov/Archives/edgar/data/850033/000095012310103038/l41078e10vq.htm
0,2010-06-30,BPT,2010-08-09 00:00:00,2010-08-09 14:17:41,Q2,47136000,0.0,47136000,1.0,0.0,330000.0,0.0,0.0,0.0,330000.0,0.0,0.0,46806000,0.9929989816700611,46806000,0.0,0.0,0.0,0.0,0.0,46806000,0.9929989816700611,2.2669,2.2669,21400000,21400000,https://www.sec.gov/Archives/edgar/data/850033/000095012310074887/0000950123-10-074887-index.html,https://www.sec.gov/Archives/edgar/data/850033/000095012310074887/l40458e10vq.htm
0,2010-03-31,BPT,2010-05-07 00:00:00,2010-05-07 11:58:42,Q1,49727000,0.0,49727000,1.0,0.0,202000.0,0.0,0.0,0.0,202000.0,0.0,0.0,49525000,0.9959378204999296,49525000,0.0,0.0,0.0,0.0,0.0,49525000,0.9959378204999296,3.6119,3.6119,21400000,21400000,https://www.sec.gov/Archives/edgar/data/850033/000095012310046109/0000950123-10-046109-index.html,https://www.sec.gov/Archives/edgar/data/850033/000095012310046109/l39671e10vq.htm
0,2009-12-31,BPT,2010-03-01 00:00:00,2010-03-01 12:06:12,Q4,66709000,0.0,66709000,1.0,0.0,220000.0,0.0,0.0,0.0,220000.0,0.0,0.0,66489000,0.996702094170202,66489000,0.0,0.0,0.0,0.0,0.0,66489000,0.996702094170202,0.0,0.0,0.0,0.0,https://www.sec.gov/Archives/edgar/data/850033/000095012310019016/0000950123-10-019016-index.html,https://www.sec.gov/Archives/edgar/data/850033/000095012310019016/l38597ae10vk.htm
0,2009-09-30,BPT,2009-11-09 00:00:00,2009-11-09 12:01:55,Q3,36052000,0.0,36052000,1.0,0.0,746000.0,0.0,0.0,0.0,746000.0,0.0,0.0,35306000,0.9793076667036503,35306000,0.0,0.0,0.0,0.0,0.0,35306000,0.9793076667036503,1.6498,1.6498,21400000,21400000,https://www.sec.gov/Archives/edgar/data/850033/000095012309059899/0000950123-09-059899-index.html,https://www.sec.gov/Archives/edgar/data/850033/000095012309059899/l38013e10vq.htm
0,2009-06-30,BPT,2009-08-07 00:00:00,2009-08-07 12:12:56,Q2,21449000,0.0,21449000,1.0,0.0,224000.0,0.0,0.0,0.0,224000.0,0.0,0.0,21225000,0.9895566226863723,21225000,0.0,0.0,0.0,0.0,0.0,21225000,0.9895566226863723,0.9918,0.9918,21400000,21400000,https://www.sec.gov/Archives/edgar/data/850033/000095012309031852/0000950123-09-031852-index.html,https://www.sec.gov/Archives/edgar/data/850033/000095012309031852/l37256e10vq.htm
0,2009-03-31,BPT,2009-05-08 00:00:00,2009-05-08 15:55:24,Q1,35282000,0.0,35282000,1.0,0.0,269000.0,0.0,0.0,0.0,269000.0,0.0,0.0,35013000,0.9923757156623774,35013000,0.0,0.0,0.0,0.0,0.0,35013000,0.9923757156623774,1.6369,1.6369,21400000,21400000,https://www.sec.gov/Archives/edgar/data/850033/000095015209004987/0000950152-09-004987-index.html,https://www.sec.gov/Archives/edgar/data/850033/000095015209004987/l36414ae10vq.htm
0,2008-12-31,BPT,2009-03-02 00:00:00,2009-03-02 16:17:24,Q4,63094000,0.0,0.0,0.0,0.0,186000.0,0.0,0.0,0.0,186000.0,0.0,0.0,62908000,0.9970520176244968,62908000,0.0,0.0,0.0,0.0,0.0,62879000,0.9965923859638001,0.0,0.0,0.0,0.0,https://www.sec.gov/Archives/edgar/data/850033/000095015209002064/0000950152-09-002064-index.html,https://www.sec.gov/Archives/edgar/data/850033/000095015209002064/l35634ae10vk.htm
0,2008-09-30,BPT,2008-11-07 00:00:00,2008-11-07 13:12:05,Q3,66030000,0.0,0.0,0.0,0.0,689000.0,0.0,0.0,0.0,689000.0,0.0,0.0,65341000,0.9895653490837498,65341000,0.0,0.0,0.0,0.0,0.0,65344000,0.9896107829774345,3.0535,3.0535,21400000,21400000,https://www.sec.gov/Archives/edgar/data/850033/000095015208008935/0000950152-08-008935-index.html,https://www.sec.gov/Archives/edgar/data/850033/000095015208008935/l34461ae10vq.htm
0,2008-06-30,BPT,2008-08-08 00:00:00,2008-08-08 14:50:34,Q2,57859000,0.0,0.0,0.0,0.0,738000.0,0.0,0.0,0.0,738000.0,0.0,0.0,57121000,0.9872448538688882,57121000,0.0,0.0,0.0,0.0,0.0,57128000,0.9873658376397795,2.6699,2.6699,21400000,21400000,https://www.sec.gov/Archives/edgar/data/850033/000095015208006237/0000950152-08-006237-index.html,https://www.sec.gov/Archives/edgar/data/850033/000095015208006237/l32814ae10vq.htm
0,2008-03-31,BPT,2008-05-12 00:00:00,2008-05-12 06:59:52,Q1,65348000,0.0,0.0,0.0,0.0,183000.0,0.0,0.0,-319000.0,183000.0,0.0,0.0,65667000,1.0048815572014447,65165000,0.0,0.0,0.0,0.0,0.0,65184000,0.9974903593070943,3.0459,3.0459,21400000,21400000,https://www.sec.gov/Archives/edgar/data/850033/000095015208003775/0000950152-08-003775-index.html,https://www.sec.gov/Archives/edgar/data/850033/000095015208003775/l31532ae10vq.htm
0,2007-12-31,BPT,,,Q4,50698000,0.0,0.0,0.0,0.0,360000.0,0.0,0.0,0.0,681000.0,0.0,0.0,50519000,0.9964692887293385,50017000,0.0,0.0,0.0,0.0,0.0,50358000,0.9932936210501401,0.0,0.0,0.0,0.0,,
0,2007-09-30,BPT,2007-11-09 00:00:00,2007-11-09 15:15:02,Q3,44164000,0.0,0.0,0.0,0.0,767000.0,0.0,0.0,767000.0,767000.0,0.0,0.0,43397000,0.9826329136853545,43397000,0.0,0.0,0.0,0.0,0.0,43418000,0.9831084140929264,2.0287,2.0287,21400000,21400000,https://www.sec.gov/Archives/edgar/data/850033/000095015207008842/0000950152-07-008842-index.html,https://www.sec.gov/Archives/edgar/data/850033/000095015207008842/l28739ae10vq.htm
0,2007-06-30,BPT,2007-08-09 00:00:00,2007-08-09 15:53:22,Q2,39250000,0.0,0.0,0.0,0.0,391000.0,0.0,0.0,0.0,0.0,0.0,0.0,39250000,1.0,39250000,0.0,0.0,0.0,0.0,0.0,38879000,0.9905477707006369,1.8168,1.8168,21400000,21400000,https://www.sec.gov/Archives/edgar/data/850033/000095015207006657/0000950152-07-006657-index.html,https://www.sec.gov/Archives/edgar/data/850033/000095015207006657/l27414ae10vq.htm
0,2007-03-31,BPT,2007-05-09 00:00:00,2007-05-09 12:49:48,Q1,43206000,0.0,0.0,0.0,0.0,169000.0,0.0,0.0,0.0,502000.0,0.0,0.0,43206000,1.0,42704000,0.0,0.0,0.0,0.0,0.0,43057000,0.996551404897468,2.0121,2.0121,21400000,21400000,https://www.sec.gov/Archives/edgar/data/850033/000095015207004149/0000950152-07-004149-index.html,https://www.sec.gov/Archives/edgar/data/850033/000095015207004149/l26072ae10vq.htm
0,2006-12-31,BPT,,,Q4,36145000,0.0,0.0,0.0,0.0,325000.0,0.0,0.0,0.0,502000.0,0.0,0.0,36145000,1.0,35643000,0.0,0.0,0.0,0.0,0.0,35841000,0.991589431456633,0.0,0.0,0.0,0.0,,
0,2006-09-30,BPT,2006-11-09 00:00:00,2006-11-09 16:55:44,Q3,55797000,0.0,0.0,0.0,0.0,279000.0,0.0,0.0,0.0,0.0,0.0,0.0,55797000,1.0,55797000,0.0,0.0,0.0,0.0,0.0,55540000,0.9953940175995125,2.5952,2.5952,21400000,21400000,https://www.sec.gov/Archives/edgar/data/850033/000095015206009147/0000950152-06-009147-index.html,https://www.sec.gov/Archives/edgar/data/850033/000095015206009147/l22646ae10vq.htm
0,2006-06-30,BPT,,,Q2,47539000,0.0,0.0,0.0,0.0,296000.0,0.0,0.0,296000.0,296000.0,0.0,0.0,47243000,0.9937735333094933,47243000,0.0,0.0,0.0,0.0,0.0,47261000,0.9941521697974295,2.2083,2.2083,21400000,21400000,,
0,2006-03-31,BPT,,,Q1,45383000,0.0,0.0,0.0,0.0,157000.0,0.0,0.0,-345000.0,157000.0,0.0,0.0,45728000,1.007601965493687,45226000,0.0,0.0,0.0,0.0,0.0,45240000,0.9968490403895732,2.1143,2.1143,21400000,21400000,,
0,2005-12-31,BPT,,,Q4,49011000,0.0,0.0,0.0,0.0,191000.0,0.0,0.0,0.0,1102000.0,0.0,0.0,48411000,0.9877578502785089,47909000,0.0,0.0,0.0,0.0,0.0,48832000,0.9963477586664218,0.0,0.0,0.0,0.0,,
0,2005-09-30,BPT,,,Q3,37357000,0.0,0.0,0.0,0.0,388000.0,0.0,0.0,388000.0,388000.0,0.0,0.0,36969000,0.9896137270123404,36969000,0.0,0.0,0.0,0.0,0.0,36980000,0.9899081832052895,1.7276,1.7276,21400000,21400000,,
0,2005-06-30,BPT,,,Q2,33413000,0.0,0.0,0.0,0.0,367000.0,0.0,0.0,367000.0,367000.0,0.0,0.0,33046000,0.9890162511597282,33046000,0.0,0.0,0.0,0.0,0.0,33055000,0.9892856073983181,1.5449,1.5449,21400000,21400000,,
0,2005-03-31,BPT,,,Q1,33197000,0.0,0.0,0.0,0.0,151000.0,0.0,0.0,-351000.0,151000.0,0.0,0.0,33548000,1.0105732445702924,33046000,0.0,0.0,0.0,0.0,0.0,33051000,0.9956020122300208,1.5444,1.5444,21400000,21400000,,
0,2004-12-31,BPT,,,Q4,28115000,0.0,0.0,0.0,0.0,224000.0,0.0,0.0,-278000.0,224000.0,0.0,0.0,28393000,1.0098879601636137,27891000,0.0,0.0,0.0,0.0,0.0,27895000,0.9921749955539747,0.0,0.0,0.0,0.0,,
0,2004-09-30,BPT,,,Q3,21566000,0.0,0.0,0.0,0.0,212000.0,0.0,0.0,212000.0,212000.0,0.0,0.0,21354000,0.9901697115830473,21354000,0.0,0.0,0.0,0.0,0.0,21356000,0.9902624501530186,0.9978,0.9978,21400000,21400000,,
0,2004-06-30,BPT,,,Q2,18342000,0.0,0.0,0.0,0.0,324000.0,0.0,0.0,324000.0,324000.0,0.0,0.0,18018000,0.9823356231599607,18018000,0.0,0.0,0.0,0.0,0.0,18021000,0.982499182204776,0.8462,0.8462,21400000,21400000,,
0,2004-03-31,BPT,2004-05-10 00:00:00,2004-05-10 13:59:23,Q1,14659000,0.0,0.0,0.0,0.0,216000.0,0.0,0.0,-286000.0,216000.0,0.0,0.0,14945000,1.019510198512859,14443000,0.0,0.0,0.0,0.0,0.0,14445000,0.9854014598540146,0.6702,0.6702,21400000,21400000,https://www.sec.gov/Archives/edgar/data/850033/000095015204003801/0000950152-04-003801-index.html,https://www.sec.gov/Archives/edgar/data/850033/000095015204003801/l06903ae10vq.htm
0,2003-12-31,BPT,,,Q4,13579000,0.0,0.0,0.0,0.0,141000.0,0.0,0.0,-361000.0,141000.0,0.0,0.0,13940000,1.0265851682745415,13438000,0.0,0.0,0.0,0.0,0.0,13440000,0.9897636055674203,0.0,0.0,0.0,0.0,,
0,2003-09-30,BPT,,,Q3,12147000,0.0,0.0,0.0,0.0,225000.0,0.0,0.0,225000.0,225000.0,0.0,0.0,11922000,0.9814769078784885,11922000,0.0,0.0,0.0,0.0,0.0,11924000,0.9816415575862353,0.5525,0.5525,21400000,21400000,,
0,2003-06-30,BPT,,,Q2,17722000,0.0,0.0,0.0,0.0,333000.0,0.0,0.0,333000.0,333000.0,0.0,0.0,17389000,0.9812097957341158,17389000,0.0,0.0,0.0,0.0,0.0,17391000,0.9813226498137908,0.808,0.808,21400000,21400000,,
0,2003-03-31,BPT,,,Q1,12538000,0.0,0.0,0.0,0.0,469000.0,0.0,0.0,0.0,502000.0,0.0,0.0,12538000,1.0,12036000,0.0,0.0,0.0,0.0,0.0,12073000,0.9629127452544265,0.58,0.58,21400000,21400000,,
0,2002-12-31,BPT,,,Q4,12701000,0.0,0.0,0.0,0.0,178000.0,0.0,0.0,-325000.0,178000.0,0.0,0.0,13026000,1.0255885363357216,12523000,0.0,0.0,0.0,0.0,0.0,12528000,0.9863790252736006,0.0,0.0,0.0,0.0,,
0,2002-09-30,BPT,,,Q3,10314000,0.0,0.0,0.0,0.0,130000.0,0.0,0.0,130000.0,130000.0,0.0,0.0,10184000,0.9873957727360869,10184000,0.0,0.0,0.0,0.0,0.0,10190000,0.9879775063021137,0.4759,0.4759,21400000,21400000,,
0,2002-06-30,BPT,,,Q2,5205000.0,0.0,0.0,0.0,0.0,298000.0,0.0,0.0,298000.0,298000.0,0.0,0.0,4907000.0,0.942747358309318,4907000.0,0.0,0.0,0.0,0.0,0.0,4912000.0,0.9437079731027858,0.2304,0.2304,21400000,21400000,,
0,2002-03-31,BPT,,,Q1,4841000.0,0.0,0.0,0.0,0.0,216000.0,0.0,0.0,-286000.0,216000.0,0.0,0.0,5127000.0,1.0590787027473663,4625000.0,0.0,0.0,0.0,0.0,0.0,4632000.0,0.9568271018384631,0.2159,0.2159,21400000,21400000,,
0,2001-12-31,BPT,,,Q4,12316000,0.0,0.0,0.0,0.0,44000.0,0.0,0.0,-458000.0,44000.0,0.0,0.0,12774000,1.0371873985060085,12272000,0.0,0.0,0.0,0.0,0.0,12282000,0.997239363429685,0.0,0.0,0.0,0.0,,
0,2001-09-30,BPT,2001-11-13 00:00:00,2001-11-13 00:00:00,Q3,13269000,0.0,0.0,0.0,0.0,269000.0,0.0,0.0,269000.0,269000.0,0.0,0.0,13000000,0.9797271836611651,13000000,0.0,0.0,0.0,0.0,0.0,13023000,0.9814605471399502,0.612,0.612,21400000,21400000,https://www.sec.gov/Archives/edgar/data/850033/000112528201502567/0001125282-01-502567-index.html,https://www.sec.gov/Archives/edgar/data/850033/000112528201502567/b314743_10q.txt
0,2001-06-30,BPT,2001-08-14 00:00:00,2001-08-14 00:00:00,Q2,14418000,0.0,0.0,0.0,0.0,253000.0,0.0,0.0,253000.0,253000.0,0.0,0.0,14165000,0.9824524899431266,14165000,0.0,0.0,0.0,0.0,0.0,14182000,0.9836315716465529,0.662,0.662,21400000,21400000,https://www.sec.gov/Archives/edgar/data/850033/000112528201501575/0001125282-01-501575-index.html,https://www.sec.gov/Archives/edgar/data/850033/000112528201501575/b313164_10q.txt
0,2001-03-31,BPT,2001-05-15 00:00:00,2001-05-15 00:00:00,Q1,19932000,0.0,0.0,0.0,0.0,158000.0,0.0,0.0,-344000.0,158000.0,0.0,0.0,20276000,1.017258679510335,19774000,0.0,0.0,0.0,0.0,0.0,19793000,0.9930262893839052,0.9242,0.9242,21400000,21400000,https://www.sec.gov/Archives/edgar/data/850033/000112528201500441/0001125282-01-500441-index.html,https://www.sec.gov/Archives/edgar/data/850033/000112528201500441/b311544_10q.txt
0,2000-12-31,BPT,,,Q4,19656000,0.0,0.0,0.0,0.0,62000.0,0.0,0.0,-566000.0,62000.0,0.0,0.0,20222000,1.0287952787952788,19594000,0.0,0.0,0.0,0.0,0.0,19659000,1.0001526251526252,0.0,0.0,0.0,0.0,,
0,2000-09-30,BPT,2000-11-14 00:00:00,2000-11-14 00:00:00,Q3,16425000,0.0,0.0,0.0,0.0,232000.0,0.0,0.0,232000.0,232000.0,0.0,0.0,16193000,0.9858751902587519,16193000,0.0,0.0,0.0,0.0,0.0,16204000,0.986544901065449,0.7572,0.7572,21400000,21400000,https://www.sec.gov/Archives/edgar/data/850033/000112528200000630/0001125282-00-000630-index.html,https://www.sec.gov/Archives/edgar/data/850033/000112528200000630/0001125282-00-000630-0001.txt
0,2000-06-30,BPT,2000-08-15 00:00:00,2000-08-15 00:00:00,Q2,16841000,0.0,0.0,0.0,0.0,274000.0,0.0,0.0,0.0,274000.0,0.0,0.0,16567000,0.983730182293213,16567000,0.0,0.0,0.0,0.0,0.0,16333000,0.9698355204560299,0.7632,0.7632,21400000,21400000,https://www.sec.gov/Archives/edgar/data/850033/000088981200003515/0000889812-00-003515-index.html,https://www.sec.gov/Archives/edgar/data/850033/000088981200003515/0000889812-00-003515-0001.txt
0,2000-03-31,BPT,2000-05-12 00:00:00,2000-05-12 00:00:00,Q1,12105000,0.0,0.0,0.0,0.0,164000.0,0.0,0.0,0.0,164000.0,0.0,0.0,11941000,0.9864518793886824,11941000,0.0,0.0,0.0,0.0,0.0,11691000,0.9657992565055762,0.5463,0.5463,21400000,21400000,https://www.sec.gov/Archives/edgar/data/850033/000088981200002217/0000889812-00-002217-index.html,https://www.sec.gov/Archives/edgar/data/850033/0000889812-00-002217.txt
0,1999-12-31,BPT,,,Q4,9043000.0,0.0,0.0,0.0,0.0,198000.0,0.0,0.0,0.0,1098000.0,0.0,0.0,7945000.0,0.8785801172177374,7945000.0,0.0,0.0,0.0,0.0,0.0,8605000.0,0.9515647462125401,0.0,0.0,0.0,0.0,,
0,1999-09-30,BPT,,,Q3,4400000.0,0.0,0.0,0.0,0.0,600000.0,0.0,0.0,0.0,-300000.0,0.0,0.0,4700000.0,1.0681818181818181,4700000.0,0.0,0.0,0.0,0.0,0.0,3600000.0,0.8181818181818182,0.17,0.17,21176471,21176471,,
0,1999-06-30,BPT,,,Q2,100000.0,0.0,0.0,0.0,0.0,0.0,0.0,0.0,0.0,0.0,0.0,0.0,100000.0,1.0,100000.0,0.0,0.0,0.0,0.0,0.0,0.0,0.0,0.0,0.0,21400000,21400000,,
0,1999-03-31,BPT,,,Q1,100000.0,0.0,0.0,0.0,0.0,0.0,0.0,0.0,0.0,0.0,0.0,0.0,100000.0,1.0,100000.0,0.0,0.0,0.0,0.0,0.0,0.0,0.0,0.0,0.0,21400000,21400000,,
0,1998-12-31,BPT,,,Q4,1163000.0,0.0,0.0,0.0,0.0,14000.0,0.0,0.0,0.0,614000.0,0.0,0.0,549000.0,0.472055030094583,549000.0,0.0,0.0,0.0,0.0,0.0,1166000.0,1.002579535683577,0.0,0.0,0.0,0.0,,
0,1998-09-30,BPT,,,Q3,1800000.0,0.0,0.0,0.0,0.0,300000.0,0.0,0.0,0.0,0.0,0.0,0.0,1800000.0,1.0,1800000.0,0.0,0.0,0.0,0.0,0.0,1500000.0,0.8333333333333334,0.07,0.07,21428571,21428571,,
0,1998-06-30,BPT,,,Q2,3300000.0,0.0,0.0,0.0,0.0,200000.0,0.0,0.0,0.0,0.0,0.0,0.0,3300000.0,1.0,3300000.0,0.0,0.0,0.0,0.0,0.0,3100000.0,0.9393939393939394,0.15,0.15,20666667,20666667,,
0,1998-03-31,BPT,,,Q1,8900000.0,0.0,0.0,0.0,0.0,100000.0,0.0,0.0,0.0,0.0,0.0,0.0,8900000.0,1.0,8900000.0,0.0,0.0,0.0,0.0,0.0,8800000.0,0.9887640449438202,0.41,0.41,21463415,21463415,,
0,1997-12-31,BPT,,,Q4,8582000.0,0.0,0.0,0.0,0.0,245000.0,0.0,0.0,0.0,845000.0,0.0,0.0,7737000.0,0.9015381030062922,7737000.0,0.0,0.0,0.0,0.0,0.0,8358000.0,0.9738988580750407,0.0,0.0,0.0,0.0,,
0,1997-09-30,BPT,,,Q3,8800000.0,0.0,0.0,0.0,0.0,200000.0,0.0,0.0,0.0,0.0,0.0,0.0,8800000.0,1.0,8800000.0,0.0,0.0,0.0,0.0,0.0,8500000.0,0.9659090909090909,0.4,0.4,21250000,21250000,,
0,1997-06-30,BPT,,,Q2,12100000,0.0,0.0,0.0,0.0,300000.0,0.0,0.0,0.0,0.0,0.0,0.0,12100000,1.0,12100000,0.0,0.0,0.0,0.0,0.0,11800000,0.9752066115702479,0.55,0.55,21454545,21454545,,
0,1997-03-31,BPT,,,Q1,15100000,0.0,0.0,0.0,0.0,100000.0,0.0,0.0,0.0,0.0,0.0,0.0,15100000,1.0,15100000,0.0,0.0,0.0,0.0,0.0,15000000,0.9933774834437086,0.7,0.7,21428571,21428571,,
0,1996-12-31,BPT,,,Q4,12563000,0.0,0.0,0.0,0.0,0.0,0.0,0.0,0.0,1450000.0,0.0,0.0,11113000,0.8845817081907188,11113000,0.0,0.0,0.0,0.0,0.0,12413000,0.9880601767093847,0.0,0.0,0.0,0.0,,
0,1996-09-30,BPT,1996-11-13 00:00:00,1996-11-13 00:00:00,Q3,11700000,0.0,0.0,0.0,0.0,0.0,0.0,0.0,0.0,-300000.0,0.0,0.0,12000000,1.0256410256410255,12000000,0.0,0.0,0.0,0.0,0.0,11400000,0.9743589743589743,0.53,0.53,21509434,21509434,https://www.sec.gov/Archives/edgar/data/850033/000095012396006486/0000950123-96-006486-index.html,https://www.sec.gov/Archives/edgar/data/850033/0000950123-96-006486.txt
0,1996-06-30,BPT,1996-08-14 00:00:00,1996-08-14 00:00:00,Q2,9600000.0,0.0,0.0,0.0,0.0,0.0,0.0,0.0,0.0,-200000.0,0.0,0.0,9800000.0,1.0208333333333333,9800000.0,0.0,0.0,0.0,0.0,0.0,9400000.0,0.9791666666666666,0.44,0.44,21363636,21363636,https://www.sec.gov/Archives/edgar/data/850033/000095012396004430/0000950123-96-004430-index.html,https://www.sec.gov/Archives/edgar/data/850033/0000950123-96-004430.txt
0,1996-03-31,BPT,1996-05-15 00:00:00,1996-05-15 00:00:00,Q1,8400000.0,0.0,0.0,0.0,0.0,200000.0,0.0,0.0,0.0,0.0,0.0,0.0,8400000.0,1.0,8400000.0,0.0,0.0,0.0,0.0,0.0,8300000.0,0.9880952380952381,0.39,0.39,21282051,21282051,https://www.sec.gov/Archives/edgar/data/850033/000095012396002396/0000950123-96-002396-index.html,https://www.sec.gov/Archives/edgar/data/850033/0000950123-96-002396.txt
0,1995-12-31,BPT,,,Q4,8086000.0,0.0,0.0,0.0,0.0,88000.0,0.0,0.0,0.0,35629000,0.0,0.0,-27543000,-3.4062577294088547,-27543000,0.0,0.0,0.0,0.0,0.0,7998000.0,0.9891169923324264,0.0,0.0,0.0,0.0,,
0,1995-09-30,BPT,1995-11-14 00:00:00,1995-11-14 00:00:00,Q3,9700000.0,0.0,0.0,0.0,0.0,200000.0,0.0,0.0,0.0,0.0,0.0,0.0,9700000.0,1.0,9700000.0,0.0,0.0,0.0,0.0,0.0,9500000.0,0.979381443298969,0.45,0.45,21111111,21111111,https://www.sec.gov/Archives/edgar/data/850033/000095012395003336/0000950123-95-003336-index.html,https://www.sec.gov/Archives/edgar/data/850033/0000950123-95-003336.txt
0,1995-06-30,BPT,1995-08-14 00:00:00,1995-08-14 00:00:00,Q2,8600000.0,0.0,0.0,0.0,0.0,300000.0,0.0,0.0,0.0,0.0,0.0,0.0,8600000.0,1.0,8600000.0,0.0,0.0,0.0,0.0,0.0,8300000.0,0.9651162790697675,0.39,0.39,21282051,21282051,https://www.sec.gov/Archives/edgar/data/850033/000095012395002325/0000950123-95-002325-index.html,https://www.sec.gov/Archives/edgar/data/850033/0000950123-95-002325.txt
0,1995-03-31,BPT,1995-05-10 00:00:00,1995-05-10 00:00:00,Q1,8500000.0,0.0,0.0,0.0,0.0,100000.0,0.0,0.0,0.0,0.0,0.0,0.0,8500000.0,1.0,8500000.0,0.0,0.0,0.0,0.0,0.0,8300000.0,0.9764705882352941,0.39,0.39,21282051,21282051,https://www.sec.gov/Archives/edgar/data/850033/000095012395001291/0000950123-95-001291-index.html,https://www.sec.gov/Archives/edgar/data/850033/0000950123-95-001291.txt
0,1994-12-31,BPT,,,Q4,9001000.0,0.0,0.0,0.0,0.0,0.0,0.0,0.0,0.0,0.0,0.0,0.0,-57787000,-6.420064437284746,-57787000,0.0,0.0,0.0,0.0,0.0,8843000.0,0.9824463948450172,0.0,0.0,0.0,0.0,,
0,1994-09-30,BPT,1994-11-14 00:00:00,1994-11-14 00:00:00,Q3,9100000.0,0.0,0.0,0.0,0.0,0.0,0.0,0.0,0.0,0.0,0.0,0.0,9100000.0,1.0,9100000.0,0.0,0.0,0.0,0.0,0.0,8900000.0,0.978021978021978,0.42,0.42,21190476,21190476,https://www.sec.gov/Archives/edgar/data/850033/000095012394001842/0000950123-94-001842-index.html,https://www.sec.gov/Archives/edgar/data/850033/0000950123-94-001842.txt
0,1994-06-30,BPT,1994-08-05 00:00:00,1994-08-05 00:00:00,Q2,5200000.0,0.0,0.0,0.0,0.0,0.0,0.0,0.0,0.0,-300000.0,0.0,0.0,5500000.0,1.0576923076923077,5500000.0,0.0,0.0,0.0,0.0,0.0,4900000.0,0.9423076923076923,0.23,0.23,21304348,21304348,https://www.sec.gov/Archives/edgar/data/850033/000091160994000009/0000911609-94-000009-index.html,https://www.sec.gov/Archives/edgar/data/850033/0000911609-94-000009.txt
0,1994-03-31,BPT,1994-05-12 00:00:00,1994-05-12 00:00:00,Q1,9200000.0,0.0,0.0,0.0,0.0,0.0,0.0,0.0,0.0,-100000.0,0.0,0.0,9300000.0,1.0108695652173914,9300000.0,0.0,0.0,0.0,0.0,0.0,9100000.0,0.9891304347826086,0.42,0.42,21666667,21666667,https://www.sec.gov/Archives/edgar/data/850033/000091160994000005/0000911609-94-000005-index.html,https://www.sec.gov/Archives/edgar/data/850033/0000911609-94-000005.txt
