,date,symbol,fillingDate,acceptedDate,period,revenue,costOfRevenue,grossProfit,grossProfitRatio,researchAndDevelopmentExpenses,generalAndAdministrativeExpenses,sellingAndMarketingExpenses,otherExpenses,operatingExpenses,costAndExpenses,interestExpense,depreciationAndAmortization,ebitda,ebitdaratio,operatingIncome,operatingIncomeRatio,totalOtherIncomeExpensesNet,incomeBeforeTax,incomeBeforeTaxRatio,incomeTaxExpense,netIncome,netIncomeRatio,eps,epsdiluted,weightedAverageShsOut,weightedAverageShsOutDil,link,finalLink
0,2020-06-30,PHX,2020-08-13,2020-08-13 16:32:42,Q3,3540557.0,3612516.0,-71959.0,-0.020324203225650653,0.0,2865443.0,0.0,73687.0,0.0,6612208.0,241191.0,0.0,-533396.0,-0.1506531316965099,-3071651.0,-1.2521066600537711,-1120313.0,-4433155.0,-1.2521066600537711,-877940.0,-3555215.0,-1.0041400265551437,-0.21,-0.21,16403243,16403243,https://www.sec.gov/Archives/edgar/data/315131/000156459020040047/0001564590-20-040047-index.htm,https://www.sec.gov/Archives/edgar/data/315131/000156459020040047/phx-10q_20200630.htm
0,2020-03-31,PHX,2020-05-07,2020-05-07 16:19:10,Q2,8004997.0,4915717.0,3089280.0,0.38591894537874283,0.0,3560958.0,1386297.0,0.0,-22092.0,8881403.0,346573.0,0.0,2497112.0,0.3119441518841294,-876406.0,-3.3400599650443343,-25514191,-26737170,-3.3400599650443343,-6764000.0,-19973170,-2.495087755810527,-1.21,-1.21,16384687,16384687,https://www.sec.gov/Archives/edgar/data/315131/000156459020022886/0001564590-20-022886-index.htm,https://www.sec.gov/Archives/edgar/data/315131/000156459020022886/phx-10q_20200331.htm
0,2019-12-31,PHX,2020-02-05,2020-02-05 16:19:25,Q1,8121537.0,5520373.0,2601164.0,0.3202797697036903,0.0,2223028.0,0.0,0.0,-527699.0,8070682.0,370665.0,0.0,3006556.0,0.3701954445322357,50855.0,0.26424973499474297,2465924.0,2146114.0,0.26424973499474297,254000.0,1892114.0,0.23297486670318684,0.11,0.11,16339673,16339673,https://www.sec.gov/Archives/edgar/data/315131/000156459020003470/0001564590-20-003470-index.htm,https://www.sec.gov/Archives/edgar/data/315131/000156459019045877/phx-10k_20190930.htm
0,2019-09-30,PHX,2019-12-13,2019-12-12 19:51:46,Q4,8790361.0,9622595.0,-832234.0,-0.09467574767407164,0.0,2683811.0,0.0,0.0,-594700.0,12644004,443958.0,0.0,2522235.0,0.2869319018866233,-3853643.0,-8.462767342547139,-70093179,-74390780,-8.462767342547139,-18237000,-56153780,-6.388108520230284,-3.35,-3.35,16362493,16362493,https://www.sec.gov/Archives/edgar/data/315131/000156459019045877/0001564590-19-045877-index.htm,https://www.sec.gov/Archives/edgar/data/315131/000156459019045877/phx-10k_20190930.htm
0,2019-06-30,PHX,2019-08-08,2019-08-08 16:28:13,Q3,10011412,7532003.0,2479409.0,0.24765827237956045,0.0,1809439.0,0.0,0.0,-229075.0,9830221.0,526677.0,0.0,4564234.0,0.45590312335562655,181191.0,0.5912488667932155,6264722.0,5919236.0,0.5912488667932155,1315000.0,4604236.0,0.45989876353105835,0.28,0.28,16515498,16515498,https://www.sec.gov/Archives/edgar/data/315131/000156459019030833/0001564590-19-030833-index.htm,https://www.sec.gov/Archives/edgar/data/315131/000156459019030833/phx-10q_20190630.htm
0,2019-03-31,PHX,2019-05-09,2019-05-09 16:43:48,Q2,9430065.0,6612154.0,2817911.0,0.29882201236152667,0.0,2133153.0,0.0,0.0,-208746.0,9212615.0,485784.0,0.0,3841426.0,0.4073594402583651,217450.0,-0.2185917064198391,-1793000.0,-2061334.0,-0.2185917064198391,-130000.0,-1931334.0,-0.20480601141137414,-0.11,-0.11,16679187,16679187,https://www.sec.gov/Archives/edgar/data/315131/000156459019018063/0001564590-19-018063-index.htm,https://www.sec.gov/Archives/edgar/data/315131/000156459019018063/phx-10q_20190331.htm
0,2018-12-31,PHX,2019-02-07,2019-02-07 16:54:25,Q1,12725276,6918256.0,5807020.0,0.456337449969651,0.0,1938840.0,0.0,0.0,-514557.0,9466047.0,539370.0,0.0,7072915.0,0.5558162353413788,3259229.0,1.2814606142923737,13587081,16306940,1.2814606142923737,3571000.0,12735940,1.0008380171872107,0.75,0.75,16745076,16959008,https://www.sec.gov/Archives/edgar/data/315131/000156459019002307/0001564590-19-002307-index.htm,https://www.sec.gov/Archives/edgar/data/315131/000156459018030818/phx-10k_20180930.htm
0,2018-09-30,PHX,2018-12-11,2018-12-11 17:19:53,Q4,12529742,7641458.0,4888284.0,0.3901344496957719,0.0,2094857.0,0.0,0.0,-500542.0,10353395,459675.0,0.0,6434976.0,0.5135760975764705,2176347.0,0.06062750533889684,-957025.0,759647.0,0.06062750533889684,204000.0,555647.0,0.04434624432011449,0.0,0.0,0.0,0.0,https://www.sec.gov/Archives/edgar/data/315131/000156459018030818/0001564590-18-030818-index.htm,https://www.sec.gov/Archives/edgar/data/315131/000156459018030818/phx-10k_20180930.htm
0,2018-06-30,PHX,2018-08-06,2018-08-06 16:48:22,Q3,11686978,7852681.0,3834297.0,0.32808284571084156,0.0,1593251.0,0.0,0.0,-484298.0,9931089.0,420896.0,0.0,6375398.0,0.5455129632313845,1755889.0,-0.08420423141037829,-2319086.0,-984093.0,-0.08420423141037829,-209000.0,-775093.0,-0.06632107975218231,-0.05,-0.05,16775981,16775981,https://www.sec.gov/Archives/edgar/data/315131/000156459018019474/0001564590-18-019474-index.htm,https://www.sec.gov/Archives/edgar/data/315131/000156459018019474/phx-10q_20180630.htm
0,2018-03-31,PHX,2018-05-07,2018-05-07 17:04:38,Q2,12765234,7458646.0,5306588.0,0.415706284741823,0.0,1766190.0,0.0,0.0,-499198.0,9722659.0,435951.0,0.0,7283653.0,0.5705851533939762,3042575.0,0.08195509772872162,-1560448.0,1046176.0,0.08195509772872162,-24000.0,1070176.0,0.08383520427435956,0.06,0.06,16766010,16766010,https://www.sec.gov/Archives/edgar/data/315131/000156459018011290/0001564590-18-011290-index.htm,https://www.sec.gov/Archives/edgar/data/315131/000156459018011290/phx-10q_20180331.htm
0,2017-12-31,PHX,2018-02-08,2018-02-08 16:56:16,Q1,12984378,8902533.0,4081845.0,0.3143658479443528,0.0,1888143.0,0.0,0.0,-96959.0,11279666,431579.0,0.0,6980536.0,0.5376103499143355,1704712.0,0.08278710000586859,-198194.0,1074939.0,0.08278710000586859,-12710000,13784939,1.0616557065729295,0.81,0.81,16685032,16685032,https://www.sec.gov/Archives/edgar/data/315131/000156459018001699/0001564590-18-001699-index.htm,https://www.sec.gov/Archives/edgar/data/315131/000156459017024841/phx-10k_20170930.htm
0,2017-09-30,PHX,2017-12-12,2017-12-12 16:35:09,Q4,13305439,7880259.0,5425180.0,0.4077415258526983,0.0,2083128.0,0.0,0.0,-1157545.0,10382001,390210.0,0.0,7666718.0,0.5762093231196656,2923438.0,0.11011541971670383,-1068094.0,1465134.0,0.11011541971670383,426000.0,1039134.0,0.07809843778923792,0.0,0.0,0.0,0.0,https://www.sec.gov/Archives/edgar/data/315131/000156459017024841/0001564590-17-024841-index.htm,https://www.sec.gov/Archives/edgar/data/315131/000156459017024841/phx-10k_20170930.htm
0,2017-06-30,PHX,2017-08-07,2017-08-07 17:14:42,Q3,10817489,8105429.0,2712060.0,0.250710677866185,0.0,1796004.0,0.0,0.0,-819591.0,10291820,306161.0,0.0,5240019.0,0.48440252631641223,525669.0,0.1689632409147816,1608250.0,1827758.0,0.1689632409147816,567000.0,1260758.0,0.11654811943880877,0.07,0.07,16668814,16668814,https://www.sec.gov/Archives/edgar/data/315131/000156459017016068/0001564590-17-016068-index.htm,https://www.sec.gov/Archives/edgar/data/315131/000156459017016068/phx-10q_20170630.htm
0,2017-03-31,PHX,2017-05-05,2017-05-05 17:06:39,Q2,11225105,7211151.0,4013954.0,0.3575872118790871,0.0,1719628.0,0.0,0.0,-2334203.0,9302332.0,286398.0,0.0,6028428.0,0.5370486957583025,1922773.0,0.38070316491471573,2637058.0,4273433.0,0.38070316491471573,803000.0,3470433.0,0.3091670857421824,0.21,0.21,16644755,16644755,https://www.sec.gov/Archives/edgar/data/315131/000156459017009132/0001564590-17-009132-index.htm,https://www.sec.gov/Archives/edgar/data/315131/000156459017009132/phx-10q_20170331.htm
0,2016-12-31,PHX,2017-02-06,2017-02-06 17:17:13,Q1,9737176.0,7883678.0,1853498.0,0.19035272649893561,0.0,1842482.0,0.0,0.0,-2243.0,10091762,292369.0,0.0,4494707.0,0.46160272752592746,-354586.0,-0.34356901836836473,-2698437.0,-3345392.0,-0.34356901836836473,-1107000.0,-2238392.0,-0.229881025052849,-0.13,-0.13,16604149,16604149,https://www.sec.gov/Archives/edgar/data/315131/000156459017001035/0001564590-17-001035-index.htm,https://www.sec.gov/Archives/edgar/data/315131/000156459016030114/phx-10k_20160930.htm
0,2016-09-30,PHX,2016-12-12,2016-12-12 15:50:31,Q4,9401614.0,8840552.0,561062.0,0.059677200106279624,0.0,2006071.0,0.0,0.0,1483.0,11172024,310592.0,0.0,3747542.0,0.39860623931167566,-1770410.0,0.09713119470763211,2994192.0,913190.0,0.09713119470763211,176000.0,737190.0,0.0784110047487591,0.0,0.0,0.0,0.0,https://www.sec.gov/Archives/edgar/data/315131/000156459016030114/0001564590-16-030114-index.htm,https://www.sec.gov/Archives/edgar/data/315131/000156459016030114/phx-10k_20160930.htm
0,2016-06-30,PHX,2016-08-08,2016-08-08 16:49:15,Q3,11646993,9479678.0,2167315.0,0.1860836526646835,0.0,1570134.0,0.0,0.0,1157.0,11247702,331117.0,0.0,6357261.0,0.5458285241521138,399291.0,-0.14860445095141725,-1798969.0,-1730795.0,-0.14860445095141725,-944000.0,-786795.0,-0.06755348784016613,-0.05,-0.05,16582416,16582416,https://www.sec.gov/Archives/edgar/data/315131/000031513116000040/0000315131-16-000040-index.htm,https://www.sec.gov/Archives/edgar/data/315131/000031513116000040/phx-20160630x10q.htm
0,2016-03-31,PHX,2016-05-10,2016-05-09 17:39:50,Q2,6617739.0,9233236.0,-2615497.0,-0.39522516678279396,0.0,1651444.0,0.0,0.0,1159.0,11114979,342348.0,0.0,1542882.0,0.2331433741947212,-4497240.0,-1.8152968861419285,-7173573.0,-12013161,-1.8152968861419285,-4575000.0,-7438161.0,-1.123973157599597,-0.44,-0.44,16579116,16579116,https://www.sec.gov/Archives/edgar/data/315131/000031513116000037/0000315131-16-000037-index.htm,https://www.sec.gov/Archives/edgar/data/315131/000031513116000037/phx-20160331x10q.htm
0,2015-12-31,PHX,2016-02-08,2016-02-08 16:35:16,Q1,11480792,10524188,956604.0,0.08332212620871451,0.0,1912079.0,0.0,0.0,27790.0,12785898,360562.0,0.0,5668815.0,0.4937651513937366,-1305106.0,-0.45006633688686287,-3501450.0,-5167118.0,-0.45006633688686287,-2368000.0,-2799118.0,-0.24380878949814613,-0.17,-0.17,16563942,16563942,https://www.sec.gov/Archives/edgar/data/315131/000031513116000024/0000315131-16-000024-index.htm,https://www.sec.gov/Archives/edgar/data/315131/000031513115000018/phx-20150930x10k.htm
0,2015-09-30,PHX,2015-12-10,2015-12-10 16:28:45,Q4,11197727,10379498,818229.0,0.07307099021078117,0.0,1965114.0,0.0,0.0,36.0,12662733,355427.0,0.0,4817787.0,0.43024687063722844,-1465006.0,-0.07579047069106079,971752.0,-848681.0,-0.07579047069106079,39000.0,-887681.0,-0.07927332038010929,0.0,0.0,0.0,0.0,https://www.sec.gov/Archives/edgar/data/315131/000031513115000018/0000315131-15-000018-index.htm,https://www.sec.gov/Archives/edgar/data/315131/000031513115000018/phx-20150930x10k.htm
0,2015-06-30,PHX,2015-08-07,2015-08-06 17:35:16,Q3,13106992,9801094.0,3305898.0,0.25222400379888843,0.0,1565575.0,0.0,0.0,19911.0,11749128,383047.0,0.0,7172692.0,0.5472416554461924,1357864.0,-0.03791457261895025,-1471763.0,-496946.0,-0.03791457261895025,232000.0,-728946.0,-0.05561504882279626,-0.04,-0.04,16514435,16514435,https://www.sec.gov/Archives/edgar/data/315131/000031513115000015/0000315131-15-000015-index.htm,https://www.sec.gov/Archives/edgar/data/315131/000031513115000015/phx-20150630x10q.htm
0,2015-03-31,PHX,2015-05-07,2015-05-07 16:18:53,Q2,12690599,10188586,2502013.0,0.1971548387905094,0.0,1850203.0,0.0,0.0,3105.0,12441051,409276.0,0.0,6149411.0,0.48456428258429723,249548.0,0.04942296261981014,786935.0,627207.0,0.04942296261981014,-77000.0,704207.0,0.05549044611684602,0.04,0.04,16514435,16514435,https://www.sec.gov/Archives/edgar/data/315131/000031513115000012/0000315131-15-000012-index.htm,https://www.sec.gov/Archives/edgar/data/315131/000031513115000012/phx-20150331x10q.htm
0,2014-12-31,PHX,2015-02-09,2015-02-09 09:56:03,Q1,19548991,10924369,8624622.0,0.441179905397675,0.0,1958428.0,0.0,0.0,25352.0,13530661,402733.0,0.0,12357263,0.6321176883246813,6018330.0,0.7609477645163374,9260164.0,14875761,0.7609477645163374,4642000.0,10233761,0.5234930539381802,0.61,0.61,16494805,16494805,https://www.sec.gov/Archives/edgar/data/315131/000031513115000006/0000315131-15-000006-index.htm,https://www.sec.gov/Archives/edgar/data/315131/000031513114000033/phx-20140930x10k.htm
0,2014-09-30,PHX,2014-12-10,2014-12-10 12:49:36,Q4,23800506,10316917,13483589,0.5665253083274784,0.0,2083262.0,0.0,0.0,15877.0,13238636,0.0,0.0,13777075,0.578856390700265,10561870,0.5707435799894338,3484412.0,13583986,0.5707435799894338,4286000.0,9297986.0,0.39066337497194387,0.0,0.0,0.0,0.0,https://www.sec.gov/Archives/edgar/data/315131/000031513114000033/0000315131-14-000033-index.htm,https://www.sec.gov/Archives/edgar/data/315131/000031513114000033/phx-20140930x10k.htm
0,2014-06-30,PHX,2014-08-07,2014-08-07 11:21:46,Q3,19672021,8276527.0,11395494,0.5792741884527268,0.0,1825374.0,0.0,0.0,6956.0,10702798,0.0,0.0,15755759,0.8009222336637399,8969223.0,0.38773774184157284,-1341638.0,7627585.0,0.38773774184157284,2505000.0,5122585.0,0.26039952885369533,0.305,0.305,16474040,16474040,https://www.sec.gov/Archives/edgar/data/315131/000031513114000026/0000315131-14-000026-index.htm,https://www.sec.gov/Archives/edgar/data/315131/000031513114000026/phx-20140630x10q.htm
0,2014-03-31,PHX,2014-05-08,2014-05-08 10:13:27,Q2,21128018,8592834.0,12535184,0.5932967304363334,0.0,1651380.0,0.0,0.0,24429.0,10974676,0.0,0.0,17012001,0.8051867903558204,10153342,0.3997333304051521,-1707769.0,8445573.0,0.3997333304051521,2791000.0,5654573.0,0.267633859456197,0.34,0.34,16473344,16473344,https://www.sec.gov/Archives/edgar/data/315131/000031513114000016/0000315131-14-000016-index.htm,https://www.sec.gov/Archives/edgar/data/315131/000031513114000016/phx-20140331x10q.htm
0,2013-12-31,PHX,2014-02-06,2014-02-06 17:22:23,Q1,18669311,8623416.0,10045895,0.5380967192629659,0.0,1873167.0,0.0,0.0,38755.0,11106902,0.0,0.0,13492865,0.7227296711699751,7562409.0,0.38374838792925997,-398091.0,7164318.0,0.38374838792925997,2238000.0,4926318.0,0.2638725124885434,0.295,0.295,16463804,16463804,https://www.sec.gov/Archives/edgar/data/315131/000031513114000010/0000315131-14-000010-index.htm,https://www.sec.gov/Archives/edgar/data/315131/000156276213000418/phx-20130930x10k.htm
0,2013-09-30,PHX,2013-12-11,2013-12-11 11:37:13,Q4,18318310,7676371.0,10641939,0.5809454583965442,0.0,1674971.0,0.0,0.0,-51032.0,9957809.0,0.0,0.0,13059573,0.7129245547214781,8360501.0,0.4793070976525673,419595.0,8780096.0,0.4793070976525673,3061000.0,5719096.0,0.31220652996919473,0.0,0.0,0.0,0.0,https://www.sec.gov/Archives/edgar/data/315131/000156276213000418/0001562762-13-000418-index.htm,https://www.sec.gov/Archives/edgar/data/315131/000156276213000418/phx-20130930x10k.htm
0,2013-06-30,PHX,2013-08-07,2013-08-07 09:59:00,Q3,15851283,8298253.0,7553030.0,0.4764932907954517,0.0,1585285.0,0.0,0.0,25648.0,10370088,0.0,0.0,8996096.0,0.5675310951170325,5481195.0,0.4619921302269349,1841973.0,7323168.0,0.4619921302269349,2253000.0,5070168.0,0.31985852501655543,0.305,0.305,16327040,16327040,https://www.sec.gov/Archives/edgar/data/315131/000143774913010062/0001437749-13-010062-index.htm,https://www.sec.gov/Archives/edgar/data/315131/000143774913010062/phx20130627_10q.htm
0,2013-03-31,PHX,2013-05-08,2013-05-08 09:39:26,Q2,14241785,8896965.0,5344820.0,0.3752914399423949,0.0,1643656.0,0.0,0.0,15412.0,10968919,0.0,0.0,11194428,0.7860270324260618,3272866.0,0.12368442579353642,-1511379.0,1761487.0,0.12368442579353642,739000.0,1022487.0,0.0717948627928311,0.06,0.06,16508452,16508452,https://www.sec.gov/Archives/edgar/data/315131/000143774913005461/0001437749-13-005461-index.htm,https://www.sec.gov/Archives/edgar/data/315131/000143774913005461/panhandle_10q-033113.htm
0,2012-12-31,PHX,2013-02-07,2013-02-07 11:52:40,Q1,13133346,8935582.0,4197764.0,0.319626392238505,0.0,1898084.0,0.0,0.0,19767.0,11156986,0.0,0.0,6920838.0,0.5269668521639497,1976360.0,0.21512400571796403,848938.0,2825298.0,0.21512400571796403,677000.0,2148298.0,0.16357583208422286,0.13,0.13,16500218,16500218,https://www.sec.gov/Archives/edgar/data/315131/000143774913001213/0001437749-13-001213-index.htm,https://www.sec.gov/Archives/edgar/data/315131/000119312512498518/d417847d10k.htm
0,2012-09-30,PHX,2012-12-11,2012-12-11 16:04:07,Q4,11286385,2180174.0,9106211.0,0.8068315053934453,0.0,1586737.0,0.0,0.0,1403410.0,10550823,0.0,0.0,6486177.0,0.5746903902356689,735562.0,0.04400177736272509,-238941.0,496621.0,0.04400177736272509,314000.0,182621.0,0.016180645973001985,0.0,0.0,0.0,0.0,https://www.sec.gov/Archives/edgar/data/315131/000119312512498518/0001193125-12-498518-index.htm,https://www.sec.gov/Archives/edgar/data/315131/000119312512498518/d417847d10k.htm
0,2012-06-30,PHX,2012-08-07,2012-08-07 08:04:01,Q3,13452947,2602467.0,10850480,0.8065504160538207,0.0,1498439.0,0.0,0.0,-29141.0,8669128.0,0.0,0.0,9599283.0,0.7135449950111302,4783819.0,0.3479757260621037,-102520.0,4681299.0,0.3479757260621037,1581000.0,3100299.0,0.2304550073675307,0.185,0.185,16499908,16730082,https://www.sec.gov/Archives/edgar/data/315131/000119312512339384/0001193125-12-339384-index.htm,https://www.sec.gov/Archives/edgar/data/315131/000119312512339384/d342051d10q.htm
0,2012-03-31,PHX,2012-05-07,2012-05-07 11:57:52,Q2,9732625.0,2395339.0,7337286.0,0.7538856166758711,0.0,1606157.0,0.0,0.0,41688.0,8984145.0,0.0,0.0,5345328.0,0.5492175029860906,748480.0,0.12390963383465406,457486.0,1205966.0,0.12390963383465406,530000.0,675966.0,0.06945361605938788,0.04,0.04,16499908,16499908,https://www.sec.gov/Archives/edgar/data/315131/000119312512214161/0001193125-12-214161-index.htm,https://www.sec.gov/Archives/edgar/data/315131/000119312512214161/d327656d10q.htm
0,2011-12-31,PHX,2012-02-08,2012-02-08 16:25:32,Q1,13499468,2703411.0,10796057,0.7997394415839202,0.0,1697523.0,0.0,0.0,313370.0,8856717.0,0.0,0.0,9293749.0,0.6884529819989943,4642751.0,0.31565021673446686,-381641.0,4261110.0,0.31565021673446686,849000.0,3412110.0,0.2527588494598454,0.205,0.205,16512342,16773650,https://www.sec.gov/Archives/edgar/data/315131/000119312512046624/0001193125-12-046624-index.htm,https://www.sec.gov/Archives/edgar/data/315131/000119312511334649/d260424d10k.htm
0,2011-09-30,PHX,2011-12-08,2011-12-08 12:11:35,Q4,11254463,2371382.0,8883081.0,0.7892940782692164,0.0,1465506.0,0.0,0.0,30030.0,7796450.0,0.0,0.0,8279941.0,0.7357028940430121,3458013.0,0.33056939278222336,262368.0,3720381.0,0.33056939278222336,1076000.0,2644381.0,0.2349628765050807,0.0,0.0,0.0,0.0,https://www.sec.gov/Archives/edgar/data/315131/000119312511334649/0001193125-11-334649-index.htm,https://www.sec.gov/Archives/edgar/data/315131/000119312511334649/d260424d10k.htm
0,2011-06-30,PHX,2011-08-08,2011-08-08 14:04:23,Q3,11688417,2480606.0,9207811.0,0.7877722877272432,0.0,1423219.0,0.0,0.0,418055.0,8038340.0,0.0,0.0,7325185.0,0.6267046256135455,3650077.0,0.3158194133559746,41352.0,3691429.0,0.3158194133559746,1041000.0,2650429.0,0.22675688247604445,0.16,0.16,16512504,16759124,https://www.sec.gov/Archives/edgar/data/315131/000095012311074304/0000950123-11-074304-index.htm,https://www.sec.gov/Archives/edgar/data/315131/000095012311074304/d83072ae10vq.htm
0,2011-03-31,PHX,2011-05-06,2011-05-06 12:10:40,Q2,10977459,2504007.0,8473452.0,0.7718955725546321,0.0,1465941.0,0.0,0.0,290353.0,7891686.0,0.0,0.0,8359697.0,0.7615329740698644,3085773.0,0.2069015242962875,-814520.0,2271253.0,0.2069015242962875,499000.0,1772253.0,0.16144473871412318,0.105,0.105,16802004,16802004,https://www.sec.gov/Archives/edgar/data/315131/000095012311046342/0000950123-11-046342-index.htm,https://www.sec.gov/Archives/edgar/data/315131/000095012311046342/d82057e10vq.htm
0,2010-12-31,PHX,2011-02-08,2011-02-08 12:16:59,Q1,9901548.0,2542514.0,7359034.0,0.7432205550081664,0.0,1639997.0,0.0,0.0,287104.0,7904426.0,0.0,0.0,5426206.0,0.5480159263985793,1997122.0,0.2022763511321664,5727.0,2002849.0,0.2022763511321664,576000.0,1426849.0,0.14410362904871035,0.085,0.085,16834588,16834588,https://www.sec.gov/Archives/edgar/data/315131/000095012311010114/0000950123-11-010114-index.htm,https://www.sec.gov/Archives/edgar/data/315131/000095012310112306/d78254e10vk.htm
0,2010-09-30,PHX,2010-12-09,2010-12-09 12:20:57,Q4,5549515.0,2432024.0,3117491.0,0.5617591807572373,0.0,1241037.0,0.0,0.0,1156081.0,8052767.0,0.0,0.0,878715.0,0.15834086402145053,-2503252.0,0.843397305890695,7183698.0,4680446.0,0.843397305890695,1644000.0,3036446.0,0.5471552018509726,0.0,0.0,0.0,0.0,https://www.sec.gov/Archives/edgar/data/315131/000095012310112306/0000950123-10-112306-index.htm,https://www.sec.gov/Archives/edgar/data/315131/000095012310112306/d78254e10vk.htm
0,2010-06-30,PHX,2010-08-06,2010-08-06 11:27:15,Q3,10461870,1918775.0,8543095.0,0.8165934961914074,0.0,1507962.0,0.0,0.0,-450890.0,8197570.0,0.0,0.0,7486023.0,0.715553051223156,2264300.0,0.21643358214162478,0.0,2264300.0,0.21643358214162478,753000.0,1511300.0,0.14445792195850263,0.09,0.09,16623272,16623272,https://www.sec.gov/Archives/edgar/data/315131/000095012310073955/0000950123-10-073955-index.htm,https://www.sec.gov/Archives/edgar/data/315131/000095012310073955/d75110e10vq.htm
0,2010-03-31,PHX,2010-05-07,2010-05-07 12:11:19,Q2,16863323,2627479.0,14235844,0.8441897246467971,0.0,1428702.0,0.0,0.0,300502.0,9840763.0,45624.0,0.0,12519010,0.7423809648904904,7022560.0,0.41300080654328925,-12370.0,6964566.0,0.41300080654328925,1801000.0,5163566.0,0.3062009783006588,0.305,0.305,16843354,16843354,https://www.sec.gov/Archives/edgar/data/315131/000095012310046122/0000950123-10-046122-index.htm,https://www.sec.gov/Archives/edgar/data/315131/000095012310046122/d72882e10vq.htm
0,2009-12-31,PHX,2010-02-08,2010-02-08 12:34:03,Q1,12424503,2661586.0,9762917.0,0.7857792782536251,0.0,1416798.0,0.0,0.0,576261.0,9947340.0,65785.0,0.0,7769858.0,0.6253656987325771,2477163.0,0.1940824514268297,0.0,2411378.0,0.1940824514268297,703000.0,1708378.0,0.13750071129605748,0.1,0.1,16824378,16824378,https://www.sec.gov/Archives/edgar/data/315131/000095012310009775/0000950123-10-009775-index.htm,https://www.sec.gov/Archives/edgar/data/315131/000095012309069440/d70355e10vk.htm
0,2009-09-30,PHX,2009-12-09,2009-12-09 12:06:36,Q4,10983290,2007794.0,8975496.0,0.8171955761889197,0.0,1144974.0,0.0,0.0,396737.0,10836033,-61234.0,0.0,9898305.0,0.9012149365080955,147257.0,0.004859746032381918,-155115.0,53376.0,0.004859746032381918,-290000.0,343376.0,0.03126349208661521,0.0,0.0,0.0,0.0,https://www.sec.gov/Archives/edgar/data/315131/000095012309069440/0000950123-09-069440-index.htm,https://www.sec.gov/Archives/edgar/data/315131/000095012309069440/d70355e10vk.htm
0,2009-06-30,PHX,2009-08-10,2009-08-10 12:26:17,Q3,8779960.0,2465735.0,6314225.0,0.7191632991494267,0.0,1174315.0,0.0,0.0,112537.0,10597400,68180.0,0.0,5027373.0,0.5725963444024802,-1817440.0,-0.22796368092793134,-115892.0,-2001512.0,-0.22796368092793134,-1073000.0,-928512.0,-0.10575355696381304,-0.055,-0.055,16600256,16600256,https://www.sec.gov/Archives/edgar/data/315131/000095012309032663/0000950123-09-032663-index.htm,https://www.sec.gov/Archives/edgar/data/315131/000095012309032663/d68756e10vq.htm
0,2009-03-31,PHX,2009-05-08,2009-05-08 12:21:40,Q2,8874015.0,2267815.0,6606200.0,0.7444431860888222,0.0,1327592.0,0.0,0.0,30043.0,10712950,0.0,0.0,5248565.0,0.5914532486140716,-1838935.0,-0.22213800630267133,-132321.0,-1971256.0,-0.22213800630267133,-1026000.0,-945256.0,-0.10651954047857706,-0.055,-0.055,16600256,16600256,https://www.sec.gov/Archives/edgar/data/315131/000095013409010082/0000950134-09-010082-index.htm,https://www.sec.gov/Archives/edgar/data/315131/000095013409010082/d67640e10vq.htm
0,2008-12-31,PHX,2009-02-09,2009-02-09 12:04:18,Q1,11319702,1921408.0,9398294.0,0.8302598425294235,0.0,1219163.0,0.0,0.0,0.0,10497411,0.0,0.0,11524223,1.0180677017822555,822291.0,-0.09307921710306508,-3751840.0,-1053629.0,-0.09307921710306508,-179000.0,-874629.0,-0.07726607997277667,-0.05,-0.05,16776086,16776086,https://www.sec.gov/Archives/edgar/data/315131/000095013409002143/0000950134-09-002143-index.htm,https://www.sec.gov/Archives/edgar/data/315131/000095013408022040/d65526e10vk.htm
0,2008-09-30,PHX,2008-12-11,2008-12-11 17:00:48,Q4,24214890,-4918333.0,29133223,1.2031119282391949,0.0,1606204.0,0.0,0.0,0.0,665020.0,0.0,0.0,40822544,1.6858447013387217,23549870,0.5514209645387611,-10337980,13352598,0.5514209645387611,4577302.0,8775296.0,0.36239256094080957,0.0,0.0,0.0,0.0,https://www.sec.gov/Archives/edgar/data/315131/000095013408022040/0000950134-08-022040-index.htm,https://www.sec.gov/Archives/edgar/data/315131/000095013408022040/d65526e10vk.htm
0,2008-06-30,PHX,2008-08-07,2008-08-07 15:39:46,Q3,18453206,2214126.0,16239080,0.8800140203279582,0.0,1164743.0,0.0,0.0,0.0,8725268.0,0.0,0.0,14677850,0.7954092096516996,9727938.0,0.5141049744960307,-278719.0,9486885.0,0.5141049744960307,3018000.0,6468885.0,0.35055615810065743,0.38,0.38,16846134,17017952,https://www.sec.gov/Archives/edgar/data/315131/000095013408014550/0000950134-08-014550-index.htm,https://www.sec.gov/Archives/edgar/data/315131/000095013408014550/d59365e10vq.htm
0,2008-03-31,PHX,2008-05-08,2008-05-08 12:06:28,Q2,14977465,1605268.0,13372197,0.8928211149216506,0.0,1229778.0,0.0,0.0,0.0,8209944.0,0.0,0.0,14004010,0.9350053563804022,6767521.0,0.28785118175872887,-2682237.0,4311281.0,0.28785118175872887,1480000.0,2831281.0,0.18903606184357633,0.165,0.165,17159279,17159279,https://www.sec.gov/Archives/edgar/data/315131/000095013408008886/0000950134-08-008886-index.htm,https://www.sec.gov/Archives/edgar/data/315131/000095013408008886/d56632e10vq.htm
0,2007-12-31,PHX,2008-02-07,2008-02-07 15:32:16,Q1,13703803,1554882.0,12148921,0.8865364599885156,0.0,1597045.0,0.0,0.0,0.0,8238141.0,0.0,0.0,9913896.0,0.723441222848869,5465662.0,0.3867033844546656,-40541.0,5299307.0,0.3867033844546656,1819000.0,3480307.0,0.25396650842105656,0.205,0.205,16977107,16977107,https://www.sec.gov/Archives/edgar/data/315131/000095013408001904/0000950134-08-001904-index.htm,https://www.sec.gov/Archives/edgar/data/315131/000095013407025293/d52336e10vk.htm
0,2007-09-30,PHX,2007-12-12,2007-12-12 17:20:15,Q4,11064937,3542428.0,7522509.0,0.6798510465988193,0.0,821701.0,0.0,0.0,0.0,7387589.0,0.0,0.0,14223624,1.2854681413911349,3677348.0,0.17355227598674985,-1996820.0,1920345.0,0.17355227598674985,245707.0,1674638.0,0.15134636555092904,0.0,0.0,0.0,0.0,https://www.sec.gov/Archives/edgar/data/315131/000095013407025293/0000950134-07-025293-index.htm,https://www.sec.gov/Archives/edgar/data/315131/000095013407025293/d52336e10vk.htm
0,2007-06-30,PHX,2007-08-07,2007-08-07 17:01:28,Q3,10988346,1112127.0,9876219.0,0.8987903183973275,0.0,913077.0,0.0,0.0,0.0,6391193.0,0.0,0.0,9035759.0,0.8223038298939622,4597153.0,0.3800915988630136,-794544.0,4176578.0,0.3800915988630136,1272500.0,2904078.0,0.264287091069029,0.17,0.17,17082812,17082812,https://www.sec.gov/Archives/edgar/data/315131/000095013407017201/0000950134-07-017201-index.htm,https://www.sec.gov/Archives/edgar/data/315131/000095013407017201/d48918e10vq.htm
0,2007-03-31,PHX,2007-05-09,2007-05-09 16:20:14,Q2,8510324.0,879035.0,7631289.0,0.8967095729845304,0.0,995466.0,0.0,0.0,0.0,6582481.0,0.0,0.0,9924026.0,1.1661161196682994,1927843.0,-0.03189020770537056,-3744643.0,-271396.0,-0.03189020770537056,-52651.0,-218745.0,-0.02570348672976493,-0.015,-0.015,14583000,14583000,https://www.sec.gov/Archives/edgar/data/315131/000095013407010885/0000950134-07-010885-index.htm,https://www.sec.gov/Archives/edgar/data/315131/000095013407010885/d46476e10vq.htm
0,2006-12-31,PHX,2007-02-07,2007-02-07 15:32:58,Q1,8931895.0,1573935.0,7357960.0,0.8237848743183838,0.0,1147248.0,0.0,0.0,0.0,5915379.0,0.0,0.0,5795286.0,0.6488305113304623,3016516.0,0.32209704659537536,-7675.0,2876937.0,0.32209704659537536,893444.0,1983493.0,0.22206855320175617,0.115,0.115,17247765,17247765,https://www.sec.gov/Archives/edgar/data/315131/000095013407002289/0000950134-07-002289-index.htm,https://www.sec.gov/Archives/edgar/data/315131/000095013406023047/d42006e10vk.htm
0,2006-09-30,PHX,2006-12-13,2006-12-13 14:53:27,Q4,9134889.0,2924225.0,6210664.0,0.6798839044459106,0.0,3920267.0,0.0,0.0,0.0,8174140.0,0.0,0.0,6955702.0,0.7614435161718988,960749.0,0.11280520212122994,0.0,1030463.0,0.11280520212122994,83000.0,947463.0,0.10371915849223784,0.0,0.0,0.0,0.0,https://www.sec.gov/Archives/edgar/data/315131/000095013406023047/0000950134-06-023047-index.htm,https://www.sec.gov/Archives/edgar/data/315131/000095013406023047/d42006e10vk.htm
0,2006-06-30,PHX,2006-08-07,2006-08-07 14:21:06,Q3,7414606.0,857545.0,6557061.0,0.8843438208314778,0.0,828208.0,0.0,0.0,0.0,4518409.0,0.0,0.0,5346572.0,0.7210864609663683,2896197.0,0.37977446138068566,94159.0,2815878.0,0.37977446138068566,737000.0,2078878.0,0.28037605774332447,0.125,0.125,16631024,16631024,https://www.sec.gov/Archives/edgar/data/315131/000095013406015009/0000950134-06-015009-index.htm,https://www.sec.gov/Archives/edgar/data/315131/000095013406015009/d38463e10vq.htm
0,2006-03-31,PHX,2006-05-08,2006-05-08 15:24:27,Q2,8728506.0,841143.0,7887363.0,0.9036326491612654,0.0,960442.0,0.0,0.0,0.0,4723492.0,0.0,0.0,6507137.0,0.7455040988686953,4005014.0,0.44025403660145274,89543.0,3842760.0,0.44025403660145274,1189000.0,2653760.0,0.30403370290402504,0.16,0.155,16586000,17121032,https://www.sec.gov/Archives/edgar/data/315131/000095013406009039/0000950134-06-009039-index.htm,https://www.sec.gov/Archives/edgar/data/315131/000095013406009039/d35866e10vq.htm
0,2005-12-31,PHX,2006-02-07,2006-02-07 12:32:56,Q1,12207679,862813.0,11344866,0.9293221094689662,0.0,756217.0,0.0,0.0,0.0,4677186.0,0.0,0.0,9847231.0,0.8066423601079288,7530493.0,0.6120015115076338,145256.0,7471118.0,0.6120015115076338,2577000.0,4894118.0,0.4009048730721049,0.29,0.29,16876269,16876269,https://www.sec.gov/Archives/edgar/data/315131/000095013406002018/0000950134-06-002018-index.htm,https://www.sec.gov/Archives/edgar/data/315131/000095013405023048/d31178e10vk.htm
0,2005-09-30,PHX,2005-12-13,2005-12-13 09:54:37,Q4,9324538.0,3091445.0,6233093.0,0.6684613221588029,0.0,1301938.0,0.0,0.0,0.0,4834307.0,0.0,0.0,6535845.0,0.7009296331893333,4490231.0,0.44960661857992323,-507965.0,4192374.0,0.44960661857992323,1151000.0,3041374.0,0.3261688675621248,0.0,0.0,0.0,0.0,https://www.sec.gov/Archives/edgar/data/315131/000095013405023048/0000950134-05-023048-index.htm,https://www.sec.gov/Archives/edgar/data/315131/000095013405023048/d31178e10vk.htm
0,2005-06-30,PHX,2005-08-12,2005-08-12 14:01:50,Q3,9243209.0,691388.0,8551821.0,0.9252004363419674,0.0,823370.0,0.0,0.0,0.0,4069443.0,0.0,0.0,7292473.0,0.7889546801332741,5173766.0,0.5470415090689824,79257.0,5056419.0,0.5470415090689824,1637000.0,3419419.0,0.36993851377806125,0.2025,0.2025,16886020,16886020,https://www.sec.gov/Archives/edgar/data/315131/000095013405015825/0000950134-05-015825-index.htm,https://www.sec.gov/Archives/edgar/data/315131/000095013405015825/d27990e10vq.htm
0,2005-03-31,PHX,2005-05-13,2005-05-13 12:40:53,Q2,6274779.0,821111.0,5453668.0,0.8691410486329478,0.0,1105444.0,0.0,0.0,0.0,3964382.0,0.0,0.0,3968106.0,0.6323897622529814,2310397.0,0.3523070693007674,113445.0,2210649.0,0.3523070693007674,635000.0,1575649.0,0.2511082860448153,0.095,0.0925,16585779,17034043,https://www.sec.gov/Archives/edgar/data/315131/000095013405010052/0000950134-05-010052-index.htm,https://www.sec.gov/Archives/edgar/data/315131/000095013405010052/d25477e10vq.htm
0,2004-12-31,PHX,2005-02-11,2005-02-11 12:27:08,Q1,8492360.0,983392.0,7508968.0,0.8842027422294862,0.0,1314456.0,0.0,0.0,0.0,4770983.0,0.0,0.0,5638213.0,0.6639159197207843,3721377.0,0.42583498579900053,82968.0,3616344.0,0.42583498579900053,1168000.0,2448344.0,0.2882996010531819,0.145,0.145,16885131,16885131,https://www.sec.gov/Archives/edgar/data/315131/000095013405002750/0000950134-05-002750-index.htm,https://www.sec.gov/Archives/edgar/data/315131/000095013404019659/d21041e10vk.htm
0,2004-09-30,PHX,2004-12-21,2004-12-21 14:54:43,Q4,6638772.0,2223170.0,4415602.0,0.6651233089493057,0.0,696647.0,0.0,0.0,0.0,3382949.0,0.0,0.0,5685657.0,0.8564320329121109,3255823.0,0.34799206841265223,-1005268.0,2310240.0,0.34799206841265223,598769.0,1711471.0,0.2577993339732107,0.0,0.0,0.0,0.0,https://www.sec.gov/Archives/edgar/data/315131/000095013404019659/0000950134-04-019659-index.htm,https://www.sec.gov/Archives/edgar/data/315131/000095013404019659/d21041e10vk.htm
0,2004-06-30,PHX,2004-08-11,2004-08-11 11:31:12,Q3,6809770.0,811922.0,5997848.0,0.8807710098872649,0.0,584688.0,0.0,0.0,0.0,3320534.0,0.0,0.0,4994775.0,0.7334719087428797,3489236.0,0.49553567888489625,97517.0,3374484.0,0.49553567888489625,1244000.0,2130484.0,0.3128569687375638,0.1275,0.125,16709678,17043872,https://www.sec.gov/Archives/edgar/data/315131/000095013404011980/0000950134-04-011980-index.htm,https://www.sec.gov/Archives/edgar/data/315131/000095013404011980/d17582e10vq.htm
0,2004-03-31,PHX,2004-05-12,2004-05-12 11:06:12,Q2,6184605.0,1034008.0,5150597.0,0.8328093710107598,0.0,742223.0,0.0,0.0,0.0,3351391.0,0.0,0.0,4408374.0,0.7127979879070693,2833214.0,0.43751670478551175,18388.0,2705868.0,0.43751670478551175,808231.0,1897637.0,0.30683236843743456,0.1125,0.1125,16867884,16867884,https://www.sec.gov/Archives/edgar/data/315131/000095013404007304/0000950134-04-007304-index.htm,https://www.sec.gov/Archives/edgar/data/315131/000095013404007304/d15370e10vq.htm
0,2003-12-31,PHX,2004-02-11,2004-02-11 15:25:18,Q1,4973462.0,972594.0,4000868.0,0.8044432630630334,0.0,1009879.0,0.0,0.0,0.0,3429126.0,0.0,0.0,2990989.0,0.6013897361636622,1544336.0,0.28194304088379485,47676.0,1402233.0,0.28194304088379485,412000.0,990233.0,0.19910336099883744,0.05875,0.05875,16855030,16855030,https://www.sec.gov/Archives/edgar/data/315131/000095013404001535/0000950134-04-001535-index.htm,https://www.sec.gov/Archives/edgar/data/315131/000095013404001535/d12547e10vq.htm
0,2003-09-30,PHX,,Not found...,Q4,5349212.0,1034593.0,4314619.0,0.8065896434839375,0.0,1300810.0,0.0,0.0,0.0,3399786.0,0.0,0.0,3706029.0,0.6928177458661201,1949426.0,0.3336723240731532,189266.0,1784884.0,0.3336723240731532,334000.0,1450884.0,0.27123322089309604,0.0,0.0,0.0,0.0,,
0,2003-06-30,PHX,,,Q3,5662139.0,1014965.0,4647174.0,0.8207453049103881,0.0,747936.0,0.0,0.0,0.0,3297535.0,0.0,0.0,3899238.0,0.6886510557229344,2364604.0,0.38741242488042066,49877.0,2193583.0,0.38741242488042066,655000.0,1538583.0,0.2717317607356513,0.0925,0.09125,16633330,16861184,,
0,2003-03-31,PHX,,,Q2,6980939.0,1279481.0,5701458.0,0.8167179229040678,0.0,599506.0,0.0,0.0,0.0,3482038.0,0.0,0.0,5101952.0,0.7308403640255272,3498901.0,0.4761070108190317,29608.0,3323674.0,0.4761070108190317,1003000.0,2320674.0,0.3324300642076947,0.14,0.1375,16576243,16877629,,
0,2002-12-31,PHX,,,Q1,4463748.0,1153757.0,3309991.0,0.7415272994801678,0.0,710145.0,0.0,0.0,0.0,3445291.0,0.0,0.0,2599846.0,0.5824356572100396,1018457.0,0.18593813987707192,2744.0,829981.0,0.18593813987707192,225000.0,651481.0,0.14594932330409333,0.03875,0.03875,16812413,16812413,,
0,2002-09-30,PHX,2002-12-20 00:00:00,2002-12-20 15:31:23,Q4,3722018.0,1572835.0,2149183.0,0.5774241285238276,0.0,516816.0,0.0,0.0,0.0,2472941.0,0.0,0.0,3341641.0,0.8978035571026255,1249077.0,-0.019979215576066533,-1856597.0,-74363.0,-0.019979215576066533,-327717.0,253354.0,0.06806898838210884,0.0,0.0,0.0,0.0,https://www.sec.gov/Archives/edgar/data/315131/000095013402015912/0000950134-02-015912-index.html,https://www.sec.gov/Archives/edgar/data/315131/000095013402015912/d02142e10vk.txt
0,2002-06-30,PHX,2002-08-13 00:00:00,2002-08-13 15:32:35,Q3,3792994.0,628971.0,3164023.0,0.8341755879392374,0.0,454903.0,0.0,0.0,0.0,2954478.0,0.0,0.0,2487388.0,0.6557848496464798,838516.0,0.16443052638627956,17354.0,623684.0,0.16443052638627956,170000.0,453684.0,0.11961105132251725,0.0275,0.0275,16497600,16497600,https://www.sec.gov/Archives/edgar/data/315131/000095013402009725/0000950134-02-009725-index.html,https://www.sec.gov/Archives/edgar/data/315131/000095013402009725/d98959e10vq.txt
0,2002-03-31,PHX,2002-05-15 00:00:00,2002-05-15 14:29:56,Q2,2685308.0,516084.0,2169224.0,0.8078119902819342,0.0,650531.0,0.0,0.0,0.0,2916408.0,0.0,0.0,1346200.0,0.5013205189125419,-231100.0,-0.14785082381611345,3856.0,-397025.0,-0.14785082381611345,-109902.0,-287123.0,-0.10692367504956601,-0.0175,-0.0175,16407029,16407029,https://www.sec.gov/Archives/edgar/data/315131/000095013402005688/0000950134-02-005688-index.html,https://www.sec.gov/Archives/edgar/data/315131/000095013402005688/d96973e10-q.txt
0,2001-12-31,PHX,2002-02-14 00:00:00,2002-02-14 00:00:00,Q1,3204773.0,900345.0,2304428.0,0.7190612252412262,0.0,641658.0,0.0,0.0,0.0,3185280.0,0.0,0.0,1662770.0,0.5188417401170067,19493.0,-0.03190147944955852,35322.0,-102237.0,-0.03190147944955852,-25381.0,-76856.0,-0.02398172975121795,-0.005,-0.005,15371200,15371200,https://www.sec.gov/Archives/edgar/data/315131/000095013402001372/0000950134-02-001372-index.html,https://www.sec.gov/Archives/edgar/data/315131/000095013402001372/d94283e10-q.txt
0,2001-09-30,PHX,,,Q4,2596171.0,1538454.0,1057717.0,0.40741422656674003,0.0,205328.0,0.0,0.0,0.0,2249052.0,0.0,0.0,1543165.0,0.5944003688508962,347119.0,0.08207125031440533,0.0,213071.0,0.08207125031440533,50000.0,163071.0,0.06281211830807755,0.0,0.0,0.0,0.0,,
0,2001-06-30,PHX,,,Q3,2891595.0,431060.0,2460535.0,0.8509265647505961,0.0,472550.0,0.0,0.0,0.0,1549889.0,0.0,0.0,1761628.0,0.6092236291735185,1341706.0,0.47307281967218784,15937.0,1367935.0,0.47307281967218784,340000.0,1027935.0,0.3554906548116178,0.0625,0.06125,16446960,16782612,,
0,2001-03-31,PHX,,,Q2,3940975.0,329520.0,3611455.0,0.9163861734723007,0.0,544541.0,0.0,0.0,0.0,1566904.0,0.0,0.0,2758525.0,0.6999600352704597,2374071.0,0.6024070185677403,39500.0,2374071.0,0.6024070185677403,684000.0,1690071.0,0.42884590742138684,0.1025,0.10125,16488498,16692059,,
0,2000-12-31,PHX,,,Q1,3461416.0,631268.0,2830148.0,0.8176272369458049,0.0,467006.0,0.0,0.0,0.0,1561911.0,0.0,0.0,2363142.0,0.6827096194158692,1899505.0,0.552464656082944,0.0,1912310.0,0.552464656082944,526000.0,1386310.0,0.40050372448731963,0.08375,0.08375,16552955,16552955,,
0,2000-09-30,PHX,,,Q4,3027898.0,630314.0,2397584.0,0.7918311647221934,0.0,453752.0,0.0,0.0,0.0,1852276.0,0.0,0.0,1943832.0,0.6419740691397134,1175622.0,0.3709530505981377,0.0,1123208.0,0.3709530505981377,293000.0,830208.0,0.2741862506596986,0.0,0.0,0.0,0.0,,
0,2000-06-30,PHX,,,Q3,2385326.0,482180.0,1903146.0,0.7978557228655538,0.0,284382.0,0.0,0.0,0.0,1151920.0,0.0,0.0,1597919.0,0.6698954356762975,1233406.0,0.5256053051029503,20845.0,1253740.0,0.5256053051029503,310000.0,943740.0,0.39564403356186956,0.0575,0.0575,16412870,16412870,,
0,2000-03-31,PHX,,,Q2,2218882.0,503771.0,1715111.0,0.7729617888648428,0.0,306274.0,0.0,0.0,0.0,1229089.0,0.0,0.0,1389890.0,0.6263920298600827,989793.0,0.4519032557837686,18947.0,1002720.0,0.4519032557837686,280000.0,722720.0,0.32571358008222157,0.04375,0.04375,16519314,16519314,,
0,1999-12-31,PHX,,,Q1,1700000.0,400000.0,1300000.0,0.7647058823529411,0.0,400000.0,0.0,0.0,0.0,1300000.0,0.0,0.0,900000.0,0.5294117647058824,400000.0,0.0,0.0,0.0,0.0,0.0,400000.0,0.23529411764705882,0.0225,0.0225,17777778,17777778,,
0,1999-09-30,PHX,,,Q4,1600000.0,400000.0,1200000.0,0.75,0.0,300000.0,0.0,0.0,0.0,1300000.0,0.0,0.0,900000.0,0.5625,300000.0,0.0,0.0,0.0,0.0,0.0,400000.0,0.25,0.0,0.0,0.0,0.0,,
0,1999-06-30,PHX,,,Q3,1500000.0,400000.0,1100000.0,0.7333333333333333,0.0,300000.0,0.0,0.0,0.0,1100000.0,0.0,0.0,800000.0,0.5333333333333333,400000.0,0.3333333333333333,0.0,500000.0,0.3333333333333333,100000.0,400000.0,0.26666666666666666,0.025,0.025,16000000,16000000,,
0,1999-03-31,PHX,,,Q2,900000.0,400000.0,500000.0,0.5555555555555556,0.0,300000.0,0.0,0.0,0.0,1100000.0,0.0,0.0,200000.0,0.2222222222222222,-200000.0,0.0,0.0,0.0,0.0,0.0,-100000.0,-0.1111111111111111,-0.005,-0.005,20000000,20000000,,
0,1998-12-31,PHX,,,Q1,1000000.0,300000.0,700000.0,0.7,0.0,400000.0,0.0,0.0,0.0,1100000.0,0.0,0.0,300000.0,0.3,-100000.0,0.0,0.0,0.0,0.0,0.0,0.0,0.0,0.0,0.0,16391592,16391592,,
0,1998-09-30,PHX,,,Q4,900000.0,300000.0,600000.0,0.6666666666666666,0.0,200000.0,0.0,0.0,0.0,1000000.0,0.0,0.0,400000.0,0.4444444444444444,-100000.0,-0.1111111111111111,0.0,-100000.0,-0.1111111111111111,-200000.0,100000.0,0.1111111111111111,0.0,0.0,0.0,0.0,,
0,1998-06-30,PHX,,,Q3,1200000.0,300000.0,900000.0,0.75,0.0,200000.0,0.0,0.0,0.0,800000.0,0.0,0.0,700000.0,0.5833333333333334,400000.0,0.0,0.0,0.0,0.0,0.0,300000.0,0.25,0.01875,0.0175,16000000,17142857,,
0,1998-03-31,PHX,1998-05-13 00:00:00,1998-05-13 00:00:00,Q2,1300000.0,400000.0,900000.0,0.6923076923076923,0.0,300000.0,0.0,0.0,0.0,900000.0,0.0,0.0,600000.0,0.46153846153846156,400000.0,0.3076923076923077,0.0,400000.0,0.3076923076923077,100000.0,300000.0,0.23076923076923078,0.01875,0.01875,16000000,16000000,https://www.sec.gov/Archives/edgar/data/315131/000095013498004208/0000950134-98-004208-index.html,https://www.sec.gov/Archives/edgar/data/315131/0000950134-98-004208.txt
0,1997-12-31,PHX,,,Q1,1800000.0,300000.0,1500000.0,0.8333333333333334,0.0,400000.0,0.0,0.0,0.0,1100000.0,0.0,0.0,1100000.0,0.6111111111111112,700000.0,0.4444444444444444,0.0,800000.0,0.4444444444444444,200000.0,600000.0,0.3333333333333333,0.03625,0.03625,16551724,16551724,,
0,1997-09-30,PHX,,,Q4,1500000.0,300000.0,1200000.0,0.8,0.0,200000.0,0.0,0.0,0.0,1100000.0,0.0,0.0,1000000.0,0.6666666666666666,400000.0,0.2,0.0,300000.0,0.2,100000.0,200000.0,0.13333333333333333,0.0,0.0,0.0,0.0,,
0,1997-06-30,PHX,,,Q3,1500000.0,300000.0,1200000.0,0.8,0.0,200000.0,0.0,0.0,0.0,800000.0,0.0,0.0,1000000.0,0.6666666666666666,700000.0,0.4,0.0,600000.0,0.4,100000.0,500000.0,0.3333333333333333,0.03125,0.03125,16000000,16000000,,
0,1997-03-31,PHX,,,Q2,2500000.0,400000.0,2100000.0,0.84,0.0,200000.0,0.0,0.0,0.0,1000000.0,0.0,0.0,1900000.0,0.76,1500000.0,0.56,0.0,1400000.0,0.56,300000.0,1100000.0,0.44,0.06625,0.06625,16603774,16603774,,
0,1996-12-31,PHX,,,Q1,1600000.0,400000.0,1200000.0,0.75,0.0,300000.0,0.0,0.0,0.0,900000.0,0.0,0.0,900000.0,0.5625,700000.0,0.375,0.0,600000.0,0.375,100000.0,500000.0,0.3125,0.02875,0.02875,17391304,17391304,,
0,1996-09-30,PHX,,,Q4,1500000.0,300000.0,1200000.0,0.8,0.0,200000.0,0.0,0.0,0.0,900000.0,0.0,0.0,1000000.0,0.6666666666666666,600000.0,0.4666666666666667,0.0,700000.0,0.4666666666666667,100000.0,600000.0,0.4,0.0,0.0,0.0,0.0,,
0,1996-06-30,PHX,,,Q3,1600000.0,300000.0,1300000.0,0.8125,0.0,200000.0,0.0,0.0,0.0,900000.0,0.0,0.0,1100000.0,0.6875,700000.0,0.4375,0.0,700000.0,0.4375,200000.0,500000.0,0.3125,0.0325,0.0325,15384615,15384615,,
0,1996-03-31,PHX,,,Q2,1500000.0,300000.0,1200000.0,0.8,0.0,200000.0,0.0,0.0,0.0,800000.0,0.0,0.0,1100000.0,0.7333333333333333,700000.0,0.4,0.0,600000.0,0.4,100000.0,500000.0,0.3333333333333333,0.03125,0.03125,16000000,16000000,,
0,1995-12-31,PHX,,,Q1,1200000.0,200000.0,1000000.0,0.8333333333333334,0.0,300000.0,0.0,0.0,0.0,700000.0,0.0,0.0,700000.0,0.5833333333333334,500000.0,0.4166666666666667,0.0,500000.0,0.4166666666666667,100000.0,400000.0,0.3333333333333333,0.02125,0.02125,18823529,18823529,,
0,1995-09-30,PHX,,,Q4,1000000.0,300000.0,700000.0,0.7,0.0,200000.0,0.0,0.0,0.0,700000.0,0.0,0.0,500000.0,0.5,300000.0,0.0,0.0,0.0,0.0,0.0,200000.0,0.2,0.0,0.0,0.0,0.0,,
0,1995-06-30,PHX,,,Q3,800000.0,200000.0,600000.0,0.75,0.0,200000.0,0.0,0.0,0.0,600000.0,0.0,0.0,400000.0,0.5,200000.0,0.0,0.0,0.0,0.0,0.0,300000.0,0.375,0.0175,0.0175,17142857,17142857,,
