,date,symbol,fillingDate,acceptedDate,period,revenue,costOfRevenue,grossProfit,grossProfitRatio,researchAndDevelopmentExpenses,generalAndAdministrativeExpenses,sellingAndMarketingExpenses,otherExpenses,operatingExpenses,costAndExpenses,interestExpense,depreciationAndAmortization,ebitda,ebitdaratio,operatingIncome,operatingIncomeRatio,totalOtherIncomeExpensesNet,incomeBeforeTax,incomeBeforeTaxRatio,incomeTaxExpense,netIncome,netIncomeRatio,eps,epsdiluted,weightedAverageShsOut,weightedAverageShsOutDil,link,finalLink
0,2020-09-30,MXC,2020-11-05,2020-11-05 17:25:51,Q2,636042.0,453251.0,182791.0,0.28738825423478326,0.0,192360.0,0.0,0.0,7237.0,652848.0,13515.0,0.0,219629.0,0.3453058131381261,-16806.0,-0.06598620845793203,-11950.0,-41970.0,-0.06598620845793203,0.0,-41970.0,-0.06598620845793203,-0.02,-0.02,2040941.0,2040941.0,https://www.sec.gov/Archives/edgar/data/66418/000149315220020611/0001493152-20-020611-index.htm,https://www.sec.gov/Archives/edgar/data/66418/000149315220020611/form10-q.htm
0,2020-06-30,MXC,2020-08-06,2020-08-06 06:15:25,Q1,370456.0,395771.0,-25315.0,-0.06833470101712484,0.0,248878.0,0.0,0.0,7187.0,651836.0,11055.0,0.0,-57260.0,-0.15456626427969852,-281380.0,-0.8089219772388624,-7250.0,-299670.0,-0.8089219772388624,0.0,-299670.0,-0.8089219772388624,-0.15,-0.15,2040166.0,2040166.0,https://www.sec.gov/Archives/edgar/data/66418/000149315220014790/0001493152-20-014790-index.htm,https://www.sec.gov/Archives/edgar/data/66418/000149315220014790/form10-q.htm
0,2020-03-31,MXC,2020-06-26 00:00:00,2020-06-26 15:58:24,Q4,643287.0,421363.0,221924.0,0.3449844315212339,0.0,200830.0,0.0,0.0,6937.0,629130.0,12602.0,0.0,219973.0,0.3419515706053441,14157.0,0.0035738325195441537,0.0,2299.0,0.0035738325195441537,0.0,2299.0,0.0035738325195441537,0.0,0.0,0.0,0.0,https://www.sec.gov/Archives/edgar/data/66418/000149315220011905/0001493152-20-011905-index.html,https://www.sec.gov/Archives/edgar/data/66418/000149315220011905/form10-k.htm
0,2019-12-31,MXC,2020-02-12 00:00:00,2020-02-12 13:06:23,Q3,769778.0,478683.0,291095.0,0.3781544809022861,0.0,239346.0,0.0,0.0,6961.0,724990.0,10203.0,0.0,274161.0,0.3561559306709207,44788.0,0.0457222731748634,0.0,35196.0,0.0457222731748634,0.0,35196.0,0.0457222731748634,0.02,0.02,2040166.0,2040166.0,https://www.sec.gov/Archives/edgar/data/66418/000149315220002035/0001493152-20-002035-index.html,https://www.sec.gov/Archives/edgar/data/66418/000149315220002035/form10-q.htm
0,2019-09-30,MXC,2019-11-13 00:00:00,2019-11-13 15:48:15,Q2,625884.0,438771.0,187113.0,0.2989579538700462,0.0,255294.0,0.0,0.0,6590.0,700655.0,8495.0,0.0,135437.0,0.21639313355190418,-74771.0,-0.13227211432150365,0.0,-82787.0,-0.13227211432150365,0.0,-82787.0,-0.13227211432150365,-0.04,-0.04,2040166.0,2040166.0,https://www.sec.gov/Archives/edgar/data/66418/000149315219017018/0001493152-19-017018-index.html,https://www.sec.gov/Archives/edgar/data/66418/000149315219017018/form10-q.htm
0,2019-06-30,MXC,2019-08-14,2019-08-14 15:53:18,Q1,699591.0,429633.0,269958.0,0.38587974973949063,0.0,311061.0,0.0,0.0,6747.0,747441.0,6356.0,0.0,162408.0,0.23214706878733432,-47850.0,-0.07745382659296646,0.0,-54186.0,-0.07745382659296646,0.0,-54186.0,-0.07745382659296646,-0.03,-0.03,2040166.0,2040166.0,https://www.sec.gov/Archives/edgar/data/66418/000149315219009604/form10-k.htm,https://www.sec.gov/Archives/edgar/data/66418/000149315219009604/form10-k.htm
0,2019-03-31,MXC,2019-06-24 00:00:00,2019-06-24 13:13:54,Q4,579038.0,399660.0,179378.0,0.3097862316462823,0.0,201733.0,0.0,0.0,10905.0,612298.0,3613.0,0.0,151853.0,0.2622504913321751,-33260.0,-0.06272645318614668,0.0,-36321.0,-0.06272645318614668,0.0,-36321.0,-0.06272645318614668,0.0,0.0,0.0,0.0,https://www.sec.gov/Archives/edgar/data/66418/000149315219009604/0001493152-19-009604-index.html,https://www.sec.gov/Archives/edgar/data/66418/000149315219009604/form10-k.htm
0,2018-12-31,MXC,2019-02-12 00:00:00,2019-02-12 17:31:52,Q3,644316.0,407994.0,236322.0,0.36677965470359264,0.0,234987.0,0.0,0.0,9464.0,652445.0,4951.0,0.0,188081.0,0.2919080078719138,-8129.0,-0.020294389709397252,0.0,-13076.0,-0.020294389709397252,0.0,-13076.0,-0.020294389709397252,-0.01,-0.01,2040166.0,2040166.0,https://www.sec.gov/Archives/edgar/data/66418/000149315219001780/0001493152-19-001780-index.html,https://www.sec.gov/Archives/edgar/data/66418/000149315219001780/form10-q.htm
0,2018-09-30,MXC,2018-11-09 00:00:00,2018-11-08 18:45:28,Q2,714508.0,456161.0,258347.0,0.36157327839576325,0.0,226169.0,0.0,0.0,3771.0,686101.0,6446.0,0.0,234060.0,0.3275820564640284,28407.0,0.030833804520033366,0.0,22031.0,0.030833804520033366,0.0,22031.0,0.030833804520033366,0.01,0.01,2040052.0,2040052.0,https://www.sec.gov/Archives/edgar/data/66418/000149315218015508/0001493152-18-015508-index.html,https://www.sec.gov/Archives/edgar/data/66418/000149315218015508/form10-q.htm
0,2018-06-30,MXC,2018-08-10 00:00:00,2018-08-10 11:18:29,Q1,749011.0,475010.0,274001.0,0.3658170574263929,0.0,249038.0,0.0,0.0,3635.0,727683.0,6921.0,0.0,237416.0,0.3169726479317393,21328.0,0.01925205370815649,0.0,14420.0,0.01925205370815649,0.0,14420.0,0.01925205370815649,0.01,0.01,2037266.0,2037266.0,https://www.sec.gov/Archives/edgar/data/66418/000149315218011323/0001493152-18-011323-index.html,https://www.sec.gov/Archives/edgar/data/66418/000149315218011323/form10-q.htm
0,2018-03-31,MXC,2018-06-27 00:00:00,2018-06-26 18:28:00,Q4,763532.0,292730.0,470802.0,0.616610698700251,0.0,190091.0,0.0,0.0,6264.0,489085.0,10227.0,0.0,310541.0,0.40671641791044777,274447.0,0.34636531278322324,0.0,264461.0,0.34636531278322324,0.0,264461.0,0.34636531278322324,0.0,0.0,0.0,0.0,https://www.sec.gov/Archives/edgar/data/66418/000149315218009240/0001493152-18-009240-index.html,https://www.sec.gov/Archives/edgar/data/66418/000149315218009240/form10-k.htm
0,2017-12-31,MXC,2018-02-12 00:00:00,2018-02-12 16:30:48,Q3,654931.0,496666.0,158265.0,0.24165141060661352,0.0,225528.0,0.0,0.0,8639.0,730833.0,25360.0,0.0,171933.0,0.26252078463227424,-75902.0,-0.1545628470785472,0.0,-101228.0,-0.1545628470785472,0.0,-101228.0,-0.1545628470785472,-0.05,-0.05,2037266.0,2037266.0,https://www.sec.gov/Archives/edgar/data/66418/000149315218001874/0001493152-18-001874-index.html,https://www.sec.gov/Archives/edgar/data/66418/000149315218001874/form10q.htm
0,2017-09-30,MXC,2017-11-14 00:00:00,2017-11-14 12:26:58,Q2,619088.0,540349.0,78739.0,0.1271854728245419,0.0,232869.0,0.0,0.0,8308.0,781526.0,26734.0,0.0,123071.0,0.19879403251234073,-162438.0,-0.3055623756234978,0.0,-189170.0,-0.3055623756234978,0.0,-189170.0,-0.3055623756234978,-0.09,-0.09,2037266.0,2037266.0,https://www.sec.gov/Archives/edgar/data/66418/000149315217013077/0001493152-17-013077-index.html,https://www.sec.gov/Archives/edgar/data/66418/000149315217013077/form10-q.htm
0,2017-06-30,MXC,2017-08-09 00:00:00,2017-08-09 17:15:48,Q1,667684.0,621121.0,46563.0,0.06973807969039246,0.0,306659.0,0.0,0.0,8249.0,936029.0,27216.0,0.0,42922.0,0.06428490124070668,-268345.0,-0.44265251226628166,0.0,-295552.0,-0.44265251226628166,0.0,-295552.0,-0.44265251226628166,-0.15,-0.15,2037266.0,2037266.0,https://www.sec.gov/Archives/edgar/data/66418/000149315217008762/0001493152-17-008762-index.html,https://www.sec.gov/Archives/edgar/data/66418/000149315217008762/form10-q.htm
0,2017-03-31,MXC,2017-06-28 00:00:00,2017-06-27 19:40:34,Q4,684204.0,454379.0,229825.0,0.33590128090452553,0.0,195784.0,0.0,0.0,8804.0,658967.0,28741.0,0.0,323072.0,0.47218665778042807,25237.0,-0.005048201998234444,0.0,-3454.0,-0.005048201998234444,0.0,-3454.0,-0.005048201998234444,0.0,0.0,0.0,0.0,https://www.sec.gov/Archives/edgar/data/66418/000149315217007227/0001493152-17-007227-index.html,https://www.sec.gov/Archives/edgar/data/66418/000149315217007227/form10-k.htm
0,2016-12-31,MXC,2017-02-09 00:00:00,2017-02-09 15:26:40,Q3,590134.0,508257.0,81877.0,0.13874306513435933,0.0,199995.0,0.0,0.0,9248.0,717500.0,32378.0,0.0,146522.0,0.24828598250566822,-127366.0,-0.27068597979441955,0.0,-159741.0,-0.27068597979441955,0.0,-159741.0,-0.27068597979441955,-0.08,-0.08,2037266.0,2037266.0,https://www.sec.gov/Archives/edgar/data/66418/000149315217001254/0001493152-17-001254-index.html,https://www.sec.gov/Archives/edgar/data/66418/000149315217001254/form10-q.htm
0,2016-09-30,MXC,2016-11-10 00:00:00,2016-11-10 16:58:19,Q2,580842.0,523918.0,56924.0,0.09800255491166272,0.0,236367.0,0.0,0.0,8895.0,769180.0,49573.0,0.0,109041.0,0.18772919313685993,-188338.0,-0.4095812630629328,0.0,-237902.0,-0.4095812630629328,0.0,-237902.0,-0.4095812630629328,-0.12,-0.12,2037266.0,2037266.0,https://www.sec.gov/Archives/edgar/data/66418/000149315216014759/0001493152-16-014759-index.html,https://www.sec.gov/Archives/edgar/data/66418/000149315216014759/form10-q.htm
0,2016-06-30,MXC,2016-08-10 00:00:00,2016-08-10 11:45:57,Q1,670183.0,569326.0,100857.0,0.15049173136292623,0.0,344246.0,0.0,0.0,8796.0,922368.0,41434.0,0.0,56360.0,0.08409643336223091,-252185.0,-0.4378744313120446,0.0,-293456.0,-0.4378744313120446,0.0,-293456.0,-0.4378744313120446,-0.14,-0.14,2037266.0,2037266.0,https://www.sec.gov/Archives/edgar/data/66418/000149315216012157/0001493152-16-012157-index.html,https://www.sec.gov/Archives/edgar/data/66418/000149315216012157/form10-q.htm
0,2016-03-31,MXC,2016-06-29 00:00:00,2016-06-28 17:50:50,Q4,445484.0,603091.0,-157607.0,-0.353788239308258,0.0,223638.0,0.0,0.0,8761.0,835490.0,43682.0,0.0,-61673.0,-0.1384404378159485,-390006.0,-0.973045047633585,0.0,-433476.0,-0.973045047633585,0.0,-433476.0,-0.973045047633585,0.0,0.0,0.0,0.0,https://www.sec.gov/Archives/edgar/data/66418/000149315216011127/0001493152-16-011127-index.html,https://www.sec.gov/Archives/edgar/data/66418/000149315216011127/form10-k.htm
0,2015-12-31,MXC,2016-02-12 00:00:00,2016-02-12 13:07:39,Q3,544870.0,662506.0,-117636.0,-0.21589737001486592,0.0,272936.0,0.0,0.0,8797.0,944239.0,43413.0,0.0,-23054.0,-0.04231100996567989,-399369.0,-4.759070971057317,-2150621.0,-2593075.0,-4.759070971057317,-147539.0,-2445536.0,-4.4882926202580435,-1.2,-1.2,2037266.0,2037266.0,https://www.sec.gov/Archives/edgar/data/66418/000149315216007348/0001493152-16-007348-index.html,https://www.sec.gov/Archives/edgar/data/66418/000149315216007348/form10-q.htm
0,2015-09-30,MXC,2015-11-13 00:00:00,2015-11-13 10:12:22,Q2,728829.0,735643.0,-6814.0,-0.009349243786951397,0.0,244863.0,0.0,0.0,8813.0,989319.0,43415.0,0.0,190161.0,0.2609130536792581,-260490.0,-1.560984812624086,-833789.0,-1137691.0,-1.560984812624086,-361384.0,-776307.0,-1.065142852438638,-0.38,-0.38,2037266.0,2037266.0,https://www.sec.gov/Archives/edgar/data/66418/000149315215005397/0001493152-15-005397-index.html,https://www.sec.gov/Archives/edgar/data/66418/000149315215005397/form10-q.htm
0,2015-06-30,MXC,2015-08-11 00:00:00,2015-08-10 17:47:36,Q1,702609.0,715560.0,-12951.0,-0.01843272716404145,0.0,413746.0,0.0,0.0,8784.0,1138090.0,40865.0,0.0,-17466.0,-0.024858776360678556,-435481.0,-0.6779204365443654,0.0,-476313.0,-0.6779204365443654,-151947.0,-324366.0,-0.4616593297267755,-0.16,-0.16,2037266.0,2037266.0,https://www.sec.gov/Archives/edgar/data/66418/000139834415005120/0001398344-15-005120-index.html,https://www.sec.gov/Archives/edgar/data/66418/000139834415005120/fp0015400_10q.htm
0,2015-03-31,MXC,2015-06-26 00:00:00,2015-06-25 17:57:29,Q4,566389.0,672227.0,-105838.0,-0.18686450478381467,0.0,296225.0,0.0,0.0,10269.0,978721.0,38617.0,0.0,-26103.0,-0.04608670013012258,-412332.0,-0.7887070546920932,4198.0,-446715.0,-0.7887070546920932,-175740.0,-270975.0,-0.47842560501704656,0.0,0.0,0.0,0.0,https://www.sec.gov/Archives/edgar/data/66418/000139834415004031/0001398344-15-004031-index.html,https://www.sec.gov/Archives/edgar/data/66418/000139834415004031/fp0014808_10k.htm
0,2014-12-31,MXC,2015-02-13,2015-02-13 14:27:46,Q3,799684.0,730596.0,69088.0,0.08639412567964345,0.0,301193.0,0.0,0.0,8119.0,1039908.0,29077.0,0.0,112938.0,0.1412282851726432,-240224.0,-0.23656469305375624,80120.0,-189177.0,-0.23656469305375624,-13856.0,-175321.0,-0.21923784895033538,-0.09,-0.09,2038266.0,2038266.0,https://www.sec.gov/Archives/edgar/data/66418/000139834415000966/fp0013198_10q.htm,https://www.sec.gov/Archives/edgar/data/66418/000139834415000966/fp0013198_10q.htm
0,2014-09-30,MXC,2014-11-13 00:00:00,2014-11-13 17:16:54,Q2,1006099.0,649267.0,356832.0,0.3546688745342158,0.0,291994.0,0.0,0.0,4710.0,945971.0,15776.0,0.0,382826.0,0.38050529818636136,60128.0,0.09515365784082878,51380.0,95734.0,0.09515365784082878,9478.0,86256.0,0.08573311373930398,0.04,0.04,2038266.0,2053158.0,https://www.sec.gov/Archives/edgar/data/66418/000139834414005868/0001398344-14-005868-index.html,https://www.sec.gov/Archives/edgar/data/66418/000139834414005868/fp0012168_10q.htm
0,2014-06-30,MXC,2014-08-06 00:00:00,2014-08-06 14:58:20,Q1,1017834.0,611593.0,406241.0,0.39912303970981516,0.0,350337.0,0.0,0.0,4835.0,966765.0,15770.0,0.0,351886.0,0.3457204219941562,51069.0,0.001643686495047326,-33628.0,1673.0,0.001643686495047326,-17381.0,19054.0,0.018720144935225193,0.01,0.01,2038266.0,2054847.0,https://www.sec.gov/Archives/edgar/data/66418/000139834414003932/0001398344-14-003932-index.html,https://www.sec.gov/Archives/edgar/data/66418/000139834414003932/fp0011171_10q.htm
0,2014-03-31,MXC,2014-06-25 00:00:00,2014-06-25 16:13:42,Q4,961944.0,598799.0,363145.0,0.37751158071571733,0.0,263366.0,0.0,0.0,11355.0,873520.0,11702.0,0.0,368888.0,0.3834817827233186,88424.0,0.05905229410443851,-19978.0,56805.0,0.05905229410443851,54533.0,2272.0,0.0023618838518666366,0.0,0.0,0.0,0.0,https://www.sec.gov/Archives/edgar/data/66418/000139834414003336/0001398344-14-003336-index.html,https://www.sec.gov/Archives/edgar/data/66418/000139834414003336/fp0010749_10k.htm
0,2013-12-31,MXC,2014-02-14,2014-02-13 18:18:12,Q3,962026.0,569385.0,392641.0,0.40813969684811013,0.0,275489.0,0.0,0.0,11074.0,855948.0,15353.0,0.0,383639.0,0.39878236139148004,106078.0,0.10200659857425891,7404.0,98133.0,0.10200659857425891,9474.0,88659.0,0.09215863188728787,0.04,0.04,2036866.0,2043372.0,https://www.sec.gov/Archives/edgar/data/66418/000139834414001020/fp0009572_10q.htm,https://www.sec.gov/Archives/edgar/data/66418/000139834414001020/fp0009572_10q.htm
0,2013-09-30,MXC,2013-11-12 00:00:00,2013-11-12 17:28:12,Q2,1121446.0,611443.0,510003.0,0.4547726774182618,0.0,286615.0,0.0,0.0,11020.0,909078.0,18202.0,0.0,510962.0,0.4556278233637643,212368.0,0.12035889378534499,-59295.0,134976.0,0.12035889378534499,-59075.0,194051.0,0.1730364190518313,0.1,0.1,2036866.0,2039108.0,https://www.sec.gov/Archives/edgar/data/66418/000139834413005311/0001398344-13-005311-index.html,https://www.sec.gov/Archives/edgar/data/66418/000139834413005311/fp0008664_10q.htm
0,2013-06-30,MXC,2013-07-01 00:00:00,2013-07-01 17:13:34,Q1,996525.0,603669.0,392856.0,0.39422593512455784,0.0,311470.0,0.0,0.0,10917.0,926056.0,20130.0,0.0,365504.0,0.36677855548029403,70469.0,0.02302902586488046,-27392.0,22949.0,0.02302902586488046,6818.0,16131.0,0.01618725069616919,0.01,0.01,2036866.0,2038491.0,https://www.sec.gov/Archives/edgar/data/66418/000139834413003018/0001398344-13-003018-index.html,https://www.sec.gov/Archives/edgar/data/66418/000139834413003018/fp0007504_10k.htm
0,2013-03-31,MXC,2013-07-01 00:00:00,2013-07-01 17:13:34,Q4,935089.0,611580.0,323509.0,0.3459659989583879,0.0,249685.0,0.0,0.0,10554.0,871819.0,19128.0,0.0,388978.0,0.41597965541247944,63270.0,0.04730993520402871,0.0,44239.0,0.04730993520402871,118579.0,-74340.0,-0.07950045396748331,0.0,0.0,0.0,0.0,https://www.sec.gov/Archives/edgar/data/66418/000139834413003018/0001398344-13-003018-index.html,https://www.sec.gov/Archives/edgar/data/66418/000139834413003018/fp0007504_10k.htm
0,2012-12-31,MXC,2013-02-14 00:00:00,2013-02-14 16:42:24,Q3,790604.0,609210.0,181394.0,0.2294372403883613,0.0,250183.0,0.0,0.0,9680.0,869073.0,13078.0,0.0,205031.0,0.25933463529149864,-78469.0,-0.1157912178536916,0.0,-91545.0,-0.1157912178536916,-51965.0,-39580.0,-0.05006298981538166,-0.02,-0.02,2036938.0,2036938.0,https://www.sec.gov/Archives/edgar/data/66418/000139834413000876/0001398344-13-000876-index.html,https://www.sec.gov/Archives/edgar/data/66418/000139834413000876/fp0006430_10q.htm
0,2012-09-30,MXC,2012-11-13 00:00:00,2012-11-13 15:13:33,Q2,743601.0,254513.0,489088.0,0.6577290778253392,0.0,246312.0,0.0,0.0,0.0,760605.0,10767.0,0.0,242776.0,0.32648691973249094,-17004.0,-0.037346641545667636,0.0,-27771.0,-0.037346641545667636,-28534.0,763.0,0.001026087915427763,0.0,0.0,2035949.0,2038240.0,https://www.sec.gov/Archives/edgar/data/66418/000139834412003508/0001398344-12-003508-index.html,https://www.sec.gov/Archives/edgar/data/66418/000139834412003508/fp0005752_10q.htm
0,2012-06-30,MXC,2012-08-09 00:00:00,2012-08-09 17:27:34,Q1,627121.0,215850.0,411271.0,0.6558080498021913,0.0,301807.0,0.0,0.0,0.0,749193.0,10859.0,0.0,109594.0,0.1747573434791691,-122072.0,-0.21176296121482138,0.0,-132801.0,-0.21176296121482138,-69584.0,-63217.0,-0.1008051077862167,-0.03,-0.03,2035949.0,2035949.0,https://www.sec.gov/Archives/edgar/data/66418/000139834412002540/0001398344-12-002540-index.html,https://www.sec.gov/Archives/edgar/data/66418/000139834412002540/fp0005284_10q.htm
0,2012-03-31,MXC,2012-06-29 00:00:00,2012-06-29 15:50:16,Q4,757624.0,228667.0,528957.0,0.6981787799752912,0.0,236419.0,0.0,0.0,0.0,758929.0,6105.0,0.0,292592.0,0.386196846984784,-1305.0,-0.009709301711667001,0.0,-7356.0,-0.009709301711667001,-102731.0,95375.0,0.12588698351688965,0.0,0.0,0.0,0.0,https://www.sec.gov/Archives/edgar/data/66418/000139834412002115/0001398344-12-002115-index.html,https://www.sec.gov/Archives/edgar/data/66418/000139834412002115/fp0005036_10k.htm
0,2011-12-31,MXC,2012-02-14 00:00:00,2012-02-14 17:25:47,Q3,757560.0,233317.0,524243.0,0.6920151539152014,0.0,237225.0,0.0,0.0,0.0,693723.0,5854.0,0.0,287066.0,0.37893500184803847,63837.0,0.07660119330482074,0.0,58030.0,0.07660119330482074,7069.0,50961.0,0.06726991921431966,0.03,0.03,2026011.0,2031453.0,https://www.sec.gov/Archives/edgar/data/66418/000139834412000600/0001398344-12-000600-index.html,https://www.sec.gov/Archives/edgar/data/66418/000139834412000600/fp0004169_10q.htm
0,2011-09-30,MXC,2011-11-14 00:00:00,2011-11-14 09:11:29,Q2,815761.0,236330.0,579431.0,0.7102950496530234,0.0,233959.0,0.0,0.0,0.0,704295.0,5961.0,0.0,345564.0,0.4236093659785158,111466.0,0.1294460019540037,0.0,105597.0,0.1294460019540037,26325.0,79272.0,0.0971755207714024,0.04,0.04,2029926.0,2036476.0,https://www.sec.gov/Archives/edgar/data/66418/000139834411002623/0001398344-11-002623-index.html,https://www.sec.gov/Archives/edgar/data/66418/000139834411002623/fp0003703_10q.htm
0,2011-06-30,MXC,2011-08-12 00:00:00,2011-08-12 11:08:52,Q1,909094.0,227902.0,681192.0,0.749308652350582,0.0,279338.0,0.0,0.0,0.0,752414.0,10919.0,0.0,401855.0,0.44203899706740996,156680.0,0.16033765485197352,0.0,145762.0,0.16033765485197352,41377.0,104385.0,0.11482310960142736,0.05,0.05,2029949.0,2046061.0,https://www.sec.gov/Archives/edgar/data/66418/000139834411001820/0001398344-11-001820-index.html,https://www.sec.gov/Archives/edgar/data/66418/000139834411001820/fp0003275_10q.htm
0,2011-03-31,MXC,2011-06-29 00:00:00,2011-06-29 17:20:16,Q4,780250.0,203782.0,576468.0,0.7388247356616469,0.0,203636.0,0.0,0.0,0.0,692073.0,11014.0,0.0,373156.0,0.4782518423582185,88177.0,0.09931047741108619,0.0,77487.0,0.09931047741108619,24505.0,52982.0,0.06790387696251202,0.0,0.0,0.0,0.0,https://www.sec.gov/Archives/edgar/data/66418/000139834411001386/0001398344-11-001386-index.html,https://www.sec.gov/Archives/edgar/data/66418/000139834411001386/fp0003070_10k.htm
0,2010-12-31,MXC,2011-02-14,2011-02-14 19:24:07,Q3,756576.0,200785.0,555791.0,0.734613574842448,0.0,243626.0,0.0,0.0,0.0,688476.0,15151.0,0.0,312175.0,0.4126155204500275,68100.0,0.06999825529755108,0.0,52959.0,0.06999825529755108,26061.0,26898.0,0.03555227762974242,0.01,0.01,1947370.0,1961041.0,https://www.sec.gov/Archives/edgar/data/66418/000139834411000397/fp0002536_10q.htm,https://www.sec.gov/Archives/edgar/data/66418/000139834411000397/fp0002536_10q.htm
0,2010-09-30,MXC,2010-11-15 00:00:00,2010-11-15 15:38:19,Q2,788639.0,253138.0,535501.0,0.6790191710021949,0.0,208088.0,0.0,0.0,0.0,728917.0,6857.0,0.0,327435.0,0.4151899665119275,59722.0,0.06706110146721124,0.0,52887.0,0.06706110146721124,-17153.0,70040.0,0.08881123048695284,0.04,0.04,1935199.0,1945893.0,https://www.sec.gov/Archives/edgar/data/66418/000139834410001477/0001398344-10-001477-index.html,https://www.sec.gov/Archives/edgar/data/66418/000139834410001477/fp0002251_10q.htm
0,2010-06-30,MXC,2010-08-12 00:00:00,2010-08-12 17:23:53,Q1,836393.0,368227.0,468166.0,0.5597440437688981,0.0,256569.0,0.0,0.0,0.0,876291.0,3339.0,0.0,211601.0,0.25299231342203965,-39898.0,-0.051689815672775835,0.0,-43233.0,-0.051689815672775835,-49009.0,5776.0,0.006905844501328921,0.0,0.0,1922152.0,1946847.0,https://www.sec.gov/Archives/edgar/data/66418/000139834410001050/0001398344-10-001050-index.html,https://www.sec.gov/Archives/edgar/data/66418/000139834410001050/fp0001955_10q.htm
0,2010-03-31,MXC,2010-06-29 00:00:00,2010-06-29 17:21:01,Q4,976116.0,274845.0,701271.0,0.7184299816825049,0.0,249672.0,0.0,0.0,0.0,846184.0,6205.0,0.0,451749.0,0.4628025767429281,129932.0,0.126908072401231,0.0,123877.0,0.126908072401231,-19470.0,143347.0,0.14685447221436795,0.0,0.0,0.0,0.0,https://www.sec.gov/Archives/edgar/data/66418/000139834410000852/0001398344-10-000852-index.html,https://www.sec.gov/Archives/edgar/data/66418/000139834410000852/fp0001796_10k.htm
0,2009-12-31,MXC,2010-02-10 00:00:00,2010-02-10 12:40:11,Q3,865169.0,269154.0,596015.0,0.6889000877285247,0.0,206490.0,0.0,0.0,0.0,728584.0,8516.0,0.0,389625.0,0.4503455394264011,136585.0,0.1481433107288865,0.0,128169.0,0.1481433107288865,-38976.0,167145.0,0.19319346855932193,0.09,0.09,1891866.0,1946076.0,https://www.sec.gov/Archives/edgar/data/66418/000139834410000208/0001398344-10-000208-index.html,https://www.sec.gov/Archives/edgar/data/66418/000139834410000208/fp0001352_10q.htm
0,2009-09-30,MXC,2009-11-13 00:00:00,2009-11-12 18:56:10,Q2,746294.0,269251.0,477043.0,0.6392159122276208,0.0,206108.0,0.0,0.0,0.0,750431.0,8737.0,0.0,270996.0,0.36312230836640785,-4137.0,-0.017168836946297304,0.0,-12813.0,-0.017168836946297304,-171163.0,158350.0,0.21218179430626535,0.08,0.08,1883248.0,1942514.0,https://www.sec.gov/Archives/edgar/data/66418/000139834409001078/0001398344-09-001078-index.html,https://www.sec.gov/Archives/edgar/data/66418/000139834409001078/fp0001128_10q.htm
0,2009-06-30,MXC,2009-08-14 00:00:00,2009-08-14 16:10:08,Q1,658177.0,240973.0,417204.0,0.6338781209309957,0.0,239913.0,0.0,0.0,0.0,744348.0,9624.0,0.0,177457.0,0.26961896268025165,-86171.0,-0.1452937431724293,0.0,-95629.0,-0.1452937431724293,-27626.0,-68003.0,-0.10332023148788244,-0.04,-0.04,1878616.0,1878616.0,https://www.sec.gov/Archives/edgar/data/66418/000139834409000841/0001398344-09-000841-index.html,https://www.sec.gov/Archives/edgar/data/66418/000139834409000841/fp0000953_10q.htm
0,2009-03-31,MXC,2009-06-25 00:00:00,2009-06-25 15:50:13,Q4,717222.0,0.0,0.0,0.0,0.0,231332.0,0.0,0.0,0.0,769727.0,0.0,0.0,244116.0,0.3403632348143253,-52505.0,-0.08774131301047654,0.0,-62930.0,-0.08774131301047654,-52095.0,-10835.0,-0.015106898561393823,0.0,0.0,0.0,0.0,https://www.sec.gov/Archives/edgar/data/66418/000139834409000642/0001398344-09-000642-index.html,https://www.sec.gov/Archives/edgar/data/66418/000139834409000642/fp0000806_10k.htm
0,2008-12-31,MXC,2009-02-12 00:00:00,2009-02-12 15:02:55,Q3,927644.0,0.0,0.0,0.0,0.0,193102.0,0.0,0.0,245027.0,709659.0,0.0,0.0,489515.0,0.5276970475742849,217985.0,0.21653673176347824,0.0,200869.0,0.21653673176347824,69368.0,131501.0,0.14175804511213352,0.07,0.07,1874866.0,1938746.0,https://www.sec.gov/Archives/edgar/data/66418/000139834409000153/0001398344-09-000153-index.html,https://www.sec.gov/Archives/edgar/data/66418/000139834409000153/fp0000479_10q.htm
0,2008-09-30,MXC,2008-11-14 00:00:00,2008-11-14 16:16:52,Q2,1601806.0,0.0,0.0,0.0,0.0,199239.0,0.0,0.0,365019.0,805220.0,0.0,0.0,1037548.0,0.6477363675750996,796586.0,0.485329059823724,0.0,777403.0,0.485329059823724,266288.0,511115.0,0.3190867058807371,0.27,0.26,1873127.0,1975453.0,https://www.sec.gov/Archives/edgar/data/66418/000139834408000430/0001398344-08-000430-index.html,https://www.sec.gov/Archives/edgar/data/66418/000139834408000430/mexco_10q-0908.htm
0,2008-06-30,MXC,2008-08-14 00:00:00,2008-08-13 18:14:23,Q1,1679320.0,0.0,0.0,0.0,0.0,281661.0,0.0,0.0,341926.0,862431.0,0.0,0.0,1055833.0,0.6287265083486173,816889.0,0.4665519376890646,0.0,783490.0,0.4665519376890646,244701.0,538789.0,0.3208376009337113,0.31,0.29,1762190.0,1869075.0,https://www.sec.gov/Archives/edgar/data/66418/000114420408046402/0001144204-08-046402-index.html,https://www.sec.gov/Archives/edgar/data/66418/000114420408046402/v123024_10q.htm
0,2008-03-31,MXC,2008-06-23 00:00:00,2008-06-23 17:22:15,Q4,1252903.0,0.0,0.0,0.0,0.0,185595.0,0.0,0.0,205471.0,639161.0,0.0,0.0,861837.0,0.6878720858677807,613742.0,0.4539633155958602,0.0,568772.0,0.4539633155958602,102292.0,466480.0,0.37231932559823067,0.0,0.0,0.0,0.0,https://www.sec.gov/Archives/edgar/data/66418/000114420408036395/0001144204-08-036395-index.html,https://www.sec.gov/Archives/edgar/data/66418/000114420408036395/v117955_10k.htm
0,2007-12-31,MXC,2008-02-15,2008-02-14 17:32:23,Q3,955080.0,0.0,0.0,0.0,0.0,187648.0,0.0,0.0,247387.0,609877.0,0.0,0.0,520045.0,0.5445041253088746,345203.0,0.3388009381413075,0.0,323582.0,0.3388009381413075,102468.0,221114.0,0.23151359048456674,0.13,0.12,1700877.0,1842617.0,https://www.sec.gov/Archives/edgar/data/66418/000114420408009802/v103836_10q.htm,https://www.sec.gov/Archives/edgar/data/66418/000114420408009802/v103836_10q.htm
0,2007-09-30,MXC,2007-11-14 00:00:00,2007-11-14 16:52:05,Q2,841108.0,0.0,0.0,0.0,0.0,178918.0,0.0,0.0,474049.0,836764.0,0.0,0.0,188141.0,0.22368233330321433,4344.0,-0.016946694122514587,0.0,-14254.0,-0.016946694122514587,-5498.0,-8756.0,-0.010410078135031411,-0.00494,-0.00494,1740300.0,1740300.0,https://www.sec.gov/Archives/edgar/data/66418/000114420407061650/0001144204-07-061650-index.html,https://www.sec.gov/Archives/edgar/data/66418/000114420407061650/v093813_10-q.htm
0,2007-06-30,MXC,2007-08-14 00:00:00,2007-08-14 17:04:37,Q1,850317.0,0.0,0.0,0.0,0.0,269624.0,0.0,0.0,339661.0,782169.0,0.0,0.0,241032.0,0.28346134441625886,68148.0,0.06249198828201718,0.0,53138.0,0.06249198828201718,18332.0,34806.0,0.040932969704239715,0.02,0.02,1740300.0,1740300.0,https://www.sec.gov/Archives/edgar/data/66418/000114420407043653/0001144204-07-043653-index.html,https://www.sec.gov/Archives/edgar/data/66418/000114420407043653/v084409_10-q.htm
0,2007-03-31,MXC,2007-06-29 00:00:00,2007-06-29 17:04:14,Q4,755352.0,0.0,0.0,0.0,0.0,215977.0,0.0,0.0,236028.0,645246.0,0.0,0.0,303347.0,0.4015968713924104,110106.0,0.14140559633124689,0.0,106811.0,0.14140559633124689,-76669.0,183480.0,0.2429066183713024,0.0,0.0,0.0,0.0,https://www.sec.gov/Archives/edgar/data/66418/000114420407034489/0001144204-07-034489-index.html,https://www.sec.gov/Archives/edgar/data/66418/000114420407034489/v079592_10k.htm
0,2006-12-31,MXC,,,Q3,663198.0,0.0,0.0,0.0,0.0,176791.0,0.0,0.0,224366.0,553292.0,0.0,0.0,262041.0,0.39511729528738027,109906.0,0.16267087657079787,0.0,107883.0,0.16267087657079787,40803.0,67080.0,0.10114626401165262,0.04,0.04,1677000.0,1677000.0,,
0,2006-09-30,MXC,,,Q2,775588.0,0.0,0.0,0.0,0.0,174919.0,0.0,0.0,213828.0,545668.0,0.0,0.0,386841.0,0.498771254841488,229920.0,0.2910888255104514,0.0,225765.0,0.2910888255104514,95231.0,130534.0,0.1683032744188925,0.07,0.07,1864771.0,1864771.0,,
0,2006-06-30,MXC,,,Q1,777579.0,0.0,0.0,0.0,0.0,261493.0,0.0,0.0,220613.0,632635.0,0.0,0.0,295473.0,0.3799909719784099,144944.0,0.1798852592469704,0.0,139875.0,0.1798852592469704,-87415.0,227290.0,0.29230470473096626,0.13,0.12,1748385.0,1894083.0,,
0,2006-03-31,MXC,,,Q4,868729.0,0.0,0.0,0.0,0.0,247854.0,0.0,0.0,462004.0,962103.0,0.0,0.0,158871.0,0.1828775141614934,-93374.0,-0.08884588864881914,0.0,-77183.0,-0.08884588864881914,-64739.0,-12444.0,-0.01432437503525265,0.0,0.0,0.0,0.0,,
0,2005-12-31,MXC,2006-02-10 00:00:00,2006-02-10 16:03:55,Q3,1111911.0,0.0,0.0,0.0,0.0,193997.0,0.0,0.0,229735.0,553130.0,0.0,0.0,688179.0,0.6189155427008097,558781.0,0.4828749783031196,0.0,536914.0,0.4828749783031196,182306.0,354608.0,0.3189176112116887,0.2,0.19,1773040.0,1866358.0,https://www.sec.gov/Archives/edgar/data/66418/000114420406005134/0001144204-06-005134-index.html,https://www.sec.gov/Archives/edgar/data/66418/000114420406005134/v035185_mexco-10q.txt
0,2005-09-30,MXC,,,Q2,935911.0,0.0,0.0,0.0,0.0,180079.0,0.0,0.0,249231.0,567353.0,0.0,0.0,512381.0,0.547467654509884,368558.0,0.36373650913388134,-5780.0,340425.0,0.36373650913388134,54702.0,285723.0,0.30528864389883226,0.16,0.15,1785769.0,1904820.0,,
0,2005-06-30,MXC,,,Q1,803092.0,0.0,0.0,0.0,0.0,195403.0,0.0,0.0,176445.0,510527.0,0.0,0.0,437029.0,0.5441829827715878,292565.0,0.3247311640509431,-5785.0,260789.0,0.3247311640509431,99871.0,160918.0,0.2003730581303263,0.09,0.09,1787978.0,1787978.0,,
0,2005-03-31,MXC,,,Q4,791858.0,0.0,0.0,0.0,0.0,192376.0,0.0,0.0,181433.0,541261.0,0.0,0.0,418049.0,0.5279343013520101,250597.0,0.2997759699340033,0.0,237380.0,0.2997759699340033,64973.0,172407.0,0.21772464254954801,0.0,0.0,0.0,0.0,,
0,2004-12-31,MXC,,,Q3,775338.0,0.0,0.0,0.0,0.0,134037.0,0.0,0.0,212317.0,488118.0,0.0,0.0,428984.0,0.553286437656867,287220.0,0.34051987649257487,0.0,264018.0,0.34051987649257487,80659.0,183359.0,0.2364891182942149,0.11,0.1,1666900.0,1833590.0,,
0,2004-09-30,MXC,,,Q2,725626.0,0.0,0.0,0.0,0.0,167528.0,0.0,0.0,212658.0,500466.0,0.0,0.0,345440.0,0.47605791413207355,225160.0,0.2815141684559263,0.0,204274.0,0.2815141684559263,85214.0,119060.0,0.16407901591177823,0.07,0.07,1700857.0,1700857.0,,
0,2004-06-30,MXC,,,Q1,677003.0,0.0,0.0,0.0,0.0,164419.0,0.0,0.0,191738.0,508929.0,0.0,0.0,327666.0,0.48399490105656845,168074.0,0.2133875329946839,-6820.0,144464.0,0.2133875329946839,41762.0,102702.0,0.15170095258071234,0.06,0.06,1711700.0,1711700.0,,
0,2004-03-31,MXC,,,Q4,724357.0,0.0,0.0,0.0,0.0,135493.0,0.0,0.0,200780.0,470093.0,0.0,0.0,388084.0,0.5357634426118613,254264.0,0.3296730755690909,0.0,238801.0,0.3296730755690909,34173.0,204628.0,0.28249606202466465,0.0,0.0,0.0,0.0,,
0,2003-12-31,MXC,,,Q3,651961.0,0.0,0.0,0.0,0.0,121719.0,0.0,0.0,243963.0,528391.0,0.0,0.0,286279.0,0.4391044863112978,123570.0,0.15536358769926423,0.0,101291.0,0.15536358769926423,44036.0,57255.0,0.08781967019499633,0.03,0.03,1908500.0,1908500.0,,
0,2003-09-30,MXC,,,Q2,770711.0,0.0,0.0,0.0,0.0,156644.0,0.0,0.0,247080.0,574419.0,0.0,0.0,366987.0,0.4761668122032772,196292.0,0.22769494661423023,0.0,175487.0,0.22769494661423023,57017.0,118470.0,0.15371520582942244,0.07,0.06,1692429.0,1974500.0,,
0,2003-06-30,MXC,,,Q1,768326.0,0.0,0.0,0.0,0.0,115978.0,0.0,0.0,268692.0,550889.0,0.0,0.0,383656.0,0.4993401238536767,217437.0,0.24390037562180636,0.0,187395.0,0.24390037562180636,35635.0,49493.0,0.06441666688358848,0.03,0.03,1649767.0,1649767.0,,
0,2003-03-31,MXC,,,Q4,958353.0,0.0,0.0,0.0,0.0,82109.0,0.0,0.0,226227.0,566877.0,0.0,0.0,650017.0,0.6782646895246324,391476.0,0.3796774257502194,0.0,363865.0,0.3796774257502194,26628.0,337237.0,0.3518922568197731,0.0,0.0,0.0,0.0,,
0,2002-12-31,MXC,,,Q3,924479.0,0.0,0.0,0.0,0.0,203623.0,0.0,0.0,233077.0,573488.0,0.0,0.0,487779.0,0.5276258303325441,350991.0,0.352791139658121,0.0,326148.0,0.352791139658121,88079.0,238069.0,0.25751693656643365,0.14,0.14,1737322.0,1737322.0,,
0,2002-09-30,MXC,,,Q2,515018.0,0.0,0.0,0.0,0.0,107755.0,0.0,0.0,232605.0,463335.0,0.0,0.0,174658.0,0.3391298944891247,51683.0,0.057287318113153324,0.0,29504.0,0.057287318113153324,9146.0,20358.0,0.039528715501205784,0.01,0.01,1737329.0,1739900.0,,
0,2002-06-30,MXC,2002-07-01 00:00:00,2002-07-01 17:07:38,Q1,551264.0,0.0,0.0,0.0,0.0,139008.0,0.0,0.0,156604.0,419135.0,0.0,0.0,255652.0,0.46375602252278403,132129.0,0.20209191966099727,0.0,111406.0,0.20209191966099727,34260.0,77146.0,0.1399438381610263,0.04,0.04,1754338.0,1764744.0,https://www.sec.gov/Archives/edgar/data/66418/000101270902000969/0001012709-02-000969-index.html,https://www.sec.gov/Archives/edgar/data/66418/000101270902000969/x10k-702.txt
