,date,symbol,fillingDate,acceptedDate,period,revenue,costOfRevenue,grossProfit,grossProfitRatio,researchAndDevelopmentExpenses,generalAndAdministrativeExpenses,sellingAndMarketingExpenses,otherExpenses,operatingExpenses,costAndExpenses,interestExpense,depreciationAndAmortization,ebitda,ebitdaratio,operatingIncome,operatingIncomeRatio,totalOtherIncomeExpensesNet,incomeBeforeTax,incomeBeforeTaxRatio,incomeTaxExpense,netIncome,netIncomeRatio,eps,epsdiluted,weightedAverageShsOut,weightedAverageShsOutDil,link,finalLink
0,2020-06-30,TH,2020-08-10 00:00:00,2020-08-10 15:14:43,Q2,53620000,45426000,8194000.0,0.152816,0.0,10101000,0.0,446000.0,14644999.999999996,60070999.99999999,-10178000,16355000,-10452000,-0.194927,-6451000.0,-0.12031,0.0,-16629000,-0.310127,-2429000.0,-14200000,-0.264827,-0.14791,-0.14791,96003080,96003080,https://www.sec.gov/Archives/edgar/data/1712189/000155837020010153/0001558370-20-010153-index.htm,https://www.sec.gov/Archives/edgar/data/1712189/000155837020010153/tmb-20200630x10q.htm
0,2020-03-31,TH,2020-05-28 00:00:00,2020-05-28 13:45:30,Q1,71655000,44508000,27147000,0.378857,0.0,-28110000,0.0,-1015000.0,13090999.999999994,57598999.99999999,-10022000,17012000,11024000,0.153848,14056000,0.196162,0.0,4034000.0,0.056298,233000.0,3801000.0,0.053046,0.03966,0.03966,95849850,95849850,https://www.sec.gov/Archives/edgar/data/1712189/000155837020007063/0001558370-20-007063-index.htm,https://www.sec.gov/Archives/edgar/data/1712189/000155837020007063/th-20200331x10q.htm
0,2019-12-31,TH,2020-03-13 00:00:00,2020-03-12 18:07:36,Q4,76113000,44582000,31531000,0.414266,0.0,9647000.0,0.0,6593000.0,20074999.999999996,64656999.99999999,-24056000,16219000,-5726000.0,-0.07523,11456000,0.150513,0.0,2111000.0,0.027735,2045000.0,66000.0,0.000867,0.00067,0.00067,97872160,97872160,https://www.sec.gov/Archives/edgar/data/1712189/000155837020002582/0001558370-20-002582-index.html,https://www.sec.gov/Archives/edgar/data/1712189/000155837020002582/th-20191231x10k.htm
0,2019-09-30,TH,2019-11-14 00:00:00,2019-11-14 13:38:08,Q3,81643000,43087000,38556000,0.472251,0.0,11141000,0.0,440000.0,15524999.999999998,58612000,10172000,15242999.999999998,38274000,0.468797,23031000,0.282094,0.0,12859000,0.157503,3290000.0,9569000.0,0.117205,0.09559,0.09559,100102640,100102640,https://www.sec.gov/Archives/edgar/data/1712189/000155837019011018/0001558370-19-011018-index.html,https://www.sec.gov/Archives/edgar/data/1712189/000155837019011018/th-20190930x10q.htm
0,2019-06-30,TH,2019-08-14 00:00:00,2019-08-14 15:17:15,Q2,81358000,42186000,39172000,0.481477,0.0,10925000,0.0,-123000.0,14618000.000000002,56804000,13884000,13776000.000000002,42361000,0.520674,24554000,0.301802,0.0,14701000,0.180695,4121000.0,10580000,0.130043,0.10557,0.10557,100217040,100217040,https://www.sec.gov/Archives/edgar/data/1712189/000155837019008154/0001558370-19-008154-index.html,https://www.sec.gov/Archives/edgar/data/1712189/000155837019008154/th-20190630x10q.htm
0,2019-03-31,TH,2019-05-15 00:00:00,2019-05-14 17:51:59,Q1,81982000,44228000,37754000,0.460516,0.0,6652000.0,0.0,-38000.0,49552000,93780000,-4031000.0,13664000,-6196000.0,-0.075578,-11798000,-0.14391,0.0,-15829000,-0.193079,-1850000.0,-13979000,-0.170513,-0.17564,-0.17564,79589910,79589910,https://www.sec.gov/Archives/edgar/data/1712189/000155837019005019/0001558370-19-005019-index.html,https://www.sec.gov/Archives/edgar/data/1712189/000155837019005019/th-20190331x10q.htm
0,2018-12-31,TH,2019-02-28 00:00:00,2019-02-28 08:21:14,Q4,96152000,54797000,41355000,0.4301,0.0,6196000.0,0.0,-6890000.0,19127000.00000001,73924000.00000001,-9175000.0,39128000,43006000,0.447271,22228000,0.231176,0.0,13053000,0.135754,9176000.0,3877000.0,0.040322,0.05159,0.05159,75154410,75154410,https://www.sec.gov/Archives/edgar/data/1712189/000114420419010762/0001144204-19-010762-index.html,https://www.sec.gov/Archives/edgar/data/1712189/000114420419010762/tv514727_10k.htm
0,2018-09-30,TH,2018-11-05 00:00:00,2018-11-05 16:29:11,Q3,60326000,0.0,0.0,0.0,0.0,16964000,0.0,0.0,52391000,52391000,0.0,-15800000,-14951000,-0.247837,7935000.0,0.131535,0.0,2527000.0,0.041889,0.0,849000.0,0.014074,0.02205,0.02205,38495020,38495020,https://www.sec.gov/Archives/edgar/data/1712189/000114420418057328/0001144204-18-057328-index.html,https://www.sec.gov/Archives/edgar/data/1712189/000114420418057328/tv505714_10q.htm
0,2018-06-30,TH,2018-08-13 00:00:00,2018-08-13 17:27:09,Q2,45480000,23730000,21740000,0.478012,0.0,8000000.0,0.0,-520000.0,9830000.000000002,33560000,-5670000.0,7910000.0,8490000.0,0.186675,11920000,0.262093,-520000.0,6250000.0,0.137423,1830000.0,4420000.0,0.097186,0.17205,0.17205,25690000,25690000,https://www.sec.gov/Archives/edgar/data/1712189/000114420418044073/0001144204-18-044073-index.html,https://www.sec.gov/Archives/edgar/data/1712189/000114420418044073/tv500210_10q.htm
