,date,symbol,fillingDate,acceptedDate,period,revenue,costOfRevenue,grossProfit,grossProfitRatio,researchAndDevelopmentExpenses,generalAndAdministrativeExpenses,sellingAndMarketingExpenses,otherExpenses,operatingExpenses,costAndExpenses,interestExpense,depreciationAndAmortization,ebitda,ebitdaratio,operatingIncome,operatingIncomeRatio,totalOtherIncomeExpensesNet,incomeBeforeTax,incomeBeforeTaxRatio,incomeTaxExpense,netIncome,netIncomeRatio,eps,epsdiluted,weightedAverageShsOut,weightedAverageShsOutDil,link,finalLink
0,2020-09-30,BNE.TO,2020-09-30,2020-09-30,Q3,29155000,27267000,1888000.0,0.06475733150403018,0.0,2975000.0,0.0,0.0,-274000.0,29968000,5527000.0,0.0,12591000,0.431864174241125,-813000.0,-0.23059509518092952,-383000.0,-6723000.0,-0.23059509518092952,-1512000.0,-5211000.0,-0.17873435088321044,-0.16,-0.16,33388796,33388796,https://www.sedar.com/search/search_form_pc_en.htm,https://www.sedar.com/search/search_form_pc_en.htm
0,2020-06-30,BNE.TO,2020-06-30,2020-06-30,Q2,22171000,22670000,-499000.0,-0.02250687835460737,0.0,1557000.0,0.0,0.0,-182000.0,24045000,3829000.0,0.0,6453000.0,0.2910558838121871,-1874000.0,-0.35072842902891166,-2073000.0,-7776000.0,-0.35072842902891166,-1822000.0,-5954000.0,-0.2685490054575797,-0.18,-0.18,33388796,33388796,https://www.sedar.com/search/search_form_pc_en.htm,https://www.sedar.com/search/search_form_pc_en.htm
0,2020-03-31,BNE.TO,2020-03-31,2020-03-31,Q1,38555000,43174000,-4619000.0,-0.11980287900402023,0.0,1750000.0,0.0,0.0,-397000.0,44527000,4494000.0,0.0,17083000,0.44308131241084164,-5972000.0,-8.786409026066657,-328294000,-338760000,-8.786409026066657,-54107000,-284653000,-7.383037219556478,-8.53,-8.53,33388796,33388796,https://www.sedar.com/search/search_form_pc_en.htm,https://www.sedar.com/search/search_form_pc_en.htm
0,2019-12-31,BNE.TO,2019-12-31,2019-12-31,Q4,50743000,45572000,5171000.0,0.10190568157184242,0.0,2236000.0,0.0,0.0,-362000.0,47446000,1338000.0,0.0,24071000,0.47437084918116784,3297000.0,-0.02837829848452003,-380000.0,-1440000.0,-0.02837829848452003,-51000.0,-1389000.0,-0.027373233746526615,-0.041600781292023825,-0.041600781292023825,33388796,33388796,https://www.sedar.com/search/search_form_pc_en.htm,https://www.sedar.com/search/search_form_pc_en.htm
0,2019-09-30,BNE.TO,2019-09-30,2019-09-30,Q3,47320000,43157000,4163000.0,0.08797548605240912,0.0,1821000.0,0.0,0.0,-340000.0,44638000,4511000.0,0.0,25655000,0.5421597633136095,2682000.0,-0.03987743026204565,-58000.0,-1887000.0,-0.03987743026204565,-611000.0,-1276000.0,-0.026965342349957736,-0.04,-0.04,33388796,33388796,https://www.sedar.com/search/search_form_pc_en.htm,https://www.sedar.com/search/search_form_pc_en.htm
0,2019-06-30,BNE.TO,2019-06-30,2019-06-30,Q2,54852000,43692000,11160000,0.20345657405381753,0.0,2870000.0,0.0,0.0,-355000.0,46207000,4858000.0,0.0,30510000,0.5562240210019689,8645000.0,0.06904032669729454,0.0,3787000.0,0.06904032669729454,-19344000,23131000,0.42169838839057827,0.69,0.69,33388796,33388796,https://www.sedar.com/search/search_form_pc_en.htm,https://www.sedar.com/search/search_form_pc_en.htm
0,2019-03-31,BNE.TO,2019-03-31,2019-03-31,Q1,49834000,41387000,8447000.0,0.16950274912710198,0.0,2093000.0,0.0,0.0,-360000.0,43120000,4634000.0,0.0,28019000,0.5622466589075732,6714000.0,0.041738572059236666,0.0,2080000.0,0.041738572059236666,623000.0,1457000.0,0.029237067062647993,0.04,0.04,33388796,33389700,https://www.sedar.com/search/search_form_pc_en.htm,https://www.sedar.com/search/search_form_pc_en.htm
0,2018-12-31,BNE.TO,2018-12-31,2018-12-31,Q4,34988000,43665000,-8677000.0,-0.2479993140505316,0.0,1844000.0,0.0,0.0,-297000.0,45212000,1376000.0,0.0,9961000.0,0.2846976106093518,-10224000,-0.4174002515148051,0.0,-14604000,-0.4174002515148051,-3695000.0,-10909000,-0.31179261461072366,-0.32672636653325265,-0.32672636653325265,33388796,33388796,https://www.sedar.com/search/search_form_pc_en.htm,https://www.sedar.com/search/search_form_pc_en.htm
0,2018-09-30,BNE.TO,2018-09-30,2018-09-30,Q3,63817000,49260000,14557000,0.22810536377454282,0.0,2489000.0,0.0,0.0,-392000.0,51357000,4371000.0,0.0,34748000,0.544494413714214,12460000,0.12675305952959243,0.0,8089000.0,0.12675305952959243,2333000.0,5756000.0,0.09019540247896328,0.17,0.17,33312155,33585389,https://www.sedar.com/search/search_form_pc_en.htm,https://www.sedar.com/search/search_form_pc_en.htm
0,2018-06-30,BNE.TO,2018-06-30,2018-06-30,Q2,67458000,47953000,19505000,0.2891428740846156,0.0,2883000.0,0.0,0.0,-353000.0,50483000,4482000.0,0.0,41501000,0.6152124284740135,16975000,0.1851967149930327,0.0,12493000,0.1851967149930327,3568000.0,8925000.0,0.1323045450502535,0.27,0.27,33310796,33336224,https://www.sedar.com/search/search_form_pc_en.htm,https://www.sedar.com/search/search_form_pc_en.htm
0,2018-03-31,BNE.TO,2018-03-31,2018-03-31,Q1,57124000,44257000,12867000,0.22524683145437996,0.0,2772000.0,0.0,0.0,-205000.0,46824000,5236000.0,0.0,31750000,0.5558084167775366,10300000,0.08864925425390378,0.0,5064000.0,0.08864925425390378,1669000.0,3395000.0,0.05943211259715706,0.1,0.1,33310796,33310796,https://www.sedar.com/search/search_form_pc_en.htm,https://www.sedar.com/search/search_form_pc_en.htm
0,2017-12-31,BNE.TO,2017-12-31,2017-12-31,Q4,54192000,44314000,9878000.0,0.1822778269855329,0.0,2222000.0,0.0,0.0,1499000.0,48035000,2112000.0,0.0,30363000,0.5602856510186005,6157000.0,0.09852007676409802,-17607000,5339000.0,0.09852007676409802,3243000.0,2096000.0,0.03867729554177739,0.06277554901949745,0.06277554901949745,33388796,33388796,https://www.sedar.com/search/search_form_pc_en.htm,https://www.sedar.com/search/search_form_pc_en.htm
0,2017-09-30,BNE.TO,2017-09-30,2017-09-30,Q3,46349000,40832000,5517000.0,0.11903169431918703,0.0,3125000.0,0.0,0.0,-103000.0,43854000,5136000.0,0.0,24844000,0.5360201946104555,2495000.0,-0.056980733133400935,5136000.0,-2641000.0,-0.056980733133400935,402000.0,-3043000.0,-0.06565405941875768,-0.09,-0.09,33310796,33310796,https://www.sedar.com/search/search_form_pc_en.htm,https://www.sedar.com/search/search_form_pc_en.htm
0,2017-06-30,BNE.TO,2017-06-30,2017-06-30,Q2,52695000,40888000,11807000,0.2240630040800835,0.0,3157000.0,0.0,0.0,-72000.0,43973000,4724000.0,0.0,31257000,0.5931682322801025,8722000.0,0.07587057595597305,4724000.0,3998000.0,0.07587057595597305,1020000.0,2978000.0,0.05651390074959674,0.09,0.09,33310796,33311529,https://www.sedar.com/search/search_form_pc_en.htm,https://www.sedar.com/search/search_form_pc_en.htm
0,2017-03-31,BNE.TO,2017-03-31,2017-03-31,Q1,49330000,39575000,9755000.0,0.19774984796270018,0.0,3756000.0,0.0,0.0,-55000.0,43276000,4734000.0,0.0,27597000,0.5594364484086762,6054000.0,0.026758564767889723,0.0,1320000.0,0.026758564767889723,845000.0,475000.0,0.009629028988445166,0.01,0.01,33305857,33414387,https://www.sedar.com/search/search_form_pc_en.htm,https://www.sedar.com/search/search_form_pc_en.htm
0,2016-12-31,BNE.TO,2016-12-31,2016-12-31,Q4,48967000,39431000,9536000.0,0.19474339861539405,0.0,3071000.0,0.0,0.0,-62000.0,42440000,2611000.0,0.0,24352000,0.4973145179406539,6527000.0,-0.021994404394796496,-5012000.0,-1077000.0,-0.021994404394796496,91000.0,-1168000.0,-0.02385279882369759,-0.034981794491781015,-0.034981794491781015,33388796,33388796,https://www.sedar.com/search/search_form_pc_en.htm,https://www.sedar.com/search/search_form_pc_en.htm
0,2016-09-30,BNE.TO,2016-09-30,2016-09-30,Q3,46236000,45447000,789000.0,0.017064624967557746,0.0,2920000.0,0.0,0.0,-48000.0,48319000,5317000.0,0.0,24981000,0.5402932779652219,-2083000.0,-0.1600484470974998,0.0,-7400000.0,-0.1600484470974998,-1570000.0,-5830000.0,-0.1260922225105978,-0.18,-0.18,33143435,33287143,https://www.sedar.com/search/search_form_pc_en.htm,https://www.sedar.com/search/search_form_pc_en.htm
0,2016-06-30,BNE.TO,2016-06-30,2016-06-30,Q2,41150000,40017000,1133000.0,0.027533414337788577,0.0,3064000.0,0.0,0.0,-40000.0,43041000,5029000.0,0.0,24074000,0.5850303766707169,-1891000.0,-0.16816524908869987,0.0,-6920000.0,-0.16816524908869987,-1338000.0,-5582000.0,-0.13565006075334143,-0.17,-0.17,33143435,33267693,https://www.sedar.com/search/search_form_pc_en.htm,https://www.sedar.com/search/search_form_pc_en.htm
0,2016-03-31,BNE.TO,2016-03-31,2016-03-31,Q1,33510000,40381000,-6871000.0,-0.20504327066547298,0.0,3102000.0,0.0,0.0,-64000.0,43419000,4540000.0,0.0,15236000,0.45467024768725756,-9909000.0,-0.4311847209788123,0.0,-14449000,-0.4311847209788123,-2894000.0,-11555000,-0.3448224410623694,-0.35,-0.35,33143435,33143435,https://www.sedar.com/search/search_form_pc_en.htm,https://www.sedar.com/search/search_form_pc_en.htm
0,2015-12-31,BNE.TO,2015-12-31,2015-12-31,Q4,44678000,42337000,2341000.0,0.05239715296118895,0.0,3427000.0,0.0,0.0,168000.0,45932000,2132000.0,0.0,22643000,0.5068042436993598,-1254000.0,-0.11690317382156766,41000.0,-5223000.0,-0.11690317382156766,-1110000.0,-4113000.0,-0.09205873136666816,-0.12318503488415695,-0.12318503488415695,33388796,33388796,https://www.sedar.com/search/search_form_pc_en.htm,https://www.sedar.com/search/search_form_pc_en.htm
0,2015-09-30,BNE.TO,2015-09-30,2015-09-30,Q3,52160000,44855000,7305000.0,0.14004984662576686,0.0,2877000.0,0.0,0.0,-16000.0,47716000,3743000.0,0.0,31030000,0.5949003067484663,4444000.0,0.014302147239263804,45000.0,746000.0,0.014302147239263804,1067000.0,-321000.0,-0.0061541411042944786,-0.01,-0.01,33069341,33069341,https://www.sedar.com/search/search_form_pc_en.htm,https://www.sedar.com/search/search_form_pc_en.htm
0,2015-06-30,BNE.TO,2015-06-30,2015-06-30,Q2,57921000,42054000,15867000,0.2739420935412027,0.0,2783000.0,0.0,0.0,-1632000.0,43205000,4512000.0,0.0,39613000,0.6839142970597883,14716000,0.17617099152293642,0.0,10204000,0.17617099152293642,11360000,-1156000.0,-0.019958218953402048,-0.04,-0.04,32169623,32169623,https://www.sedar.com/search/search_form_pc_en.htm,https://www.sedar.com/search/search_form_pc_en.htm
0,2015-03-31,BNE.TO,2015-03-31,2015-03-31,Q1,42480000,40479000,2001000.0,0.0471045197740113,0.0,2409000.0,0.0,0.0,-29000.0,42859000,1934000.0,0.0,23512000,0.5534839924670433,-379000.0,-0.052189265536723164,96000.0,-2217000.0,-0.052189265536723164,-282000.0,-1935000.0,-0.045550847457627115,-0.06,-0.06,32169623,32169623,https://www.sedar.com/search/search_form_pc_en.htm,https://www.sedar.com/search/search_form_pc_en.htm
0,2014-12-31,BNE.TO,2014-12-31,2014-12-31,Q4,68940000,49771000,19169000,0.2780533797505077,0.0,3223000.0,0.0,0.0,-22000.0,52972000,498000.0,0.0,41582000,0.6031621700029011,15968000,0.2048302872062663,12000.0,14121000,0.2048302872062663,46998000,-32877000,-0.4768929503916449,-0.9846716245772983,-0.9846716245772983,33388796,33388796,https://www.sedar.com/search/search_form_pc_en.htm,https://www.sedar.com/search/search_form_pc_en.htm
0,2014-09-30,BNE.TO,2014-09-30,2014-09-30,Q3,88959000,56469000,32490000,0.3652244292314437,0.0,3438000.0,0.0,0.0,-54000.0,59853000,1843000.0,0.0,57225000,0.6432738677368226,29106000,0.3170786542114907,944000.0,28207000,0.3170786542114907,7224000.0,20983000,0.2358727054036129,0.65,0.65,32087419,32318152,https://www.sedar.com/search/search_form_pc_en.htm,https://www.sedar.com/search/search_form_pc_en.htm
0,2014-06-30,BNE.TO,2014-06-30,2014-06-30,Q2,99274000,57139000,42135000,0.4244313717589701,0.0,3949000.0,0.0,0.0,-11000.0,61077000,1764000.0,0.0,65985000,0.6646755444527268,38197000,0.36975441706791307,274000.0,36707000,0.36975441706791307,9093000.0,27614000,0.27815943751636885,0.87,0.86,31901711,32114051,https://www.sedar.com/search/search_form_pc_en.htm,https://www.sedar.com/search/search_form_pc_en.htm
0,2014-03-31,BNE.TO,2014-03-31,2014-03-31,Q1,82521000,48306000,34215000,0.41462173264987096,0.0,2785000.0,0.0,0.0,-167000.0,50924000,1638000.0,0.0,55412000,0.6714896814144279,31597000,0.37030574035700003,599000.0,30558000,0.37030574035700003,7517000.0,23041000,0.2792137758873499,0.73,0.73,31516954,31675311,https://www.sedar.com/search/search_form_pc_en.htm,https://www.sedar.com/search/search_form_pc_en.htm
0,2013-12-31,BNE.TO,2013-12-31,2013-12-31,Q4,70917000,47713000,23204000,0.3271994021179689,0.0,2895000.0,0.0,0.0,372000.0,50980000,789000.0,0.0,43556000,0.6141827770492265,19937000,0.25548176036775383,58000.0,18118000,0.25548176036775383,2864000.0,15254000,0.21509652128544637,0.4568598400493387,0.4568598400493387,33388796,33388796,https://www.sedar.com/search/search_form_pc_en.htm,https://www.sedar.com/search/search_form_pc_en.htm
0,2013-09-30,BNE.TO,2013-09-30,2013-09-30,Q3,78946000,45129000,33817000,0.4283560915055861,0.0,3934000.0,0.0,0.0,408000.0,49471000,1900000.0,0.0,48404000,0.6131279608846554,29475000,0.33964988726471257,-761000.0,26814000,0.33964988726471257,7124000.0,19690000,0.2494109897904897,0.63,0.63,31180457,31316334,https://www.sedar.com/search/search_form_pc_en.htm,https://www.sedar.com/search/search_form_pc_en.htm
0,2013-06-30,BNE.TO,2013-06-30,2013-06-30,Q2,79344000,53453000,25891000,0.32631326880419437,0.0,3094000.0,0.0,0.0,-8000.0,56539000,2408000.0,0.0,51387000,0.6476482153660013,22805000,0.26012048800161325,242000.0,20639000,0.26012048800161325,5520000.0,15119000,0.19055001008267797,0.49,0.49,30620946,30708768,https://www.sedar.com/search/search_form_pc_en.htm,https://www.sedar.com/search/search_form_pc_en.htm
0,2013-03-31,BNE.TO,2013-03-31,2013-03-31,Q1,66468000,40191000,26277000,0.39533309261599564,0.0,4674000.0,0.0,0.0,223000.0,45088000,2026000.0,0.0,40940000,0.6159354877535055,21380000,0.28902629836914,-142000.0,19211000,0.28902629836914,6516000.0,12695000,0.1909941626045616,0.46,0.46,27764571,27823053,https://www.sedar.com/search/search_form_pc_en.htm,https://www.sedar.com/search/search_form_pc_en.htm
0,2012-12-31,BNE.TO,2012-12-31,2012-12-31,Q4,44183000,60688000,-16505000,-0.37355996650295364,0.0,2894000.0,0.0,0.0,0.0,40361000,1179000.0,0.0,20003000,0.45273068827377044,3822000.0,0.1864744358689994,-4716000.0,8239000.0,0.1864744358689994,2157000.0,6082000.0,0.13765475409093997,0.18215691275600354,0.18215691275600354,33388796,33388796,https://www.sedar.com/search/search_form_pc_en.htm,https://www.sedar.com/search/search_form_pc_en.htm
0,2012-09-30,BNE.TO,2012-09-30,2012-09-30,Q3,33999000,10178000,23821000,0.7006382540662961,0.0,2575000.0,0.0,0.0,0.0,20763000,1311000.0,0.0,21246000,0.6249007323744816,13236000,0.35074561016500483,1311000.0,11925000,0.35074561016500483,4179000.0,7746000.0,0.2278302303008912,0.39,0.39,19811432,19868896,https://www.sedar.com/search/search_form_pc_en.htm,https://www.sedar.com/search/search_form_pc_en.htm
0,2012-06-30,BNE.TO,2012-06-30,2012-06-30,Q2,30649000,8767000.0,21882000,0.7139547782961924,0.0,2422000.0,0.0,0.0,0.0,18487000,1421000.0,0.0,19460000,0.6349309928545793,12162000,0.350451890763157,1421000.0,10741000,0.350451890763157,1540000.0,9201000.0,0.30020555319912556,0.47,0.46,19768307,19832066,https://www.sedar.com/search/search_form_pc_en.htm,https://www.sedar.com/search/search_form_pc_en.htm
0,2012-03-31,BNE.TO,2012-03-31,2012-03-31,Q1,38535000,13652000,24883000,0.6457246658881536,0.0,2445000.0,0.0,0.0,0.0,23725000,1098000.0,0.0,22438000,0.5822758531205398,14810000,0.35583236019203324,1098000.0,13712000,0.35583236019203324,3530000.0,10182000,0.2642273258077073,0.52,0.51,19662450,19796474,https://www.sedar.com/search/search_form_pc_en.htm,https://www.sedar.com/search/search_form_pc_en.htm
0,2011-12-31,BNE.TO,2011-12-31,2011-12-31,Q4,38632000,9824000.0,28808000,0.7457030441085111,0.0,2777000.0,0.0,0.0,0.0,26068000,237000.0,0.0,22492000,0.5822116380202941,12564000,0.2274798094843653,0.0,8788000.0,0.2274798094843653,2721000.0,6067000.0,0.15704597225098363,0.1817076602582495,0.1817076602582495,33388796,33388796,https://www.sedar.com/search/search_form_pc_en.htm,https://www.sedar.com/search/search_form_pc_en.htm
0,2011-09-30,BNE.TO,2011-09-30,2011-09-30,Q3,31903000,9159000.0,22744000,0.7129110115036204,0.0,2094000.0,0.0,0.0,0.0,17462000,1012000.0,0.0,20650000,0.6472745509826662,14441000,0.4209322007334733,1012000.0,13429000,0.4209322007334733,4045000.0,9384000.0,0.2941416167758518,0.49,0.48,19331808,19675956,https://www.sedar.com/search/search_form_pc_en.htm,https://www.sedar.com/search/search_form_pc_en.htm
0,2011-06-30,BNE.TO,2011-06-30,2011-06-30,Q2,40060000,9479000.0,30581000,0.7633799301048427,0.0,2491000.0,0.0,0.0,0.0,18514000,1160000.0,0.0,28090000,0.7011982026959561,21546000,0.5088866699950075,1160000.0,20386000,0.5088866699950075,5853000.0,14533000,0.3627808287568647,0.75,0.74,19328292,19710181,https://www.sedar.com/search/search_form_pc_en.htm,https://www.sedar.com/search/search_form_pc_en.htm
0,2011-03-31,BNE.TO,2011-03-31,2011-03-31,Q1,36747000,8325000.0,28422000,0.7734508939505266,0.0,1835000.0,0.0,0.0,145000.0,16784000,1073000.0,0.0,26442000,0.7195689444036247,19963000,0.5140555691621085,1073000.0,18890000,0.5140555691621085,5266000.0,13624000,0.37075135385201513,0.71,0.69,19266215,19678698,https://www.sedar.com/search/search_form_pc_en.htm,https://www.sedar.com/search/search_form_pc_en.htm
0,2010-12-31,BNE.TO,2010-12-31,2010-12-31,Q4,30630000,11548000,19082000,0.6229840026118185,0.0,1525000.0,0.0,0.0,0.0,19086000,846000.0,0.0,21928000,0.7158994449885733,11544000,0.49196865817825663,-46000.0,15069000,0.49196865817825663,856000.0,14213000,0.4640222004570682,0.42568171670520855,0.42568171670520855,33388796,33388796,https://www.sedar.com/search/search_form_pc_en.htm,https://www.sedar.com/search/search_form_pc_en.htm
0,2010-09-30,BNE.TO,2010-09-30,2010-09-30,Q3,32570000,11017000,21553000,0.6617439361375499,0.0,1346000.0,0.0,0.0,0.0,18619000,702000.0,0.0,20207000,0.6204175621737795,13951000,0.4067853853239177,-2000.0,13249000,0.4067853853239177,525000.0,12724000,0.3906662572919865,0.68,0.66,18840418,19370967,https://www.sedar.com/search/search_form_pc_en.htm,https://www.sedar.com/search/search_form_pc_en.htm
0,2010-06-30,BNE.TO,2010-06-30,2010-06-30,Q2,29220000,9790000.0,19430000,0.6649555099247091,0.0,1368000.0,0.0,0.0,0.0,16376000,619000.0,0.0,18062000,0.6181382614647501,12844000,0.4183778234086242,619000.0,12225000,0.4183778234086242,1338000.0,10887000,0.3725872689938398,0.58,0.56,18730338,19260411,https://www.sedar.com/search/search_form_pc_en.htm,https://www.sedar.com/search/search_form_pc_en.htm
0,2010-03-31,BNE.TO,2010-03-31,2010-03-31,Q1,33045000,9533000.0,23512000,0.7115146013012559,0.0,1650000.0,0.0,0.0,0.0,11183000,5423000.0,0.0,26653000,0.8065668028446058,21862000,0.4974731426842185,-12000.0,16439000,0.4974731426842185,4399000.0,12040000,0.36435164170071116,0.64,0.63,18682248,19221396,https://www.sedar.com/search/search_form_pc_en.htm,https://www.sedar.com/search/search_form_pc_en.htm
0,2009-12-31,BNE.TO,2009-12-31,2009-12-31,Q4,74566000,6870000.0,67696000,0.9078668562079232,0.0,1823000.0,0.0,0.0,0.0,27970000,-13976000,0.0,51159000,0.6860901751468498,46596000,0.8123273341737521,-95000.0,60572000,0.8123273341737521,8436000.0,52136000,0.6991926615347478,1.5614818815269649,1.5614818815269649,33388796,33388796,https://www.sedar.com/search/search_form_pc_en.htm,https://www.sedar.com/search/search_form_pc_en.htm
0,2009-09-30,BNE.TO,2009-09-30,2009-09-30,Q3,19023000,6585000.0,12438000,0.6538400883141461,0.0,1031000.0,0.0,0.0,0.0,7616000.0,6006000.0,0.0,16598000,0.8725227356358093,11407000,0.28391946590968825,-3000.0,5401000.0,0.28391946590968825,-389000.0,5790000.0,0.3043683961520265,0.31,0.31,18677419,18677419,https://www.sedar.com/search/search_form_pc_en.htm,https://www.sedar.com/search/search_form_pc_en.htm
0,2009-06-30,BNE.TO,2009-06-30,2009-06-30,Q2,20495000,7355000.0,13140000,0.641131983410588,0.0,1347000.0,0.0,0.0,1261000.0,9963000.0,5830000.0,0.0,15447000,0.7536960234203465,10532000,0.22971456452793365,6000.0,4708000.0,0.22971456452793365,164000.0,4544000.0,0.22171261283239815,0.26,0.26,17668372,17668372,https://www.sedar.com/search/search_form_pc_en.htm,https://www.sedar.com/search/search_form_pc_en.htm
0,2009-03-31,BNE.TO,2009-03-31,2009-03-31,Q1,19366000,7038000.0,12328000,0.6365795724465558,0.0,1168000.0,0.0,0.0,1865000.0,10071000,5440000.0,0.0,13909000,0.7182174945781266,9295000.0,0.19906020861303314,-66000.0,3855000.0,0.19906020861303314,-2238000.0,6093000.0,0.31462356707631933,0.35,0.35,17257603,17257603,https://www.sedar.com/search/search_form_pc_en.htm,https://www.sedar.com/search/search_form_pc_en.htm
0,2008-12-31,BNE.TO,2008-12-31,2008-12-31,Q4,38993000,24074000,14919000,0.38260713461390505,0.0,1196000.0,0.0,0.0,0.0,25270000,4884000.0,0.0,17861000,0.4580565742569179,13723000,0.1915728464083297,-1369000.0,7470000.0,0.1915728464083297,-3115000.0,10585000,0.2714589798168902,0.31702251258176545,0.31702251258176545,33388796,33388796,https://www.sedar.com/search/search_form_pc_en.htm,https://www.sedar.com/search/search_form_pc_en.htm
0,2008-09-30,BNE.TO,2008-09-30,2008-09-30,Q3,37642000,6148000.0,31494000,0.8366718027734977,0.0,1118000.0,0.0,0.0,0.0,7266000.0,4146000.0,0.0,30376000,0.8069709367196217,30376000,0.6768503267626588,-752000.0,25478000,0.6768503267626588,4353000.0,21125000,0.5612082248552149,1.23,1.22,17174797,17315574,https://www.sedar.com/search/search_form_pc_en.htm,https://www.sedar.com/search/search_form_pc_en.htm
0,2008-06-30,BNE.TO,2008-06-30,2008-06-30,Q2,393000.0,559000.0,-166000.0,-0.4223918575063613,190000.0,2978000.0,0.0,0.0,-7016000.0,-3289000.0,4985000.0,0.0,3682000.0,9.368956743002544,3682000.0,-1.4122137404580153,7764000.0,-555000.0,-1.4122137404580153,0.0,-555000.0,-1.4122137404580153,0.76,0.75,16938333,16957486,https://www.sedar.com/search/search_form_pc_en.htm,https://www.sedar.com/search/search_form_pc_en.htm
0,2008-03-31,BNE.TO,2008-03-31,2008-03-31,Q1,9716000.0,9990000.0,-274000.0,-0.028200905722519556,2968000.0,4824000.0,0.0,0.0,909000.0,18691000,5765000.0,0.0,-8975000.0,-0.9237340469328942,-8975000.0,-1.7281803211198024,-2960000.0,-16791000,-1.7281803211198024,0.0,-16791000,-1.7281803211198024,0.64,0.64,16938333,16957486,https://www.sedar.com/search/search_form_pc_en.htm,https://www.sedar.com/search/search_form_pc_en.htm
0,2007-12-31,BNE.TO,2007-12-31,2007-12-31,Q4,12523000,13585000,-1062000.0,-0.08480396071228939,4709000.0,8345000.0,0.0,-62896000,61172000,87811000,6116000.0,0.0,-74694000,-5.964545236764353,-75288000,-6.534296893715563,-61019000,-81829000,-6.534296893715563,1249000.0,-83078000,-6.634033378583407,-2.4881999338939926,-2.4881999338939926,33388796,33388796,https://www.sedar.com/search/search_form_pc_en.htm,https://www.sedar.com/search/search_form_pc_en.htm
0,2007-09-30,BNE.TO,2007-09-30,2007-09-30,Q3,17967000,22069000,-4102000.0,-0.2283074525519007,3411000.0,11525000,0.0,2772000.0,0.0,37005000,5351000.0,0.0,-15506000,-0.8630266599877553,-19038000,-1.2353203094562253,2194000.0,-22195000,-1.2353203094562253,9000.0,-22204000,-1.2358212278065341,0.54,0.54,16941635,16976165,https://www.sedar.com/search/search_form_pc_en.htm,https://www.sedar.com/search/search_form_pc_en.htm
0,2007-06-30,BNE.TO,2007-06-30,2007-06-30,Q2,22411000,19852000,2559000.0,0.11418499843826692,4052000.0,11441000,0.0,2798000.0,0.0,35345000,3726000.0,0.0,-9333000.0,-0.4164472803533979,-12934000,-0.6507072419793851,2077000.0,-14583000,-0.6507072419793851,13000.0,-14926000,-0.6660122261389496,0.26,0.26,16905494,16938094,https://www.sedar.com/search/search_form_pc_en.htm,https://www.sedar.com/search/search_form_pc_en.htm
0,2007-03-31,BNE.TO,2007-03-31,2007-03-31,Q1,22781000,15986000,6795000.0,0.29827487818796367,3799000.0,11842000,0.0,0.0,0.0,31627000,0.0,0.0,-5908000.0,-0.25933892278653264,-8846000.0,-0.5247355252183837,542000.0,-11954000,-0.5247355252183837,11000.0,-12217000,-0.53628023352794,0.53,0.53,16899000,16913263,https://www.sedar.com/search/search_form_pc_en.htm,https://www.sedar.com/search/search_form_pc_en.htm
0,2006-12-31,BNE.TO,2006-12-31,2006-12-31,Q4,22702000,40731000,-18029000,-0.7941591049246762,9900000.0,-1818000.0,0.0,-2122000.0,44112000,92925000,4140000.0,0.0,-95280000,-4.196987049599154,-70223000,8.760373535371333,26585000,198878000,8.760373535371333,-72000.0,-31224000,-1.3753854285965994,-0.9351639993248034,-0.9351639993248034,33388796,33388796,https://www.sedar.com/search/search_form_pc_en.htm,https://www.sedar.com/search/search_form_pc_en.htm
0,2006-09-30,BNE.TO,2006-09-30,2006-09-30,Q3,21077000,13521000,7556000.0,0.35849504198889787,4766000.0,21919000,0.0,-192000.0,0.0,40206000,3641000.0,0.0,13691000,0.6495706220050291,-19129000,-2.5039616643734877,-29006000,-52776000,-2.5039616643734877,750000.0,-53501000,-2.538359349053471,0.62,0.62,16764658,16764658,https://www.sedar.com/search/search_form_pc_en.htm,https://www.sedar.com/search/search_form_pc_en.htm
0,2006-06-30,BNE.TO,2006-06-30,2006-06-30,Q2,19388000,15345000,4043000.0,0.20853105013410356,3371000.0,17387000,0.0,2563000.0,0.0,36103000,3098000.0,0.0,-12555000,-0.6475655044357335,-16715000,-0.897359191252321,2415000.0,-17398000,-0.897359191252321,-1000.0,-17327000,-0.8936971322467505,0.64,0.63,16743158,16743158,https://www.sedar.com/search/search_form_pc_en.htm,https://www.sedar.com/search/search_form_pc_en.htm
0,2006-03-31,BNE.TO,2006-03-31,2006-03-31,Q1,24288000,15052000,9236000.0,0.38027009222661395,2917000.0,14211000,0.0,294000.0,0.0,32180000,3981000.0,0.0,-1683000.0,-0.06929347826086957,-7892000.0,-0.5774456521739131,-2152000.0,-14025000,-0.5774456521739131,59000.0,-13575000,-0.5589179841897233,0.58,0.58,16698158,16698158,https://www.sedar.com/search/search_form_pc_en.htm,https://www.sedar.com/search/search_form_pc_en.htm
0,2005-12-31,BNE.TO,2005-12-31,2005-12-31,Q4,2543000.0,5090000.0,-2547000.0,-1.0015729453401494,11864000,7979000.0,0.0,2645000.0,2307000.0,27240000,5706000.0,0.0,-28659000,-11.269760125835628,-24697000,-9.357451828548959,6607000.0,-23796000,-9.357451828548959,-170000.0,-32605000,-12.82147070389304,-0.9765251792846917,-0.9765251792846917,33388796,33388796,https://www.sedar.com/search/search_form_pc_en.htm,https://www.sedar.com/search/search_form_pc_en.htm
0,2005-09-30,BNE.TO,2005-09-30,2005-09-30,Q3,38256000,22543000,15713000,0.41073295692179007,3215000.0,17902000,0.0,2426000.0,0.0,43660000,0.0,0.0,64000.0,0.001672940192388122,-5404000.0,-0.3730133835215391,119000.0,-14270000,-0.3730133835215391,-172000.0,-14098000,-0.36851735675449604,0.57,0.56,16406658,16406658,https://www.sedar.com/search/search_form_pc_en.htm,https://www.sedar.com/search/search_form_pc_en.htm
0,2005-06-30,BNE.TO,2005-06-30,2005-06-30,Q2,17688000,9921000.0,7767000.0,0.4391112618724559,2997000.0,15966000,0.0,-355000.0,0.0,28884000,2462000.0,0.0,8428000.0,0.4764812302125735,-11196000,-1.7277815468113975,-16903000,-30561000,-1.7277815468113975,116000.0,-30677000,-1.7343396653098146,0.44,0.43,14943405,16385658,https://www.sedar.com/search/search_form_pc_en.htm,https://www.sedar.com/search/search_form_pc_en.htm
0,2005-03-31,BNE.TO,2005-03-31,2005-03-31,Q1,17897000,9858000.0,8039000.0,0.4491814270548137,3524000.0,15165000,0.0,0.0,0.0,28547000,2232000.0,0.0,-7915000.0,-0.44225289154606917,-10650000,-0.7613566519528413,-744000.0,-13626000,-0.7613566519528413,140000.0,-13766000,-0.7691791920433593,0.44,0.43,16380658,16380658,https://www.sedar.com/search/search_form_pc_en.htm,https://www.sedar.com/search/search_form_pc_en.htm
0,2004-12-31,BNE.TO,2004-12-31,2004-12-31,Q4,22892000,15378000,7514000.0,0.3282369386685305,9176000.0,19432000,0.0,3060000.0,3096000.0,47082000,2788000.0,0.0,-23775000,-1.0385724270487506,-24190000,-0.8867726716756945,6064000.0,-20300000,-0.8867726716756945,21893000,-42193000,-1.8431329722173686,-1.2636873758490723,-1.2636873758490723,33388796,33388796,https://www.sedar.com/search/search_form_pc_en.htm,https://www.sedar.com/search/search_form_pc_en.htm
0,2004-09-30,BNE.TO,2004-09-30,2004-09-30,Q3,37409000,21713000,15696000,0.4195781763746692,6175000.0,16784000,0.0,8817000.0,0.0,44672000,0.0,0.0,-1036000.0,-0.02769387045898046,-7263000.0,-0.0974097142398888,5721000.0,-3644000.0,-0.0974097142398888,339000.0,-3983000.0,-0.1064717046699992,0.38,0.36,14736905,14736905,https://www.sedar.com/search/search_form_pc_en.htm,https://www.sedar.com/search/search_form_pc_en.htm
0,2004-06-30,BNE.TO,2004-06-30,2004-06-30,Q2,37428000,18871000,18557000,0.4958052794699156,7546000.0,18989000,0.0,-409000.0,0.0,45406000,1961000.0,0.0,7940000.0,0.21214064336860106,-7978000.0,-0.6163033023404938,-13128000,-23067000,-0.6163033023404938,6000.0,-23073000,-0.6164636101314523,0.32,0.31,14736905,14736905,https://www.sedar.com/search/search_form_pc_en.htm,https://www.sedar.com/search/search_form_pc_en.htm
0,2004-03-31,BNE.TO,2004-03-31,2004-03-31,Q1,26207000,13882000,12325000,0.4702941962071202,7262000.0,18646000,0.0,0.0,0.0,39790000,1797000.0,0.0,-10401000,-0.3968786965314611,-13583000,-0.632197504483535,-1188000.0,-16568000,-0.632197504483535,317000.0,-16885000,-0.6442935093677262,0.31,0.31,13608405,13608405,https://www.sedar.com/search/search_form_pc_en.htm,https://www.sedar.com/search/search_form_pc_en.htm
0,2003-12-31,BNE.TO,2003-12-31,2003-12-31,Q4,41631000,19971000,21660000,0.5202853642718167,6570000.0,24193000,0.0,0.0,0.0,50734000,1972000.0,0.0,-5130000.0,-0.12322548101174606,-9103000.0,-0.3064543249021162,-1683000.0,-12758000,-0.3064543249021162,1443000.0,-14201000,-0.34111599529196995,-0.4253223147070053,-0.4253223147070053,33388796,33388796,https://www.sedar.com/search/search_form_pc_en.htm,https://www.sedar.com/search/search_form_pc_en.htm
0,2003-09-30,BNE.TO,2003-09-30,2003-09-30,Q3,26043000,13471000,12572000,0.48274008370771415,9064000.0,19089000,0.0,0.0,0.0,41624000,2297000.0,0.0,-12585000,-0.4832392581499827,-15581000,-0.6862112659831816,7000.0,-17871000,-0.6862112659831816,1022000.0,-18893000,-0.7254540567522942,0.23,0.23,13368405,13368405,https://www.sedar.com/search/search_form_pc_en.htm,https://www.sedar.com/search/search_form_pc_en.htm
0,2003-06-30,BNE.TO,2003-06-30,2003-06-30,Q2,30606000,13573000,17033000,0.5565248644056721,6157000.0,16495000,0.0,0.0,0.0,36225000,0.0,0.0,-2437000.0,-0.07962491014833693,-5619000.0,-0.2395281970855388,547000.0,-7331000.0,-0.2395281970855388,-2351000.0,-4980000.0,-0.16271319349147226,0.22,0.22,13368405,13368405,https://www.sedar.com/search/search_form_pc_en.htm,https://www.sedar.com/search/search_form_pc_en.htm
0,2003-03-31,BNE.TO,2003-03-31,2003-03-31,Q1,29601000,13987000,15614000,0.5274821796560927,5378000.0,17235000,0.0,0.0,1000.0,36601000,0.0,0.0,-3863000.0,-0.13050234789365225,-7000000.0,-0.32566467349076045,-357000.0,-9640000.0,-0.32566467349076045,-2959000.0,-6681000.0,-0.22570183439748656,0.33,0.33,13368405,13368405,https://www.sedar.com/search/search_form_pc_en.htm,https://www.sedar.com/search/search_form_pc_en.htm
0,2002-12-31,BNE.TO,2002-12-31,2002-12-31,Q4,50802000,22369000,28433000,0.5596826896578875,5342000.0,22048000,0.0,0.0,0.0,49759000,3375000.0,0.0,4835000.0,0.09517341836935554,1043000.0,-0.22566040707058777,-9132000.0,-11464000,-0.22566040707058777,-274000.0,-11190000,-0.22026691862525097,-0.33514236332451164,-0.33514236332451164,33388796,33388796,https://www.sedar.com/search/search_form_pc_en.htm,https://www.sedar.com/search/search_form_pc_en.htm
0,2002-09-30,BNE.TO,2002-09-30,2002-09-30,Q3,51610000,22862000,28748000,0.5570238325905832,5609000.0,21802000,0.0,0.0,0.0,50273000,3118000.0,0.0,5046000.0,0.09777174966091842,1337000.0,-0.05175353613640767,-890000.0,-2671000.0,-0.05175353613640767,1026000.0,-3697000.0,-0.07163340437899632,0.2,0.2,13368405,13368405,https://www.sedar.com/search/search_form_pc_en.htm,https://www.sedar.com/search/search_form_pc_en.htm
0,2002-06-30,BNE.TO,2002-06-30,2002-06-30,Q2,49027000,23735000,25292000,0.5158790054459788,5369000.0,20262000,0.0,0.0,0.0,49366000,3000000.0,0.0,3264000.0,0.06657556040549086,-339000.0,-0.09323434026148857,-1232000.0,-4571000.0,-0.09323434026148857,-1181000.0,-3390000.0,-0.06914557284761458,0.24,0.24,13368405,13368405,https://www.sedar.com/search/search_form_pc_en.htm,https://www.sedar.com/search/search_form_pc_en.htm
0,2002-03-31,BNE.TO,2002-03-31,2002-03-31,Q1,45464000,20350000,25114000,0.5523931022347351,5016000.0,19352000,0.0,0.0,0.0,44718000,2580000.0,0.0,4555000.0,0.10018916065458384,746000.0,-0.042385183881752594,-93000.0,-1927000.0,-0.042385183881752594,681000.0,-2608000.0,-0.05736406827379905,0.21,0.21,13368405,13368405,https://www.sedar.com/search/search_form_pc_en.htm,https://www.sedar.com/search/search_form_pc_en.htm
0,2001-12-31,BNE.TO,2001-12-31,2001-12-31,Q4,62666000,24913000,37753000,0.6024478983818977,6240000.0,34608000,0.0,0.0,0.0,61813000,9063000.0,0.0,14020000,0.22372578431685444,853000.0,-0.8928924775795487,-52885000,-55954000,-0.8928924775795487,-3188000.0,-5907000.0,-0.0942616410812881,-0.17691563361553977,-0.17691563361553977,33388796,33388796,https://www.sedar.com/search/search_form_pc_en.htm,https://www.sedar.com/search/search_form_pc_en.htm
0,2001-09-30,BNE.TO,2001-09-30,2001-09-30,Q3,39373000,19525000,19848000,0.504101795646763,4242000.0,13699000,0.0,0.0,0.0,38704000,1442000.0,0.0,1907000.0,0.0484342061819013,669000.0,0.016915144896248697,1439000.0,666000.0,0.016915144896248697,438000.0,228000.0,0.005790770324841897,0.37,0.37,8692226.0,8692226.0,https://www.sedar.com/search/search_form_pc_en.htm,https://www.sedar.com/search/search_form_pc_en.htm
0,2001-06-30,BNE.TO,2001-06-30,2001-06-30,Q2,29670000,14916000,14754000,0.49726996966632964,4349000.0,15870000,0.0,0.0,0.0,36454000,1464000.0,0.0,-5465000.0,-0.1841927873272666,-6784000.0,-0.3022581732389619,-720000.0,-8968000.0,-0.3022581732389619,-2508000.0,-6460000.0,-0.2177283451297607,-1.4,-1.4,4601645.0,4601645.0,https://www.sedar.com/search/search_form_pc_en.htm,https://www.sedar.com/search/search_form_pc_en.htm
0,2001-03-31,BNE.TO,2001-03-31,2001-03-31,Q1,29778000,15746000,14032000,0.47122036402713413,4208000.0,11371000,0.0,0.0,0.0,32716000,1230000.0,0.0,-1547000.0,-0.05195110484250118,-2938000.0,-0.09063738330310968,1469000.0,-2699000.0,-0.09063738330310968,-1168000.0,-1531000.0,-0.05141379541943717,0.36,0.36,5536250.0,5536250.0,https://www.sedar.com/search/search_form_pc_en.htm,https://www.sedar.com/search/search_form_pc_en.htm
0,2000-12-31,BNE.TO,2000-12-31,2000-12-31,Q4,20727000,29941000,-9214000.0,-0.44454093694215274,5538000.0,358000.0,0.0,0.0,0.0,29957000,-3835000.0,0.0,-15110000,-0.7290008201862305,-9230000.0,-0.3923384956819607,-2737000.0,-8132000.0,-0.3923384956819607,-3088000.0,-58525000,-2.8236117141892216,-1.7528334954036677,-1.7528334954036677,33388796,33388796,https://www.sedar.com/search/search_form_pc_en.htm,https://www.sedar.com/search/search_form_pc_en.htm
0,2000-09-30,BNE.TO,2000-09-30,2000-09-30,Q3,37382000,9026000.0,28356000,0.7585468942271681,4472000.0,15758000,0.0,0.0,0.0,33656000,3101000.0,0.0,8126000.0,0.21737734738644268,3726000.0,0.011476111497512171,-196000.0,429000.0,0.011476111497512171,142000.0,287000.0,0.007677491840992991,0.28,0.28,5531750.0,5531750.0,https://www.sedar.com/search/search_form_pc_en.htm,https://www.sedar.com/search/search_form_pc_en.htm
0,2000-06-30,BNE.TO,2000-06-30,2000-06-30,Q2,58200000,16100000,42100000,0.7233676975945017,4700000.0,22900000,0.0,0.0,0.0,48100000,0.0,0.0,14500000,0.24914089347079038,10100000,0.09621993127147767,-1600000.0,5600000.0,0.09621993127147767,2200000.0,3400000.0,0.058419243986254296,0.24,0.24,14166667,14166667,https://www.sedar.com/search/search_form_pc_en.htm,https://www.sedar.com/search/search_form_pc_en.htm
0,2000-03-31,BNE.TO,2000-03-31,2000-03-31,Q1,53200000,16500000,36700000,0.6898496240601504,4400000.0,21900000,0.0,0.0,0.0,46500000,2700000.0,0.0,10400000,0.19548872180451127,6700000.0,0.08646616541353383,600000.0,4600000.0,0.08646616541353383,1500000.0,3100000.0,0.05827067669172932,0.16,0.16,19375000,19375000,https://www.sedar.com/search/search_form_pc_en.htm,https://www.sedar.com/search/search_form_pc_en.htm
0,1999-12-31,BNE.TO,1999-12-31,1999-12-31,Q4,47400000,58500000,-11100000,-0.23417721518987342,2900000.0,-23900000,0.0,0.0,0.0,42300000,0.0,0.0,9900000.0,0.2088607594936709,5100000.0,0.05485232067510549,0.0,2600000.0,0.05485232067510549,1200000.0,3200000.0,0.06751054852320675,0.09584053285419457,0.09584053285419457,33388796,33388796,https://www.sedar.com/search/search_form_pc_en.htm,https://www.sedar.com/search/search_form_pc_en.htm
0,1999-09-30,BNE.TO,1999-09-30,1999-09-30,Q3,49500000,19400000,30100000,0.6080808080808081,4500000.0,18300000,0.0,0.0,0.0,46100000,2200000.0,0.0,7300000.0,0.14747474747474748,3400000.0,0.030303030303030304,200000.0,1500000.0,0.030303030303030304,400000.0,1100000.0,0.022222222222222223,0.04,0.04,27500000,27500000,https://www.sedar.com/search/search_form_pc_en.htm,https://www.sedar.com/search/search_form_pc_en.htm
0,1999-06-30,BNE.TO,1999-06-30,1999-06-30,Q2,47000000,21400000,25600000,0.5446808510638298,4100000.0,11700000,0.0,0.0,0.0,41000000,0.0,0.0,9800000.0,0.20851063829787234,6000000.0,0.07872340425531915,200000.0,3700000.0,0.07872340425531915,1400000.0,2300000.0,0.04893617021276596,0.08,0.08,28750000,28750000,https://www.sedar.com/search/search_form_pc_en.htm,https://www.sedar.com/search/search_form_pc_en.htm
0,1999-03-31,BNE.TO,1999-03-31,1999-03-31,Q1,50000000,24600000,25400000,0.508,4300000.0,16600000,0.0,0.0,0.0,48300000,1300000.0,0.0,4500000.0,0.09,1700000.0,0.008,0.0,400000.0,0.008,100000.0,300000.0,0.006,0.04,0.04,7500000.0,7500000.0,https://www.sedar.com/search/search_form_pc_en.htm,https://www.sedar.com/search/search_form_pc_en.htm
0,1998-12-31,BNE.TO,1998-12-31,1998-12-31,Q4,63900000,40500000,23400000,0.36619718309859156,4400000.0,10300000,0.0,0.0,0.0,58900000,3100000.0,0.0,8700000.0,0.13615023474178403,5000000.0,0.053208137715179966,1600000.0,3400000.0,0.053208137715179966,1600000.0,1800000.0,0.028169014084507043,0.05391029973048444,0.05391029973048444,33388796,33388796,https://www.sedar.com/search/search_form_pc_en.htm,https://www.sedar.com/search/search_form_pc_en.htm
0,1998-09-30,BNE.TO,1998-09-30,1998-09-30,Q3,35800000,28400000,7400000.0,0.20670391061452514,4800000.0,2300000.0,0.0,0.0,0.0,37800000,1800000.0,0.0,300000.0,0.008379888268156424,-2000000.0,-0.10893854748603352,-100000.0,-3900000.0,-0.10893854748603352,-1200000.0,-2700000.0,-0.07541899441340782,-0.8,-0.8,3375000.0,3375000.0,https://www.sedar.com/search/search_form_pc_en.htm,https://www.sedar.com/search/search_form_pc_en.htm
0,1998-06-30,BNE.TO,1998-06-30,1998-06-30,Q2,45600000,28000000,17600000,0.38596491228070173,4400000.0,5800000.0,0.0,0.0,0.0,39900000,0.0,0.0,7400000.0,0.16228070175438597,5700000.0,0.09210526315789473,0.0,4200000.0,0.09210526315789473,1400000.0,2800000.0,0.06140350877192982,0.04,0.04,70000000,70000000,https://www.sedar.com/search/search_form_pc_en.htm,https://www.sedar.com/search/search_form_pc_en.htm
0,1998-03-31,BNE.TO,1998-03-31,1998-03-31,Q1,34700000,23700000,11000000,0.3170028818443804,4100000.0,2800000.0,0.0,0.0,0.0,32100000,0.0,0.0,4100000.0,0.11815561959654179,2600000.0,0.05187319884726225,0.0,1800000.0,0.05187319884726225,500000.0,1300000.0,0.037463976945244955,0.4,0.4,3250000.0,3250000.0,https://www.sedar.com/search/search_form_pc_en.htm,https://www.sedar.com/search/search_form_pc_en.htm
0,1997-12-31,BNE.TO,1997-12-31,1997-12-31,Q4,50500000,33400000,17100000,0.33861386138613864,4000000.0,6100000.0,0.0,0.0,0.0,44900000,0.0,0.0,7000000.0,0.13861386138613863,5600000.0,0.09702970297029703,0.0,4900000.0,0.09702970297029703,1500000.0,3400000.0,0.06732673267326733,0.10183056615758172,0.10183056615758172,33388796,33388796,https://www.sedar.com/search/search_form_pc_en.htm,https://www.sedar.com/search/search_form_pc_en.htm
0,1997-09-30,BNE.TO,1997-09-30,1997-09-30,Q3,42000000,27200000,14800000,0.3523809523809524,3300000.0,5100000.0,0.0,0.0,0.0,37300000,0.0,0.0,6400000.0,0.1523809523809524,4700000.0,0.09761904761904762,0.0,4100000.0,0.09761904761904762,1100000.0,3000000.0,0.07142857142857142,0.12,0.12,25000000,25000000,https://www.sedar.com/search/search_form_pc_en.htm,https://www.sedar.com/search/search_form_pc_en.htm
0,1997-06-30,BNE.TO,1997-06-30,1997-06-30,Q2,45900000,28700000,17200000,0.3747276688453159,3100000.0,7300000.0,0.0,0.0,0.0,41100000,400000.0,0.0,6800000.0,0.14814814814814814,4800000.0,0.10021786492374728,200000.0,4600000.0,0.10021786492374728,1400000.0,3200000.0,0.06971677559912855,0.08,0.08,40000000,40000000,https://www.sedar.com/search/search_form_pc_en.htm,https://www.sedar.com/search/search_form_pc_en.htm
0,1997-03-31,BNE.TO,1997-03-31,1997-03-31,Q1,30800000,21200000,9600000.0,0.3116883116883117,2800000.0,3400000.0,0.0,0.0,0.0,28600000,400000.0,0.0,3400000.0,0.11038961038961038,2200000.0,0.05519480519480519,-100000.0,1700000.0,0.05519480519480519,500000.0,1200000.0,0.03896103896103896,0.16,0.16,7500000.0,7500000.0,https://www.sedar.com/search/search_form_pc_en.htm,https://www.sedar.com/search/search_form_pc_en.htm
0,1996-12-31,BNE.TO,1996-12-31,1996-12-31,Q4,33900000,-1100000.0,35000000,1.0324483775811208,2600000.0,27700000,0.0,0.0,0.0,31700000,400000.0,0.0,4700000.0,0.13864306784660768,2200000.0,0.05014749262536873,-100000.0,1700000.0,0.05014749262536873,700000.0,1000000.0,0.029498525073746312,0.0299501665169358,0.0299501665169358,33388796,33388796,https://www.sedar.com/search/search_form_pc_en.htm,https://www.sedar.com/search/search_form_pc_en.htm
0,1996-09-30,BNE.TO,1996-09-30,1996-09-30,Q3,34000000,21600000,12400000,0.36470588235294116,2500000.0,6000000.0,0.0,0.0,0.0,31900000,600000.0,0.0,3900000.0,0.11470588235294117,2100000.0,0.04411764705882353,0.0,1500000.0,0.04411764705882353,500000.0,1000000.0,0.029411764705882353,0.3,0.3,3333333.0,3333333.0,https://www.sedar.com/search/search_form_pc_en.htm,https://www.sedar.com/search/search_form_pc_en.htm
0,1996-06-30,BNE.TO,1996-06-30,1996-06-30,Q2,37200000,28100000,9100000.0,0.2446236559139785,2500000.0,3400000.0,0.0,0.0,0.0,35400000,400000.0,0.0,3300000.0,0.08870967741935484,1800000.0,0.03494623655913978,-100000.0,1300000.0,0.03494623655913978,300000.0,1000000.0,0.026881720430107527,0.3,0.3,3333333.0,3333333.0,https://www.sedar.com/search/search_form_pc_en.htm,https://www.sedar.com/search/search_form_pc_en.htm
0,1996-03-31,BNE.TO,1996-03-31,1996-03-31,Q1,39400000,28100000,11300000,0.2868020304568528,2300000.0,5100000.0,0.0,0.0,0.0,36800000,300000.0,0.0,3900000.0,0.09898477157360407,2600000.0,0.05583756345177665,-100000.0,2200000.0,0.05583756345177665,600000.0,1600000.0,0.04060913705583756,0.5,0.5,3200000.0,3200000.0,https://www.sedar.com/search/search_form_pc_en.htm,https://www.sedar.com/search/search_form_pc_en.htm
0,1995-12-31,BNE.TO,1995-12-31,1995-12-31,Q4,44400000,28000000,16400000,0.36936936936936937,0.0,0.0,0.0,0.0,0.0,36800000,0.0,0.0,9800000.0,0.22072072072072071,7600000.0,0.17792792792792791,800000.0,7900000.0,0.17792792792792791,2000000.0,5900000.0,0.13288288288288289,0.17670598244992122,0.17670598244992122,33388796,33388796,https://www.sedar.com/search/search_form_pc_en.htm,https://www.sedar.com/search/search_form_pc_en.htm
0,1995-09-30,BNE.TO,1995-09-30,1995-09-30,Q3,32600000,26600000,6000000.0,0.18404907975460122,0.0,0.0,0.0,0.0,0.0,27700000,0.0,0.0,6000000.0,0.18404907975460122,4900000.0,0.147239263803681,-100000.0,4800000.0,0.147239263803681,1400000.0,3400000.0,0.10429447852760736,0.9,0.9,3777778.0,3777778.0,https://www.sedar.com/search/search_form_pc_en.htm,https://www.sedar.com/search/search_form_pc_en.htm
0,1995-06-30,BNE.TO,1995-06-30,1995-06-30,Q2,35800000,31300000,4500000.0,0.12569832402234637,0.0,0.0,0.0,0.0,0.0,32000000,0.0,0.0,4600000.0,0.12849162011173185,3800000.0,0.10893854748603352,100000.0,3900000.0,0.10893854748603352,1000000.0,2900000.0,0.08100558659217877,0.8,0.8,3625000.0,3625000.0,https://www.sedar.com/search/search_form_pc_en.htm,https://www.sedar.com/search/search_form_pc_en.htm
0,1995-03-31,BNE.TO,1995-03-31,1995-03-31,Q1,30300000,26100000,4200000.0,0.13861386138613863,0.0,0.0,0.0,0.0,0.0,26900000,0.0,0.0,4200000.0,0.13861386138613863,3400000.0,0.11551155115511551,200000.0,3500000.0,0.11551155115511551,1100000.0,2400000.0,0.07920792079207921,0.7,0.7,3428571.0,3428571.0,https://www.sedar.com/search/search_form_pc_en.htm,https://www.sedar.com/search/search_form_pc_en.htm
0,1994-12-31,BNE.TO,1994-12-31,1994-12-31,Q4,37000000,26900000,10100000,0.27297297297297296,0.0,0.0,0.0,0.0,0.0,31300000,600000.0,0.0,6600000.0,0.1783783783783784,5700000.0,0.16216216216216217,1200000.0,6000000.0,0.16216216216216217,1600000.0,4400000.0,0.11891891891891893,0.13178073267451754,0.13178073267451754,33388796,33388796,https://www.sedar.com/search/search_form_pc_en.htm,https://www.sedar.com/search/search_form_pc_en.htm
0,1994-09-30,BNE.TO,1994-09-30,1994-09-30,Q3,20100000,16100000,4000000.0,0.19900497512437812,0.0,0.0,0.0,0.0,0.0,16900000,100000.0,0.0,4000000.0,0.19900497512437812,3200000.0,0.17412935323383086,400000.0,3500000.0,0.17412935323383086,1000000.0,2500000.0,0.12437810945273632,0.7,0.7,3571429.0,3571429.0,https://www.sedar.com/search/search_form_pc_en.htm,https://www.sedar.com/search/search_form_pc_en.htm
0,1994-06-30,BNE.TO,1994-06-30,1994-06-30,Q2,26900000,20100000,6800000.0,0.2527881040892193,0.0,0.0,0.0,0.0,0.0,20900000,100000.0,0.0,6800000.0,0.2527881040892193,6000000.0,0.23048327137546468,100000.0,6200000.0,0.23048327137546468,2000000.0,4200000.0,0.15613382899628253,1.2,1.2,3500000.0,3500000.0,https://www.sedar.com/search/search_form_pc_en.htm,https://www.sedar.com/search/search_form_pc_en.htm
0,1994-03-31,BNE.TO,1994-03-31,1994-03-31,Q1,24000000,18000000,6000000.0,0.25,0.0,0.0,0.0,0.0,0.0,18600000,100000.0,0.0,6000000.0,0.25,5400000.0,0.21666666666666667,-100000.0,5200000.0,0.21666666666666667,1700000.0,3500000.0,0.14583333333333334,1.1,1.1,3181818.0,3181818.0,https://www.sedar.com/search/search_form_pc_en.htm,https://www.sedar.com/search/search_form_pc_en.htm
