,date,symbol,fillingDate,acceptedDate,period,revenue,costOfRevenue,grossProfit,grossProfitRatio,researchAndDevelopmentExpenses,generalAndAdministrativeExpenses,sellingAndMarketingExpenses,otherExpenses,operatingExpenses,costAndExpenses,interestExpense,depreciationAndAmortization,ebitda,ebitdaratio,operatingIncome,operatingIncomeRatio,totalOtherIncomeExpensesNet,incomeBeforeTax,incomeBeforeTaxRatio,incomeTaxExpense,netIncome,netIncomeRatio,eps,epsdiluted,weightedAverageShsOut,weightedAverageShsOutDil,link,finalLink
0,2020-06-30,MRO,2020-08-06,2020-08-06 16:02:12,Q2,490000000,831000000,-341000000,-0.6959183673469388,0.0,88000000,0.0,13000000,26000000,975000000,0.0,0.0,184000000,0.37551020408163266,-485000000,-1.5612244897959184,-211000000,-765000000,-1.5612244897959184,-15000000,-750000000,-1.530612244897959,-0.95,-0.95,790000000,790000000,https://www.sec.gov/Archives/edgar/data/101778/000010177820000103/0000101778-20-000103-index.htm,https://www.sec.gov/Archives/edgar/data/101778/000010177820000103/mro-20200630.htm
0,2020-03-31,MRO,2020-05-07,2020-05-07 16:33:58,Q1,1024000000,948000000,76000000,0.07421875,0.0,76000000,0.0,7000000.0,28000000,1118000000,0.0,0.0,436000000,0.42578125,-94000000,-0.0478515625,109000000,-49000000,-0.0478515625,-3000000.0,-46000000,-0.044921875,-0.06,-0.06,794000000,794000000,https://www.sec.gov/Archives/edgar/data/101778/000010177820000081/0000101778-20-000081-index.htm,https://www.sec.gov/Archives/edgar/data/101778/000010177820000023/mro-20191231x10k2019.htm
0,2019-12-31,MRO,2020-02-20,2020-02-20 16:42:06,Q4,1233000000,928000000,305000000,0.24736415247364152,0.0,93000000,0.0,9000000.0,42000000,1142000000,0.0,0.0,895000000,0.7258718572587186,91000000,-0.0024330900243309003,-16000000,-3000000.0,-0.0024330900243309003,17000000,-20000000,-0.016220600162206,0.0,0.0,0.0,0.0,https://www.sec.gov/Archives/edgar/data/101778/000010177820000023/0000101778-20-000023-index.htm,https://www.sec.gov/Archives/edgar/data/101778/000010177820000023/mro-20191231x10k2019.htm
0,2019-09-30,MRO,2019-11-07,2019-11-07 16:34:06,Q3,1249000000,923000000,326000000,0.2610088070456365,0.0,82000000,0.0,8000000.0,22000000,1108000000,0.0,0.0,694000000,0.55564451561249,141000000,0.14011208967173738,98000000,175000000,0.14011208967173738,10000000,165000000,0.1321056845476381,0.21,0.21,802000000,803000000,https://www.sec.gov/Archives/edgar/data/101778/000010177819000113/0000101778-19-000113-index.htm,https://www.sec.gov/Archives/edgar/data/101778/000010177819000113/mro-20190930x10q.htm
0,2019-06-30,MRO,2019-08-08,2019-08-08 16:35:53,Q2,1381000000,968000000,413000000,0.2990586531498914,0.0,87000000,0.0,15000000,26000000,1160000000,0.0,0.0,836000000,0.6053584359160029,221000000,0.1397538015930485,36000000,193000000,0.1397538015930485,32000000,161000000,0.1165821868211441,0.2,0.2,813000000,814000000,https://www.sec.gov/Archives/edgar/data/101778/000010177819000093/0000101778-19-000093-index.htm,https://www.sec.gov/Archives/edgar/data/101778/000010177819000093/mro-20190630x10q.htm
0,2019-03-31,MRO,2019-05-02,2019-05-02 16:35:37,Q1,1200000000,895000000,305000000,0.25416666666666665,0.0,94000000,0.0,40000000,59000000,1120000000,0.0,0.0,689000000,0.5741666666666667,80000000,0.0225,-4000000.0,27000000,0.0225,-147000000,174000000,0.145,0.21,0.21,819000000,820000000,https://www.sec.gov/Archives/edgar/data/101778/000010177819000070/0000101778-19-000070-index.htm,https://www.sec.gov/Archives/edgar/data/101778/000010177819000022/mro-20181231x10kq42018.htm
0,2018-12-31,MRO,2019-02-21,2019-02-21 16:53:44,Q4,1380000000,985000000,395000000,0.286231884057971,0.0,88000000,0.0,25000000,116000000,1273000000,0.0,0.0,1075000000,0.7789855072463768,107000000,0.2942028985507246,379000000,406000000,0.2942028985507246,16000000,390000000,0.2826086956521739,0.0,0.0,0.0,0.0,https://www.sec.gov/Archives/edgar/data/101778/000010177819000022/0000101778-19-000022-index.htm,https://www.sec.gov/Archives/edgar/data/101778/000010177819000022/mro-20181231x10kq42018.htm
0,2018-09-30,MRO,2018-11-08,2018-11-08 16:46:51,Q3,1538000000,993000000,545000000,0.3543563068920676,0.0,101000000,0.0,111000000,56000000,1236000000,0.0,0.0,990000000,0.6436931079323797,302000000,0.23211963589076723,113000000,357000000,0.23211963589076723,103000000,254000000,0.16514954486345904,0.3,0.3,848000000,849000000,https://www.sec.gov/Archives/edgar/data/101778/000010177818000118/0000101778-18-000118-index.htm,https://www.sec.gov/Archives/edgar/data/101778/000010177818000118/mro-20180930x10q.htm
0,2018-06-30,MRO,2018-08-02,2018-08-02 16:38:17,Q2,1447000000,943000000,504000000,0.3483068417415342,0.0,105000000,0.0,12000000,65000000,1178000000,0.0,0.0,1017000000,0.7028334485141673,269000000,0.0967519004837595,-64000000,140000000,0.0967519004837595,44000000,96000000,0.0663441603317208,0.11,0.11,854000000,855000000,https://www.sec.gov/Archives/edgar/data/101778/000010177818000107/0000101778-18-000107-index.htm,https://www.sec.gov/Archives/edgar/data/101778/000010177818000107/mro-20180630x10q.htm
0,2018-03-31,MRO,2018-05-03,2018-05-03 16:36:10,Q1,1537000000,937000000,600000000,0.3903708523096942,0.0,100000000,0.0,1000000.0,52000000,1153000000,0.0,0.0,827000000,0.5380611581001952,384000000,0.3409238776837996,185000000,524000000,0.3409238776837996,168000000,356000000,0.23162003903708522,0.42,0.42,851000000,852000000,https://www.sec.gov/Archives/edgar/data/101778/000010177818000091/0000101778-18-000091-index.htm,https://www.sec.gov/Archives/edgar/data/101778/000010177818000026/mro-20171231x10kq42017.htm
0,2017-12-31,MRO,2018-02-22,2018-02-22 17:14:17,Q4,1230000000,937000000,293000000,0.23821138211382115,0.0,101000000,0.0,59000000,57000000,1150000000,0.0,0.0,879000000,0.7146341463414634,80000000,0.1073170731707317,196000000,132000000,0.1073170731707317,160000000,-28000000,-0.022764227642276424,-0.032941,-0.032941,850000000,850000000,https://www.sec.gov/Archives/edgar/data/101778/000010177818000026/0000101778-18-000026-index.htm,https://www.sec.gov/Archives/edgar/data/101778/000010177818000026/mro-20171231x10kq42017.htm
0,2017-09-30,MRO,2017-11-02,2017-11-02 16:37:43,Q3,1162000000,993000000,169000000,0.14543889845094665,0.0,97000000,0.0,8000000.0,294000000,1428000000,0.0,0.0,603000000,0.5189328743545611,-266000000,-0.39414802065404475,-157000000,-458000000,-0.39414802065404475,141000000,-599000000,-0.5154905335628227,-0.704706,-0.704706,850000000,850000000,https://www.sec.gov/Archives/edgar/data/101778/000010177817000121/0000101778-17-000121-index.htm,https://www.sec.gov/Archives/edgar/data/101778/000010177817000121/mro-20170930x10q.htm
0,2017-06-30,MRO,2017-08-03,2017-08-03 16:38:34,Q2,993000000,917000000,76000000,0.07653575025176233,0.0,93000000,0.0,9000000.0,30000000,1085000000,0.0,0.0,494000000,0.49748237663645517,-92000000,-0.11278952668680765,66000000,-112000000,-0.11278952668680765,41000000,-139000000,-0.13997985901309165,-0.163529,-0.163529,850000000,850000000,https://www.sec.gov/Archives/edgar/data/101778/000010177817000108/0000101778-17-000108-index.htm,https://www.sec.gov/Archives/edgar/data/101778/000010177817000108/mro-20170630x10q.htm
0,2017-03-31,MRO,2017-05-05,2017-05-05 16:50:12,Q1,988000000,830000000,158000000,0.15991902834008098,0.0,109000000,0.0,14000000,28000000,1006000000,0.0,0.0,541000000,0.5475708502024291,-18000000,-0.016194331983805668,80000000,-16000000,-0.016194331983805668,34000000,-4957000000,-5.017206477732794,-5.831765,-5.84,850000000,850000000,https://www.sec.gov/Archives/edgar/data/101778/000010177817000078/0000101778-17-000078-index.htm,https://www.sec.gov/Archives/edgar/data/101778/000010177817000046/mro-20161231x10k.htm
0,2016-12-31,MRO,2017-02-24,2017-02-24 08:14:39,Q4,1200000000,1145000000,55000000,0.04583333333333333,0.0,96000000,0.0,31000000,34000000,1317000000,0.0,0.0,1021000000,0.8508333333333333,-117000000,-0.02,200000000,-24000000,-0.02,1347000000,-1371000000,-1.1425,-1.618654,-1.62,847000000,847000000,https://www.sec.gov/Archives/edgar/data/101778/000010177817000046/0000101778-17-000046-index.htm,https://www.sec.gov/Archives/edgar/data/101778/000010177817000046/mro-20161231x10k.htm
0,2016-09-30,MRO,2016-11-03,2016-11-03 16:43:19,Q3,1100000000,1158000000,-58000000,-0.05272727272727273,0.0,105000000,0.0,23000000,83000000,1385000000,0.0,0.0,309000000,0.2809090909090909,-285000000,-0.2636363636363636,82000000,-290000000,-0.2636363636363636,-98000000,-192000000,-0.17454545454545456,-0.226682,-0.23,847000000,847000000,https://www.sec.gov/Archives/edgar/data/101778/000010177816000103/0000101778-16-000103-index.htm,https://www.sec.gov/Archives/edgar/data/101778/000010177816000103/mro-20160930x10q.htm
0,2016-06-30,MRO,2016-08-04,2016-08-04 16:41:12,Q2,959000000,1094000000,-135000000,-0.14077163712200208,0.0,132000000,0.0,12000000,189000000,1454000000,0.0,0.0,-228000000,-0.23774765380604795,-495000000,-0.24817518248175183,343000000,-238000000,-0.24817518248175183,-68000000,-170000000,-0.1772679874869656,-0.200472,-0.200472,848000000,848000000,https://www.sec.gov/Archives/edgar/data/101778/000010177816000079/0000101778-16-000079-index.htm,https://www.sec.gov/Archives/edgar/data/101778/000010177816000079/mro-20160630x10q.htm
0,2016-03-31,MRO,2016-05-05,2016-05-05 16:38:28,Q1,772000000,1104000000,-332000000,-0.43005181347150256,0.0,151000000,0.0,4000000.0,24000000,1327000000,0.0,0.0,115000000,0.1489637305699482,-555000000,-0.8847150259067358,-43000000,-683000000,-0.8847150259067358,-276000000,-407000000,-0.5272020725388601,-0.56,-0.56,730000000,730000000,https://www.sec.gov/Archives/edgar/data/101778/000010177816000067/0000101778-16-000067-index.htm,https://www.sec.gov/Archives/edgar/data/101778/000010177816000047/mro-20151231x10k.htm
0,2015-12-31,MRO,2016-02-25,2016-02-25 13:48:08,Q4,1164000000,1317000000,-153000000,-0.13144329896907217,0.0,126000000,0.0,58000000,532000000,2018000000,0.0,0.0,-391000000,-0.33591065292096217,-854000000,-0.8599656357388317,-4000000.0,-1001000000,-0.8599656357388317,-208000000,-793000000,-0.6812714776632303,-1.17,-1.17,678000000,678000000,https://www.sec.gov/Archives/edgar/data/101778/000010177816000047/0000101778-16-000047-index.htm,https://www.sec.gov/Archives/edgar/data/101778/000010177816000047/mro-20151231x10k.htm
0,2015-09-30,MRO,2015-11-05,2015-11-05 16:40:21,Q3,1384000000,1300000000,84000000,0.06069364161849711,0.0,125000000,0.0,12000000,585000000,2056000000,0.0,0.0,491000000,0.3547687861271676,-672000000,-0.8273121387283237,-398000000,-1145000000,-0.8273121387283237,-396000000,-749000000,-0.5411849710982659,-1.11,-1.11,677000000,677000000,https://www.sec.gov/Archives/edgar/data/101778/000010177815000038/0000101778-15-000038-index.htm,https://www.sec.gov/Archives/edgar/data/101778/000010177815000038/mro-20150930x10q.htm
0,2015-06-30,MRO,2015-08-06,2015-08-06 13:30:40,Q2,1490000000,1464000000,26000000,0.0174496644295302,0.0,168000000,0.0,15000000,111000000,1821000000,0.0,0.0,464000000,0.31140939597315437,-331000000,-0.26308724832214764,-3000000.0,-392000000,-0.26308724832214764,-6000000.0,-386000000,-0.25906040268456376,-0.57,-0.57,677000000,677000000,https://www.sec.gov/Archives/edgar/data/101778/000010177815000026/0000101778-15-000026-index.htm,https://www.sec.gov/Archives/edgar/data/101778/000010177815000026/mro-20150630x10q.htm
0,2015-03-31,MRO,2015-05-07,2015-05-07 16:13:38,Q1,1484000000,1577000000,-93000000,-0.06266846361185983,0.0,171000000,0.0,11000000,90000000,1905000000,0.0,0.0,399000000,0.2688679245283019,-421000000,-0.2830188679245283,48000000,-420000000,-0.2830188679245283,-144000000,-276000000,-0.18598382749326145,-0.41,-0.41,675000000,675000000,https://www.sec.gov/Archives/edgar/data/101778/000010177815000016/0000101778-15-000016-index.htm,https://www.sec.gov/Archives/edgar/data/101778/000010177815000007/mro-20141231x10k.htm
0,2014-12-31,MRO,2015-03-02,2015-03-02 09:06:42,Q4,2398000000,1904000000,494000000,0.20600500417014178,0.0,168000000,0.0,22000000,479000000,2638000000,0.0,0.0,884000000,0.3686405337781485,-240000000,-0.08381984987489574,129000000,-201000000,-0.08381984987489574,-108000000,926000000,0.3861551292743953,1.37,1.37,675000000,677000000,https://www.sec.gov/Archives/edgar/data/101778/000010177815000007/0000101778-15-000007-index.htm,https://www.sec.gov/Archives/edgar/data/101778/000010177815000007/mro-20141231x10k.htm
0,2014-09-30,MRO,2014-11-04,2014-11-04 17:02:33,Q3,2870000000,1983000000,887000000,0.30905923344947733,0.0,160000000,0.0,15000000,96000000,2354000000,0.0,0.0,1365000000,0.47560975609756095,516000000,0.15783972125435541,-8000000.0,453000000,0.15783972125435541,149000000,431000000,0.15017421602787456,0.64,0.64,675000000,678000000,https://www.sec.gov/Archives/edgar/data/101778/000010177814000078/0000101778-14-000078-index.htm,https://www.sec.gov/Archives/edgar/data/101778/000010177814000078/mro-2014930x10q.htm
0,2014-06-30,MRO,2014-08-05,2014-08-05 16:51:45,Q2,2888000000,1957000000,931000000,0.3223684210526316,0.0,139000000,0.0,20000000,145000000,2350000000,0.0,0.0,1255000000,0.4345567867036011,538000000,0.17693905817174516,49000000,511000000,0.17693905817174516,151000000,540000000,0.18698060941828254,0.8,0.8,676000000,679000000,https://www.sec.gov/Archives/edgar/data/101778/000010177814000054/0000101778-14-000054-index.htm,https://www.sec.gov/Archives/edgar/data/101778/000010177814000054/mro-2014630x10q.htm
0,2014-03-31,MRO,2014-05-07,2014-05-07 17:25:59,Q1,3370000000,1964000000,1406000000,0.4172106824925816,0.0,192000000,0.0,20000000,76000000,2330000000,0.0,0.0,1752000000,0.5198813056379822,1040000000,0.3353115727002967,142000000,1130000000,0.3353115727002967,590000000,1149000000,0.3409495548961424,1.66,1.65,693000000,696000000,https://www.sec.gov/Archives/edgar/data/101778/000010177814000026/0000101778-14-000026-index.htm,https://www.sec.gov/Archives/edgar/data/101778/000010177814000014/mro-20131231x10k.htm
0,2013-12-31,MRO,2014-02-28,2014-02-28 08:20:38,Q4,2926000000,1749000000,1177000000,0.40225563909774437,0.0,197000000,0.0,11000000,237000000,2267000000,0.0,0.0,1694000000,0.5789473684210527,659000000,0.22624743677375256,74000000,662000000,0.22624743677375256,447000000,375000000,0.1281613123718387,0.54,0.54,697000000,701000000,https://www.sec.gov/Archives/edgar/data/101778/000010177814000014/0000101778-14-000014-index.htm,https://www.sec.gov/Archives/edgar/data/101778/000010177814000014/mro-20131231x10k.htm
0,2013-09-30,MRO,2013-11-06,2013-11-05 17:39:22,Q3,3787000000,2085000000,1702000000,0.4494322682862424,0.0,152000000,0.0,19000000,153000000,2481000000,0.0,0.0,2043000000,0.5394771587008186,1306000000,0.3580670715606021,116000000,1356000000,0.3580670715606021,787000000,569000000,0.1502508581991022,0.8,0.8,707000000,711000000,https://www.sec.gov/Archives/edgar/data/101778/000010177813000049/0000101778-13-000049-index.htm,https://www.sec.gov/Archives/edgar/data/101778/000010177813000049/mro-2013930x10q.htm
0,2013-06-30,MRO,2013-08-08,2013-08-07 17:50:43,Q2,3918000000,1933000000,1985000000,0.5066360387953037,0.0,164000000,0.0,10000000,133000000,2323000000,0.0,0.0,2440000000,0.622766717713119,1595000000,0.3838693210821848,-20000000,1504000000,0.3838693210821848,1078000000,426000000,0.10872894333843798,0.6,0.6,710000000,714000000,https://www.sec.gov/Archives/edgar/data/101778/000010177813000034/0000101778-13-000034-index.htm,https://www.sec.gov/Archives/edgar/data/101778/000010177813000034/mro-2013630x10q.htm
0,2013-03-31,MRO,2013-05-10,2013-05-09 17:47:32,Q1,3870000000,1865000000,2005000000,0.5180878552971576,0.0,174000000,0.0,9000000.0,465000000,2588000000,0.0,0.0,1958000000,0.5059431524547804,1282000000,0.36382428940568473,198000000,1408000000,0.36382428940568473,1025000000,383000000,0.09896640826873385,0.54,0.54,708000000,712000000,https://www.sec.gov/Archives/edgar/data/101778/000010177813000019/0000101778-13-000019-index.htm,https://www.sec.gov/Archives/edgar/data/101778/000010177813000006/mro-20121231x10k.htm
0,2012-12-31,MRO,2013-02-22,2013-02-22 12:40:55,Q4,3963000000,3258000000,705000000,0.17789553368660105,0.0,166000000,0.0,-7000000.0,238000000,2455000000,72000000,0.0,2366000000,0.5970224577340398,1508000000,0.4092858945243502,173000000,1622000000,0.4092858945243502,1300000000,322000000,0.0812515770880646,0.46,0.45,707000000,711000000,https://www.sec.gov/Archives/edgar/data/101778/000010177813000006/0000101778-13-000006-index.htm,https://www.sec.gov/Archives/edgar/data/101778/000010177813000006/mro-20121231x10k.htm
0,2012-09-30,MRO,2012-11-07,2012-11-07 15:19:56,Q3,4039000000,1544000000,2495000000,0.6177271601881654,0.0,139000000,0.0,0.0,0.0,2371000000,53000000,0.0,2415000000,0.5979202772963604,1668000000,0.42807625649913345,114000000,1729000000,0.42807625649913345,1279000000,450000000,0.11141371626640258,0.0,0.0,706000000,709000000,https://www.sec.gov/Archives/edgar/data/101778/000010177812000029/0000101778-12-000029-index.htm,https://www.sec.gov/Archives/edgar/data/101778/000010177812000029/mro-2012930x10q.htm
0,2012-06-30,MRO,2012-08-03,2012-08-03 17:02:59,Q2,3724000000,1531000000,2193000000,0.5888829215896885,0.0,130000000,0.0,0.0,0.0,2308000000,57000000,0.0,2056000000,0.5520945220193341,1416000000,0.3807733619763695,59000000,1418000000,0.3807733619763695,1025000000,393000000,0.10553168635875403,0.56,0.56,706000000,709000000,https://www.sec.gov/Archives/edgar/data/101778/000114036112035104/0001140361-12-035104-index.htm,https://www.sec.gov/Archives/edgar/data/101778/000114036112035104/form10q2012q1.htm
0,2012-03-31,MRO,2012-05-04,2012-05-04 08:43:40,Q1,3962000000,1612000000,2350000000,0.5931347804139323,0.0,120000000,0.0,0.0,0.0,2384000000,50000000,0.0,2230000000,0.5628470469459869,1578000000,0.3392226148409894,-184000000,1344000000,0.3392226148409894,927000000,417000000,0.10524987380111055,0.59,0.59,706000000,710000000,https://www.sec.gov/Archives/edgar/data/101778/000010177812000020/0000101778-12-000020-index.htm,https://www.sec.gov/Archives/edgar/data/101778/000119312512088742/d270787d10k.htm
0,2011-12-31,MRO,2012-02-29,2012-02-29 15:09:41,Q4,3707000000,1760000000,1947000000,0.5252225519287834,0.0,173000000,0.0,0.0,0.0,2543000000,45000000,0.0,1816000000,0.48988400323711895,1164000000,0.32856757485837607,99000000,1218000000,0.32856757485837607,669000000,549000000,0.14809819260857837,0.78,0.78,704000000,707000000,https://www.sec.gov/Archives/edgar/data/101778/000119312512088742/0001193125-12-088742-index.htm,https://www.sec.gov/Archives/edgar/data/101778/000119312512088742/d270787d10k.htm
0,2011-09-30,MRO,2011-11-04,2011-11-04 12:20:15,Q3,3676000000,1786000000,1890000000,0.514145810663765,0.0,104000000,0.0,0.0,0.0,2466000000,30000000,0.0,1850000000,0.5032644178454843,1210000000,0.3544613710554951,123000000,1303000000,0.3544613710554951,898000000,405000000,0.11017410228509249,0.57,0.57,711000000,714000000,https://www.sec.gov/Archives/edgar/data/101778/000010177811000073/0000101778-11-000073-index.htm,https://www.sec.gov/Archives/edgar/data/101778/000010177811000073/form10q2011nov4.htm
0,2011-08-08,MRO,2011-08-08,2011-11-04 12:20:15,Q2,7674000000,3071000000,4603000000,0.5998175658066197,-230000000,267000000,0.0,0.0,267000000,5457000000,0.0,-852000000,1365000000,0.140240140477,2217000000,0.0998054197712,22000000,1906000000,0.0485026814105,1153000000,1992000000,0.0472687580086,-1.4,-1.39,712000000,716000000,https://www.sec.gov/Archives/edgar/data/101778/000010177811000048/0000101778-11-000048-index.htm,https://www.sec.gov/Archives/edgar/data/101778/000010177811000048/form10q2011aug8.htm
0,2011-06-30,MRO,2011-08-08 00:00:00,2011-08-08 15:34:59,Q2,3745000000,1883000000,1862000000,0.497196261682243,0.0,130000000,0.0,0.0,0.0,2630000000,13000000,0.0,1799000000,0.4803738317757009,1115000000,0.24432576769025366,-187000000,915000000,0.24432576769025366,617000000,996000000,0.26595460614152205,1.4,1.39,713000000,717000000,https://www.sec.gov/Archives/edgar/data/101778/000010177811000048/0000101778-11-000048-index.html,https://www.sec.gov/Archives/edgar/data/101778/000010177811000048/form10q2011aug8.htm
0,2011-03-31,MRO,2011-05-06,2011-05-06 10:51:12,Q1,20945000000,17641000000,3304000000,0.15774647887323945,0.0,353000000,0.0,0.0,0.0,18968000000,65000000,0.0,3108000000,0.14838863690618287,1977000000,0.08398185724516591,-153000000,1759000000,0.08398185724516591,763000000,996000000,0.04755311530198138,1.4,1.39,711000000,715000000,https://www.sec.gov/Archives/edgar/data/101778/000010177811000020/0000101778-11-000020-index.htm,https://www.sec.gov/Archives/edgar/data/101778/000119312511047891/d10k.htm
0,2010-12-31,MRO,2011-02-28,2011-02-25 19:57:38,Q4,19652000000,16993000000,2659000000,0.13530429472827193,0.0,405000000,0.0,0.0,0.0,18400000000,0.0,0.0,1598000000,0.08131487889273356,1252000000,0.06167311215143497,384000000,1212000000,0.06167311215143497,506000000,706000000,0.03592509668227153,0.0,0.0,0.0,0.0,https://www.sec.gov/Archives/edgar/data/101778/000119312511047891/0001193125-11-047891-index.htm,https://www.sec.gov/Archives/edgar/data/101778/000119312511047891/d10k.htm
0,2010-09-30,MRO,2010-11-08,2010-11-05 17:43:28,Q3,18575000000,15881000000,2694000000,0.1450336473755047,0.0,324000000,0.0,0.0,0.0,17069000000,0.0,0.0,2271000000,0.12226110363391655,1506000000,0.07962314939434724,0.0,1479000000,0.07962314939434724,783000000,696000000,0.03746971736204576,0.98,0.98,710000000,712000000,https://www.sec.gov/Archives/edgar/data/101778/000010177810000077/0000101778-10-000077-index.htm,https://www.sec.gov/Archives/edgar/data/101778/000010177810000077/form10q2010sep30.htm
0,2010-09-02,MRO,2010-11-08 00:00:00,2010-11-05 17:43:28,Q2,0.0,0.0,0.0,0.0,0.0,0.0,0.0,0.0,0.0,0.0,0.0,0.0,-457000000,0.0,-457000000,0.0,0.0,-466000000,0.0,0.0,-457000000,0.0,0.0,0.0,0.0,0.0,https://www.sec.gov/Archives/edgar/data/101778/000010177810000077/0000101778-10-000077-index.html,https://www.sec.gov/Archives/edgar/data/101778/000010177810000077/form10q2010sep30.htm
0,2010-06-30,MRO,2010-08-06,2010-08-06 12:04:52,Q2,18574000000,15866000000,2708000000,0.14579519758802628,125000000,336000000,0.0,0.0,0.0,16970000000,18000000,0.0,2262000000,0.1217831377193927,1604000000,0.07865833961451492,-125000000,1461000000,0.07865833961451492,752000000,709000000,0.0381716377732314,1.0,1.0,710000000,712000000,https://www.sec.gov/Archives/edgar/data/101778/000010177810000048/0000101778-10-000048-index.htm,https://www.sec.gov/Archives/edgar/data/101778/000010177810000048/form10q2010qtr1.htm
0,2010-03-31,MRO,2010-05-10,2010-05-10 15:50:10,Q1,16820000000,14324000000,2496000000,0.1483947681331748,98000000,298000000,0.0,0.0,133000000,15386000000,30000000,0.0,2083000000,0.12384066587395957,1434000000,0.05766944114149822,-434000000,970000000,0.05766944114149822,513000000,457000000,0.027170035671819262,0.64,0.64,709000000,711000000,https://www.sec.gov/Archives/edgar/data/101778/000010177810000027/0000101778-10-000027-index.htm,https://www.sec.gov/Archives/edgar/data/101778/000119312510042898/d10k.htm
0,2009-12-31,MRO,2010-02-26,2010-02-26 16:09:10,Q4,16066000000,14019000000,2047000000,0.12741192580605004,0.0,328000000,0.0,0.0,0.0,15073000000,6000000.0,0.0,1548000000,0.09635254574878625,993000000,0.05645462467322296,0.0,907000000,0.05645462467322296,708000000,355000000,0.022096352545748786,0.0,0.0,0.0,0.0,https://www.sec.gov/Archives/edgar/data/101778/000119312510042898/0001193125-10-042898-index.htm,https://www.sec.gov/Archives/edgar/data/101778/000119312510042898/d10k.htm
0,2009-09-30,MRO,2009-11-06,2009-11-06 14:56:32,Q3,14477000000,12409000000,2068000000,0.14284727498791186,55000000,323000000,0.0,0.0,133000000,13460000000,35000000,0.0,1647000000,0.11376666436416384,1017000000,0.06783173309387304,0.0,982000000,0.06783173309387304,590000000,413000000,0.028528009946812184,0.58,0.58,709000000,711000000,https://www.sec.gov/Archives/edgar/data/101778/000010177809000123/0000101778-09-000123-index.htm,https://www.sec.gov/Archives/edgar/data/101778/000010177809000123/form10q2009sept30.htm
0,2009-06-30,MRO,2009-08-06,2009-08-06 14:45:12,Q2,13358000000,11176000000,2182000000,0.16334780655786793,64000000,321000000,0.0,0.0,110000000,12295000000,11000000,0.0,1764000000,0.13205569696062286,1063000000,0.07875430453660727,0.0,1052000000,0.07875430453660727,711000000,413000000,0.03091780206617757,0.58,0.58,709000000,711000000,https://www.sec.gov/Archives/edgar/data/101778/000010177809000113/0000101778-09-000113-index.htm,https://www.sec.gov/Archives/edgar/data/101778/000010177809000113/form10q2009june30.htm
0,2009-03-31,MRO,2009-05-08,2009-05-08 12:06:41,Q1,10357000000,8733000000,1624000000,0.15680216278845224,0.0,291000000,0.0,0.0,0.0,9792000000,0.0,0.0,1230000000,0.11876025876218982,565000000,0.053297286859129094,0.0,552000000,0.053297286859129094,270000000,282000000,0.02722796176498986,0.4,0.4,709000000,709000000,https://www.sec.gov/Archives/edgar/data/101778/000010177809000069/0000101778-09-000069-index.htm,https://www.sec.gov/Archives/edgar/data/101778/000119312509041003/d10k.htm
0,2008-12-31,MRO,2009-02-27,2009-02-27 16:24:33,Q4,15721000000,10732000000,4989000000,0.31734622479486035,0.0,865000000,0.0,0.0,5379000000,13924000000,0.0,0.0,4215000000,0.26811271547611476,1797000000,0.02474397302970549,-1762000000,389000000,0.02474397302970549,430000000,-41000000,-0.002607976591819859,0.0,0.0,0.0,0.0,https://www.sec.gov/Archives/edgar/data/101778/000119312509041003/0001193125-09-041003-index.htm,https://www.sec.gov/Archives/edgar/data/101778/000119312509041003/d10k.htm
0,2008-09-30,MRO,2008-11-07,2008-11-07 16:08:35,Q3,23114000000,17101000000,6013000000,0.26014536644457903,0.0,351000000,0.0,0.0,0.0,19448000000,0.0,0.0,4445000000,0.19230769230769232,3666000000,0.16011940815090422,88000000,3701000000,0.16011940815090422,1637000000,2064000000,0.08929653024141213,2.92,2.9,707000000,707000000,https://www.sec.gov/Archives/edgar/data/101778/000010177808000106/0000101778-08-000106-index.htm,https://www.sec.gov/Archives/edgar/data/101778/000010177808000106/mro10-q09302008.htm
0,2008-06-30,MRO,2008-08-08,2008-08-08 15:57:47,Q2,21912000000,19639000000,2273000000,0.10373311427528295,0.0,361000000,0.0,0.0,-313000000,20318000000,0.0,0.0,2041000000,0.09314530850675429,1594000000,0.07228915662650602,313000000,1584000000,0.07228915662650602,810000000,774000000,0.035323110624315444,1.09,1.08,710000000,710000000,https://www.sec.gov/Archives/edgar/data/101778/000010177808000094/0000101778-08-000094-index.htm,https://www.sec.gov/Archives/edgar/data/101778/000010177808000094/form10-q.htm
0,2008-03-31,MRO,2008-05-09,2008-05-09 15:33:04,Q1,17822000000,14720000000,3102000000,0.17405453933340814,0.0,300000000,0.0,0.0,-278000000,16532000000,0.0,0.0,1672000000,0.09381663113006397,1290000000,0.07288744248681404,278000000,1299000000,0.07288744248681404,568000000,731000000,0.04101672090674447,1.03,1.02,709708738,716666667,https://www.sec.gov/Archives/edgar/data/101778/000114036108011757/0001140361-08-011757-index.htm,https://www.sec.gov/Archives/edgar/data/101778/000119312508043692/d10k.htm
0,2007-12-31,MRO,2008-02-29,2008-02-29 16:18:51,Q4,16878000000,15208000000,1670000000,0.0989453726744875,0.0,377000000,0.0,0.0,-182000000,15926000000,0.0,0.0,1283000000,0.07601611565351345,952000000,0.058715487617016233,235000000,991000000,0.058715487617016233,323000000,668000000,0.039578149069794996,0.0,0.0,0.0,0.0,https://www.sec.gov/Archives/edgar/data/101778/000119312508043692/0001193125-08-043692-index.htm,https://www.sec.gov/Archives/edgar/data/101778/000119312508043692/d10k.htm
0,2007-09-30,MRO,2007-11-07,2007-11-07 17:29:03,Q3,15410000000,13143000000,2267000000,0.14711226476314082,0.0,336000000,0.0,0.0,-203000000,13780000000,0.0,0.0,1919000000,0.1245295262816353,1630000000,0.11336794289422453,290000000,1747000000,0.11336794289422453,726000000,1021000000,0.06625567813108371,1.5,1.49,680666667,685234899,https://www.sec.gov/Archives/edgar/data/101778/000110465907080781/0001104659-07-080781-index.htm,https://www.sec.gov/Archives/edgar/data/101778/000110465907080781/a07-25930_110q.htm
0,2007-06-30,MRO,2007-08-07,2007-08-07 14:59:54,Q2,15429000000,12008000000,3421000000,0.2217253224447469,0.0,327000000,0.0,0.0,-152000000,12672000000,0.0,0.0,3121000000,0.20228141810875624,2757000000,0.17992092812236696,149000000,2776000000,0.17992092812236696,1234000000,1550000000,0.10046017240261844,2.27,2.25,682819383,688888889,https://www.sec.gov/Archives/edgar/data/101778/000110465907059638/0001104659-07-059638-index.htm,https://www.sec.gov/Archives/edgar/data/101778/000110465907059638/a07-19298_110q.htm
0,2007-03-31,MRO,2007-05-07,2007-05-07 16:52:15,Q1,12869000000,9711000000,3158000000,0.24539591265832622,0.0,287000000,0.0,0.0,-135000000,11551000000,0.0,0.0,1689000000,0.13124562903100473,1318000000,0.10373766415416893,129000000,1335000000,0.10373766415416893,618000000,717000000,0.055715284792913204,1.04,1.035,689423077,692753623,https://www.sec.gov/Archives/edgar/data/101778/000110465907036538/0001104659-07-036538-index.htm,https://www.sec.gov/Archives/edgar/data/101778/000104746907001533/a2176340z10-k.htm
0,2006-12-31,MRO,2007-03-01,2007-03-01 16:19:31,Q4,17546000000,15120000000,2426000000,0.13826513165393822,0.0,333000000,0.0,0.0,-179000000,15753000000,0.0,0.0,2140000000,0.12196512025532885,1793000000,0.10287244956115354,134000000,1805000000,0.10287244956115354,726000000,1079000000,0.061495497549298984,0.0,0.0,0.0,0.0,https://www.sec.gov/Archives/edgar/data/101778/000104746907001533/0001047469-07-001533-index.htm,https://www.sec.gov/Archives/edgar/data/101778/000104746907001533/a2176340z10-k.htm
0,2006-09-30,MRO,2006-11-07,2006-11-07 10:46:41,Q3,15195000000,11640000000,3555000000,0.23395853899308983,0.0,300000000,0.0,0.0,-142000000,12251000000,0.0,0.0,3272000000,0.21533399144455412,2944000000,0.1943402435011517,142000000,2953000000,0.1943402435011517,1330000000,1623000000,0.10681145113524186,2.275,2.26,713406593,718141593,https://www.sec.gov/Archives/edgar/data/101778/000095012906009450/0000950129-06-009450-index.htm,https://www.sec.gov/Archives/edgar/data/101778/000095012906009450/h40944e10vq.htm
0,2006-06-30,MRO,2006-08-08,2006-08-07 20:01:51,Q2,16902000000,13491000000,3411000000,0.2018104366347178,0.0,308000000,0.0,0.0,-111000000,14148000000,0.0,0.0,3109000000,0.18394272867116318,2754000000,0.16359010767956456,111000000,2765000000,0.16359010767956456,1281000000,1748000000,0.10341971364335581,2.42,2.4,722314050,728333333,https://www.sec.gov/Archives/edgar/data/101778/000095012906007646/0000950129-06-007646-index.htm,https://www.sec.gov/Archives/edgar/data/101778/000095012906007646/h38520e10vq.htm
0,2006-03-31,MRO,2006-05-08,2006-05-08 17:08:43,Q1,16516000000,13124000000,3392000000,0.2053766045047227,0.0,287000000,0.0,0.0,-122000000,13853000000,0.0,0.0,3048000000,0.18454831678372488,2663000000,0.1596028093969484,122000000,2636000000,0.1596028093969484,693000000,1943000000,0.117643497214822,1.075,1.065,727645790,727645790,https://www.sec.gov/Archives/edgar/data/101778/000095012906005120/0000950129-06-005120-index.htm,https://www.sec.gov/Archives/edgar/data/101778/000095012906002297/h32018e10vk.htm
0,2005-12-31,MRO,2006-03-06,2006-03-06 17:14:36,Q4,12599000000,13258000000,-659000000,-0.052305738550678625,0.0,305000000,0.0,0.0,0.0,10547000000,0.0,0.0,2401000000,0.19057068021271528,2052000000,0.15953647114850386,128000000,2010000000,0.15953647114850386,726000000,1265000000,0.10040479403127232,0.0,0.0,0.0,0.0,https://www.sec.gov/Archives/edgar/data/101778/000095012906002297/0000950129-06-002297-index.htm,https://www.sec.gov/Archives/edgar/data/101778/000095012906002297/h32018e10vk.htm
0,2005-09-30,MRO,2005-11-04,2005-11-04 15:49:48,Q3,17248000000,13979000000,3269000000,0.18952922077922077,0.0,325000000,0.0,0.0,1217000000,15980000000,0.0,0.0,1594000000,0.0924165120593692,1268000000,0.07183441558441558,74000000,1239000000,0.07183441558441558,469000000,770000000,0.044642857142857144,1.055,1.045,729857820,736842105,https://www.sec.gov/Archives/edgar/data/101778/000110465905052692/0001104659-05-052692-index.htm,https://www.sec.gov/Archives/edgar/data/101778/000110465905052692/a05-18355_110q.htm
0,2005-06-30,MRO,2005-08-08,2005-08-08 12:13:11,Q2,14891000000,12807000000,2084000000,0.13995030555369015,0.0,268000000,0.0,0.0,0.0,13533000000,0.0,0.0,1683000000,0.11302128802632462,1358000000,0.0677590490900544,59000000,1009000000,0.0677590490900544,336000000,673000000,0.04519508427909476,0.97,0.96,693814433,701041667,https://www.sec.gov/Archives/edgar/data/101778/000110465905037142/0001104659-05-037142-index.htm,https://www.sec.gov/Archives/edgar/data/101778/000110465905037142/a05-13099_110q.htm
0,2005-03-31,MRO,2005-05-09,2005-05-09 12:11:30,Q1,13010000000,10614000000,2396000000,0.18416602613374328,0.0,260000000,0.0,0.0,1084000000,12386000000,0.0,0.0,909000000,0.06986933128362798,624000000,0.04019984627209838,78000000,523000000,0.04019984627209838,199000000,324000000,0.02490392006149116,0.47,0.465,689361702,696774194,https://www.sec.gov/Archives/edgar/data/101778/000110465905021516/0001104659-05-021516-index.htm,https://www.sec.gov/Archives/edgar/data/101778/000104746905006086/a2152323z10-k.htm
0,2004-12-31,MRO,2005-03-10,2005-03-10 17:09:10,Q4,13170000000,11709000000,1461000000,0.11093394077448747,0.0,236000000,0.0,0.0,0.0,12349000000,0.0,0.0,1068000000,0.08109339407744874,821000000,0.048899012908124526,123000000,644000000,0.048899012908124526,215000000,429000000,0.03257403189066059,0.0,0.0,0.0,0.0,https://www.sec.gov/Archives/edgar/data/101778/000104746905006086/0001047469-05-006086-index.htm,https://www.sec.gov/Archives/edgar/data/101778/000104746905006086/a2152323z10-k.htm
0,2004-09-30,MRO,2004-11-03,2004-11-03 14:41:04,Q3,11179000000,9988000000,1191000000,0.10653904642633509,0.0,270000000,0.0,0.0,0.0,10637000000,0.0,0.0,812000000,0.07263619286161553,542000000,0.031755971017085605,67000000,355000000,0.031755971017085605,133000000,222000000,0.0198586635656141,0.32,0.32,693750000,693750000,https://www.sec.gov/Archives/edgar/data/101778/000119312504184703/0001193125-04-184703-index.htm,https://www.sec.gov/Archives/edgar/data/101778/000119312504184703/d10q.htm
0,2004-06-30,MRO,2004-08-03,2004-08-03 17:05:05,Q2,11454000000,9949000000,1505000000,0.13139514580059367,0.0,289000000,0.0,0.0,0.0,10625000000,0.0,0.0,1102000000,0.0962109306792387,829000000,0.04906582853151737,78000000,562000000,0.04906582853151737,214000000,352000000,0.03073162214073686,0.51,0.51,690196078,690196078,https://www.sec.gov/Archives/edgar/data/101778/000119312504130296/0001193125-04-130296-index.htm,https://www.sec.gov/Archives/edgar/data/101778/000119312504130296/d10q.htm
0,2004-03-31,MRO,2004-05-04,2004-05-04 17:02:20,Q1,9641000000,8548000000,1093000000,0.11336998236697438,0.0,230000000,0.0,0.0,0.0,9163000000,0.0,0.0,766000000,0.07945233896898662,478000000,0.04387511668914013,41000000,423000000,0.04387511668914013,165000000,258000000,0.026760709469971996,0.415,0.415,621686747,621686747,https://www.sec.gov/Archives/edgar/data/101778/000119312504078045/0001193125-04-078045-index.htm,https://www.sec.gov/Archives/edgar/data/101778/000119312504036535/d10k.htm
0,2003-12-31,MRO,2004-03-09,2004-03-08 18:32:34,Q4,10027000000,9054000000,973000000,0.0970379974070011,0.0,246000000,0.0,0.0,0.0,9677000000,0.0,0.0,615000000,0.06133439712775506,350000000,0.03041787174628503,73000000,305000000,0.03041787174628503,106000000,485000000,0.04836940261294505,0.0,0.0,0.0,0.0,https://www.sec.gov/Archives/edgar/data/101778/000119312504036535/0001193125-04-036535-index.htm,https://www.sec.gov/Archives/edgar/data/101778/000119312504036535/d10k.htm
0,2003-09-30,MRO,2003-11-12,2003-11-12 10:44:14,Q3,9224000000,7964000000,1260000000,0.13660017346053774,0.0,249000000,0.0,0.0,0.0,8566000000,0.0,0.0,882000000,0.09562012142237641,658000000,0.05106244579358196,75000000,471000000,0.05106244579358196,191000000,281000000,0.03046400693842151,0.45,0.45,624444444,624444444,https://www.sec.gov/Archives/edgar/data/101778/000119312503077786/0001193125-03-077786-index.htm,https://www.sec.gov/Archives/edgar/data/101778/000119312503077786/d10q.htm
0,2003-06-30,MRO,2003-08-13,2003-08-13 16:52:47,Q2,8675000000,7495000000,1180000000,0.13602305475504323,0.0,246000000,0.0,0.0,0.0,8130000000,0.0,0.0,733000000,0.08449567723342939,545000000,0.045187319884726226,56000000,392000000,0.045187319884726226,144000000,248000000,0.028587896253602304,0.4,0.4,620000000,620000000,https://www.sec.gov/Archives/edgar/data/101778/000119312503036086/0001193125-03-036086-index.htm,https://www.sec.gov/Archives/edgar/data/101778/000119312503036086/d10q.htm
0,2003-03-31,MRO,2003-05-14 00:00:00,2003-05-14 17:12:52,Q1,9153000000,7983000000,1170000000,0.127826941986234,0.0,207000000,0.0,0.0,0.0,8580000000,0.0,0.0,863000000,0.09428602643941877,573000000,0.05222331476018792,67000000,478000000,0.05222331476018792,175000000,307000000,0.03354091554681525,0.495,0.495,620202020,620202020,https://www.sec.gov/Archives/edgar/data/101778/000010177803000018/0000101778-03-000018-index.html,https://www.sec.gov/Archives/edgar/data/101778/000010177803000018/f10q_1qtr03.txt
0,2002-12-31,MRO,2003-03-10 00:00:00,2003-03-10 13:37:47,Q4,7560000000,6536000000,1024000000,0.13544973544973546,0.0,257000000,0.0,0.0,0.0,7164000000,0.0,0.0,647000000,0.08558201058201058,396000000,0.03888888888888889,56000000,294000000,0.03888888888888889,100000000,194000000,0.025661375661375663,0.0,0.0,0.0,0.0,https://www.sec.gov/Archives/edgar/data/101778/000089924303000495/0000899243-03-000495-index.html,https://www.sec.gov/Archives/edgar/data/101778/000089924303000495/d10k.htm
0,2002-09-30,MRO,2002-11-14 00:00:00,2002-11-14 16:40:40,Q3,7404000000,6473000000,931000000,0.1257428417071853,0.0,218000000,0.0,0.0,0.0,7045000000,0.0,0.0,568000000,0.07671528903295516,359000000,0.03227984873041599,83000000,239000000,0.03227984873041599,145000000,87000000,0.011750405186385737,0.14,0.14,619748000,619940000,https://www.sec.gov/Archives/edgar/data/101778/000010177802000022/0000101778-02-000022-index.html,https://www.sec.gov/Archives/edgar/data/101778/000010177802000022/f10q_30sep02.txt
0,2002-06-30,MRO,2002-08-13 00:00:00,2002-08-13 16:09:28,Q2,7044000000,6029000000,1015000000,0.14409426462237365,0.0,183000000,0.0,0.0,-1000000.0,6587000000,0.0,0.0,720000000,0.10221465076660988,457000000,0.04244747302668938,45000000,299000000,0.04244747302668938,105000000,168000000,0.02385008517887564,0.27,0.27,619614000,620142000,https://www.sec.gov/Archives/edgar/data/101778/000089924302002258/0000899243-02-002258-index.html,https://www.sec.gov/Archives/edgar/data/101778/000089924302002258/d10q.txt
0,2002-03-31,MRO,2002-05-15 00:00:00,2002-05-15 13:10:53,Q1,5458000000,4816000000,642000000,0.1176255038475632,0.0,187000000,0.0,0.0,-71000000,5290000000,0.0,0.0,346000000,0.06339318431659949,168000000,0.017039208501282523,116000000,93000000,0.017039208501282523,39000000,67000000,0.012275558812751924,0.11,0.11,609090909,609090909,https://www.sec.gov/Archives/edgar/data/101778/000089924302001615/0000899243-02-001615-index.html,https://www.sec.gov/Archives/edgar/data/101778/000089924302001615/d10q.txt
0,2001-12-31,MRO,2002-03-11 00:00:00,2002-03-11 00:00:00,Q4,5737000000,4848000000,889000000,0.15495903782464704,0.0,229000000,0.0,0.0,0.0,5530000000,0.0,0.0,561000000,0.0977862994596479,207000000,0.015513334495380861,-29000000,89000000,0.015513334495380861,54000000,-1118000000,-0.19487537040264946,0.0,0.0,0.0,0.0,https://www.sec.gov/Archives/edgar/data/101778/000089924302000577/0000899243-02-000577-index.html,https://www.sec.gov/Archives/edgar/data/101778/000089924302000577/d10k.txt
0,2001-09-30,MRO,2001-11-09 00:00:00,2001-11-09 00:00:00,Q3,7350000000,6066000000,1284000000,0.17469387755102042,0.0,171000000,0.0,0.0,166000000,6770000000,0.0,0.0,1048000000,0.14258503401360545,580000000,0.043673469387755105,-166000000,321000000,0.043673469387755105,128000000,193000000,0.026258503401360545,0.315,0.31,618618000,619846000,https://www.sec.gov/Archives/edgar/data/101778/000010177801500146/0000101778-01-500146-index.html,https://www.sec.gov/Archives/edgar/data/101778/000010177801500146/fm10q3q01.txt
0,2001-06-30,MRO,2001-08-06 00:00:00,2001-08-06 00:00:00,Q2,8044000000,6228000000,1816000000,0.22575832918945798,0.0,185000000,0.0,0.0,0.0,6789000000,0.0,0.0,1506000000,0.1872202884137245,1255000000,0.11151168572849329,55000000,897000000,0.11151168572849329,315000000,582000000,0.07235206364992541,0.94,0.939841,618202000,619254000,https://www.sec.gov/Archives/edgar/data/101778/000010177801500065/0000101778-01-500065-index.html,https://www.sec.gov/Archives/edgar/data/101778/000010177801500065/fm10q201.txt
0,2001-03-31,MRO,2001-05-11 00:00:00,2001-05-11 00:00:00,Q1,7697000000,6257000000,1440000000,0.18708587761465506,0.0,141000000,0.0,0.0,0.0,6785000000,0.0,0.0,1100000000,0.1429128231778615,912000000,0.10003897622450306,115000000,770000000,0.10003897622450306,262000000,500000000,0.06496037417175522,0.81,0.80887,617506000,618146000,https://www.sec.gov/Archives/edgar/data/101778/000010177801500023/0000101778-01-500023-index.html,https://www.sec.gov/Archives/edgar/data/101778/000010177801500023/fm10q01.txt
0,2000-12-31,MRO,2001-03-12 00:00:00,2001-03-12 00:00:00,Q4,7474000000,6298000000,1176000000,0.15734546427615734,0.0,216000000,0.0,0.0,0.0,7108000000,0.0,0.0,1716000000,0.2295959325662296,366000000,-0.08496119882258496,-832000000,-635000000,-0.08496119882258496,-325000000,-310000000,-0.041477120685041474,0.0,0.0,0.0,0.0,https://www.sec.gov/Archives/edgar/data/101778/000095013201000164/0000950132-01-000164-index.html,https://www.sec.gov/Archives/edgar/data/101778/000095013201000164/0000950132-01-000164-0001.txt
0,2000-09-30,MRO,2000-11-02 00:00:00,2000-11-02 00:00:00,Q3,8107000000,6974000000,1133000000,0.13975576662143827,0.0,151000000,0.0,0.0,0.0,7437000000,0.0,0.0,852000000,0.10509436289626249,670000000,0.06919945725915876,59000000,561000000,0.06919945725915876,440000000,121000000,0.014925373134328358,0.19,0.19,623694000,624188000,https://www.sec.gov/Archives/edgar/data/101778/000010177800000020/0000101778-00-000020-index.html,https://www.sec.gov/Archives/edgar/data/101778/000010177800000020/0000101778-00-000020-0001.txt
0,2000-06-30,MRO,2000-08-02 00:00:00,2000-08-02 00:00:00,Q2,7755000000,6493000000,1262000000,0.1627337201805287,0.0,124000000,0.0,0.0,0.0,6925000000,0.0,0.0,1040000000,0.134107027724049,830000000,0.07595099935525468,30000000,589000000,0.07595099935525468,222000000,367000000,0.04732430689877498,0.59,0.58733,624466000,624862000,https://www.sec.gov/Archives/edgar/data/101778/000010177800000016/0000101778-00-000016-index.html,https://www.sec.gov/Archives/edgar/data/101778/000010177800000016/0000101778-00-000016-0001.txt
0,2000-03-31,MRO,2000-05-11 00:00:00,2000-05-11 00:00:00,Q1,6807000000,5950000000,857000000,0.12589980902012635,0.0,134000000,0.0,0.0,0.0,6397000000,0.0,0.0,541000000,0.0794770089613633,410000000,0.05861613045394447,115000000,399000000,0.05861613045394447,145000000,254000000,0.037314529161157635,0.405,0.405,624256000,624570000,https://www.sec.gov/Archives/edgar/data/101778/000010177800000006/0000101778-00-000006-index.html,https://www.sec.gov/Archives/edgar/data/101778/0000101778-00-000006.txt
0,1999-12-31,MRO,2000-03-13 00:00:00,2000-03-13 00:00:00,Q4,6411000000,5654000000,757000000,0.11807830291686164,0.0,111000000,0.0,0.0,0.0,6105000000,0.0,0.0,534000000,0.0832943378568086,306000000,0.03712369365153642,44000000,238000000,0.03712369365153642,67000000,171000000,0.02667290594291062,0.0,0.0,0.0,0.0,https://www.sec.gov/Archives/edgar/data/101778/000091205700011287/0000912057-00-011287-index.html,https://www.sec.gov/Archives/edgar/data/101778/0000912057-00-011287.txt
0,1999-09-30,MRO,1999-11-10 00:00:00,1999-11-10 00:00:00,Q3,5457000000,4661000000,796000000,0.14586769287154114,0.0,121000000,0.0,0.0,0.0,5058000000,0.0,0.0,456000000,0.08356239692138538,399000000,0.062488546820597395,162000000,341000000,0.062488546820597395,111000000,230000000,0.04214770020157596,0.37,0.37,618784000,619620000,https://www.sec.gov/Archives/edgar/data/101778/000010177899000014/0000101778-99-000014-index.html,https://www.sec.gov/Archives/edgar/data/101778/0000101778-99-000014.txt
0,1999-06-30,MRO,1999-08-13 00:00:00,1999-08-13 00:00:00,Q2,4444000000,3728000000,716000000,0.16111611161116113,0.0,132000000,0.0,0.0,0.0,4145000000,0.0,0.0,421000000,0.09473447344734473,299000000,0.048604860486048604,100000000,216000000,0.048604860486048604,82000000,134000000,0.030153015301530153,0.215,0.215,618108000,618924000,https://www.sec.gov/Archives/edgar/data/101778/000010177899000008/0000101778-99-000008-index.html,https://www.sec.gov/Archives/edgar/data/101778/0000101778-99-000008.txt
0,1999-03-31,MRO,1999-05-12 00:00:00,1999-05-12 00:00:00,Q1,3927000000,3468000000,459000000,0.11688311688311688,0.0,122000000,0.0,0.0,0.0,3884000000,0.0,0.0,-80000000,-0.02037178507766743,43000000,0.04660045836516425,360000000,183000000,0.04660045836516425,64000000,119000000,0.030303030303030304,0.19,0.19,618058000,618392000,https://www.sec.gov/Archives/edgar/data/101778/000010177899000006/0000101778-99-000006-index.html,https://www.sec.gov/Archives/edgar/data/101778/0000101778-99-000006.txt
0,1998-12-31,MRO,1999-03-08 00:00:00,1999-03-08 00:00:00,Q4,4360000000,3860000000,500000000,0.11467889908256881,0.0,122000000,0.0,0.0,0.0,4273000000,0.0,0.0,546000000,0.12522935779816513,87000000,-0.0389908256880734,-219000000,-170000000,-0.0389908256880734,-84000000,-86000000,-0.019724770642201836,0.0,0.0,0.0,0.0,https://www.sec.gov/Archives/edgar/data/101778/000095013299000185/0000950132-99-000185-index.html,https://www.sec.gov/Archives/edgar/data/101778/0000950132-99-000185.txt
0,1998-09-30,MRO,1998-11-06 00:00:00,1998-11-06 00:00:00,Q3,4684000000,4034000000,650000000,0.13877028181041845,0.0,132000000,0.0,0.0,0.0,4434000000,0.0,0.0,508000000,0.10845431255337319,250000000,0.017506404782237403,-36000000,82000000,0.017506404782237403,31000000,51000000,0.010888129803586678,0.09,0.085,582640000,583606000,https://www.sec.gov/Archives/edgar/data/101778/000010177898000013/0000101778-98-000013-index.html,https://www.sec.gov/Archives/edgar/data/101778/0000101778-98-000013.txt
0,1998-06-30,MRO,1998-08-13 00:00:00,1998-08-13 00:00:00,Q2,4641000000,3840000000,801000000,0.17259211376858435,0.0,120000000,0.0,0.0,0.0,4225000000,0.0,0.0,590000000,0.1271277741865977,416000000,0.053005817711700064,35000000,246000000,0.053005817711700064,84000000,162000000,0.03490627020038785,0.28,0.28,579182000,580526000,https://www.sec.gov/Archives/edgar/data/101778/000010177898000008/0000101778-98-000008-index.html,https://www.sec.gov/Archives/edgar/data/101778/0000101778-98-000008.txt
0,1998-03-31,MRO,1998-05-11 00:00:00,1998-05-11 00:00:00,Q1,4460000000,3904000000,556000000,0.12466367713004484,0.0,131000000,0.0,0.0,0.0,4357000000,0.0,0.0,-174000000,-0.039013452914798206,103000000,0.06591928251121076,547000000,294000000,0.06591928251121076,111000000,183000000,0.041031390134529146,0.315,0.315,577692000,578980000,https://www.sec.gov/Archives/edgar/data/101778/000010177898000002/0000101778-98-000002-index.html,https://www.sec.gov/Archives/edgar/data/101778/0000101778-98-000002.txt
0,1997-12-31,MRO,1998-03-04 00:00:00,1998-03-04 00:00:00,Q4,3203000000,2692000000,511000000,0.1595379331876366,0.0,92000000,0.0,0.0,0.0,3000000000,0.0,0.0,479000000,0.1495472994068061,203000000,0.01123946300343428,-109000000,36000000,0.01123946300343428,-2000000.0,38000000,0.011863877614736186,0.0,0.0,0.0,0.0,https://www.sec.gov/Archives/edgar/data/101778/000095013298000178/0000950132-98-000178-index.html,https://www.sec.gov/Archives/edgar/data/101778/0000950132-98-000178.txt
0,1997-09-30,MRO,1997-11-12 00:00:00,1997-11-12 00:00:00,Q3,3191000000,2578000000,613000000,0.1921027890943278,0.0,96000000,0.0,0.0,0.0,2887000000,0.0,0.0,409000000,0.12817298652460044,304000000,0.09276089000313381,58000000,296000000,0.09276089000313381,104000000,192000000,0.06016922594797869,0.33,0.33,577406000,583780000,https://www.sec.gov/Archives/edgar/data/101778/000010177897000016/0000101778-97-000016-index.html,https://www.sec.gov/Archives/edgar/data/101778/0000101778-97-000016.txt
0,1997-06-30,MRO,1997-08-12 00:00:00,1997-08-12 00:00:00,Q2,3111000000,2520000000,591000000,0.18997107039537126,0.0,83000000,0.0,0.0,0.0,2816000000,0.0,0.0,509000000,0.1636129861780778,295000000,0.05625200900032144,-51000000,175000000,0.05625200900032144,57000000,118000000,0.03792992606878817,0.205,0.205,576580000,576616000,https://www.sec.gov/Archives/edgar/data/101778/000010177897000012/0000101778-97-000012-index.html,https://www.sec.gov/Archives/edgar/data/101778/0000101778-97-000012.txt
0,1997-03-31,MRO,1997-05-12 00:00:00,1997-05-12 00:00:00,Q1,3427000000,2791000000,636000000,0.18558505981908374,0.0,84000000,0.0,0.0,0.0,3099000000,0.0,0.0,595000000,0.1736212430697403,328000000,0.04814706740589437,-96000000,165000000,0.04814706740589437,57000000,108000000,0.031514444120221766,0.185,0.185,575974000,589322000,https://www.sec.gov/Archives/edgar/data/101778/000010177897000002/0000101778-97-000002-index.html,https://www.sec.gov/Archives/edgar/data/101778/0000101778-97-000002.txt
0,1996-12-31,MRO,1997-03-07 00:00:00,1997-03-07 00:00:00,Q4,3761000000,3171000000,590000000,0.15687317202871576,0.0,82000000,0.0,0.0,0.0,3486000000,0.0,0.0,396000000,0.105291145971816,275000000,0.06780111672427545,50000000,255000000,0.06780111672427545,88000000,160000000,0.0425418771603297,0.0,0.0,0.0,0.0,https://www.sec.gov/Archives/edgar/data/101778/000095013297000130/0000950132-97-000130-index.html,https://www.sec.gov/Archives/edgar/data/101778/0000950132-97-000130.txt
0,1996-09-30,MRO,1996-11-12 00:00:00,1996-11-12 00:00:00,Q3,3438000000,2925000000,513000000,0.14921465968586387,0.0,77000000,0.0,0.0,0.0,3216000000,0.0,0.0,285000000,0.08289703315881326,222000000,0.07300756253635834,104000000,251000000,0.07300756253635834,87000000,164000000,0.0477021524141943,0.285,0.285,575216000,593280000,https://www.sec.gov/Archives/edgar/data/101778/000010177896000013/0000101778-96-000013-index.html,https://www.sec.gov/Archives/edgar/data/101778/0000101778-96-000013.txt
0,1996-06-30,MRO,1996-08-13 00:00:00,1996-08-13 00:00:00,Q2,3371000000,2765000000,606000000,0.17976861465440522,0.0,82000000,0.0,0.0,0.0,3065000000,0.0,0.0,543000000,0.1610797982794423,306000000,0.048946900029664786,-64000000,165000000,0.048946900029664786,41000000,124000000,0.036784336991990504,0.215,0.215,575208000,587164000,https://www.sec.gov/Archives/edgar/data/101778/000010177896000006/0000101778-96-000006-index.html,https://www.sec.gov/Archives/edgar/data/101778/0000101778-96-000006.txt
0,1996-03-31,MRO,1996-05-14 00:00:00,1996-05-14 00:00:00,Q1,2994000000,2463000000,531000000,0.17735470941883769,0.0,78000000,0.0,0.0,0.0,2772000000,0.0,0.0,220000000,0.07348029392117568,222000000,0.10688042752171009,184000000,320000000,0.10688042752171009,104000000,216000000,0.07214428857715431,0.375,0.37,574920000,594502000,https://www.sec.gov/Archives/edgar/data/101778/000010177896000004/0000101778-96-000004-index.html,https://www.sec.gov/Archives/edgar/data/101778/0000101778-96-000004.txt
0,1995-12-31,MRO,1996-03-06 00:00:00,1996-03-06 00:00:00,Q4,2852000000,2444000000,408000000,0.14305750350631136,0.0,71000000,0.0,0.0,0.0,2754000000,0.0,0.0,1561000000,0.5473352033660589,98000000,-0.2114305750350631,-1269000000,-603000000,-0.2114305750350631,-238000000,-366000000,-0.12833099579242638,0.0,0.0,0.0,0.0,https://www.sec.gov/Archives/edgar/data/101778/000095012896000203/0000950128-96-000203-index.html,https://www.sec.gov/Archives/edgar/data/101778/0000950128-96-000203.txt
0,1995-09-30,MRO,1995-11-09 00:00:00,1995-11-09 00:00:00,Q3,2774000000,2224000000,550000000,0.19826964671953856,0.0,74000000,0.0,0.0,0.0,2552000000,0.0,0.0,466000000,0.16798846431146358,222000000,0.04037490987743331,-37000000,112000000,0.04037490987743331,15000000,93000000,0.03352559480894016,0.16,0.16,574816000,574846000,https://www.sec.gov/Archives/edgar/data/101778/000010177895000022/0000101778-95-000022-index.html,https://www.sec.gov/Archives/edgar/data/101778/0000101778-95-000022.txt
0,1995-06-30,MRO,1995-08-10 00:00:00,1995-08-10 00:00:00,Q2,2847000000,2257000000,590000000,0.20723568668774148,0.0,79000000,0.0,0.0,0.0,2596000000,0.0,0.0,444000000,0.1559536354056902,251000000,0.060765718299964876,16000000,173000000,0.060765718299964876,65000000,108000000,0.037934668071654375,0.185,0.185,574492000,587008000,https://www.sec.gov/Archives/edgar/data/101778/000010177895000017/0000101778-95-000017-index.html,https://www.sec.gov/Archives/edgar/data/101778/0000101778-95-000017.txt
0,1995-03-31,MRO,1995-05-09 00:00:00,1995-05-09 00:00:00,Q1,2690000000,2235000000,455000000,0.1691449814126394,0.0,73000000,0.0,0.0,0.0,2567000000,0.0,0.0,234000000,0.08698884758364313,123000000,0.04758364312267658,96000000,128000000,0.04758364312267658,51000000,77000000,0.02862453531598513,0.13,0.13,574374000,574378000,https://www.sec.gov/Archives/edgar/data/101778/000010177895000011/0000101778-95-000011-index.html,https://www.sec.gov/Archives/edgar/data/101778/0000101778-95-000011.txt
0,1994-12-31,MRO,,Not found...,Q4,2744000000,2339000000,405000000,0.14759475218658893,0.0,76000000,0.0,0.0,0.0,2661000000,0.0,0.0,260000000,0.09475218658892129,83000000,0.004008746355685131,19000000,11000000,0.004008746355685131,-26000000,37000000,0.01348396501457726,0.0,0.0,0.0,0.0,,
0,1994-09-30,MRO,1994-11-10 00:00:00,1994-11-10 00:00:00,Q3,2764000000,2288000000,476000000,0.17221418234442837,0.0,73000000,0.0,0.0,0.0,2584000000,0.0,0.0,265000000,0.09587554269175108,180000000,0.06439942112879884,87000000,178000000,0.06439942112879884,76000000,102000000,0.03690303907380608,0.175,0.175,573136000,585630000,https://www.sec.gov/Archives/edgar/data/101778/000010177894000019/0000101778-94-000019-index.html,https://www.sec.gov/Archives/edgar/data/101778/0000101778-94-000019.txt
0,1994-06-30,MRO,1994-08-11 00:00:00,1994-08-11 00:00:00,Q2,2561000000,2190000000,371000000,0.1448652869972667,0.0,86000000,0.0,0.0,0.0,2498000000,0.0,0.0,156000000,0.06091370558375635,63000000,0.04256149941429129,89000000,109000000,0.04256149941429129,37000000,72000000,0.028114017961733698,0.125,0.125,573156000,573156000,https://www.sec.gov/Archives/edgar/data/101778/000010177894000010/0000101778-94-000010-index.html,https://www.sec.gov/Archives/edgar/data/101778/0000101778-94-000010.txt
0,1994-03-31,MRO,1994-05-12 00:00:00,1994-05-12 00:00:00,Q1,2204000000,1803000000,401000000,0.18194192377495463,0.0,78000000,0.0,0.0,0.0,2106000000,0.0,0.0,112000000,0.050816696914700546,98000000,0.08076225045372051,157000000,178000000,0.08076225045372051,68000000,110000000,0.0499092558983666,0.19,0.19,573164000,585658000,https://www.sec.gov/Archives/edgar/data/101778/000010177894000008/0000101778-94-000008-index.html,https://www.sec.gov/Archives/edgar/data/101778/0000101778-94-000008.txt
