,date,symbol,fillingDate,acceptedDate,period,revenue,costOfRevenue,grossProfit,grossProfitRatio,researchAndDevelopmentExpenses,generalAndAdministrativeExpenses,sellingAndMarketingExpenses,otherExpenses,operatingExpenses,costAndExpenses,interestExpense,depreciationAndAmortization,ebitda,ebitdaratio,operatingIncome,operatingIncomeRatio,totalOtherIncomeExpensesNet,incomeBeforeTax,incomeBeforeTaxRatio,incomeTaxExpense,netIncome,netIncomeRatio,eps,epsdiluted,weightedAverageShsOut,weightedAverageShsOutDil,link,finalLink
0,2020-06-30,SJT,2020-08-10,2020-08-10 16:06:53,Q2,970722.0,0.0,0.0,0.0,0.0,494672.0,0.0,0.0,0.0,387530.0,0.0,0.0,583192.0,0.6007816862088219,583192.0,0.6028955766944604,0.0,585244.0,0.6028955766944604,0.0,585244.0,0.6028955766944604,0.012557,0.012557,46608796,46608796,https://www.sec.gov/Archives/edgar/data/319655/000119312520214909/0001193125-20-214909-index.htm,https://www.sec.gov/Archives/edgar/data/319655/000119312520214909/d96880d10q.htm
0,2020-03-31,SJT,2020-05-11 00:00:00,2020-05-11 16:05:58,Q1,5068407.0,0.0,0.0,0.0,0.0,453707.0,0.0,0.0,0.0,453707.0,0.0,0.0,4614700.0,0.9104833135934032,4614700.0,0.9111860985118204,0.0,4618262.0,0.9111860985118204,0.0,4618262.0,0.9111860985118204,0.099085,0.099085,46608796,46608796,https://www.sec.gov/Archives/edgar/data/319655/000119312520139029/0001193125-20-139029-index.htm,https://www.sec.gov/Archives/edgar/data/319655/000119312520139029/d842668d10q.htm
0,2019-12-31,SJT,2020-03-16 00:00:00,2020-03-16 16:09:36,Q4,941778.0,0.0,0.0,0.0,0.0,445513.0,0.0,0.0,0.0,864907.0,0.0,0.0,76871.0,0.08162327002754365,76871.0,0.08432985268290404,0.0,79420.0,0.08432985268290404,0.0,79420.0,0.08432985268290404,0.0,0.0,0.0,0.0,https://www.sec.gov/Archives/edgar/data/319655/000119312520074869/0001193125-20-074869-index.html,https://www.sec.gov/Archives/edgar/data/319655/000119312520074869/d824446d10k.htm
0,2019-09-30,SJT,2019-11-12 00:00:00,2019-11-12 16:44:03,Q3,0.0,0.0,0.0,0.0,0.0,340084.0,0.0,0.0,0.0,5633.0,0.0,0.0,-5633.0,0.0,-5633.0,0.0,0.0,0.0,0.0,0.0,0.0,0.0,0.0,0.0,46608796,46608796,https://www.sec.gov/Archives/edgar/data/319655/000119312519290040/0001193125-19-290040-index.html,https://www.sec.gov/Archives/edgar/data/319655/000119312519290040/d825032d10q.htm
0,2019-06-30,SJT,2019-08-09 00:00:00,2019-08-09 16:06:03,Q2,2408205.0,0.0,0.0,0.0,0.0,506109.0,0.0,0.0,0.0,421166.0,0.0,0.0,1987039.0,0.8251120647951482,1987039.0,0.8291250121978818,0.0,1996703.0,0.8291250121978818,0.0,1996703.0,0.8291250121978818,0.04284,0.04284,46608796,46608796,https://www.sec.gov/Archives/edgar/data/319655/000119312519217987/0001193125-19-217987-index.html,https://www.sec.gov/Archives/edgar/data/319655/000119312519217987/d753870d10q.htm
0,2019-03-31,SJT,2019-05-10 00:00:00,2019-05-10 16:05:56,Q1,6549564.0,0.0,0.0,0.0,0.0,542778.0,0.0,0.0,0.0,542778.0,0.0,0.0,6006786.0,0.9171276133800662,6006786.0,0.9183568555097713,0.0,6014837.0,0.9183568555097713,0.0,6014837.0,0.9183568555097713,0.12905,0.12905,46608796,46608796,https://www.sec.gov/Archives/edgar/data/319655/000119312519144230/0001193125-19-144230-index.html,https://www.sec.gov/Archives/edgar/data/319655/000119312519144230/d741824d10q.htm
0,2018-12-31,SJT,2019-03-18 00:00:00,2019-03-18 16:22:04,Q4,6828780.0,0.0,0.0,0.0,0.0,0.0,0.0,0.0,0.0,0.0,0.0,0.0,0.0,0.0,0.0,0.0,0.0,0.0,0.0,0.0,6386706.0,0.9352631070264381,0.0,0.0,0.0,0.0,https://www.sec.gov/Archives/edgar/data/319655/000119312519078279/0001193125-19-078279-index.html,https://www.sec.gov/Archives/edgar/data/319655/000119312519078279/d495542d10k.htm
0,2018-09-30,SJT,2018-11-09 00:00:00,2018-11-09 16:06:58,Q3,3001153.0,0.0,0.0,0.0,0.0,273736.0,0.0,0.0,0.0,273736.0,0.0,0.0,2634156.0,0.8777146649970862,2732065.0,0.9429622548400565,97909.0,2829974.0,0.9429622548400565,0.0,2829974.0,0.9429622548400565,0.060718,0.060718,46608485,46608485,https://www.sec.gov/Archives/edgar/data/319655/000119312518323765/0001193125-18-323765-index.html,https://www.sec.gov/Archives/edgar/data/319655/000119312518323765/d653380d10q.htm
0,2018-06-30,SJT,2018-08-09 00:00:00,2018-08-09 06:03:31,Q2,2990520.0,0.0,0.0,0.0,0.0,462585.0,0.0,0.0,0.0,462585.0,0.0,0.0,2994474.0,1.0013221780827415,2994474.0,0.84663837727218,0.0,2531889.0,0.84663837727218,0.0,2531889.0,0.84663837727218,0.054322,0.054322,46608906,46608906,https://www.sec.gov/Archives/edgar/data/319655/000119312518243209/0001193125-18-243209-index.html,https://www.sec.gov/Archives/edgar/data/319655/000119312518243209/d598220d10q.htm
0,2018-03-31,SJT,2018-05-10 00:00:00,2018-05-10 16:06:03,Q1,6646813.0,0.0,0.0,0.0,0.0,424702.0,0.0,0.0,0.0,424702.0,0.0,0.0,6652101.0,1.0007955692449901,6652101.0,0.9368999850003302,0.0,6227399.0,0.9368999850003302,0.0,6227399.0,0.9368999850003302,0.13361,0.13361,46608779,46608779,https://www.sec.gov/Archives/edgar/data/319655/000119312518159206/0001193125-18-159206-index.html,https://www.sec.gov/Archives/edgar/data/319655/000119312518159206/d585568d10q.htm
0,2017-12-31,SJT,2018-03-16 00:00:00,2018-03-15 20:11:03,Q4,10557768,0.0,0.0,0.0,0.0,386636.0,0.0,0.0,0.0,386636.0,0.0,0.0,10552463,0.9994975263711042,10552463,0.9628765284480584,-9777.0,10165827,0.9628765284480584,0.0,10165827,0.9628765284480584,0.0,0.0,0.0,0.0,https://www.sec.gov/Archives/edgar/data/319655/000119312518084390/0001193125-18-084390-index.html,https://www.sec.gov/Archives/edgar/data/319655/000119312518084390/d524216d10k.htm
0,2017-09-30,SJT,2017-11-09 00:00:00,2017-11-08 17:36:02,Q3,15120298,0.0,0.0,0.0,0.0,286756.0,0.0,0.0,0.0,286756.0,0.0,0.0,15122744,1.0001617692984623,15122744,0.9811967991636144,-2446.0,14835988,0.9811967991636144,0.0,14835988,0.9811967991636144,0.318308,0.318308,46608907,46608907,https://www.sec.gov/Archives/edgar/data/319655/000119312517337458/0001193125-17-337458-index.html,https://www.sec.gov/Archives/edgar/data/319655/000119312517337458/d430303d10q.htm
0,2017-06-30,SJT,2017-08-09 00:00:00,2017-08-08 17:54:35,Q2,6450981.0,0.0,0.0,0.0,0.0,471025.0,0.0,0.0,0.0,471025.0,0.0,0.0,6452457.0,1.000228802410052,6452457.0,0.9272127758553311,-1476.0,5981432.0,0.9272127758553311,0.0,5981432.0,0.9272127758553311,0.128333,0.128333,46608682,46608682,https://www.sec.gov/Archives/edgar/data/319655/000119312517251584/0001193125-17-251584-index.html,https://www.sec.gov/Archives/edgar/data/319655/000119312517251584/d439050d10q.htm
0,2017-03-31,SJT,2017-05-10 00:00:00,2017-05-09 18:40:03,Q1,8608220.0,0.0,0.0,0.0,0.0,462593.0,0.0,0.0,0.0,462593.0,0.0,0.0,8609603.0,1.0001606603920439,8609603.0,0.946422140698077,-1383.0,8147010.0,0.946422140698077,0.0,8147010.0,0.946422140698077,0.174796,0.174796,46608675,46608675,https://www.sec.gov/Archives/edgar/data/319655/000119312517164524/0001193125-17-164524-index.html,https://www.sec.gov/Archives/edgar/data/319655/000119312517164524/d397009d10q.htm
0,2016-12-31,SJT,2017-03-16 00:00:00,2017-03-15 21:49:04,Q4,8406540.0,0.0,0.0,0.0,0.0,725691.0,0.0,0.0,0.0,725691.0,0.0,0.0,8406540.0,1.0,8406540.0,0.913675424134067,0.0,7680849.0,0.913675424134067,0.0,7680849.0,0.913675424134067,0.0,0.0,0.0,0.0,https://www.sec.gov/Archives/edgar/data/319655/000119312517084114/0001193125-17-084114-index.html,https://www.sec.gov/Archives/edgar/data/319655/000119312517084114/d337530d10k.htm
0,2016-09-30,SJT,2016-11-09 00:00:00,2016-11-09 16:31:03,Q3,4543440.0,0.0,0.0,0.0,0.0,499461.0,0.0,0.0,0.0,499461.0,0.0,0.0,4543440.0,1.0,4543440.0,0.8870573838325145,-13687.0,4030292.0,0.8870573838325145,0.0,4030292.0,0.8870573838325145,0.086471,0.086471,46608597,46608597,https://www.sec.gov/Archives/edgar/data/319655/000119312516764414/0001193125-16-764414-index.html,https://www.sec.gov/Archives/edgar/data/319655/000119312516764414/d278331d10q.htm
0,2016-06-30,SJT,,,Q2,1542294.0,0.0,0.0,0.0,0.0,886134.0,0.0,0.0,0.0,886134.0,0.0,0.0,1542294.0,1.0,1542294.0,0.2795575940773938,-225000.0,431160.0,0.2795575940773938,0.0,431160.0,0.2795575940773938,0.009251,0.009251,46606853,46606853,,
0,2016-03-31,SJT,2016-05-10 00:00:00,2016-05-10 16:17:34,Q1,3033512.0,0.0,0.0,0.0,0.0,1022436.0,0.0,0.0,0.0,1022436.0,0.0,0.0,2236076.0,0.7371244946451506,2011076.0,0.58899849415463,-225000.0,1786734.0,0.58899849415463,0.0,1786734.0,0.58899849415463,0.038335,0.038335,46608426,46608426,https://www.sec.gov/Archives/edgar/data/319655/000119312516585613/0001193125-16-585613-index.html,https://www.sec.gov/Archives/edgar/data/319655/000119312516585613/d194549d10q.htm
0,2015-12-31,SJT,2016-02-29 00:00:00,2016-02-29 17:11:38,Q4,4331670.0,0.0,4412727.0,1.01871264431501,0.0,605982.0,0.0,0.0,0.0,605982.0,0.0,0.0,3806745.0,0.8788169458892298,3806745.0,0.8790311819690789,0.0,3807673.0,0.8790311819690789,0.0,3807673.0,0.8790311819690789,0.0,0.0,0.0,0.0,https://www.sec.gov/Archives/edgar/data/319655/000119312516485698/0001193125-16-485698-index.html,https://www.sec.gov/Archives/edgar/data/319655/000119312516485698/d119052d10k.htm
0,2015-09-30,SJT,2015-11-06 00:00:00,2015-11-06 12:02:59,Q3,5415511.0,0.0,5414897.0,0.9998866219642062,0.0,401966.0,0.0,0.0,0.0,401966.0,0.0,0.0,5415511.0,1.0,5415511.0,0.9257750561304372,-614.0,5013545.0,0.9257750561304372,0.0,5013545.0,0.9257750561304372,0.107567,0.107567,46608579,46608579,https://www.sec.gov/Archives/edgar/data/319655/000119312515369612/0001193125-15-369612-index.html,https://www.sec.gov/Archives/edgar/data/319655/000119312515369612/d56288d10q.htm
0,2015-06-30,SJT,2015-08-10 00:00:00,2015-08-10 14:06:59,Q2,2265039.0,0.0,2264542.0,0.9997805777295666,0.0,498750.0,0.0,0.0,0.0,498750.0,0.0,0.0,2265039.0,1.0,2265039.0,0.6252510442425053,-350071.0,1416218.0,0.6252510442425053,0.0,1416218.0,0.6252510442425053,0.030385,0.030385,46609116,46609116,https://www.sec.gov/Archives/edgar/data/319655/000119312515284535/0001193125-15-284535-index.html,https://www.sec.gov/Archives/edgar/data/319655/000119312515284535/d61367d10q.htm
0,2015-03-31,SJT,2015-05-11 00:00:00,2015-05-11 15:41:00,Q1,7424548.0,0.0,7344601.0,0.9892320717705644,0.0,661738.0,0.0,0.0,0.0,661738.0,0.0,0.0,7424548.0,1.0,7424548.0,0.9108716113088635,-79947.0,6762810.0,0.9108716113088635,0.0,6762810.0,0.9108716113088635,0.145098,0.145098,46608568,46608568,https://www.sec.gov/Archives/edgar/data/319655/000119312515181809/0001193125-15-181809-index.html,https://www.sec.gov/Archives/edgar/data/319655/000119312515181809/d923544d10q.htm
0,2014-12-31,SJT,,,Q4,12782476,0.0,12780708,0.9998616856389951,0.0,404170.0,0.0,0.0,0.0,404170.0,0.0,0.0,12782476,1.0,12782476,0.9683809302673442,-1768.0,12378306,0.9683809302673442,0.0,12378306,0.9683809302673442,0.0,0.0,0.0,0.0,,
0,2014-09-30,SJT,2014-11-10 00:00:00,2014-11-10 15:47:35,Q3,16078329,0.0,0.0,0.0,0.0,0.0,0.0,0.0,0.0,0.0,0.0,0.0,16078329,1.0,16078329,0.0,0.0,0.0,0.0,0.0,15692706,0.9760159777797804,0.33669,0.33669,46608768,46608768,https://www.sec.gov/Archives/edgar/data/319655/000119312514405868/0001193125-14-405868-index.html,https://www.sec.gov/Archives/edgar/data/319655/000119312514405868/d818285d10q.htm
0,2014-06-30,SJT,2014-08-11 00:00:00,2014-08-11 16:03:29,Q2,18195512,0.0,18124799,0.9961137119966725,0.0,483252.0,0.0,0.0,0.0,483252.0,0.0,0.0,18195512,1.0,18195512,0.9734411430686863,-70713.0,17712260,0.9734411430686863,0.0,17712260,0.9734411430686863,0.380019,0.380019,46608880,46608880,https://www.sec.gov/Archives/edgar/data/319655/000119312514304828/0001193125-14-304828-index.html,https://www.sec.gov/Archives/edgar/data/319655/000119312514304828/d771610d10q.htm
0,2014-03-31,SJT,2014-05-12 00:00:00,2014-05-12 11:53:00,Q1,14527180,0.0,14525726,0.999899911751627,0.0,437337.0,0.0,0.0,0.0,437337.0,0.0,0.0,14527180,1.0,14527180,0.9698952584052789,-1454.0,14089843,0.9698952584052789,0.0,14089843,0.9698952584052789,0.3023,0.3023,46608809,46608809,https://www.sec.gov/Archives/edgar/data/319655/000119312514194148/0001193125-14-194148-index.html,https://www.sec.gov/Archives/edgar/data/319655/000119312514194148/d722488d10q.htm
0,2013-12-31,SJT,,,Q4,14390280,0.0,14388771,0.9998951375511804,0.0,286956.0,0.0,0.0,0.0,286956.0,0.0,0.0,14390280,1.0,14390280,0.9800590398519,0.0,14103324,0.9800590398519,0.0,14103324,0.9800590398519,0.0,0.0,0.0,0.0,,
0,2013-09-30,SJT,2013-11-12 00:00:00,2013-11-12 15:44:59,Q3,13745174,0.0,13743934,0.9999097865185265,0.0,288883.0,0.0,0.0,0.0,288883.0,0.0,0.0,13745174,1.0,13745174,0.9789829506705408,-1240.0,13456291,0.9789829506705408,0.0,13456291,0.9789829506705408,0.288708,0.288708,46608653,46608653,https://www.sec.gov/Archives/edgar/data/319655/000119312513438148/0001193125-13-438148-index.html,https://www.sec.gov/Archives/edgar/data/319655/000119312513438148/d626909d10q.htm
0,2013-06-30,SJT,2013-08-09 00:00:00,2013-08-09 16:31:53,Q2,6237867.0,0.0,6237669.0,0.9999682583806292,0.0,514941.0,0.0,0.0,0.0,514941.0,0.0,0.0,6237867.0,1.0,6237867.0,0.8875923452680219,-186243.0,5536683.0,0.8875923452680219,0.0,5536683.0,0.8875923452680219,0.11879,0.11879,46608999,46608999,https://www.sec.gov/Archives/edgar/data/319655/000119312513329253/0001193125-13-329253-index.html,https://www.sec.gov/Archives/edgar/data/319655/000119312513329253/d582923d10q.htm
0,2013-03-31,SJT,2013-05-10 00:00:00,2013-05-10 16:28:53,Q1,3829418.0,0.0,3828952.0,0.9998783104900013,0.0,433125.0,0.0,0.0,0.0,433125.0,0.0,0.0,3829418.0,1.0,3829418.0,0.8868953454545835,-466.0,3396293.0,0.8868953454545835,0.0,3396293.0,0.8868953454545835,0.072868,0.072868,46608841,46608841,https://www.sec.gov/Archives/edgar/data/319655/000119312513214295/0001193125-13-214295-index.html,https://www.sec.gov/Archives/edgar/data/319655/000119312513214295/d537597d10q.htm
0,2012-12-31,SJT,2013-03-01 00:00:00,2013-03-01 14:51:14,Q4,4126560.0,0.0,4126560.0,1.0,0.0,266194.0,0.0,0.0,0.0,266194.0,0.0,0.0,3860366.0,0.9354925167694157,3860366.0,0.0,0.0,0.0,0.0,0.0,3860971.0,0.9356391279903843,0.0,0.0,0.0,0.0,https://www.sec.gov/Archives/edgar/data/319655/000119312513087364/0001193125-13-087364-index.html,https://www.sec.gov/Archives/edgar/data/319655/000119312513087364/d479912d10k.htm
0,2012-09-30,SJT,2012-11-09 00:00:00,2012-11-09 14:26:01,Q3,4926020.0,0.0,4926020.0,1.0,0.0,320679.0,0.0,0.0,0.0,320679.0,0.0,0.0,4605341.0,0.9349009951238525,4605341.0,0.0,0.0,0.0,0.0,0.0,4617291.0,0.9373268886443823,0.09907,0.09907,46608796,46608796,https://www.sec.gov/Archives/edgar/data/319655/000119312512462863/0001193125-12-462863-index.html,https://www.sec.gov/Archives/edgar/data/319655/000119312512462863/d436110d10q.htm
0,2012-06-30,SJT,2012-08-09 00:00:00,2012-08-09 15:34:38,Q2,10582704,0.0,10582704,1.0,0.0,414016.0,0.0,0.0,0.0,414016.0,0.0,0.0,10168688,0.9608780515830359,10168688,0.0,0.0,0.0,0.0,0.0,10378729,0.9807256255112115,0.22268,0.22268,46608796,46608796,https://www.sec.gov/Archives/edgar/data/319655/000119312512347350/0001193125-12-347350-index.html,https://www.sec.gov/Archives/edgar/data/319655/000119312512347350/d393154d10q.htm
0,2012-03-31,SJT,,,Q1,14850493,0.0,14850493,1.0,0.0,573491.0,0.0,0.0,0.0,573491.0,0.0,0.0,14277002,0.9613823594947319,14277002,0.0,0.0,0.0,0.0,0.0,14624696,0.9847953195897268,0.31378,0.31378,46608796,46608796,,
0,2011-12-31,SJT,2012-02-29 00:00:00,2012-02-29 17:27:28,Q4,19186122,0.0,19186122,1.0,0.0,243659.0,0.0,0.0,0.0,243659.0,0.0,0.0,18942463,0.9873002475435109,18942463,0.0,0.0,0.0,0.0,0.0,18936560,0.9869925772389022,0.0,0.0,0.0,0.0,https://www.sec.gov/Archives/edgar/data/319655/000119312512089704/0001193125-12-089704-index.html,https://www.sec.gov/Archives/edgar/data/319655/000119312512089704/d307815d10k.htm
0,2011-09-30,SJT,2011-11-09 00:00:00,2011-11-09 15:56:48,Q3,17886286,0.0,17886286,1.0,0.0,227539.0,0.0,0.0,0.0,227539.0,0.0,0.0,17658747,0.9872785775649567,17658747,0.0,0.0,0.0,0.0,0.0,17660076,0.9873528803017015,0.3789,0.3789,46608796,46608796,https://www.sec.gov/Archives/edgar/data/319655/000095012311097006/0000950123-11-097006-index.html,https://www.sec.gov/Archives/edgar/data/319655/000095012311097006/d85542e10vq.htm
0,2011-06-30,SJT,2011-08-09 00:00:00,2011-08-09 11:31:37,Q2,15568211,0.0,15568211,1.0,0.0,526817.0,0.0,0.0,0.0,526817.0,0.0,0.0,15041394,0.9661607232841333,15041394,0.0,0.0,0.0,0.0,0.0,15724454,1.0100360279032703,0.33737,0.33737,46608796,46608796,https://www.sec.gov/Archives/edgar/data/319655/000095012311074815/0000950123-11-074815-index.html,https://www.sec.gov/Archives/edgar/data/319655/000095012311074815/d83917ae10vq.htm
0,2011-03-31,SJT,2011-05-10 00:00:00,2011-05-10 13:28:08,Q1,15390595,0.0,15390595,1.0,0.0,521685.0,0.0,0.0,0.0,521685.0,0.0,0.0,14868910,0.9661036496639669,14868910,0.0,0.0,0.0,0.0,0.0,14868910,0.9661036496639669,0.319015,0.319015,46608796,46608796,https://www.sec.gov/Archives/edgar/data/319655/000095012311048082/0000950123-11-048082-index.html,https://www.sec.gov/Archives/edgar/data/319655/000095012311048082/d82135e10vq.htm
0,2010-12-31,SJT,,,Q4,16578610,0.0,16578610,1.0,0.0,270672.0,0.0,0.0,0.0,270672.0,0.0,0.0,16307938,0.98367342014801,16307938,0.0,0.0,0.0,0.0,0.0,16307938,0.98367342014801,0.0,0.0,0.0,0.0,,
0,2010-09-30,SJT,2010-11-05 00:00:00,2010-11-05 15:10:14,Q3,19036834,0.0,19036834,1.0,0.0,198836.0,0.0,0.0,0.0,198836.0,0.0,0.0,18837998,0.9895551959953005,18837998,0.0,0.0,0.0,0.0,0.0,18837998,0.9895551959953005,0.404173,0.404173,46608796,46608796,https://www.sec.gov/Archives/edgar/data/319655/000095012310101626/0000950123-10-101626-index.html,https://www.sec.gov/Archives/edgar/data/319655/000095012310101626/d77504e10vq.htm
0,2010-06-30,SJT,2010-08-06 00:00:00,2010-08-06 11:19:02,Q2,22454915,0.0,22454915,1.0,0.0,774334.0,0.0,0.0,0.0,774334.0,0.0,0.0,21680581,0.9655160573976789,21680581,0.0,0.0,0.0,0.0,0.0,21680581,0.9655160573976789,0.465161,0.465161,46608796,46608796,https://www.sec.gov/Archives/edgar/data/319655/000095012310073946/0000950123-10-073946-index.html,https://www.sec.gov/Archives/edgar/data/319655/000095012310073946/d75008e10vq.htm
0,2010-03-31,SJT,2010-05-10 00:00:00,2010-05-10 16:23:05,Q1,22210829,0.0,22210829,1.0,0.0,681511.0,0.0,0.0,0.0,681511.0,0.0,0.0,21529318,0.9693162736068969,21529318,0.0,0.0,0.0,0.0,0.0,21529318,0.9693162736068969,0.461915,0.461915,46608796,46608796,https://www.sec.gov/Archives/edgar/data/319655/000095012310047187/0000950123-10-047187-index.html,https://www.sec.gov/Archives/edgar/data/319655/000095012310047187/d72818e10vq.htm
0,2009-12-31,SJT,2010-03-01 00:00:00,2010-03-01 17:24:16,Q4,12736420,0.0,12736420,1.0,0.0,312708.0,0.0,0.0,0.0,312708.0,0.0,0.0,12423712,0.9754477317802019,12423712,0.0,0.0,0.0,0.0,0.0,12423712,0.9754477317802019,0.0,0.0,0.0,0.0,https://www.sec.gov/Archives/edgar/data/319655/000095012310019487/0000950123-10-019487-index.html,https://www.sec.gov/Archives/edgar/data/319655/000095012310019487/d71110e10vk.htm
0,2009-09-30,SJT,2009-11-09 00:00:00,2009-11-09 13:46:36,Q3,7427371.0,0.0,7427371.0,1.0,0.0,435690.0,0.0,0.0,0.0,435690.0,0.0,0.0,6991681.0,0.9413399438374628,6991681.0,0.0,0.0,0.0,0.0,0.0,6991681.0,0.9413399438374628,0.150007,0.150007,46608796,46608796,https://www.sec.gov/Archives/edgar/data/319655/000095012309059996/0000950123-09-059996-index.html,https://www.sec.gov/Archives/edgar/data/319655/000095012309059996/d70015e10vq.htm
0,2009-06-30,SJT,2009-08-10 00:00:00,2009-08-10 15:48:39,Q2,2474915.0,0.0,2474915.0,1.0,0.0,686688.0,0.0,0.0,0.0,686688.0,0.0,0.0,1788227.0,0.7225407741275963,1788227.0,0.0,0.0,0.0,0.0,0.0,1788227.0,0.7225407741275963,0.038367,0.038367,46608796,46608796,https://www.sec.gov/Archives/edgar/data/319655/000095012309032836/0000950123-09-032836-index.html,https://www.sec.gov/Archives/edgar/data/319655/000095012309032836/d68712e10vq.htm
0,2009-03-31,SJT,2009-05-11 00:00:00,2009-05-11 16:08:44,Q1,9553181.0,0.0,9553181.0,1.0,0.0,583745.0,0.0,0.0,0.0,583745.0,0.0,0.0,8969436.0,0.9388952224395204,8969436.0,0.0,0.0,0.0,0.0,0.0,8969436.0,0.9388952224395204,0.19244,0.19244,46608796,46608796,https://www.sec.gov/Archives/edgar/data/319655/000095013409010279/0000950134-09-010279-index.html,https://www.sec.gov/Archives/edgar/data/319655/000095013409010279/d67662e10vq.htm
0,2008-12-31,SJT,2009-03-02 00:00:00,2009-03-02 17:29:10,Q4,31029662,0.0,31029662,1.0,0.0,341291.0,0.0,0.0,0.0,341291.0,0.0,0.0,30688371,0.9890011370410674,30688371,0.0,0.0,0.0,0.0,0.0,30688371,0.9890011370410674,0.0,0.0,0.0,0.0,https://www.sec.gov/Archives/edgar/data/319655/000095013409004258/0000950134-09-004258-index.html,https://www.sec.gov/Archives/edgar/data/319655/000095013409004258/d66461e10vk.htm
0,2008-09-30,SJT,2008-11-10 00:00:00,2008-11-10 15:41:22,Q3,52574271,0.0,52574271,1.0,0.0,351221.0,0.0,0.0,0.0,351221.0,0.0,0.0,52223050,0.9933195269602502,52223050,0.0,0.0,0.0,0.0,0.0,52223050,0.9933195269602502,1.120455,1.120455,46608796,46608796,https://www.sec.gov/Archives/edgar/data/319655/000095013408020044/0000950134-08-020044-index.html,https://www.sec.gov/Archives/edgar/data/319655/000095013408020044/d65109e10vq.htm
0,2008-06-30,SJT,2008-08-11 00:00:00,2008-08-11 15:37:00,Q2,35631879,0.0,35631879,1.0,0.0,592778.0,0.0,0.0,0.0,592778.0,0.0,0.0,35039101,0.983363829900747,35039101,0.0,0.0,0.0,0.0,0.0,35039101,0.983363829900747,0.75177,0.75177,46608805,46608805,https://www.sec.gov/Archives/edgar/data/319655/000095013408014908/0000950134-08-014908-index.html,https://www.sec.gov/Archives/edgar/data/319655/000095013408014908/d59456e10vq.htm
0,2008-03-31,SJT,2008-05-12 00:00:00,2008-05-12 17:21:47,Q1,25576418,0.0,0.0,0.0,0.0,610074.0,0.0,0.0,0.0,610074.0,0.0,0.0,24966344,0.9761470116730184,24966344,0.0,0.0,0.0,0.0,0.0,25130723,0.9825739867091631,0.539184,0.539184,46608807,46608807,https://www.sec.gov/Archives/edgar/data/319655/000095013408009289/0000950134-08-009289-index.html,https://www.sec.gov/Archives/edgar/data/319655/000095013408009289/d56775e10vq.htm
0,2007-12-31,SJT,,,Q4,26479294,0.0,0.0,0.0,0.0,572881.0,0.0,0.0,0.0,572881.0,0.0,0.0,25906413,0.978364944322156,25906413,0.0,0.0,0.0,0.0,0.0,26032583,0.9831297994576441,0.0,0.0,0.0,0.0,,
0,2007-09-30,SJT,2007-11-09 00:00:00,2007-11-09 12:02:39,Q3,37086982,0.0,0.0,0.0,0.0,263629.0,0.0,0.0,0.0,263629.0,0.0,0.0,36823353,0.9928916027731779,36823353,0.0,0.0,0.0,0.0,0.0,37385219,1.008041554850702,0.802107,0.802107,46608768,46608768,https://www.sec.gov/Archives/edgar/data/319655/000095013407023469/0000950134-07-023469-index.html,https://www.sec.gov/Archives/edgar/data/319655/000095013407023469/d51417e10vq.htm
0,2007-06-30,SJT,2007-08-09 00:00:00,2007-08-09 15:04:53,Q2,26377346,0.0,0.0,0.0,0.0,581795.0,0.0,0.0,0.0,581795.0,0.0,0.0,25795551,0.9779433836899285,25795551,0.0,0.0,0.0,0.0,0.0,25795551,0.9779433836899285,0.553449,0.553449,46608723,46608723,https://www.sec.gov/Archives/edgar/data/319655/000095013407017519/0000950134-07-017519-index.html,https://www.sec.gov/Archives/edgar/data/319655/000095013407017519/d49001e10vq.htm
0,2007-03-31,SJT,2007-05-10 00:00:00,2007-05-10 15:45:59,Q1,23948749,0.0,0.0,0.0,0.0,565648.0,0.0,0.0,0.0,0.0,0.0,0.0,23948749,1.0,23948749,0.0,0.0,0.0,0.0,0.0,24007882,1.002469147762165,0.515094,0.515094,46608739,46608739,https://www.sec.gov/Archives/edgar/data/319655/000095013407011082/0000950134-07-011082-index.html,https://www.sec.gov/Archives/edgar/data/319655/000095013407011082/d46601e10vq.htm
0,2006-12-31,SJT,,,Q4,26519061,0.0,0.0,0.0,0.0,233474.0,0.0,0.0,0.0,-1418453.0,0.0,0.0,27937514,1.0534880552520318,27937514,0.0,0.0,0.0,0.0,0.0,26356915,0.9938856809447363,0.0,0.0,0.0,0.0,,
0,2006-09-30,SJT,,,Q3,30779508,0.0,0.0,0.0,0.0,293291.0,0.0,0.0,0.0,293291.0,0.0,0.0,30486217,0.9904712252060689,30486217,0.0,0.0,0.0,0.0,0.0,31087566,1.010008542046871,0.666989,0.666989,46608814,46608814,,
0,2006-06-30,SJT,,,Q2,28532236,0.0,0.0,0.0,0.0,642612.0,0.0,0.0,0.0,642612.0,0.0,0.0,27889624,0.977477685239951,27889624,0.0,0.0,0.0,0.0,0.0,27932647,0.9789855586502229,0.599299,0.599299,46608866,46608866,,
0,2006-03-31,SJT,,,Q1,50875009,0.0,0.0,0.0,0.0,482550.0,0.0,0.0,0.0,482550.0,0.0,0.0,50392459,0.9905149893929257,50392459,0.0,0.0,0.0,0.0,0.0,50490196,0.992436109446192,1.083276,1.083276,46608801,46608801,,
0,2005-12-31,SJT,,,Q4,46487294,0.0,0.0,0.0,0.0,531556.0,0.0,0.0,0.0,-1933994.0,0.0,0.0,48421288,1.0416026366258273,48421288,0.0,0.0,0.0,0.0,0.0,46012856,0.9897942435625529,0.0,0.0,0.0,0.0,,
0,2005-09-30,SJT,,,Q3,32832885,0.0,0.0,0.0,0.0,585828.0,0.0,0.0,0.0,585828.0,0.0,0.0,32247057,0.9821572792034572,32247057,0.0,0.0,0.0,0.0,0.0,32291950,0.9835245973663295,0.692829,0.692829,46608831,46608831,,
0,2005-06-30,SJT,,,Q2,35295797,0.0,0.0,0.0,0.0,813658.0,0.0,0.0,0.0,813658.0,0.0,0.0,34482139,0.9769474535452479,34482139,0.0,0.0,0.0,0.0,0.0,34519059,0.9779934704406873,0.740612,0.740612,46608830,46608830,,
0,2005-03-31,SJT,,,Q1,39242287,0.0,0.0,0.0,0.0,534508.0,0.0,0.0,0.0,534508.0,0.0,0.0,38707779,0.9863792851828437,38707779,0.0,0.0,0.0,0.0,0.0,38736216,0.9871039371380165,0.831092,0.831092,46608818,46608818,,
0,2004-12-31,SJT,,,Q4,29663410,0.0,0.0,0.0,0.0,377873.0,0.0,0.0,0.0,377873.0,0.0,0.0,29285537,0.9872613094718375,29285537,0.0,0.0,0.0,0.0,0.0,29305430,0.987931933651593,0.0,0.0,0.0,0.0,,
0,2004-09-30,SJT,,,Q3,34673819,0.0,0.0,0.0,0.0,290676.0,0.0,0.0,0.0,290676.0,0.0,0.0,34383143,0.9916168449745902,34383143,0.0,0.0,0.0,0.0,0.0,34401621,0.9921497542569511,0.738093,0.738093,46608789,46608789,,
0,2004-06-30,SJT,,,Q2,25509188,0.0,0.0,0.0,0.0,529205.0,0.0,0.0,0.0,529205.0,0.0,0.0,24979983,0.979254337691972,24979983,0.0,0.0,0.0,0.0,0.0,24991805,0.9797177785510068,0.536204,0.536204,46608763,46608763,,
0,2004-03-31,SJT,,,Q1,21196352,0.0,0.0,0.0,0.0,513163.0,0.0,0.0,0.0,513163.0,0.0,0.0,20683189,0.9757900321715737,20683189,0.0,0.0,0.0,0.0,0.0,20691881,0.9762001027346593,0.443948,0.443948,46608794,46608794,,
0,2003-12-31,SJT,,,Q4,21702488,0.0,0.0,0.0,0.0,294234.0,0.0,0.0,0.0,294234.0,0.0,0.0,21408254,0.9864423839331232,21408254,0.0,0.0,0.0,0.0,0.0,21419523,0.9869616331546871,0.0,0.0,0.0,0.0,,
0,2003-09-30,SJT,,,Q3,24332317,0.0,0.0,0.0,0.0,520244.0,0.0,0.0,0.0,520244.0,0.0,0.0,23812073,0.9786192165752238,23812073,0.0,0.0,0.0,0.0,0.0,23821432,0.9790038490785732,0.511093,0.511093,46608801,46608801,,
0,2003-06-30,SJT,,,Q2,26051389,0.0,0.0,0.0,0.0,448456.0,0.0,0.0,0.0,448456.0,0.0,0.0,25602933,0.9827857163393476,25602933,0.0,0.0,0.0,0.0,0.0,25618734,0.9833922482981617,0.549655,0.549655,46608753,46608753,,
0,2003-03-31,SJT,,,Q1,19911068,0.0,0.0,0.0,0.0,420374.0,0.0,0.0,0.0,420374.0,0.0,0.0,19490694,0.9788874208053531,19490694,0.0,0.0,0.0,0.0,0.0,19498147,0.9792617352318821,0.418337,0.418337,46608708,46608708,,
0,2002-12-31,SJT,,,Q4,12019085,0.0,0.0,0.0,0.0,445969.0,0.0,0.0,0.0,522730.0,0.0,0.0,11496355,0.9565083365331055,11496355,0.0,0.0,0.0,0.0,0.0,11579817,0.9634524591514246,0.0,0.0,0.0,0.0,,
0,2002-09-30,SJT,2002-11-14 00:00:00,2002-11-14 18:07:59,Q3,12549272,0.0,0.0,0.0,0.0,259497.0,0.0,0.0,0.0,259497.0,0.0,0.0,12289775,0.9793217487038292,12289775,0.0,0.0,0.0,0.0,0.0,12296335,0.9798444881902313,0.26382,0.26382,46608805,46608805,https://www.sec.gov/Archives/edgar/data/319655/000095013402014474/0000950134-02-014474-index.html,https://www.sec.gov/Archives/edgar/data/319655/000095013402014474/d01262e10vq.txt
0,2002-06-30,SJT,2002-08-14 00:00:00,2002-08-14 17:53:03,Q2,9559569.0,0.0,0.0,0.0,0.0,546871.0,0.0,0.0,0.0,546871.0,0.0,0.0,9012698.0,0.9427933414152877,9012698.0,0.0,0.0,0.0,0.0,0.0,9014802.0,0.9430134350199261,0.193414,0.193414,46608839,46608839,https://www.sec.gov/Archives/edgar/data/319655/000095013402010118/0000950134-02-010118-index.html,https://www.sec.gov/Archives/edgar/data/319655/000095013402010118/d99088e10vq.txt
0,2002-03-31,SJT,2002-05-14 00:00:00,2002-05-14 17:06:30,Q1,3925355.0,0.0,0.0,0.0,0.0,475850.0,0.0,0.0,0.0,475850.0,0.0,0.0,3449505.0,0.878775295482829,3449505.0,0.0,0.0,0.0,0.0,0.0,3527012.0,0.8985205159788096,0.075673,0.075673,46608592,46608592,https://www.sec.gov/Archives/edgar/data/319655/000095013402005480/0000950134-02-005480-index.html,https://www.sec.gov/Archives/edgar/data/319655/000095013402005480/d96893e10-q.txt
0,2001-12-31,SJT,,,Q4,3320989.0,0.0,0.0,0.0,0.0,251740.0,0.0,0.0,0.0,60120.0,0.0,0.0,3260869.0,0.9818969590082954,3260869.0,0.0,0.0,0.0,0.0,0.0,2898013.0,0.8726355311625543,0.0,0.0,0.0,0.0,,
0,2001-09-30,SJT,2001-11-14 00:00:00,2001-11-14 00:00:00,Q3,13971820,0.0,0.0,0.0,0.0,270489.0,0.0,0.0,0.0,270489.0,0.0,0.0,13701331,0.9806403890115962,13701331,0.0,0.0,0.0,0.0,0.0,13714931,0.9816137768737359,0.294255,0.294255,46608999,46608999,https://www.sec.gov/Archives/edgar/data/319655/000095013401508603/0000950134-01-508603-index.html,https://www.sec.gov/Archives/edgar/data/319655/000095013401508603/d92284e10-q.txt
0,2001-06-30,SJT,2001-08-14 00:00:00,2001-08-14 00:00:00,Q2,26585943,0.0,0.0,0.0,0.0,407824.0,0.0,0.0,0.0,407824.0,0.0,0.0,26178119,0.9846601642078296,26178119,0.0,0.0,0.0,0.0,0.0,26250743,0.9873918333459152,0.563215,0.563215,46608743,46608743,https://www.sec.gov/Archives/edgar/data/319655/000095013401505360/0000950134-01-505360-index.html,https://www.sec.gov/Archives/edgar/data/319655/000095013401505360/d89925e10-q.txt
0,2001-03-31,SJT,2001-05-15 00:00:00,2001-05-15 00:00:00,Q1,37489972,0.0,0.0,0.0,0.0,286524.0,0.0,0.0,0.0,286524.0,0.0,0.0,37203448,0.9923573162444613,37203448,0.0,0.0,0.0,0.0,0.0,37262515,0.9939328575652177,0.799474,0.799474,46608789,46608789,https://www.sec.gov/Archives/edgar/data/319655/000095013401501927/0000950134-01-501927-index.html,https://www.sec.gov/Archives/edgar/data/319655/000095013401501927/d87409e10-q.txt
0,2000-12-31,SJT,,,Q4,16612033,0.0,0.0,0.0,0.0,201817.0,0.0,0.0,0.0,201817.0,0.0,0.0,16410216,0.9878511558458859,16410216,0.0,0.0,0.0,0.0,0.0,16456142,0.9906157783336934,0.0,0.0,0.0,0.0,,
0,2000-09-30,SJT,2000-11-14 00:00:00,2000-11-14 00:00:00,Q3,19747200,0.0,0.0,0.0,0.0,156718.0,0.0,0.0,0.0,156718.0,0.0,0.0,19590482,0.9920637862583049,19590482,0.0,0.0,0.0,0.0,0.0,19651467,0.9951520721925133,0.421626,0.421626,46608765,46608765,https://www.sec.gov/Archives/edgar/data/319655/000095013400009720/0000950134-00-009720-index.html,https://www.sec.gov/Archives/edgar/data/319655/000095013400009720/d81954e10-q.txt
0,2000-06-30,SJT,2000-08-14 00:00:00,2000-08-14 00:00:00,Q2,13608946,0.0,0.0,0.0,0.0,433233.0,0.0,0.0,0.0,433233.0,0.0,0.0,13175713,0.9681655728518579,13175713,0.0,0.0,0.0,0.0,0.0,13192820,0.9694226136248906,0.283054,0.283054,46608845,46608845,https://www.sec.gov/Archives/edgar/data/319655/000095013400007029/0000950134-00-007029-index.html,https://www.sec.gov/Archives/edgar/data/319655/000095013400007029/e10-q.txt
0,2000-03-31,SJT,2000-05-15 00:00:00,2000-05-15 00:00:00,Q1,10076594,0.0,0.0,0.0,0.0,212586.0,0.0,0.0,0.0,212586.0,0.0,0.0,9864008.0,0.9789029904350617,9864008.0,0.0,0.0,0.0,0.0,0.0,9888503.0,0.9813338713458138,0.21216,0.21216,46608706,46608706,https://www.sec.gov/Archives/edgar/data/319655/000095013400004664/0000950134-00-004664-index.html,https://www.sec.gov/Archives/edgar/data/319655/0000950134-00-004664.txt
0,1999-12-31,SJT,,,Q4,12326966,0.0,0.0,0.0,0.0,196328.0,0.0,0.0,0.0,1788826.0,0.0,0.0,10545642,0.8554937200281075,10538140,0.0,-7502.0,0.0,0.0,0.0,11295667,0.9163379699432934,0.0,0.0,0.0,0.0,,
0,1999-09-30,SJT,1999-11-12 00:00:00,1999-11-12 00:00:00,Q3,7900000.0,0.0,0.0,0.0,0.0,200000.0,0.0,0.0,0.0,0.0,0.0,0.0,7900000.0,1.0,7900000.0,0.0,0.0,0.0,0.0,0.0,7800000.0,0.9873417721518988,0.17,0.17,46609000,46609000,https://www.sec.gov/Archives/edgar/data/319655/000095013499009973/0000950134-99-009973-index.html,https://www.sec.gov/Archives/edgar/data/319655/0000950134-99-009973.txt
0,1999-06-30,SJT,1999-08-16 00:00:00,1999-08-16 00:00:00,Q2,5400000.0,0.0,0.0,0.0,0.0,300000.0,0.0,0.0,0.0,0.0,0.0,0.0,4500000.0,0.8333333333333334,5400000.0,0.0,900000.0,0.0,0.0,0.0,5900000.0,1.0925925925925926,0.13,0.13,46609000,46609000,https://www.sec.gov/Archives/edgar/data/319655/000095013499007582/0000950134-99-007582-index.html,https://www.sec.gov/Archives/edgar/data/319655/0000950134-99-007582.txt
0,1999-03-31,SJT,1999-05-17 00:00:00,1999-05-17 00:00:00,Q1,7000000.0,0.0,0.0,0.0,0.0,300000.0,0.0,0.0,0.0,0.0,0.0,0.0,7000000.0,1.0,7000000.0,0.0,0.0,0.0,0.0,0.0,6800000.0,0.9714285714285714,0.15,0.15,46609000,46609000,https://www.sec.gov/Archives/edgar/data/319655/000095013499004270/0000950134-99-004270-index.html,https://www.sec.gov/Archives/edgar/data/319655/0000950134-99-004270.txt
0,1998-12-31,SJT,,,Q4,5617860.0,0.0,0.0,0.0,0.0,88106.0,0.0,0.0,0.0,788106.0,0.0,0.0,4829754.0,0.8597141972210058,4829754.0,0.0,0.0,0.0,0.0,0.0,5598402.0,0.9965364035415621,0.0,0.0,0.0,0.0,,
0,1998-09-30,SJT,1998-11-12 00:00:00,1998-11-12 00:00:00,Q3,6300000.0,0.0,0.0,0.0,0.0,100000.0,0.0,0.0,0.0,0.0,0.0,0.0,6300000.0,1.0,6300000.0,0.0,0.0,0.0,0.0,0.0,6200000.0,0.9841269841269841,0.13,0.13,46609000,46609000,https://www.sec.gov/Archives/edgar/data/319655/000095013498008751/0000950134-98-008751-index.html,https://www.sec.gov/Archives/edgar/data/319655/0000950134-98-008751.txt
0,1998-06-30,SJT,1998-08-14 00:00:00,1998-08-14 00:00:00,Q2,6700000.0,0.0,0.0,0.0,0.0,300000.0,0.0,0.0,0.0,0.0,0.0,0.0,6700000.0,1.0,6700000.0,0.0,0.0,0.0,0.0,0.0,6400000.0,0.9552238805970149,0.14,0.14,46609000,46609000,https://www.sec.gov/Archives/edgar/data/319655/000095013498006894/0000950134-98-006894-index.html,https://www.sec.gov/Archives/edgar/data/319655/0000950134-98-006894.txt
0,1998-03-31,SJT,1998-05-15 00:00:00,1998-05-15 00:00:00,Q1,11700000,0.0,0.0,0.0,0.0,200000.0,0.0,0.0,0.0,0.0,0.0,0.0,11700000,1.0,11700000,0.0,0.0,0.0,0.0,0.0,11400000,0.9743589743589743,0.25,0.25,46609000,46609000,https://www.sec.gov/Archives/edgar/data/319655/000095013498004458/0000950134-98-004458-index.html,https://www.sec.gov/Archives/edgar/data/319655/0000950134-98-004458.txt
0,1997-12-31,SJT,,,Q4,12297479,0.0,0.0,0.0,0.0,147952.0,0.0,0.0,0.0,947952.0,0.0,0.0,11349527,0.9229149324019988,11349527,0.0,0.0,0.0,0.0,0.0,12248930,0.9960521176738745,0.0,0.0,0.0,0.0,,
0,1997-09-30,SJT,1997-11-14 00:00:00,1997-11-14 00:00:00,Q3,9800000.0,0.0,0.0,0.0,0.0,200000.0,0.0,0.0,0.0,0.0,0.0,0.0,9800000.0,1.0,9800000.0,0.0,0.0,0.0,0.0,0.0,9600000.0,0.9795918367346939,0.21,0.21,46609000,46609000,https://www.sec.gov/Archives/edgar/data/319655/000093066197002669/0000930661-97-002669-index.html,https://www.sec.gov/Archives/edgar/data/319655/0000930661-97-002669.txt
0,1997-06-30,SJT,1997-08-14 00:00:00,1997-08-14 00:00:00,Q2,8900000.0,0.0,0.0,0.0,0.0,400000.0,0.0,0.0,0.0,0.0,0.0,0.0,8900000.0,1.0,8900000.0,0.0,0.0,0.0,0.0,0.0,8600000.0,0.9662921348314607,0.18,0.18,46609000,46609000,https://www.sec.gov/Archives/edgar/data/319655/000093066197001996/0000930661-97-001996-index.html,https://www.sec.gov/Archives/edgar/data/319655/0000930661-97-001996.txt
0,1997-03-31,SJT,1997-05-15 00:00:00,1997-05-15 00:00:00,Q1,18500000,0.0,0.0,0.0,0.0,200000.0,0.0,0.0,0.0,0.0,0.0,0.0,18500000,1.0,18500000,0.0,0.0,0.0,0.0,0.0,18300000,0.9891891891891892,0.39,0.39,46609000,46609000,https://www.sec.gov/Archives/edgar/data/319655/000093066197001331/0000930661-97-001331-index.html,https://www.sec.gov/Archives/edgar/data/319655/0000930661-97-001331.txt
0,1996-12-31,SJT,,,Q4,8336424.0,0.0,0.0,0.0,0.0,309603.0,0.0,0.0,0.0,3509603.0,0.0,0.0,4826821.0,0.5790037790784154,4826821.0,0.0,0.0,0.0,0.0,0.0,8103167.0,0.9720195373939713,0.0,0.0,0.0,0.0,,
0,1996-09-30,SJT,1996-11-14 00:00:00,1996-11-14 00:00:00,Q3,24100000,0.0,0.0,0.0,0.0,1300000.0,0.0,0.0,0.0,0.0,0.0,0.0,24100000,1.0,24100000,0.0,0.0,0.0,0.0,0.0,22800000,0.946058091286307,0.49,0.49,46609000,46609000,https://www.sec.gov/Archives/edgar/data/319655/000093066196001640/0000930661-96-001640-index.html,https://www.sec.gov/Archives/edgar/data/319655/0000930661-96-001640.txt
0,1996-06-30,SJT,1996-08-14 00:00:00,1996-08-14 00:00:00,Q2,4000000.0,0.0,0.0,0.0,0.0,1100000.0,0.0,0.0,0.0,0.0,0.0,0.0,4000000.0,1.0,4000000.0,0.0,0.0,0.0,0.0,0.0,2900000.0,0.725,0.06,0.06,46609000,46609000,https://www.sec.gov/Archives/edgar/data/319655/000091929796000060/0000919297-96-000060-index.html,https://www.sec.gov/Archives/edgar/data/319655/0000919297-96-000060.txt
0,1996-03-31,SJT,1996-04-15 00:00:00,1996-04-15 00:00:00,Q1,4700000.0,0.0,0.0,0.0,0.0,800000.0,0.0,0.0,0.0,0.0,0.0,0.0,4700000.0,1.0,4700000.0,0.0,0.0,0.0,0.0,0.0,3900000.0,0.8297872340425532,0.08,0.08,46609000,46609000,https://www.sec.gov/Archives/edgar/data/319655/000093066196000300/0000930661-96-000300-index.html,https://www.sec.gov/Archives/edgar/data/319655/0000930661-96-000300.txt
0,1995-12-31,SJT,,,Q4,1656292.0,0.0,0.0,0.0,0.0,498169.0,0.0,0.0,0.0,1398169.0,0.0,0.0,258123.0,0.15584389709060964,258123.0,0.0,0.0,0.0,0.0,0.0,1190101.0,0.7185333262492363,0.0,0.0,0.0,0.0,,
0,1995-09-30,SJT,1995-11-14 00:00:00,1995-11-14 00:00:00,Q3,3500000.0,0.0,0.0,0.0,0.0,200000.0,0.0,0.0,0.0,0.0,0.0,0.0,3500000.0,1.0,3500000.0,0.0,0.0,0.0,0.0,0.0,3300000.0,0.9428571428571428,0.07,0.07,46609000,46609000,https://www.sec.gov/Archives/edgar/data/319655/000091929795000013/0000919297-95-000013-index.html,https://www.sec.gov/Archives/edgar/data/319655/0000919297-95-000013.txt
0,1995-06-30,SJT,1995-08-14 00:00:00,1995-08-14 00:00:00,Q2,5500000.0,0.0,0.0,0.0,0.0,400000.0,0.0,0.0,0.0,0.0,0.0,0.0,5500000.0,1.0,5500000.0,0.0,0.0,0.0,0.0,0.0,5100000.0,0.9272727272727272,0.11,0.11,46609000,46609000,https://www.sec.gov/Archives/edgar/data/319655/000091929795000008/0000919297-95-000008-index.html,https://www.sec.gov/Archives/edgar/data/319655/0000919297-95-000008.txt
