,date,symbol,fillingDate,acceptedDate,period,revenue,costOfRevenue,grossProfit,grossProfitRatio,researchAndDevelopmentExpenses,generalAndAdministrativeExpenses,sellingAndMarketingExpenses,otherExpenses,operatingExpenses,costAndExpenses,interestExpense,depreciationAndAmortization,ebitda,ebitdaratio,operatingIncome,operatingIncomeRatio,totalOtherIncomeExpensesNet,incomeBeforeTax,incomeBeforeTaxRatio,incomeTaxExpense,netIncome,netIncomeRatio,eps,epsdiluted,weightedAverageShsOut,weightedAverageShsOutDil,link,finalLink
0,2020-09-30,GIFI,2020-11-03,2020-11-03 06:31:04,Q3,54869000,62686000,-7817000.0,-0.14246660227086333,0.0,3072000.0,0.0,1278000.0,3072000.0,65758000,118000.0,2176000.0,-10181000,-0.18555103974922088,-12357000,-0.2252091344839527,1278000.0,-12357000,-0.2252091344839527,20000.0,-12337000,-0.22484462993675847,-0.81,-0.81,15230864,15230864,https://www.sec.gov/Archives/edgar/data/1031623/000156459020049765/0001564590-20-049765-index.htm,https://www.sec.gov/Archives/edgar/data/1031623/000156459020049765/gifi-10q_20200930.htm
0,2020-06-30,GIFI,2020-08-05,2020-08-04 18:23:07,Q2,59974000,61677000,-1703000.0,-0.0283956381098476,0.0,3722000.0,0.0,1000.0,3723000.000000006,65400000.00000001,-89000.0,2066999.9999999998,-3537000.0000000005,-0.058976,-5426000.0,-0.090473,1000.0,-5515000.0,-0.091957,22000.0,-5537000.0,-0.092323,-0.36187,-0.36187,15301000,15301000,https://www.sec.gov/Archives/edgar/data/1031623/000156459020036221/0001564590-20-036221-index.htm,https://www.sec.gov/Archives/edgar/data/1031623/000156459020036221/gifi-10q_20200630.htm
0,2020-03-31,GIFI,2020-05-07 00:00:00,2020-05-06 19:15:55,Q1,78555000,78809000,-254000.0,-0.003233,0.0,3744000.0,0.0,-9934000.0,-6189999.999999998,72619000,53000.0,2220000.0,8262000.0,0.105175,5936000.0,0.075565,0.0,5989000.0,0.07624,84000.0,5905000.0,0.07517,0.38658,0.38658,15275000,15275000,https://www.sec.gov/Archives/edgar/data/1031623/000156459020022167/0001564590-20-022167-index.html,https://www.sec.gov/Archives/edgar/data/1031623/000156459020022167/gifi-10q_20200331.htm
0,2019-12-31,GIFI,2020-03-05 00:00:00,2020-03-05 07:01:55,Q4,79445000,92714000,-13269000,-0.167021,0.0,62737000,0.0,-58853000,21158000,113872000,4000.0,2300000.0,-32119000,-0.404292,-34427000,-0.433344,0.0,-34423000,-0.433293,-98000.0,-34325000,-0.43206,-2.24846,-2.24846,15266000,15266000,https://www.sec.gov/Archives/edgar/data/1031623/000156459020008796/0001564590-20-008796-index.html,https://www.sec.gov/Archives/edgar/data/1031623/000156459020008796/gifi-10k_20191231.htm
0,2019-09-30,GIFI,2019-11-05 00:00:00,2019-11-05 08:34:44,Q3,75802000,78487000,-2685000.0,-0.035421,0.0,3970000.0,0.0,-51000.0,4243000.000000009,82730000.00000001,139000.0,2290000.0,-4360000.0,-0.057518,-6928000.0,-0.091396,0.0,-6789000.0,-0.089562,-10000.0,-6779000.0,-0.08943,-0.44441,-0.44441,15254000,15254000,https://www.sec.gov/Archives/edgar/data/1031623/000103162319000060/0001031623-19-000060-index.html,https://www.sec.gov/Archives/edgar/data/1031623/000103162319000060/q32019-10qdocument.htm
0,2019-06-30,GIFI,2019-08-06,2019-08-06 09:06:08,Q2,80456000,82054000,-1598000.0,-0.019862,0.0,4034000.0,0.0,-248000.0,3786000.0000000014,85840000,126000.0,2422000.0,-2710000.0,-0.033683,-5384000.0,-0.066919,0.0,-5258000.0,-0.065352,-10000.0,-5248000.0,-0.065228,-0.34445,-0.34445,15236000,15236000,https://www.sec.gov/Archives/edgar/data/1031623/000103162319000048/q22019-10qdocument.htm,https://www.sec.gov/Archives/edgar/data/1031623/000103162319000048/q22019-10qdocument.htm
0,2019-03-31,GIFI,2019-05-07 00:00:00,2019-05-07 09:24:55,Q1,67605000,67052000,553000.0,0.00818,0.0,3887000.0,0.0,18000.0,3834999.9999999935,70887000,262000.0,2552000.0,-206000.0,-0.003047,-3282000.0,-0.048547,0.0,-3020000.0,-0.044671,22000.0,-3042000.0,-0.044997,-0.20078,-0.20078,15151000,15151000,https://www.sec.gov/Archives/edgar/data/1031623/000103162319000028/0001031623-19-000028-index.html,https://www.sec.gov/Archives/edgar/data/1031623/000103162319000028/q12019-10qproject.htm
0,2018-12-31,GIFI,2019-03-01 00:00:00,2019-03-01 17:25:39,Q4,60231000,64195000,-3964000.0,-0.065813,0.0,1542000.0,0.0,304000.0,-6363999.99999999,57831000.00000001,142000.0,2641999.9999999995,-1746000.0000000005,-0.028988,2400000.0,0.039847,0.0,-4530000.0,-0.07521,152000.0,-4682000.0,-0.077734,-0.31054,-0.31054,15077000,15077000,https://www.sec.gov/Archives/edgar/data/1031623/000103162319000008/0001031623-19-000008-index.html,https://www.sec.gov/Archives/edgar/data/1031623/000103162319000008/gifi-12312018x10k.htm
0,2018-09-30,GIFI,2018-11-09 00:00:00,2018-11-08 18:35:00,Q3,49712000,52924000,-3212000.0,-0.064612,0.0,7702000.0,0.0,-316000.0,7532000.000000004,60456000.00000001,-238000.0,2478000.0000000005,-8432000.0,-0.169617,-10744000,-0.216125,0.0,-10672000,-0.214677,277000.0,-10949000,-0.220249,-0.7278,-0.7278,15044000,15044000,https://www.sec.gov/Archives/edgar/data/1031623/000103162318000072/0001031623-18-000072-index.html,https://www.sec.gov/Archives/edgar/data/1031623/000103162318000072/q32018-10qproject.htm
0,2018-06-30,GIFI,2018-08-09 00:00:00,2018-08-09 14:14:51,Q2,54000000,54700000,-700000.0,-0.012963,0.0,5100000.0,0.0,100000.0,-1400000.0000000056,53299999.99999999,-231000.0,2589999.9999999995,2958999.9999999995,0.054796,700000.0,0.012963,100000.0,600000.0,0.011111,100000.0,500000.0,0.009259,0.03333,0.03333,15000000,15000000,https://www.sec.gov/Archives/edgar/data/1031623/000103162318000043/0001031623-18-000043-index.html,https://www.sec.gov/Archives/edgar/data/1031623/000103162318000043/q22018-10qproject.htm
0,2018-03-31,GIFI,2018-05-04 00:00:00,2018-05-04 12:47:36,Q1,57300000,56600000,700000.0,0.012216,0.0,4700000.0,0.0,300000.0,5799999.999999997,62400000,469000.0,2720000.0,-2011000.0,-0.035096,-5100000.0,-0.089005,300000.0,-5200000.0,-0.09075,100000.0,-5300000.0,-0.092496,-0.35333,-0.35333,15000000,15000000,https://www.sec.gov/Archives/edgar/data/1031623/000103162318000037/0001031623-18-000037-index.html,https://www.sec.gov/Archives/edgar/data/1031623/000103162318000037/q12018-10qproject.htm
0,2017-12-31,GIFI,2018-03-09 00:00:00,2018-03-09 16:46:12,Q4,37300000,63200000,-25900000,-0.69437,0.0,4900000.0,0.0,8000.0,12399999.99999999,75599999.99999999,87000.0,2769999.9999999995,-35543000,-0.952895,-38300000,-1.02681,0.0,-38100000,-1.021448,-14100000,-24300000,-0.651475,-1.63087,-1.63087,14900000,14900000,https://www.sec.gov/Archives/edgar/data/1031623/000103162318000014/0001031623-18-000014-index.html,https://www.sec.gov/Archives/edgar/data/1031623/000103162318000014/gifi-12312017x10k.htm
0,2017-09-30,GIFI,2017-10-31 00:00:00,2017-10-31 15:32:19,Q3,49900000,50400000,-500000.0,-0.01002,0.0,4400000.0,0.0,36000.0,4300000.000000004,54700000.00000001,45000.0,2660000.0,-2195000.0,-0.043988,-4900000.0,-0.098196,0.0,-4900000.0,-0.098196,-1800000.0,-3100000.0,-0.062124,-0.20805,-0.20805,14900000,14900000,https://www.sec.gov/Archives/edgar/data/1031623/000103162317000045/0001031623-17-000045-index.html,https://www.sec.gov/Archives/edgar/data/1031623/000103162317000045/q32017-10qproject.htm
0,2017-06-30,GIFI,2017-08-01 00:00:00,2017-08-01 15:22:45,Q2,45900000,57500000,-11600000,-0.252723,0.0,4600000.0,0.0,-207000.0,4600000.000000001,62100000,158000.0,2780000.0,-13662000,-0.297647,-16300000,-0.35512,-300000.0,-16700000,-0.363834,-5700000.0,-10900000,-0.237473,-0.73154,-0.73154,14900000,14900000,https://www.sec.gov/Archives/edgar/data/1031623/000103162317000039/0001031623-17-000039-index.html,https://www.sec.gov/Archives/edgar/data/1031623/000103162317000039/gifi-06302017x10q.htm
0,2017-03-31,GIFI,2017-05-02 00:00:00,2017-05-02 16:11:09,Q1,38000000,42900000,-4900000.0,-0.128947,0.0,3900000.0,0.0,-50000.0,4300000.000000004,47200000.00000001,59000.0,4700000.0,-4541000.0,-0.1195,-9200000.0,-0.242105,0.0,-9300000.0,-0.244737,-2800000.0,-6500000.0,-0.171053,-0.43919,-0.43919,14800000,14800000,https://www.sec.gov/Archives/edgar/data/1031623/000103162317000026/0001031623-17-000026-index.html,https://www.sec.gov/Archives/edgar/data/1031623/000103162317000026/gifi-03312017x10q.htm
0,2016-12-31,GIFI,2017-03-02 00:00:00,2017-03-02 17:18:49,Q4,55500000,55600000,-200000.0,-0.003604,0.0,5000000.0,0.0,681000.0,5100000.000000001,60700000,84000.0,6189999.999999998,573999.999999998,0.010342,-5200000.0,-0.093694,-400000.0,-5600000.0,-0.100901,-2100000.0,-3600000.0,-0.064865,-0.2449,-0.2449,14700000,14700000,https://www.sec.gov/Archives/edgar/data/1031623/000103162317000008/0001031623-17-000008-index.html,https://www.sec.gov/Archives/edgar/data/1031623/000103162317000008/gifi-12312016x10k.htm
0,2016-09-30,GIFI,2016-11-02 00:00:00,2016-11-02 15:57:03,Q3,65400000,60100000,5300000.0,0.08104,0.0,5100000.0,0.0,0.0,5100000.000000001,65200000,110000.0,6380000.000000001,7090000.000000001,0.10841,200000.0,0.003058,600000.0,700000.0,0.010703,100000.0,500000.0,0.007645,0.03425,0.03425,14600000,14600000,https://www.sec.gov/Archives/edgar/data/1031623/000103162316000051/0001031623-16-000051-index.html,https://www.sec.gov/Archives/edgar/data/1031623/000103162316000051/gifi-09302016x10q.htm
0,2016-06-30,GIFI,2016-08-02,2016-08-02 16:55:01,Q2,81500000,67400000,14100000,0.173006,0.0,5100000.0,0.0,-398000.0,5099999.999999994,72500000,88000.0,6310000.000000001,15298000,0.187706,9000000.0,0.110429,0.0,9000000.0,0.110429,3400000.0,5500000.0,0.067485,0.37671,0.37671,14600000,14600000,https://www.sec.gov/Archives/edgar/data/1031623/000103162316000041/gifi-06302016x10q.htm,https://www.sec.gov/Archives/edgar/data/1031623/000103162316000041/gifi-06302016x10q.htm
0,2016-03-31,GIFI,2016-05-05 00:00:00,2016-05-05 17:06:46,Q1,84000000,78300000,5700000.0,0.067857,0.0,4500000.0,0.0,398000.0,4500000.0,82800000,50000.0,6570000.0,8220000.0,0.097857,1200000.0,0.014286,400000.0,1600000.0,0.019048,600000.0,1000000.0,0.011905,0.06849,0.06849,14600000,14600000,https://www.sec.gov/Archives/edgar/data/1031623/000103162316000031/0001031623-16-000031-index.html,https://www.sec.gov/Archives/edgar/data/1031623/000103162316000031/gifi-03312016x10q.htm
0,2015-12-31,GIFI,2016-03-10 00:00:00,2016-03-09 18:03:20,Q4,55000000,72600000,-17600000,-0.32,0.0,4400000.0,0.0,0.0,5000000.0,77600000,39000.0,6529999.999999998,-16131000.000000002,-0.293291,-22600000,-0.410909,0.0,-22600000,-0.410909,-8000000.0,-14700000,-0.267273,-1.00685,-1.00685,14600000,14600000,https://www.sec.gov/Archives/edgar/data/1031623/000103162316000018/0001031623-16-000018-index.html,https://www.sec.gov/Archives/edgar/data/1031623/000103162316000018/gifi-12312015x10k.htm
0,2015-09-30,GIFI,2015-11-05 00:00:00,2015-11-04 17:55:55,Q3,67500000,75400000,-7800000.0,-0.115556,0.0,3800000.0,0.0,0.0,10399999.99999999,85799999.99999999,39000.0,6530000.000000001,-11630999.999999998,-0.172311,-18200000,-0.26963,0.0,-18300000,-0.271111,-6100000.0,-12100000,-0.179259,-0.83448,-0.83448,14500000,14500000,https://www.sec.gov/Archives/edgar/data/1031623/000162828015008269/0001628280-15-008269-index.html,https://www.sec.gov/Archives/edgar/data/1031623/000162828015008269/gifi-09302015x10q.htm
0,2015-06-30,GIFI,2015-08-04 00:00:00,2015-08-04 16:58:41,Q2,84300000,78500000,5800000.0,0.068802,0.0,3700000.0,0.0,17000.0,3799999.999999997,82300000,50000.0,6540000.000000001,8690000.000000002,0.103084,2100000.0,0.024911,0.0,2100000.0,0.024911,700000.0,1400000.0,0.016607,0.09655,0.09655,14500000,14500000,https://www.sec.gov/Archives/edgar/data/1031623/000162828015006037/0001628280-15-006037-index.html,https://www.sec.gov/Archives/edgar/data/1031623/000162828015006037/gifi-06302015x10q.htm
0,2015-03-31,GIFI,2015-05-05 00:00:00,2015-05-05 15:31:16,Q1,99200000,94800000,4400000.0,0.044355,0.0,4300000.0,0.0,3000.0,4299999.999999997,99100000,37000.0,6600000.0,6737000.0,0.067913,200000.0,0.002016,0.0,100000.0,0.001008,0.0,100000.0,0.001008,0.0069,0.0069,14500000,14500000,https://www.sec.gov/Archives/edgar/data/1031623/000119312515171896/0001193125-15-171896-index.html,https://www.sec.gov/Archives/edgar/data/1031623/000119312515171896/d916210d10q.htm
0,2014-12-31,GIFI,2015-03-06,2015-03-05 21:12:59,Q4,124800000,114000000,10800000,0.086538,0.0,10100000,0.0,-1000.0,10000000,124000000,-35000.0,6750000.0,7515000.0,0.060216,800000.0,0.00641,0.0,800000.0,0.00641,900000.0,-100000.0,-0.000801,-0.01724,-0.01724,5800000.0,5800000.0,https://www.sec.gov/Archives/edgar/data/1031623/000119312515079309/d832002d10k.htm,https://www.sec.gov/Archives/edgar/data/1031623/000119312515079309/d832002d10k.htm
0,2014-09-30,GIFI,2014-10-29 00:00:00,2014-10-28 18:04:53,Q3,118000000,103400000,14700000,0.124576,0.0,3300000.0,0.0,-2000.0,3299999.999999997,106700000,23000.0,6730000.0,18053000,0.152992,11300000,0.095763,0.0,11300000,0.095763,3700000.0,7600000.0,0.064407,0.52414,0.52414,14500000,14500000,https://www.sec.gov/Archives/edgar/data/1031623/000119312514385397/0001193125-14-385397-index.html,https://www.sec.gov/Archives/edgar/data/1031623/000119312514385397/d788196d10q.htm
0,2014-06-30,GIFI,2014-07-29 00:00:00,2014-07-29 17:25:16,Q2,129200000,118800000,10300000,0.079721,0.0,3900000.0,0.0,8000.0,3900000.0000000056,122700000,25000.0,6580000.000000001,13005000.000000002,0.100658,6400000.0,0.049536,0.0,6400000.0,0.049536,2100000.0,4300000.0,0.033282,0.29252,0.29252,14700000,14700000,https://www.sec.gov/Archives/edgar/data/1031623/000119312514284893/0001193125-14-284893-index.html,https://www.sec.gov/Archives/edgar/data/1031623/000119312514284893/d750614d10q.htm
0,2014-03-31,GIFI,2014-04-28 00:00:00,2014-04-28 13:09:07,Q1,134700000,125900000,8800000.0,0.06533,0.0,3400000.0,0.0,-104000.0,3400000.0000000056,129300000,24000.0,6380000.0,11604000,0.086147,5400000.0,0.040089,-100000.0,5300000.0,0.039347,1700000.0,3500000.0,0.025984,0.24138,0.24138,14500000,14500000,https://www.sec.gov/Archives/edgar/data/1031623/000119312514162176/0001193125-14-162176-index.html,https://www.sec.gov/Archives/edgar/data/1031623/000119312514162176/d713004d10q.htm
0,2013-12-31,GIFI,2014-03-07,2014-03-07 16:58:58,Q4,135100000,136900000,-1800000.0,-0.013323,0.0,2600000.0,0.0,58000.0,2599999.9999999944,139500000,70000.0,6340000.0,1710000.0,0.012657,-4400000.0,-0.032568,-300000.0,-4700000.0,-0.034789,-1600000.0,-3100000.0,-0.022946,-0.21379,-0.21379,14500000,14500000,https://www.sec.gov/Archives/edgar/data/1031623/000119312514089317/d648031d10k.htm,https://www.sec.gov/Archives/edgar/data/1031623/000119312514089317/d648031d10k.htm
0,2013-09-30,GIFI,2013-10-30 00:00:00,2013-10-30 17:00:48,Q3,168200000,159100000,9100000.0,0.054102,0.0,3700000.0,0.0,-15000.0,3800000.000000011,162900000,43000.0,6369999.999999999,11712999.999999998,0.069637,5300000.0,0.03151,0.0,5300000.0,0.03151,2000000.0,3300000.0,0.01962,0.22759,0.22759,14500000,14500000,https://www.sec.gov/Archives/edgar/data/1031623/000119312513418790/0001193125-13-418790-index.html,https://www.sec.gov/Archives/edgar/data/1031623/000119312513418790/d601536d10q.htm
0,2013-06-30,GIFI,2013-07-30 00:00:00,2013-07-30 16:15:16,Q2,154600000,144900000,9700000.0,0.062743,0.0,2900000.0,0.0,-43000.0,2900000.0000000056,147800000,60000.0,6250000.000000001,13010000.000000002,0.084153,6800000.0,0.043984,0.0,6700000.0,0.043338,2400000.0,4300000.0,0.027814,0.29655,0.29655,14500000,14500000,https://www.sec.gov/Archives/edgar/data/1031623/000119312513310211/0001193125-13-310211-index.html,https://www.sec.gov/Archives/edgar/data/1031623/000119312513310211/d555046d10q.htm
0,2013-03-31,GIFI,2013-04-29 00:00:00,2013-04-29 14:07:20,Q1,150400000,143700000,6700000.0,0.044548,0.0,2400000.0,0.0,0.0,2400000.0000000056,146100000,64000.0,6130000.0,10494000,0.069774,4300000.0,0.02859,0.0,4300000.0,0.02859,1500000.0,2800000.0,0.018617,0.1931,0.1931,14500000,14500000,https://www.sec.gov/Archives/edgar/data/1031623/000119312513181433/0001193125-13-181433-index.html,https://www.sec.gov/Archives/edgar/data/1031623/000119312513181433/d513923d10q.htm
0,2012-12-31,GIFI,2013-03-13 00:00:00,2013-03-13 13:50:12,Q4,129200000,138600000,-9400000.0,-0.072755,0.0,2600000.0,0.0,0.0,2599999.9999999944,141200000,15000.0,5979999.999999997,-6005000.000000003,-0.046478,-12000000,-0.092879,0.0,-12000000,-0.092879,-3900000.0,-8100000.0,-0.062693,-0.5625,-0.5625,14400000,14400000,https://www.sec.gov/Archives/edgar/data/1031623/000119312513104869/0001193125-13-104869-index.html,https://www.sec.gov/Archives/edgar/data/1031623/000119312513104869/d463409d10k.htm
0,2012-09-30,GIFI,2012-10-31 00:00:00,2012-10-31 07:01:49,Q3,141800000,145700000,-3900000.0,-0.027504,0.0,2000000.0,0.0,9500000.0,11500000,157200000,19000.0,5990000.000000002,-9190999.999999998,-0.064817,-15400000,-0.108604,100000.0,-15200000,-0.107193,-4800000.0,-10400000,-0.073343,-0.72222,-0.72222,14400000,14400000,https://www.sec.gov/Archives/edgar/data/1031623/000119312512442436/0001193125-12-442436-index.html,https://www.sec.gov/Archives/edgar/data/1031623/000119312512442436/d404917d10q.htm
0,2012-06-30,GIFI,2012-07-30 00:00:00,2012-07-30 16:15:46,Q2,137200000,123300000,13900000,0.101312,0.0,2600000.0,0.0,0.0,2600000.0000000084,125900000.00000001,23000.0,5779999.999999999,17303000,0.126115,11300000,0.082362,0.0,11500000,0.083819,3900000.0,7600000.0,0.055394,0.52778,0.52778,14400000,14400000,https://www.sec.gov/Archives/edgar/data/1031623/000119312512322463/0001193125-12-322463-index.html,https://www.sec.gov/Archives/edgar/data/1031623/000119312512322463/d371820d10q.htm
0,2012-03-31,GIFI,2012-04-30 00:00:00,2012-04-30 09:02:47,Q1,113100000,100400000,12700000,0.11229,0.0,2600000.0,0.0,0.0,2599999.9999999944,103000000,96000.0,5650000.0,16046000,0.141874,10100000,0.089302,100000.0,10300000,0.09107,3500000.0,6800000.0,0.060124,0.47222,0.47222,14400000,14400000,https://www.sec.gov/Archives/edgar/data/1031623/000119312512193927/0001193125-12-193927-index.html,https://www.sec.gov/Archives/edgar/data/1031623/000119312512193927/d333634d10q.htm
0,2011-12-31,GIFI,2012-03-02 00:00:00,2012-03-02 10:24:16,Q4,88400000,83200000,5200000.0,0.058824,0.0,2400000.0,0.0,0.0,2299999.999999997,85500000,71000.0,5470000.000000001,8841000.000000002,0.100011,2900000.0,0.032805,0.0,3300000.0,0.03733,1500000.0,1800000.0,0.020362,0.125,0.125,14400000,14400000,https://www.sec.gov/Archives/edgar/data/1031623/000119312512093506/0001193125-12-093506-index.html,https://www.sec.gov/Archives/edgar/data/1031623/000119312512093506/d283554d10k.htm
0,2011-09-30,GIFI,2011-11-01 00:00:00,2011-11-01 06:06:22,Q3,85800000,81800000,4000000.0,0.04662,0.0,1900000.0,0.0,0.0,1900000.0000000056,83700000,48000.0,5160000.0,7808000.0,0.091002,2100000.0,0.024476,100000.0,2500000.0,0.029138,1000000.0,1600000.0,0.018648,0.11111,0.11111,14400000,14400000,https://www.sec.gov/Archives/edgar/data/1031623/000119312511289592/0001193125-11-289592-index.html,https://www.sec.gov/Archives/edgar/data/1031623/000119312511289592/d230066d10q.htm
0,2011-06-30,GIFI,2011-08-02 00:00:00,2011-08-01 19:02:56,Q2,87300000,82400000,4800000.0,0.054983,0.0,2000000.0,-78335000,0.0,2000000.0,84400000,-1127000.0,5040000.000000001,7113000.000000001,0.081478,2900000.0,0.033219,200000.0,3200000.0,0.036655,1400000.0,1800000.0,0.020619,0.125,0.125,14400000,14400000,https://www.sec.gov/Archives/edgar/data/1031623/000119312511204952/0001193125-11-204952-index.html,https://www.sec.gov/Archives/edgar/data/1031623/000119312511204952/d10q.htm
0,2011-03-31,GIFI,2011-05-02 00:00:00,2011-04-29 17:48:10,Q1,46300000,48200000,-1900000.0,-0.041037,0.0,1900000.0,0.0,0.0,9699999.999999996,57899999.99999999,22000.0,5020000.0,-6458000.0,-0.139482,-11500000,-0.24838,0.0,-11500000,-0.24838,-4500000.0,-7000000.0,-0.151188,-0.48951,-0.48951,14300000,14300000,https://www.sec.gov/Archives/edgar/data/1031623/000119312511119037/0001193125-11-119037-index.html,https://www.sec.gov/Archives/edgar/data/1031623/000119312511119037/d10q.htm
0,2010-12-31,GIFI,2011-02-28,2011-02-28 16:13:36,Q4,43000000,40800000,2200000.0,0.051163,0.0,1900000.0,0.0,0.0,1900000.0000000056,42700000.00000001,19000.0,4870000.000000001,7889000.000000001,0.183465,300000.0,0.006977,0.0,3000000.0,0.069767,1300000.0,1700000.0,0.039535,0.11806,0.11806,14400000,14400000,https://www.sec.gov/Archives/edgar/data/1031623/000119312511049922/d10k.htm,https://www.sec.gov/Archives/edgar/data/1031623/000119312511049922/d10k.htm
0,2010-09-30,GIFI,2010-10-29 00:00:00,2010-10-29 15:42:40,Q3,60700000,53800000,6900000.0,0.113674,0.0,2000000.0,0.0,0.0,2000000.0,55800000,19000.0,4790000.000000001,10809000.000000002,0.178072,4900000.0,0.080725,0.0,6000000.0,0.098847,2500000.0,3500000.0,0.057661,0.24476,0.24476,14300000,14300000,https://www.sec.gov/Archives/edgar/data/1031623/000119312510241186/0001193125-10-241186-index.html,https://www.sec.gov/Archives/edgar/data/1031623/000119312510241186/d10q.htm
0,2010-06-30,GIFI,2010-07-30 00:00:00,2010-07-30 17:14:35,Q2,75300000,68600000,6700000.0,0.088977,0.0,2000000.0,0.0,0.0,1900000.0000000056,70500000,21000.0,4810000.0,10131000,0.134542,4700000.0,0.062417,300000.0,5400000.0,0.071713,1900000.0,3400000.0,0.045153,0.23776,0.23776,14300000,14300000,https://www.sec.gov/Archives/edgar/data/1031623/000119312510172353/0001193125-10-172353-index.html,https://www.sec.gov/Archives/edgar/data/1031623/000119312510172353/d10q.htm
0,2010-03-31,GIFI,2010-04-22 00:00:00,2010-04-22 17:15:35,Q1,69300000,61800000,7400000.0,0.106782,0.0,2100000.0,0.0,0.0,2100000.0000000014,63900000,17000.0,4810000.0,11827000,0.170664,5300000.0,0.076479,700000.0,7000000.0,0.10101,2500000.0,4500000.0,0.064935,0.31469,0.31469,14300000,14300000,https://www.sec.gov/Archives/edgar/data/1031623/000119312510090220/0001193125-10-090220-index.html,https://www.sec.gov/Archives/edgar/data/1031623/000119312510090220/d10q.htm
0,2009-12-31,GIFI,2010-03-08 00:00:00,2010-03-05 20:55:27,Q4,70800000,62600000,8200000.0,0.115819,0.0,2000000.0,0.0,0.0,1999999.999999993,64599999.99999999,19000.0,4750000.000000002,11769000.000000002,0.166229,6100000.0,0.086158,-100000.0,7000000.0,0.09887,2400000.0,4600000.0,0.064972,0.32168,0.32168,14300000,14300000,https://www.sec.gov/Archives/edgar/data/1031623/000119312510049240/0001193125-10-049240-index.html,https://www.sec.gov/Archives/edgar/data/1031623/000119312510049240/d10k.htm
0,2009-09-30,GIFI,2009-10-26 00:00:00,2009-10-23 19:59:27,Q3,76600000,65400000,11200000,0.146214,0.0,2100000.0,0.0,0.0,2099999.9999999944,67500000,23000.0,4660000.0,13883000,0.18124,9200000.0,0.120104,0.0,9200000.0,0.120104,3200000.0,6000000.0,0.078329,0.41958,0.41958,14300000,14300000,https://www.sec.gov/Archives/edgar/data/1031623/000119312509213042/0001193125-09-213042-index.html,https://www.sec.gov/Archives/edgar/data/1031623/000119312509213042/d10q.htm
0,2009-06-30,GIFI,2009-07-27 00:00:00,2009-07-27 16:35:35,Q2,79100000,70800000,8300000.0,0.10493,0.0,2000000.0,0.0,0.0,2000000.0,72800000,18000.0,4580000.0,10898000,0.137775,6400000.0,0.08091,0.0,6400000.0,0.08091,2300000.0,4000000.0,0.050569,0.27972,0.27972,14300000,14300000,https://www.sec.gov/Archives/edgar/data/1031623/000119312509155851/0001193125-09-155851-index.html,https://www.sec.gov/Archives/edgar/data/1031623/000119312509155851/d10q.htm
0,2009-03-31,GIFI,2009-04-23 00:00:00,2009-04-23 17:16:36,Q1,85000000,73200000,11800000,0.138824,0.0,2200000.0,0.0,0.0,2299999.999999997,75500000,17000.0,4520000.0,14037000,0.165141,9500000.0,0.111765,0.0,9500000.0,0.111765,3300000.0,6200000.0,0.072941,0.43357,0.43357,14300000,14300000,https://www.sec.gov/Archives/edgar/data/1031623/000119312509085891/0001193125-09-085891-index.html,https://www.sec.gov/Archives/edgar/data/1031623/000119312509085891/d10q.htm
0,2008-12-31,GIFI,2009-03-06 00:00:00,2009-03-06 17:30:24,Q4,86200000,83500000,2700000.0,0.031323,0.0,2100000.0,0.0,0.0,2099999.9999999944,85600000,10000.0,4439999.999999998,5149999.999999998,0.059745,600000.0,0.006961,0.0,600000.0,0.006961,-200000.0,900000.0,0.010441,0.06294,0.06294,14300000,14300000,https://www.sec.gov/Archives/edgar/data/1031623/000119312509047690/0001193125-09-047690-index.html,https://www.sec.gov/Archives/edgar/data/1031623/000119312509047690/d10k.htm
0,2008-09-30,GIFI,2008-10-27 00:00:00,2008-10-27 17:17:38,Q3,92700000,86300000,6300000.0,0.067961,0.0,2100000.0,0.0,0.0,2100000.0000000084,88400000.00000001,18000.0,4620000.000000001,8838000.000000002,0.09534,4200000.0,0.045307,0.0,4200000.0,0.045307,1400000.0,2800000.0,0.030205,0.1958,0.1958,14300000,14300000,https://www.sec.gov/Archives/edgar/data/1031623/000119312508217003/0001193125-08-217003-index.html,https://www.sec.gov/Archives/edgar/data/1031623/000119312508217003/d10q.htm
0,2008-06-30,GIFI,2008-07-25 00:00:00,2008-07-25 16:45:24,Q2,117900000,97900000,20100000,0.170483,0.0,2600000.0,0.0,0.0,2500000.0,100400000,7000.0,4250000.0,21857000,0.185386,17500000,0.148431,0.0,17500000,0.148431,5700000.0,11900000,0.100933,0.83217,0.83217,14300000,14300000,https://www.sec.gov/Archives/edgar/data/1031623/000119312508158103/0001193125-08-158103-index.html,https://www.sec.gov/Archives/edgar/data/1031623/000119312508158103/d10q.htm
0,2008-03-31,GIFI,2008-04-25 00:00:00,2008-04-24 18:22:30,Q1,123700000,100500000,23200000,0.187551,0.0,2700000.0,0.0,0.0,2799999.999999997,103300000,6000.0,4180000.0,24686000,0.199563,20500000,0.165724,-100000.0,20500000,0.165724,7100000.0,13400000,0.108327,0.93706,0.93706,14300000,14300000,https://www.sec.gov/Archives/edgar/data/1031623/000119312508089600/0001193125-08-089600-index.html,https://www.sec.gov/Archives/edgar/data/1031623/000119312508089600/d10q.htm
0,2007-12-31,GIFI,2008-03-03,2008-02-29 21:30:47,Q4,100900000,84700000,16200000,0.160555,0.0,2500000.0,0.0,0.0,2500000.0,87200000,17000.0,3670000.0,17487000,0.17331,13700000,0.135778,0.0,13800000,0.136769,4900000.0,8900000.0,0.088206,0.62238,0.62238,14300000,14300000,https://www.sec.gov/Archives/edgar/data/1031623/000119312508044110/d10k.htm,https://www.sec.gov/Archives/edgar/data/1031623/000119312508044110/d10k.htm
0,2007-09-30,GIFI,2007-10-26 00:00:00,2007-10-26 11:48:35,Q3,124900000,106900000,18000000,0.144115,0.0,2800000.0,0.0,0.0,2799999.999999997,109700000,14000.0,3530000.0,18744000,0.150072,15200000,0.121697,0.0,15300000,0.122498,5200000.0,10000000,0.080064,0.6993,0.6993,14300000,14300000,https://www.sec.gov/Archives/edgar/data/1031623/000119312507226645/0001193125-07-226645-index.html,https://www.sec.gov/Archives/edgar/data/1031623/000119312507226645/d10q.htm
0,2007-06-30,GIFI,2007-07-27 00:00:00,2007-07-27 17:10:53,Q2,137600000,123400000,14100000,0.102471,0.0,2800000.0,0.0,0.0,2799999.999999997,126200000,8000.0,3500000.0,15008000,0.10907,11300000,0.082122,0.0,11500000,0.083576,3600000.0,7900000.0,0.057413,0.55245,0.55245,14300000,14300000,https://www.sec.gov/Archives/edgar/data/1031623/000119312507164246/0001193125-07-164246-index.html,https://www.sec.gov/Archives/edgar/data/1031623/000119312507164246/d10q.htm
0,2007-03-31,GIFI,2007-04-27 00:00:00,2007-04-27 16:13:05,Q1,109400000,100900000,8500000.0,0.077697,0.0,2300000.0,0.0,0.0,2299999.999999997,103200000,11000.0,3420000.0,9731000.0,0.088949,6200000.0,0.056673,0.0,6300000.0,0.057587,1900000.0,4400000.0,0.040219,0.30769,0.30769,14300000,14300000,https://www.sec.gov/Archives/edgar/data/1031623/000119312507093611/0001193125-07-093611-index.html,https://www.sec.gov/Archives/edgar/data/1031623/000119312507093611/d10q.htm
0,2006-12-31,GIFI,2007-03-16,2007-03-16 12:21:32,Q4,76000000,69000000,7000000.0,0.092105,0.0,2400000.0,0.0,0.0,2299999.999999997,71300000,54000.0,3240000.0,8194000.0,0.107816,4600000.0,0.060526,200000.0,4900000.0,0.064474,1200000.0,3700000.0,0.048684,0.26056,0.26056,14200000,14200000,https://www.sec.gov/Archives/edgar/data/1031623/000119312507056728/d10k.htm,https://www.sec.gov/Archives/edgar/data/1031623/000119312507056728/d10k.htm
0,2006-09-30,GIFI,2006-11-09,2006-11-09 16:43:46,Q3,89700000,72800000,16900000,0.188406,0.0,2600000.0,0.0,0.0,2600000.0000000084,75400000.00000001,130000.0,3330000.0000000005,17760000,0.197993,14300000,0.15942,100000.0,14300000,0.15942,4300000.0,10000000,0.111483,0.71429,0.71429,14000000,14000000,https://www.sec.gov/Archives/edgar/data/1031623/000119312506230489/d10q.htm,https://www.sec.gov/Archives/edgar/data/1031623/000119312506230489/d10q.htm
0,2006-06-30,GIFI,2006-07-27,2006-07-27 16:29:08,Q2,89500000,79000000,10500000,0.117318,0.0,2000000.0,0.0,0.0,2000000.0,81000000,112000.0,3069999.9999999995,11582000,0.129408,8500000.0,0.094972,0.0,8400000.0,0.093855,2700000.0,5700000.0,0.063687,0.40714,0.40714,14000000,14000000,https://www.sec.gov/Archives/edgar/data/1031623/000119312506154920/d10q.htm,https://www.sec.gov/Archives/edgar/data/1031623/000119312506154920/d10q.htm
0,2006-03-31,GIFI,2006-05-03,2006-05-02 18:41:53,Q1,57000000,53000000,4000000.0,0.070175,0.0,2200000.0,0.0,0.0,2100000.0000000014,55100000,177000.0,2870000.0,5847000.0,0.102579,1900000.0,0.033333,1000000.0,2800000.0,0.049123,900000.0,1900000.0,0.033333,0.14074,0.14074,13500000,13500000,https://www.sec.gov/Archives/edgar/data/1031623/000119312506053991/d10k.htm,https://www.sec.gov/Archives/edgar/data/1031623/000119312506053991/d10k.htm
0,2005-12-31,GIFI,2006-03-15,2006-03-14 21:16:49,Q4,41400000,37000000,4500000.0,0.108696,0.0,1300000.0,0.0,0.0,1299999.9999999972,38300000,10000.0,1570000.0000000002,4680000.0,0.113043,3200000.0,0.077295,-500000.0,3100000.0,0.074879,400000.0,2700000.0,0.065217,0.21774,0.21774,12400000,12400000,https://www.sec.gov/Archives/edgar/data/1031623/000119312506053991/d10k.htm,https://www.sec.gov/Archives/edgar/data/1031623/000119312506053991/d10k.htm
0,2005-09-30,GIFI,2005-10-26,2005-10-26 15:21:13,Q3,37500000,32900000,4600000.0,0.122667,0.0,1500000.0,0.0,0.0,1500000.0,34400000,9000.0,1590000.0,4999000.0,0.133307,3100000.0,0.082667,0.0,3500000.0,0.093333,1200000.0,2200000.0,0.058667,0.17742,0.17742,12400000,12400000,https://www.sec.gov/Archives/edgar/data/1031623/000119312505208741/d10q.htm,https://www.sec.gov/Archives/edgar/data/1031623/000119312505208741/d10q.htm
0,2005-06-30,GIFI,2005-07-27,2005-07-27 15:00:55,Q2,55400000,47000000,8400000.0,0.151625,0.0,1500000.0,0.0,0.0,1500000.0,48500000,9000.0,1570000.0,8879000.0,0.160271,6900000.0,0.124549,0.0,7200000.0,0.129964,2700000.0,4600000.0,0.083032,0.37398,0.37398,12300000,12300000,https://www.sec.gov/Archives/edgar/data/1031623/000119312505149879/d10q.htm,https://www.sec.gov/Archives/edgar/data/1031623/000119312505149879/d10q.htm
0,2005-03-31,GIFI,2005-04-27,2005-04-27 16:35:52,Q1,54200000,47700000,6500000.0,0.119926,0.0,1400000.0,0.0,0.0,1399999.9999999986,49100000,27000.0,1550000.0,6977000.0,0.128727,5100000.0,0.094096,0.0,5400000.0,0.099631,1900000.0,3500000.0,0.064576,0.28455,0.28455,12300000,12300000,https://www.sec.gov/Archives/edgar/data/1031623/000119312505042824/d10k.htm,https://www.sec.gov/Archives/edgar/data/1031623/000119312505042824/d10k.htm
0,2004-12-31,GIFI,2005-03-04 00:00:00,2005-03-04 17:08:01,Q4,45900000,40700000,5100000.0,0.111111,0.0,1100000.0,0.0,0.0,1099999.9999999944,41799999.99999999,111000.0,1540000.0,5851000.0,0.127473,4100000.0,0.089325,-100000.0,4200000.0,0.091503,1300000.0,2900000.0,0.063181,0.23577,0.23577,12300000,12300000,https://www.sec.gov/Archives/edgar/data/1031623/000119312505042824/0001193125-05-042824-index.html,https://www.sec.gov/Archives/edgar/data/1031623/000119312505042824/d10k.htm
0,2004-09-30,GIFI,2004-10-27 00:00:00,2004-10-27 16:35:44,Q3,35800000,32100000,3700000.0,0.103352,0.0,1200000.0,0.0,0.0,1199999.9999999958,33299999.999999996,9000.0,1529999.9999999998,4139000.0,0.115615,2500000.0,0.069832,0.0,2700000.0,0.075419,900000.0,1700000.0,0.047486,0.13821,0.13821,12300000,12300000,https://www.sec.gov/Archives/edgar/data/1031623/000119312504179408/0001193125-04-179408-index.html,https://www.sec.gov/Archives/edgar/data/1031623/000119312504179408/d10q.htm
0,2004-06-30,GIFI,2004-07-28 00:00:00,2004-07-28 15:57:02,Q2,41400000,34900000,6500000.0,0.157005,0.0,1300000.0,0.0,0.0,1300000.0000000042,36200000.00000001,20000.0,1500000.0000000002,6920000.0,0.16715,5200000.0,0.125604,0.0,5400000.0,0.130435,1900000.0,3500000.0,0.084541,0.28689,0.28689,12200000,12200000,https://www.sec.gov/Archives/edgar/data/1031623/000119312504126253/0001193125-04-126253-index.html,https://www.sec.gov/Archives/edgar/data/1031623/000119312504126253/d10q.htm
0,2004-03-31,GIFI,2004-05-07 00:00:00,2004-05-07 17:20:39,Q1,50800000,43500000,7300000.0,0.143701,0.0,1300000.0,0.0,0.0,1299999.9999999972,44800000,7000.0,1470000.0,7577000.0,0.149154,6000000.0,0.11811,0.0,6100000.0,0.120079,2100000.0,4000000.0,0.07874,0.33333,0.33333,12000000,12000000,https://www.sec.gov/Archives/edgar/data/1031623/000119312504082290/0001193125-04-082290-index.html,https://www.sec.gov/Archives/edgar/data/1031623/000119312504082290/d10q.htm
0,2003-12-31,GIFI,2004-03-12 00:00:00,2004-03-12 17:17:45,Q4,56200000,45100000,11000000,0.19573,0.0,1600000.0,0.0,0.0,1600000.0000000014,46700000,10000.0,1430000.0000000002,10840000,0.192883,9400000.0,0.16726,0.0,9500000.0,0.169039,3200000.0,6200000.0,0.11032,0.52101,0.52101,11900000,11900000,https://www.sec.gov/Archives/edgar/data/1031623/000119312504040691/0001193125-04-040691-index.html,https://www.sec.gov/Archives/edgar/data/1031623/000119312504040691/d10k.htm
0,2003-09-30,GIFI,2003-11-06 00:00:00,2003-11-06 15:53:59,Q3,63300000,56100000,7300000.0,0.115324,0.0,1200000.0,0.0,0.0,1199999.9999999958,57299999.99999999,7000.0,1360000.0000000002,7367000.0,0.116382,6000000.0,0.094787,0.0,6100000.0,0.096367,2000000.0,4000000.0,0.063191,0.33613,0.33613,11900000,11900000,https://www.sec.gov/Archives/edgar/data/1031623/000119312503074352/0001193125-03-074352-index.html,https://www.sec.gov/Archives/edgar/data/1031623/000119312503074352/d10q.htm
0,2003-06-30,GIFI,2003-08-11 00:00:00,2003-08-11 15:26:58,Q2,44600000,40000000,4600000.0,0.103139,0.0,1200000.0,0.0,0.0,1100000.0000000014,41100000,0.0,1289999.9999999998,4790000.0,0.107399,3500000.0,0.078475,0.0,3500000.0,0.078475,1200000.0,2300000.0,0.05157,0.19328,0.19328,11900000,11900000,https://www.sec.gov/Archives/edgar/data/1031623/000119312503032963/0001193125-03-032963-index.html,https://www.sec.gov/Archives/edgar/data/1031623/000119312503032963/d10q.htm
0,2003-03-31,GIFI,2003-05-14 00:00:00,2003-05-14 16:14:54,Q1,39600000,33600000,6000000.0,0.151515,0.0,1200000.0,0.0,0.0,1199999.9999999958,34799999.99999999,100000.0,1240000.0,6240000.0,0.157576,4800000.0,0.121212,0.0,4900000.0,0.123737,1700000.0,3200000.0,0.080808,0.26891,0.26891,11900000,11900000,https://www.sec.gov/Archives/edgar/data/1031623/000119312503005175/0001193125-03-005175-index.html,https://www.sec.gov/Archives/edgar/data/1031623/000119312503005175/d10q.txt
0,2002-12-31,GIFI,2003-03-27 00:00:00,2003-03-27 17:22:42,Q4,42400000,36100000,6200000.0,0.146226,0.0,1200000.0,0.0,0.0,1199999.9999999958,37299999.99999999,100000.0,1130000.0000000002,6430000.0,0.151651,5000000.0,0.117925,0.0,5100000.0,0.120283,1800000.0,3400000.0,0.080189,0.28814,0.28814,11800000,11800000,https://www.sec.gov/Archives/edgar/data/1031623/000095013403004733/0000950134-03-004733-index.html,https://www.sec.gov/Archives/edgar/data/1031623/000095013403004733/d03961e10vk.txt
0,2002-09-30,GIFI,2002-11-07 00:00:00,2002-11-07 17:24:34,Q3,40300000,33500000,6800000.0,0.168734,0.0,1100000.0,0.0,0.0,1100000.0000000014,34600000,100000.0,1150000.0,7050000.0,0.174938,5700000.0,0.141439,0.0,5800000.0,0.143921,2000000.0,3800000.0,0.094293,0.32203,0.32203,11800000,11800000,https://www.sec.gov/Archives/edgar/data/1031623/000095013402013597/0000950134-02-013597-index.html,https://www.sec.gov/Archives/edgar/data/1031623/000095013402013597/d00938e10vq.txt
0,2002-06-30,GIFI,2002-08-12 00:00:00,2002-08-12 17:20:46,Q2,33100000,29600000,3500000.0,0.10574,0.0,1000000.0,0.0,0.0,1000000.0,30600000,200000.0,1150000.0,3950000.0,0.119335,2500000.0,0.075529,0.0,2600000.0,0.07855,900000.0,1700000.0,0.05136,0.14286,0.14286,11900000,11900000,https://www.sec.gov/Archives/edgar/data/1031623/000095013402009532/0000950134-02-009532-index.html,https://www.sec.gov/Archives/edgar/data/1031623/000095013402009532/d98951e10vq.txt
0,2002-03-31,GIFI,2002-05-15 00:00:00,2002-05-15 16:46:08,Q1,27200000,24400000,2800000.0,0.102941,0.0,900000.0,0.0,0.0,1000000.0,25400000,200000.0,1140000.0,-1360000.0,-0.05,1900000.0,0.069853,100000.0,2100000.0,0.077206,700000.0,-3400000.0,-0.125,-0.28814,-0.28814,11800000,11800000,https://www.sec.gov/Archives/edgar/data/1031623/000095013402005767/0000950134-02-005767-index.html,https://www.sec.gov/Archives/edgar/data/1031623/000095013402005767/d96876e10-q.txt
0,2001-12-31,GIFI,,,Q4,21400000,18600000,2800000.0,0.130841,0.0,1000000.0,0.0,0.0,1000000.0,19600000,200000.0,1230000.0,3330000.0,0.155607,1700000.0,0.079439,0.0,1900000.0,0.088785,700000.0,1200000.0,0.056075,0.10169,0.10169,11800000,11800000,,
0,2001-09-30,GIFI,2001-11-08 00:00:00,2001-11-08 00:00:00,Q3,30500000,25800000,4700000.0,0.154098,0.0,1100000.0,0.0,0.0,1099999.999999998,26899999.999999996,300000.0,1220000.0,4820000.0,0.158033,3600000.0,0.118033,-600000.0,3300000.0,0.108197,1100000.0,2200000.0,0.072131,0.18644,0.18644,11800000,11800000,https://www.sec.gov/Archives/edgar/data/1031623/000089924301501675/0000899243-01-501675-index.html,https://www.sec.gov/Archives/edgar/data/1031623/000089924301501675/d10q.txt
0,2001-06-30,GIFI,2001-08-09 00:00:00,2001-08-09 00:00:00,Q2,34300000,28600000,5600000.0,0.163265,0.0,1200000.0,0.0,0.0,1199999.9999999993,29800000,300000.0,1220000.0,6020000.0,0.17551,4400000.0,0.12828,-100000.0,4600000.0,0.134111,1600000.0,2900000.0,0.084548,0.24576,0.24576,11800000,11800000,https://www.sec.gov/Archives/edgar/data/1031623/000089924301501169/0000899243-01-501169-index.html,https://www.sec.gov/Archives/edgar/data/1031623/000089924301501169/d10q.txt
0,2001-03-31,GIFI,2001-05-10 00:00:00,2001-05-10 00:00:00,Q1,27600000,25300000,2300000.0,0.083333,0.0,1100000.0,0.0,0.0,1099999.999999998,26399999.999999996,300000.0,1190000.0000000002,2890000.0,0.10471,1100000.0,0.039855,0.0,1400000.0,0.050725,500000.0,900000.0,0.032609,0.07627,0.07627,11800000,11800000,https://www.sec.gov/Archives/edgar/data/1031623/000089924301500441/0000899243-01-500441-index.html,https://www.sec.gov/Archives/edgar/data/1031623/000089924301500441/d10q.txt
0,2000-12-31,GIFI,2001-03-22 00:00:00,2001-03-22 00:00:00,Q4,24400000,21400000,3100000.0,0.127049,0.0,1300000.0,0.0,0.0,1300000.0000000007,22700000,300000.0,1200000.0000000005,3200000.0000000005,0.131148,1800000.0,0.07377,-400000.0,1700000.0,0.069672,700000.0,1000000.0,0.040984,0.08475,0.08475,11800000,11800000,https://www.sec.gov/Archives/edgar/data/1031623/000089924301000662/0000899243-01-000662-index.html,https://www.sec.gov/Archives/edgar/data/1031623/000089924301000662/0000899243-01-000662-0001.txt
0,2000-09-30,GIFI,2000-11-09 00:00:00,2000-11-09 00:00:00,Q3,27500000,25200000,2400000.0,0.087273,0.0,1000000.0,0.0,0.0,1000000.0,26200000,400000.0,1170000.0000000002,3170000.0,0.115273,1400000.0,0.050909,-100000.0,1600000.0,0.058182,600000.0,1000000.0,0.036364,0.08475,0.08475,11800000,11800000,https://www.sec.gov/Archives/edgar/data/1031623/000089924300002410/0000899243-00-002410-index.html,https://www.sec.gov/Archives/edgar/data/1031623/000089924300002410/0000899243-00-002410-0001.txt
0,2000-06-30,GIFI,2000-08-09 00:00:00,2000-08-09 00:00:00,Q2,28400000,25900000,2500000.0,0.088028,0.0,1000000.0,0.0,0.0,1100000.0000000014,27000000,300000.0,1170000.0,3070000.0,0.108099,1400000.0,0.049296,0.0,1700000.0,0.059859,600000.0,1000000.0,0.035211,0.08475,0.08475,11800000,11800000,https://www.sec.gov/Archives/edgar/data/1031623/000089924300001860/0000899243-00-001860-index.html,https://www.sec.gov/Archives/edgar/data/1031623/000089924300001860/0000899243-00-001860-0001.txt
0,2000-03-31,GIFI,2000-05-11 00:00:00,2000-05-11 00:00:00,Q1,31700000,29200000,2500000.0,0.078864,0.0,1100000.0,0.0,0.0,1100000.0000000014,30300000,300000.0,1230000.0,3230000.0,0.101893,1400000.0,0.044164,-100000.0,1700000.0,0.053628,600000.0,1100000.0,0.0347,0.09402,0.09402,11700000,11700000,https://www.sec.gov/Archives/edgar/data/1031623/000089924300001244/0000899243-00-001244-index.html,https://www.sec.gov/Archives/edgar/data/1031623/0000899243-00-001244.txt
0,1999-12-31,GIFI,2000-03-23 00:00:00,2000-03-23 00:00:00,Q4,32800000,30200000,2500000.0,0.07622,0.0,1000000.0,0.0,0.0,1000000.0,31200000,300000.0,1280000.0000000002,3380000.0,0.103049,1600000.0,0.04878,-100000.0,1700000.0,0.051829,700000.0,1100000.0,0.033537,0.09402,0.09402,11700000,11700000,https://www.sec.gov/Archives/edgar/data/1031623/000089924300000569/0000899243-00-000569-index.html,https://www.sec.gov/Archives/edgar/data/1031623/0000899243-00-000569.txt
0,1999-09-30,GIFI,1999-11-12 00:00:00,1999-11-12 00:00:00,Q3,29000000,25400000,3600000.0,0.124138,0.0,1000000.0,0.0,0.0,900000.0000000021,26300000.000000004,200000.0,1230000.0000000002,4230000.0,0.145862,2700000.0,0.093103,0.0,2800000.0,0.096552,1100000.0,1700000.0,0.058621,0.1453,0.1453,11700000,11700000,https://www.sec.gov/Archives/edgar/data/1031623/000089924399002248/0000899243-99-002248-index.html,https://www.sec.gov/Archives/edgar/data/1031623/0000899243-99-002248.txt
0,1999-06-30,GIFI,1999-08-11 00:00:00,1999-08-11 00:00:00,Q2,28100000,24100000,4000000.0,0.142349,0.0,1000000.0,0.0,0.0,1000000.0,25100000,200000.0,1260000.0,4660000.0,0.165836,3000000.0,0.106762,0.0,3100000.0,0.11032,1200000.0,2000000.0,0.071174,0.17094,0.17094,11700000,11700000,https://www.sec.gov/Archives/edgar/data/1031623/000089924399001676/0000899243-99-001676-index.html,https://www.sec.gov/Archives/edgar/data/1031623/0000899243-99-001676.txt
0,1999-03-31,GIFI,1999-05-11 00:00:00,1999-05-11 00:00:00,Q1,30300000,26100000,4200000.0,0.138614,0.0,1300000.0,0.0,0.0,1299999.9999999972,27399999.999999996,100000.0,1200000.0,4300000.0,0.141914,2900000.0,0.09571,0.0,3100000.0,0.10231,1100000.0,1900000.0,0.062706,0.16239,0.16239,11700000,11700000,https://www.sec.gov/Archives/edgar/data/1031623/000089924399000984/0000899243-99-000984-index.html,https://www.sec.gov/Archives/edgar/data/1031623/0000899243-99-000984.txt
0,1998-12-31,GIFI,1999-03-23 00:00:00,1999-03-23 00:00:00,Q4,43000000,34800000,8100000.0,0.188372,0.0,1500000.0,0.0,0.0,1500000.0,36300000,100000.0,1080000.0000000002,7880000.0,0.183256,6600000.0,0.153488,0.0,6700000.0,0.155814,2600000.0,4100000.0,0.095349,0.35043,0.35043,11700000,11700000,https://www.sec.gov/Archives/edgar/data/1031623/000089924399000517/0000899243-99-000517-index.html,https://www.sec.gov/Archives/edgar/data/1031623/0000899243-99-000517.txt
0,1998-09-30,GIFI,1998-11-13 00:00:00,1998-11-13 00:00:00,Q3,51900000,42000000,9800000.0,0.188825,0.0,1500000.0,0.0,0.0,1500000.0,43500000,100000.0,1060000.0,9560000.0,0.1842,8400000.0,0.16185,0.0,8400000.0,0.16185,3100000.0,5300000.0,0.102119,0.45299,0.45299,11700000,11700000,https://www.sec.gov/Archives/edgar/data/1031623/000090628098000170/0000906280-98-000170-index.html,https://www.sec.gov/Archives/edgar/data/1031623/0000906280-98-000170.txt
0,1998-06-30,GIFI,1998-08-10 00:00:00,1998-08-10 00:00:00,Q2,50600000,40900000,9800000.0,0.193676,0.0,1500000.0,0.0,0.0,1399999.9999999986,42300000,0.0,1039999.9999999998,9440000.0,0.186561,8300000.0,0.164032,0.0,8300000.0,0.164032,3200000.0,5200000.0,0.102767,0.44444,0.44444,11700000,11700000,https://www.sec.gov/Archives/edgar/data/1031623/000089924398001499/0000899243-98-001499-index.html,https://www.sec.gov/Archives/edgar/data/1031623/0000899243-98-001499.txt
0,1998-03-31,GIFI,1998-05-13 00:00:00,1998-05-13 00:00:00,Q1,46900000,38600000,8300000.0,0.176972,0.0,1600000.0,0.0,0.0,1600000.0000000014,40200000,0.0,990000.0,7690000.0,0.163966,6700000.0,0.142857,0.0,6700000.0,0.142857,2500000.0,4200000.0,0.089552,0.35897,0.35897,11700000,11700000,https://www.sec.gov/Archives/edgar/data/1031623/000089924398000939/0000899243-98-000939-index.html,https://www.sec.gov/Archives/edgar/data/1031623/0000899243-98-000939.txt
0,1997-12-31,GIFI,1998-03-23 00:00:00,1998-03-23 00:00:00,Q4,34800000,28800000,6000000.0,0.172414,0.0,1400000.0,0.0,0.0,1399999.9999999986,30200000,100000.0,830000.0000000001,5730000.0,0.164655,4600000.0,0.132184,0.0,4700000.0,0.135057,1800000.0,3000000.0,0.086207,0.25641,0.25641,11700000,11700000,https://www.sec.gov/Archives/edgar/data/1031623/000089924398000416/0000899243-98-000416-index.html,https://www.sec.gov/Archives/edgar/data/1031623/0000899243-98-000416.txt
0,1997-09-30,GIFI,1997-11-12 00:00:00,1997-11-12 00:00:00,Q3,36300000,29300000,7000000.0,0.192837,0.0,1100000.0,0.0,0.0,1099999.999999998,30399999.999999996,100000.0,760000.0,6760000.0,0.186226,5900000.0,0.162534,0.0,5900000.0,0.162534,2200000.0,3700000.0,0.101928,0.31624,0.31624,11700000,11700000,https://www.sec.gov/Archives/edgar/data/1031623/000090628097000189/0000906280-97-000189-index.html,https://www.sec.gov/Archives/edgar/data/1031623/0000906280-97-000189.txt
0,1997-06-30,GIFI,1997-08-14 00:00:00,1997-08-14 00:00:00,Q2,35000000,28600000,6400000.0,0.182857,0.0,1100000.0,0.0,0.0,1099999.999999998,29699999.999999996,0.0,690000.0000000001,5990000.0,0.171143,5300000.0,0.151429,0.0,5200000.0,0.148571,2000000.0,3300000.0,0.094286,0.28696,0.28696,11500000,11500000,https://www.sec.gov/Archives/edgar/data/1031623/000090628097000134/0000906280-97-000134-index.html,https://www.sec.gov/Archives/edgar/data/1031623/0000906280-97-000134.txt
