,date,symbol,fillingDate,acceptedDate,period,revenue,costOfRevenue,grossProfit,grossProfitRatio,researchAndDevelopmentExpenses,generalAndAdministrativeExpenses,sellingAndMarketingExpenses,otherExpenses,operatingExpenses,costAndExpenses,interestExpense,depreciationAndAmortization,ebitda,ebitdaratio,operatingIncome,operatingIncomeRatio,totalOtherIncomeExpensesNet,incomeBeforeTax,incomeBeforeTaxRatio,incomeTaxExpense,netIncome,netIncomeRatio,eps,epsdiluted,weightedAverageShsOut,weightedAverageShsOutDil,link,finalLink
0,2020-09-30,CLB,2020-10-22,2020-10-22 16:58:59,Q3,105382000,63802000,41580000,0.39456453663813557,0.0,8937000.0,0.0,-1088000.0,197000.0,63999000,4672000.0,5164000.0,16495000,0.156525782392,11331000,0.107523106413,-1088000.0,6600000.0,0.0626292915299,3700000.0,2963000.0,0.0281167561823,0.07,0.07,44470000,44470000,https://www.sec.gov/Archives/edgar/data/1000229/000156459020047286/0001564590-20-047286-index.htm,https://www.sec.gov/Archives/edgar/data/1000229/000156459020047286/clb-10q_20200930.htm
0,2020-06-30,CLB,2020-07-24,2020-07-23 18:40:59,Q2,115736000,90680000,25056000,0.2164927075413009,0.0,9221000.0,0.0,708000.0,27622999.99999999,118302999.99999999,3369000.0,5425000.0,2817000.0,0.02434,-2567000.0,-0.02218,3045000.0,-5936000.0,-0.051289,-261000.0,-5716000.0,-0.049388,-0.12854,-0.12854,44470000,44470000,https://www.sec.gov/Archives/edgar/data/1000229/000156459020033299/0001564590-20-033299-index.htm,https://www.sec.gov/Archives/edgar/data/1000229/000156459020033299/clb-10q_20200630.htm
0,2020-03-31,CLB,2020-04-24,2020-04-23 19:01:21,Q1,152400000,115131000,37269000,0.2445472440944882,0.0,19567000,0.0,-365000.0,146242000,261373000,3411000.0,5441000.0,-103615000,-0.679888,-108973000,-0.715046,-970000.0,-112384000,-0.737428,-4046000.0,-108421000,-0.711424,-2.43933,-2.43933,44447000,44447000,https://www.sec.gov/Archives/edgar/data/1000229/000156459020018302/0001564590-20-018302-index.htm,https://www.sec.gov/Archives/edgar/data/1000229/000156459020004075/clb-10k_20191231.htm
0,2019-12-31,CLB,2020-02-10,2020-02-10 17:07:36,Q4,156778000,117749000,39029000,0.24894436719437676,0.0,9773000.0,0.0,1455000.0,17974000.00000002,135723000.00000003,3588000.0,5535000.0,26630000,0.169858,21055000,0.134298,2666000.0,17467000,0.111412,7177000.0,10330000,0.065889,0.23276,0.23276,44381000,44381000,https://www.sec.gov/Archives/edgar/data/1000229/000156459020004075/0001564590-20-004075-index.htm,https://www.sec.gov/Archives/edgar/data/1000229/000156459020004075/clb-10k_20191231.htm
0,2019-09-30,CLB,2019-10-24,2019-10-24 19:10:07,Q3,173200000,125996000,47204000,0.272540415704388,0.0,11012000,0.0,-1131000.0,15997000,141993000,3662000.0,5697000.000000001,36423000,0.210294,31207000,0.180179,-712000.0,27545000,0.159036,3335000.0,23729000,0.137003,0.53066,0.53066,44716000,44716000,https://www.sec.gov/Archives/edgar/data/1000229/000156459019037774/0001564590-19-037774-index.htm,https://www.sec.gov/Archives/edgar/data/1000229/000156459019037774/clb-10q_20190930.htm
0,2019-06-30,CLB,2019-07-26,2019-07-25 20:47:09,Q2,169038000,124451000,44587000,0.26376909333995907,0.0,9801000.0,0.0,2425000.0,16579000.000000007,141030000,3714000.0,5786000.0,41722000,0.24682,28008000,0.165691,992000.0,24294000,0.143719,4808000.0,27414000,0.162177,0.61171,0.61171,44815000,44815000,https://www.sec.gov/Archives/edgar/data/1000229/000156459019026214/0001564590-19-026214-index.htm,https://www.sec.gov/Archives/edgar/data/1000229/000156459019026214/clb-10q_20190630.htm
0,2019-03-31,CLB,2019-04-26,2019-04-25 19:07:14,Q1,169194000,127383000,41811000,0.24711869215220397,0.0,17437000,0.0,2582000.0,25397000.000000007,152780000,3726000.0,5587000.0,22213000,0.131287,16414000,0.097013,2373000.0,12688000,0.074991,-27610000,40510000,0.239429,0.90558,0.90558,44734000,44734000,https://www.sec.gov/Archives/edgar/data/1000229/000156459019013150/0001564590-19-013150-index.htm,https://www.sec.gov/Archives/edgar/data/1000229/000100022919000021/clb-20181231_10k.htm
0,2018-12-31,CLB,2019-02-11,2019-02-11 16:51:30,Q4,173207000,125694000,47513000,0.27431339380048153,0.0,24721000,0.0,-849000.0,29535000.00000001,155229000,3634000.0,5687000.000000001,23906000,0.13802,17978000,0.103795,-907000.0,14344000,0.082814,5750000.0,8835000.0,0.051008,0.19976,0.19976,44227000,44227000,https://www.sec.gov/Archives/edgar/data/1000229/000100022919000021/0001000229-19-000021-index.htm,https://www.sec.gov/Archives/edgar/data/1000229/000100022919000021/clb-20181231_10k.htm
0,2018-09-30,CLB,2018-10-25,2018-10-25 17:06:01,Q3,182100000,128200000,53900000,0.2959912136188907,0.0,13300000,0.0,-1500000.0,19100000.000000022,147300000.00000003,3278000.0,5699999.999999999,40778000,0.223932,34900000,0.191653,-1500000.0,31600000,0.173531,9400000.0,22400000,0.123009,0.50224,0.50224,44600000,44600000,https://www.sec.gov/Archives/edgar/data/1000229/000100022918000119/0001000229-18-000119-index.htm,https://www.sec.gov/Archives/edgar/data/1000229/000100022918000119/clb-2018930x10q.htm
0,2018-06-30,CLB,2018-07-27,2018-07-26 18:34:11,Q2,175500000,123800000,51700000,0.2945868945868946,0.0,12200000,0.0,-600000.0,18200000.000000004,142000000,3296000.0,5899999.999999999,38996000,0.222199,33400000,0.190313,-600000.0,30200000,0.17208,5000000.0,24800000,0.141311,0.5573,0.5573,44500000,44500000,https://www.sec.gov/Archives/edgar/data/1000229/000100022918000098/0001000229-18-000098-index.htm,https://www.sec.gov/Archives/edgar/data/1000229/000100022918000098/clb-2018630x10q.htm
0,2018-03-31,CLB,2018-04-27,2018-04-27 16:17:06,Q1,170000000,119300000,50700000,0.29823529411764704,0.0,12700000,0.0,-400000.0,18399999.99999999,137700000,3120000.0,5800000.0,37720000,0.221882,32300000,0.19,-400000.0,29200000,0.171765,5300000.0,23500000,0.138235,0.52809,0.52809,44500000,44500000,https://www.sec.gov/Archives/edgar/data/1000229/000100022918000071/0001000229-18-000071-index.htm,https://www.sec.gov/Archives/edgar/data/1000229/000100022918000025/clb-20171231_10k.htm
0,2017-12-31,CLB,2018-02-12,2018-02-09 18:38:17,Q4,170100000,119900000,50200000,0.2951205173427396,0.0,12000000,0.0,-500000.0,17799999.99999998,137699999.99999997,2717000.0,6000000.0,38417000,0.22585,32400000,0.190476,-500000.0,29700000,0.174603,8000000.0,21700000,0.127572,0.49206,0.49206,44100000,44100000,https://www.sec.gov/Archives/edgar/data/1000229/000100022918000025/0001000229-18-000025-index.htm,https://www.sec.gov/Archives/edgar/data/1000229/000100022918000025/clb-20171231_10k.htm
0,2017-09-30,CLB,2017-10-25,2017-10-24 18:35:13,Q3,162900000,118400000,44500000,0.27317372621240027,0.0,11900000,0.0,-200000.0,17799999.99999998,136199999.99999997,2707000.0,6000000.0,33407000,0.205077,26700000,0.163904,-200000.0,24000000,0.14733,3600000.0,21100000,0.129527,0.4763,0.4763,44300000,44300000,https://www.sec.gov/Archives/edgar/data/1000229/000100022917000093/0001000229-17-000093-index.htm,https://www.sec.gov/Archives/edgar/data/1000229/000100022917000093/clb-2017930x10q.htm
0,2017-06-30,CLB,2017-07-26,2017-07-26 16:06:22,Q2,158200000,113600000,44600000,0.28192161820480405,0.0,11100000,0.0,-300000.0,17300000.00000001,130900000.00000001,2692000.0,6200000.0,35292000,0.223085,27400000,0.173198,-300000.0,24700000,0.156131,3700000.0,22700000,0.143489,0.51126,0.51126,44400000,44400000,https://www.sec.gov/Archives/edgar/data/1000229/000100022917000079/0001000229-17-000079-index.htm,https://www.sec.gov/Archives/edgar/data/1000229/000100022917000079/clb-2017630x10q.htm
0,2017-03-31,CLB,2017-04-21,2017-04-21 16:44:33,Q1,156600000,113000000,43600000,0.2784163473818646,0.0,12800000,0.0,-100000.0,20099999.999999993,133100000,2618000.0,6300000.0,29518000,0.188493,23500000,0.150064,-100000.0,20900000,0.133461,2900000.0,17700000,0.113027,0.39955,0.39955,44300000,44300000,https://www.sec.gov/Archives/edgar/data/1000229/000100022917000066/0001000229-17-000066-index.htm,https://www.sec.gov/Archives/edgar/data/1000229/000100022917000025/clb-20161231_10k.htm
0,2016-12-31,CLB,2017-02-10,2017-02-10 16:04:41,Q4,145000000,107500000,37500000,0.25862068965517243,0.0,8800000.0,0.0,-300000.0,14700000.000000004,122200000,2548000.0,6599999.999999998,28347999.999999996,0.195503,22800000,0.157241,-300000.0,20200000,0.13931,3700000.0,15500000,0.106897,0.35147,0.35147,44100000,44100000,https://www.sec.gov/Archives/edgar/data/1000229/000100022917000025/0001000229-17-000025-index.htm,https://www.sec.gov/Archives/edgar/data/1000229/000100022917000025/clb-20161231_10k.htm
0,2016-09-30,CLB,2016-10-21,2016-10-21 16:06:21,Q3,143500000,107200000,36300000,0.2529616724738676,0.0,8400000.0,0.0,-500000.0,14799999.999999996,122000000,2569000.0,6700000.000000001,28069000,0.195603,21500000,0.149826,-500000.0,18900000,0.131707,2100000.0,16700000,0.116376,0.37698,0.37698,44300000,44300000,https://www.sec.gov/Archives/edgar/data/1000229/000100022916000222/0001000229-16-000222-index.htm,https://www.sec.gov/Archives/edgar/data/1000229/000100022916000222/clb-2016930x10q.htm
0,2016-06-30,CLB,2016-07-22,2016-07-22 16:06:17,Q2,148100000,110000000,38100000,0.25725860904794057,0.0,11100000,0.0,-400000.0,17799999.999999996,127800000,3021000.0,6800000.0,27121000,0.183126,20200000,0.136394,-400000.0,17200000,0.116138,700000.0,16600000,0.112086,0.38161,0.38161,43500000,43500000,https://www.sec.gov/Archives/edgar/data/1000229/000100022916000204/0001000229-16-000204-index.htm,https://www.sec.gov/Archives/edgar/data/1000229/000100022916000204/clb-2016630x10q.htm
0,2016-03-31,CLB,2016-04-22,2016-04-22 17:26:27,Q1,153600000,112800000,40800000,0.265625,0.0,11100000,0.0,-400000.0,17899999.99999999,130699999.99999999,3434000.0,6800000.0,29734000,0.193581,22900000,0.149089,-400000.0,19500000,0.126953,4400000.0,15100000,0.098307,0.35613,0.35613,42400000,42400000,https://www.sec.gov/Archives/edgar/data/1000229/000100022916000188/0001000229-16-000188-index.htm,https://www.sec.gov/Archives/edgar/data/1000229/000100022916000149/clb-20151231_10k.htm
0,2015-12-31,CLB,2016-02-12,2016-02-12 16:16:33,Q4,182700000,124700000,58000000,0.31746031746031744,0.0,12300000,0.0,-700000.0,34399999.99999999,159100000,3390000.0,7100000.000000001,30590000,0.167433,23600000,0.129174,-700000.0,20300000,0.111111,4700000.0,15400000,0.084291,0.36235,0.36235,42500000,42500000,https://www.sec.gov/Archives/edgar/data/1000229/000100022916000149/0001000229-16-000149-index.htm,https://www.sec.gov/Archives/edgar/data/1000229/000100022916000149/clb-20151231_10k.htm
0,2015-09-30,CLB,2015-10-23,2015-10-23 16:05:46,Q3,197300000,129100000,68200000,0.3456664977192093,0.0,12200000,0.0,-200000.0,21300000.00000001,150400000,3471000.0,6899999.999999999,53571000,0.271521,46800000,0.237202,-200000.0,43300000,0.219463,9800000.0,33400000,0.169285,0.7822,0.7822,42700000,42700000,https://www.sec.gov/Archives/edgar/data/1000229/000100022915000124/0001000229-15-000124-index.htm,https://www.sec.gov/Archives/edgar/data/1000229/000100022915000124/clb-2015930x10q.htm
0,2015-06-30,CLB,2015-07-27,2015-07-24 18:03:03,Q2,203900000,134600000,69300000,0.33987248651299656,0.0,12600000,0.0,900000.0,21400000.000000007,156000000,3116000.0,6900000.0,54716000,0.268347,47900000,0.234919,900000.0,44800000,0.219716,10100000,34600000,0.169691,0.80465,0.80465,43000000,43000000,https://www.sec.gov/Archives/edgar/data/1000229/000100022915000105/0001000229-15-000105-index.htm,https://www.sec.gov/Archives/edgar/data/1000229/000100022915000105/clb-2015630x10q.htm
0,2015-03-31,CLB,2015-04-29,2015-04-29 16:05:55,Q1,213600000,144300000,69300000,0.324438202247191,0.0,12700000,0.0,-400000.0,26599999.999999993,170900000,2403000.0,6600000.0,49703000,0.232692,42700000,0.199906,-400000.0,40300000,0.18867,9300000.0,31400000,0.147004,0.72184,0.72184,43500000,43500000,https://www.sec.gov/Archives/edgar/data/1000229/000100022915000073/0001000229-15-000073-index.htm,https://www.sec.gov/Archives/edgar/data/1000229/000100022915000035/clb-20141231_10k.htm
0,2014-12-31,CLB,2015-02-17,2015-02-17 09:26:22,Q4,278600000,168500000,110100000,0.39519023689877963,0.0,11700000,0.0,-800000.0,19699999.99999999,188200000,2882000.0,6899999.999999999,96782000,0.347387,90500000,0.324838,-800000.0,87600000,0.314429,20800000,66200000,0.237617,1.50797,1.50797,43900000,43900000,https://www.sec.gov/Archives/edgar/data/1000229/000100022915000035/0001000229-15-000035-index.htm,https://www.sec.gov/Archives/edgar/data/1000229/000100022915000035/clb-20141231_10k.htm
0,2014-09-30,CLB,2014-11-04,2014-11-04 16:06:12,Q3,276100000,166900000,109200000,0.395508873596523,0.0,12300000,0.0,-300000.0,20099999.999999993,187000000,2561000.0,6800000.000000001,95761000,0.346834,89100000,0.322709,-300000.0,86600000,0.313654,19900000,66500000,0.240855,1.49775,1.49775,44400000,44400000,https://www.sec.gov/Archives/edgar/data/1000229/000100022914000113/0001000229-14-000113-index.htm,https://www.sec.gov/Archives/edgar/data/1000229/000100022914000113/clb-2014930x10q.htm
0,2014-06-30,CLB,2014-07-25,2014-07-25 16:05:36,Q2,267600000,168200000,99400000,0.37144992526158443,0.0,11100000,0.0,-500000.0,15200000.000000017,183400000.00000003,2794000.0,6400000.0,90094000,0.336674,84100000,0.314275,-500000.0,81300000,0.303812,17200000,63700000,0.238042,1.41871,1.41871,44900000,44900000,https://www.sec.gov/Archives/edgar/data/1000229/000100022914000090/0001000229-14-000090-index.htm,https://www.sec.gov/Archives/edgar/data/1000229/000100022914000090/clb-2014630x10q.htm
0,2014-03-31,CLB,2014-04-25,2014-04-25 16:13:06,Q1,262900000,161700000,101200000,0.38493723849372385,0.0,10500000,0.0,-100000.0,18400000.000000007,180100000,2363000.0,6600000.0,89363000,0.339913,82800000,0.314949,-100000.0,80500000,0.3062,19300000,61100000,0.232408,1.35177,1.35177,45200000,45200000,https://www.sec.gov/Archives/edgar/data/1000229/000100022914000070/0001000229-14-000070-index.htm,https://www.sec.gov/Archives/edgar/data/1000229/000100022914000025/clb-20131231_10k.htm
0,2013-12-31,CLB,2014-02-13,2014-02-13 16:05:52,Q4,276300000,168400000,107900000,0.3905175533840029,0.0,13700000,0.0,-700000.0,20000000,188400000,2483000.0,6800000.000000001,94683000,0.342682,87900000,0.318132,-700000.0,85400000,0.309084,20700000,64700000,0.234166,1.42198,1.42198,45500000,45500000,https://www.sec.gov/Archives/edgar/data/1000229/000100022914000025/0001000229-14-000025-index.htm,https://www.sec.gov/Archives/edgar/data/1000229/000100022914000025/clb-20131231_10k.htm
0,2013-09-30,CLB,2013-10-18,2013-10-18 16:04:55,Q3,273200000,167400000,105800000,0.38726207906295756,0.0,14300000,0.0,-400000.0,21199999.99999999,188600000,2302000.0,6699999.999999999,91402000,0.334561,84600000,0.309663,-400000.0,82300000,0.301245,20500000,61900000,0.226574,1.35153,1.35153,45800000,45800000,https://www.sec.gov/Archives/edgar/data/1000229/000100022913000040/0001000229-13-000040-index.htm,https://www.sec.gov/Archives/edgar/data/1000229/000100022913000040/clb-2013930x10q.htm
0,2013-06-30,CLB,2013-07-19,2013-07-19 16:06:07,Q2,263100000,163500000,99600000,0.37856328392246297,0.0,11200000,0.0,-400000.0,17800000.00000001,181300000,2263000.0,6000000.0,87663000,0.333193,81900000,0.311288,-400000.0,79600000,0.302547,19700000,59700000,0.22691,1.29501,1.29501,46100000,46100000,https://www.sec.gov/Archives/edgar/data/1000229/000100022913000034/0001000229-13-000034-index.htm,https://www.sec.gov/Archives/edgar/data/1000229/000100022913000034/clb-2013630x10q.htm
0,2013-03-31,CLB,2013-04-19,2013-04-19 16:07:43,Q1,260900000,163600000,97300000,0.3729398236872365,0.0,12800000,0.0,-800000.0,18300000.00000001,181900000,2269000.0,6000000.0,84769000,0.32491,79000000,0.302798,-800000.0,76800000,0.294366,20000000,56500000,0.216558,1.21505,1.21505,46500000,46500000,https://www.sec.gov/Archives/edgar/data/1000229/000100022913000023/0001000229-13-000023-index.htm,https://www.sec.gov/Archives/edgar/data/1000229/000100022913000009/clb-20121231_10k.htm
0,2012-12-31,CLB,2013-02-19,2013-02-15 18:17:03,Q4,254500000,161000000,93500000,0.36738703339882123,0.0,12300000,0.0,-171000.0,17599999.999999993,178600000,8820000.0,5500000.0,87520000,0.34389,75900000,0.298232,-171000.0,73600000,0.289194,18400000,54800000,0.215324,1.16844,1.16844,46900000,46900000,https://www.sec.gov/Archives/edgar/data/1000229/000100022913000009/0001000229-13-000009-index.htm,https://www.sec.gov/Archives/edgar/data/1000229/000100022913000009/clb-20121231_10k.htm
0,2012-09-30,CLB,2012-10-19,2012-10-19 16:08:43,Q3,245400000,155300000,90100000,0.3671556642216789,0.0,10500000,0.0,-1600000.0,14699999.999999989,170000000,-4368000.0,6399999.999999999,75132000,0.306161,75400000,0.307253,-1600000.0,73200000,0.298289,18700000,54400000,0.221679,1.14526,1.14526,47500000,47500000,https://www.sec.gov/Archives/edgar/data/1000229/000100022912000054/0001000229-12-000054-index.htm,https://www.sec.gov/Archives/edgar/data/1000229/000100022912000054/clb-2012930x10q.htm
0,2012-06-30,CLB,2012-07-20,2012-07-20 16:06:20,Q2,247000000,156400000,90600000,0.3668016194331984,0.0,10200000,0.0,1400000.0,18500000,174900000,2178000.0,5100000.0,77178000,0.312462,72100000,0.291903,1400000.0,69900000,0.282996,17000000,52900000,0.21417,1.10669,1.10669,47800000,47800000,https://www.sec.gov/Archives/edgar/data/1000229/000100022912000044/0001000229-12-000044-index.htm,https://www.sec.gov/Archives/edgar/data/1000229/000100022912000044/clb-2012630x10q.htm
0,2012-03-31,CLB,2012-04-23,2012-04-23 16:09:24,Q1,234200000,149100000,85100000,0.3633646456020495,0.0,10200000,0.0,-3700000.0,11200000.000000017,160300000.00000003,2190000.0,5900000.0,79890000,0.341119,73900000,0.315542,-3700000.0,71700000,0.306149,17800000,54000000,0.230572,1.12735,1.12735,47900000,47900000,https://www.sec.gov/Archives/edgar/data/1000229/000100022912000030/0001000229-12-000030-index.htm,https://www.sec.gov/Archives/edgar/data/1000229/000100022912000012/clb-20111231_10k.htm
0,2011-12-31,CLB,2012-02-15,2012-02-15 17:22:20,Q4,243800000,154000000,89800000,0.36833470057424117,0.0,10700000,0.0,-200000.0,17000000,171000000,2216000.0,5900000.000000002,78616000,0.322461,72700000,0.298195,-200000.0,70500000,0.289171,17400000,53100000,0.217801,1.11321,1.11321,47700000,47700000,https://www.sec.gov/Archives/edgar/data/1000229/000100022912000012/0001000229-12-000012-index.htm,https://www.sec.gov/Archives/edgar/data/1000229/000100022912000012/clb-20111231_10k.htm
0,2011-09-30,CLB,2011-10-25,2011-10-25 17:26:16,Q3,231300000,150300000,81000000,0.35019455252918286,0.0,11200000,0.0,-700000.0,17500000,167800000,3825000.0,5799999.999999999,69125000,0.298854,63500000,0.274535,-700000.0,59700000,0.258106,14600000,44900000,0.19412,0.93542,0.93542,48000000,48000000,https://www.sec.gov/Archives/edgar/data/1000229/000100022911000072/0001000229-11-000072-index.htm,https://www.sec.gov/Archives/edgar/data/1000229/000100022911000072/clb-2011930x10q.htm
0,2011-06-30,CLB,2011-07-29,2011-07-29 17:20:59,Q2,225800000,152300000,73500000,0.3255093002657219,0.0,9800000.0,0.0,300000.0,15899999.999999978,168199999.99999997,2499000.0,5800000.0,63499000,0.281218,57600000,0.255093,300000.0,55100000,0.244021,14700000,40500000,0.179362,0.83162,0.83162,48700000,48700000,https://www.sec.gov/Archives/edgar/data/1000229/000100022911000048/0001000229-11-000048-index.htm,https://www.sec.gov/Archives/edgar/data/1000229/000100022911000048/clb-2011630x10q.htm
0,2011-03-31,CLB,2011-04-22,2011-04-22 11:42:51,Q1,206700000,136800000,69900000,0.3381712626995646,0.0,9500000.0,0.0,-1200000.0,14099999.999999994,150900000,2360000.0,5800000.0,61960000,0.299758,55900000,0.27044,-1200000.0,53500000,0.258829,7500000.0,46300000,0.223996,0.94297,0.94297,49100000,49100000,https://www.sec.gov/Archives/edgar/data/1000229/000100022911000034/0001000229-11-000034-index.htm,https://www.sec.gov/Archives/edgar/data/1000229/000100022911000015/clb-10k_2010.htm
0,2010-12-31,CLB,2011-02-22,2011-02-18 20:48:28,Q4,208200000,262400000,-54200000,-0.26032660902977905,0.0,9000000.0,0.0,-1100000.0,14400000.000000034,276800000.00000006,3651000.0,5800000.000000001,-62849000,-0.301868,-68600000,-0.329491,-1100000.0,-72300000,-0.347262,16700000,-89000000,-0.427474,-1.80894,-1.80894,49200000,49200000,https://www.sec.gov/Archives/edgar/data/1000229/000100022911000015/0001000229-11-000015-index.htm,https://www.sec.gov/Archives/edgar/data/1000229/000100022911000015/clb-10k_2010.htm
0,2010-09-30,CLB,2010-10-25,2010-10-25 17:06:43,Q3,199200000,125800000,73400000,0.3684738955823293,0.0,8400000.0,0.0,-400000.0,13899999.99999999,139700000,4015000.0,5800000.000000001,65215000,0.327385,59500000,0.298695,-400000.0,55500000,0.278614,16800000,38600000,0.193775,0.78776,0.78776,49000000,49000000,https://www.sec.gov/Archives/edgar/data/1000229/000100022910000030/0001000229-10-000030-index.htm,https://www.sec.gov/Archives/edgar/data/1000229/000100022910000030/clb-10q_3q2010.htm
0,2010-06-30,CLB,2010-07-26,2010-07-23 19:07:20,Q2,198900000,128900000,70000000,0.35193564605329314,0.0,9200000.0,0.0,-300000.0,16299999.999999983,145199999.99999997,8173000.0,5700000.0,63273000,0.318115,53700000,0.269985,-300000.0,49600000,0.249372,15200000,34200000,0.171946,0.7125,0.7125,48000000,48000000,https://www.sec.gov/Archives/edgar/data/1000229/000100022910000019/0001000229-10-000019-index.htm,https://www.sec.gov/Archives/edgar/data/1000229/000100022910000019/clb-10q_2q2010.htm
0,2010-03-31,CLB,2010-04-29,2010-04-29 12:04:02,Q1,188300000,125600000,62700000,0.33297928836962293,0.0,6400000.0,0.0,-700000.0,11300000.000000011,136900000,-4059000.0,5800000.0,49041000,0.260441,51400000,0.272969,-700000.0,47400000,0.251726,15100000,32200000,0.171004,0.68803,0.68803,46800000,46800000,https://www.sec.gov/Archives/edgar/data/1000229/000100022910000009/0001000229-10-000009-index.htm,https://www.sec.gov/Archives/edgar/data/1000229/000100022910000004/clb-10k_2009.htm
0,2009-12-31,CLB,2010-02-19,2010-02-19 16:55:30,Q4,181600000,120600000,61000000,0.33590308370044053,0.0,7800000.0,0.0,900000.0,16700000.000000017,137300000.00000003,-7000.0,6199999.999999999,46293000,0.254917,44300000,0.243943,900000.0,40300000,0.221916,16500000,23600000,0.129956,0.49894,0.49894,47300000,47300000,https://www.sec.gov/Archives/edgar/data/1000229/000100022910000004/0001000229-10-000004-index.htm,https://www.sec.gov/Archives/edgar/data/1000229/000100022910000004/clb-10k_2009.htm
0,2009-10-19,CLB,2009-10-22,2009-10-22 17:03:28,Q3,167802000,112175000,55627000,0.33150379614068964,0.0,6637000.0,0.0,-1232000.0,6637000.0,118812000,-3895000.0,6023000.0,50222000,0.299293214621995,44199000,0.2633997210998677,-1232000.0,40304000,0.24018784043098412,9189000.0,31115000,0.18542687214693507,1.34053,1.34053,22965000,23211000,https://www.sec.gov/Archives/edgar/data/1000229/000100022909000017/0001000229-09-000017-index.htm,https://www.sec.gov/Archives/edgar/data/1000229/000100022909000017/clb-10q_3q2009.htm
0,2009-09-30,CLB,2009-10-22 00:00:00,2009-10-22 17:03:28,Q3,167800000,112200000,55600000,0.331347,0.0,6600000.0,0.0,-400000.0,11399999.99999999,123599999.99999999,-3900000.0,6000000.000000002,42300000,0.252086,44200000,0.263409,-400000.0,40300000,0.240167,9200000.0,31000000,0.184744,0.66667,0.66667,46500000,46500000,https://www.sec.gov/Archives/edgar/data/1000229/000100022909000017/0001000229-09-000017-index.html,https://www.sec.gov/Archives/edgar/data/1000229/000100022909000017/clb-10q_3q2009.htm
0,2009-06-30,CLB,2009-07-24,2009-07-23 19:56:44,Q2,167300000,109000000,58300000,0.3484757919904363,0.0,6700000.0,0.0,-2800000.0,6599999.999999994,115600000,-3840000.0,5899999.999999999,49760000,0.29743,51700000,0.309026,-2800000.0,47800000,0.285714,17900000,29800000,0.178123,0.64224,0.64224,46400000,46400000,https://www.sec.gov/Archives/edgar/data/1000229/000100022909000012/0001000229-09-000012-index.htm,https://www.sec.gov/Archives/edgar/data/1000229/000100022909000012/clb-10q_2q2009.htm
0,2009-03-31,CLB,2009-04-24,2009-04-24 16:44:22,Q1,178900000,116000000,62900000,0.35159306875349355,0.0,9300000.0,0.0,-500000.0,16300000.00000001,132300000.00000001,-3800000.0,5700000.0,44700000,0.24986,46600000,0.260481,-500000.0,42800000,0.23924,13600000,29200000,0.16322,0.62931,0.62931,46400000,46400000,https://www.sec.gov/Archives/edgar/data/1000229/000100022909000008/0001000229-09-000008-index.htm,https://www.sec.gov/Archives/edgar/data/1000229/000100022909000005/clb-10k_2008.htm
0,2008-12-31,CLB,2009-02-20,2009-02-20 13:40:49,Q4,201200000,130200000,71000000,0.352882703777336,0.0,9300000.0,0.0,-700000.0,15700000.000000017,145900000.00000003,-408000.0,5699999.999999999,56192000,0.279284,55200000,0.274354,-700000.0,51000000,0.253479,15700000,35200000,0.17495,0.75699,0.75699,46500000,46500000,https://www.sec.gov/Archives/edgar/data/1000229/000100022909000005/0001000229-09-000005-index.htm,https://www.sec.gov/Archives/edgar/data/1000229/000100022909000005/clb-10k_2008.htm
0,2008-09-30,CLB,2008-10-27,2008-10-24 18:38:22,Q3,202500000,134200000,68300000,0.33728395061728395,0.0,6900000.0,0.0,-1100000.0,13200000.000000017,147400000.00000003,-303000.0,5600000.000000001,55697000,0.275047,55200000,0.272593,-1100000.0,50600000,0.249877,13600000,36800000,0.181728,0.76349,0.76349,48200000,48200000,https://www.sec.gov/Archives/edgar/data/1000229/000100022908000018/0001000229-08-000018-index.htm,https://www.sec.gov/Archives/edgar/data/1000229/000100022908000018/clb-10q_3q2008.htm
0,2008-06-30,CLB,2008-07-25,2008-07-25 14:58:29,Q2,197700000,130900000,66800000,0.33788568538189173,0.0,7200000.0,0.0,-500000.0,11699999.999999989,142600000,-5076000.0,5300000.0,47324000,0.239373,55100000,0.278705,-500000.0,47100000,0.23824,14700000,32400000,0.163885,0.66258,0.66258,48900000,48900000,https://www.sec.gov/Archives/edgar/data/1000229/000100022908000014/0001000229-08-000014-index.htm,https://www.sec.gov/Archives/edgar/data/1000229/000100022908000014/clb-10q_2q2008.htm
0,2008-03-31,CLB,2008-05-12,2008-05-09 18:00:25,Q1,179400000,119500000,59900000,0.3338907469342252,0.0,8300000.0,0.0,4200000.0,15599999.999999994,135100000,-644000.0,5200000.0,43956000,0.245017,44400000,0.247492,4200000.0,39600000,0.220736,12700000,26700000,0.148829,0.55625,0.55625,48000000,48000000,https://www.sec.gov/Archives/edgar/data/1000229/000100022908000010/0001000229-08-000010-index.htm,https://www.sec.gov/Archives/edgar/data/1000229/000100022908000005/clb-10k_2007.htm
0,2007-12-31,CLB,2008-02-22,2008-02-21 20:54:25,Q4,176400000,116000000,60400000,0.3424036281179138,0.0,9000000.0,0.0,-13000000,1099999.9999999944,117100000,-670000.0,5000000.0,62930000,0.356746,59300000,0.336168,-13000000,58600000,0.3322,23100000,35500000,0.201247,0.72301,0.72301,49100000,49100000,https://www.sec.gov/Archives/edgar/data/1000229/000100022908000005/0001000229-08-000005-index.htm,https://www.sec.gov/Archives/edgar/data/1000229/000100022908000005/clb-10k_2007.htm
0,2007-09-30,CLB,2007-10-26,2007-10-26 15:45:36,Q3,170100000,112500000,57600000,0.3386243386243386,0.0,7000000.0,0.0,-500000.0,11599999.999999994,124100000,-614000.0,5000000.0,49686000,0.292099,46000000,0.270429,-500000.0,45300000,0.266314,13800000,31500000,0.185185,0.64549,0.64549,48800000,48800000,https://www.sec.gov/Archives/edgar/data/1000229/000100022907000014/0001000229-07-000014-index.htm,https://www.sec.gov/Archives/edgar/data/1000229/000100022907000014/clb-10q_q307.htm
0,2007-06-30,CLB,2007-07-27,2007-07-27 13:37:43,Q2,168400000,113300000,55100000,0.32719714964370544,0.0,9700000.0,0.0,-400000.0,13200000.000000004,126500000,-635000.0,4900000.0,45565000,0.270576,41900000,0.248812,-400000.0,41300000,0.245249,12500000,28800000,0.171021,0.59016,0.59016,48800000,48800000,https://www.sec.gov/Archives/edgar/data/1000229/000100022907000012/0001000229-07-000012-index.htm,https://www.sec.gov/Archives/edgar/data/1000229/000100022907000012/clb-10q_q207.htm
0,2007-03-31,CLB,2007-04-26,2007-04-26 16:41:24,Q1,155700000,107200000,48500000,0.3114964675658317,0.0,8000000.0,0.0,-300000.0,11799999.999999996,119000000,-632000.0,4600000.0,40068000,0.257341,36700000,0.23571,-300000.0,36100000,0.231856,10800000,25300000,0.162492,0.52058,0.52058,48600000,48600000,https://www.sec.gov/Archives/edgar/data/1000229/000100022907000006/0001000229-07-000006-index.htm,https://www.sec.gov/Archives/edgar/data/1000229/000100022907000003/clb-10k_2006.htm
0,2006-12-31,CLB,2007-02-20,2007-02-20 09:47:53,Q4,152800000,106200000,46600000,0.30497382198952877,0.0,7600000.0,0.0,-2400000.0,9799999.999999996,116000000,-1020000.0,4600000.000000001,39380000,0.257723,36800000,0.240838,-2400000.0,35700000,0.233639,10600000,25200000,0.164921,0.49123,0.49123,51300000,51300000,https://www.sec.gov/Archives/edgar/data/1000229/000100022907000003/0001000229-07-000003-index.htm,https://www.sec.gov/Archives/edgar/data/1000229/000100022907000003/clb-10k_2006.htm
0,2006-09-30,CLB,2006-10-26,2006-10-26 16:20:13,Q3,145500000,100500000,45000000,0.30927835051546393,0.0,6300000.0,0.0,400000.0,11200000.000000004,111700000,-1930000.0,4500000.0,34470000,0.236907,33800000,0.232302,400000.0,31900000,0.219244,9500000.0,22400000,0.153952,0.41558,0.41558,53900000,53900000,https://www.sec.gov/Archives/edgar/data/1000229/000100022906000013/0001000229-06-000013-index.htm,https://www.sec.gov/Archives/edgar/data/1000229/000100022906000013/clb-10q_3q2006.htm
0,2006-06-30,CLB,2006-07-27,2006-07-27 17:24:13,Q2,140000000,100200000,39800000,0.2842857142857143,0.0,8700000.0,0.0,-300000.0,11200000.000000004,111400000,-1531000.0,4100000.0,29669000,0.211921,28600000,0.204286,-300000.0,27100000,0.193571,8100000.0,19000000,0.135714,0.34926,0.34926,54400000,54400000,https://www.sec.gov/Archives/edgar/data/1000229/000100022906000011/0001000229-06-000011-index.htm,https://www.sec.gov/Archives/edgar/data/1000229/000100022906000011/clb-10q_2q2006.htm
0,2006-03-31,CLB,2006-05-01,2006-05-01 16:43:46,Q1,137300000,100100000,37200000,0.27093954843408596,0.0,10500000,0.0,-900000.0,12800000.000000011,112900000.00000001,-1324000.0,4100000.0,25776000,0.187735,24400000,0.177713,-900000.0,23100000,0.168245,6900000.0,16100000,0.117261,0.29009,0.29009,55500000,55500000,https://www.sec.gov/Archives/edgar/data/1000229/000100022906000007/0001000229-06-000007-index.htm,https://www.sec.gov/Archives/edgar/data/1000229/000100022906000002/clb-10k_2005.htm
0,2005-12-31,CLB,2006-02-23,2006-02-23 17:09:26,Q4,128900000,92400000,36500000,0.28316524437548485,0.0,14000000,0.0,1900000.0,26000000,118400000,-2243000.0,4099999.999999998,9656999.999999998,0.074919,10600000,0.082234,1900000.0,8300000.0,0.064391,3100000.0,4700000.0,0.036462,0.08378,0.08378,56100000,56100000,https://www.sec.gov/Archives/edgar/data/1000229/000100022906000002/0001000229-06-000002-index.htm,https://www.sec.gov/Archives/edgar/data/1000229/000100022906000002/clb-10k_2005.htm
0,2005-09-30,CLB,2005-10-31,2005-10-28 17:42:23,Q3,120200000,92800000,27400000,0.22795341098169716,0.0,10900000,0.0,-1600000.0,13200000.000000004,106000000,-1923000.0,4000000.0,14277000,0.118777,14100000,0.117304,-1600000.0,12200000,0.101498,4700000.0,7500000.0,0.062396,0.13345,0.13345,56200000,56200000,https://www.sec.gov/Archives/edgar/data/1000229/000100022905000015/0001000229-05-000015-index.htm,https://www.sec.gov/Archives/edgar/data/1000229/000100022905000015/clb-10q_3q05.htm
0,2005-06-30,CLB,2005-08-03,2005-08-03 17:27:01,Q2,118400000,90500000,27900000,0.23564189189189189,0.0,7600000.0,0.0,-500000.0,11700000.000000004,102200000,-2075000.0,4600000.000000001,16525000,0.139569,16200000,0.136824,-500000.0,14100000,0.119088,3800000.0,10200000,0.086149,0.18312,0.18312,55700000,55700000,https://www.sec.gov/Archives/edgar/data/1000229/000100022905000014/0001000229-05-000014-index.htm,https://www.sec.gov/Archives/edgar/data/1000229/000100022905000014/clb-10q_2q.htm
0,2005-03-31,CLB,2005-05-04,2005-05-04 17:05:46,Q1,116000000,90100000,25900000,0.22327586206896552,0.0,7700000.0,0.0,500000.0,11800000.000000011,101900000.00000001,-2036000.0,3700000.0,13664000,0.117793,14000000,0.12069,500000.0,12000000,0.103448,3300000.0,8700000.0,0.075,0.15536,0.15536,56000000,56000000,https://www.sec.gov/Archives/edgar/data/1000229/000100022905000011/0001000229-05-000011-index.htm,https://www.sec.gov/Archives/edgar/data/1000229/000100022905000004/clb-10k_2004.htm
0,2004-12-31,CLB,2005-03-15,2005-03-15 16:36:56,Q4,116100000,91400000,24700000,0.2127476313522825,0.0,6400000.0,0.0,-1100000.0,9699999.999999989,101099999.99999999,23255000,4400000.000000002,39955000,0.344143,15000000,0.129199,-1100000.0,12800000,0.11025,3200000.0,9100000.0,0.078381,0.16078,0.16078,56600000,56600000,https://www.sec.gov/Archives/edgar/data/1000229/000100022905000004/0001000229-05-000004-index.htm,https://www.sec.gov/Archives/edgar/data/1000229/000100022905000004/clb-10k_2004.htm
0,2004-09-30,CLB,2004-11-05,2004-11-05 16:00:45,Q3,108800000,85600000,23200000,0.21323529411764705,0.0,6300000.0,0.0,-400000.0,9800000.000000011,95400000.00000001,-27490000,3899999.9999999986,-13190000.000000002,-0.121232,13400000,0.123162,-400000.0,11300000,0.10386,3100000.0,7300000.0,0.067096,0.12807,0.12807,57000000,57000000,https://www.sec.gov/Archives/edgar/data/1000229/000100022904000012/0001000229-04-000012-index.htm,https://www.sec.gov/Archives/edgar/data/1000229/000100022904000012/clb-10q_0904.htm
0,2004-06-30,CLB,2004-08-04,2004-08-04 17:30:45,Q2,102200000,79500000,22700000,0.22211350293542073,0.0,9200000.0,0.0,600000.0,14000000,93500000,-2003000.0,4300000.000000001,6697000.000000001,0.065528,8700000.0,0.085127,600000.0,6700000.0,0.065558,1900000.0,2500000.0,0.024462,0.04318,0.04318,57900000,57900000,https://www.sec.gov/Archives/edgar/data/1000229/000100022904000010/0001000229-04-000010-index.htm,https://www.sec.gov/Archives/edgar/data/1000229/000100022904000010/clb-2q_10q.htm
0,2004-03-31,CLB,2004-05-07,2004-05-07 17:09:04,Q1,100300000,79900000,20400000,0.2033898305084746,0.0,6200000.0,0.0,200000.0,11000000,90900000,-2037000.0,4500000.0,-2037000.0,-0.020309,9500000.0,0.094716,200000.0,7400000.0,0.073779,2000000.0,-6500000.0,-0.064806,-0.11168,-0.11168,58200000,58200000,https://www.sec.gov/Archives/edgar/data/1000229/000100022904000005/0001000229-04-000005-index.htm,https://www.sec.gov/Archives/edgar/data/1000229/000095012904001320/h12733e10vk.htm
0,2003-12-31,CLB,2004-03-15,2004-03-15 16:46:40,Q4,99200000,74900000,24300000,0.24495967741935484,0.0,6700000.0,0.0,-700000.0,12299999.999999996,87200000,-2191000.0,6400000.000000002,13809000.000000002,0.139204,12000000,0.120968,-700000.0,9800000.0,0.09879,2600000.0,7000000.0,0.070565,0.11864,0.11864,59000000,59000000,https://www.sec.gov/Archives/edgar/data/1000229/000095012904001320/0000950129-04-001320-index.htm,https://www.sec.gov/Archives/edgar/data/1000229/000095012904001320/h12733e10vk.htm
0,2003-09-30,CLB,2003-11-13,2003-11-13 16:57:45,Q3,97800000,75500000,22300000,0.2280163599182004,0.0,5600000.0,0.0,-200000.0,10099999.999999994,85600000,-2107000.0,4699999.999999999,11092999.999999998,0.113425,12200000,0.124744,-200000.0,10200000,0.104294,2600000.0,5900000.0,0.060327,0.09833,0.09833,60000000,60000000,https://www.sec.gov/Archives/edgar/data/1000229/000100022903000014/0001000229-03-000014-index.htm,https://www.sec.gov/Archives/edgar/data/1000229/000100022903000014/clb_10q-3q03.htm
0,2003-06-30,CLB,2003-08-08,2003-08-08 10:09:02,Q2,90700000,73700000,17000000,0.1874310915104741,0.0,5000000.0,0.0,-700000.0,8899999.99999999,82599999.99999999,-3404000.0,4600000.0,7496000.0,0.082646,8100000.0,0.089305,-700000.0,6300000.0,0.06946,1700000.0,4600000.0,0.050717,0.07256,0.07256,63400000,63400000,https://www.sec.gov/Archives/edgar/data/1000229/000100022903000012/0001000229-03-000012-index.htm,https://www.sec.gov/Archives/edgar/data/1000229/000100022903000012/clb_10q-2q03.htm
0,2003-03-31,CLB,2003-04-04 00:00:00,2003-04-04 17:29:30,Q1,85500000,71700000,13800000,0.161404,0.0,5600000.0,0.0,200000.0,10200000.000000004,81900000,-1600000.0,4400000.0,4600000.0,0.053801,3600000.0,0.042105,200000.0,2000000.0,0.023392,600000.0,1200000.0,0.014035,0.01846,0.01846,65000000,65000000,https://www.sec.gov/Archives/edgar/data/1000229/000095012903001885/0000950129-03-001885-index.html,https://www.sec.gov/Archives/edgar/data/1000229/000095012903001885/h04376e10vk.htm
0,2002-12-31,CLB,,,Q4,101600000,83800000,17700000,0.174213,0.0,5400000.0,0.0,0.0,10799999.999999996,94600000,-1800000.0,2100000.0000000014,5500000.000000002,0.054134,7000000.0,0.068898,0.0,5200000.0,0.051181,2200000.0,3000000.0,0.029528,0.04412,0.04412,68000000,68000000,,
0,2002-09-30,CLB,2002-11-13 00:00:00,2002-11-13 15:49:41,Q3,92400000,74900000,17600000,0.190476,0.0,4900000.0,0.0,100000.0,10299999.999999996,85200000,-1900000.0,5299999.999999999,8799999.999999998,0.095238,7300000.0,0.079004,100000.0,5400000.0,0.058442,2300000.0,3100000.0,0.03355,0.04634,0.04634,66900000,66900000,https://www.sec.gov/Archives/edgar/data/1000229/000100022902000016/0001000229-02-000016-index.html,https://www.sec.gov/Archives/edgar/data/1000229/000100022902000016/q30210q.txt
0,2002-06-30,CLB,2002-08-09 00:00:00,2002-08-09 17:22:39,Q2,86500000,71600000,14800000,0.171098,0.0,5100000.0,0.0,600000.0,10800000.000000011,82400000.00000001,-1900000.0,9900000.0,10200000,0.117919,4100000.0,0.047399,600000.0,2200000.0,0.025434,900000.0,1300000.0,0.015029,0.0192,0.0192,67700000,67700000,https://www.sec.gov/Archives/edgar/data/1000229/000100022902000014/0001000229-02-000014-index.html,https://www.sec.gov/Archives/edgar/data/1000229/000100022902000014/q210q.txt
0,2002-03-31,CLB,2002-05-15 00:00:00,2002-05-15 17:27:36,Q1,84300000,71000000,13300000,0.15777,0.0,4700000.0,0.0,1300000.0,10900000.000000006,81900000,-2000000.0,0.0,-18300000,-0.217082,2400000.0,0.02847,1300000.0,400000.0,0.004745,200000.0,-16500000,-0.19573,-0.24849,-0.24849,66400000,66400000,https://www.sec.gov/Archives/edgar/data/1000229/000100022902000010/0001000229-02-000010-index.html,https://www.sec.gov/Archives/edgar/data/1000229/000100022902000010/q10210q.txt
0,2001-12-31,CLB,2002-03-25 00:00:00,2002-03-25 00:00:00,Q4,96900000,79500000,17400000,0.179567,0.0,4100000.0,0.0,100000.0,18599999.999999993,98100000,-2000000.0,5700000.0,500000.0,0.00516,-1200000.0,-0.012384,100000.0,-3200000.0,-0.033024,-900000.0,-2300000.0,-0.023736,-0.03464,-0.03464,66400000,66400000,https://www.sec.gov/Archives/edgar/data/1000229/000100022902000002/0001000229-02-000002-index.html,https://www.sec.gov/Archives/edgar/data/1000229/000100022902000002/k1201.txt
0,2001-09-30,CLB,2001-11-14 00:00:00,2001-11-14 00:00:00,Q3,97100000,72400000,24700000,0.254377,0.0,4300000.0,0.0,-100000.0,10099999.999999994,82500000,-2000000.0,5899999.999999999,16499999.999999998,0.169928,14600000,0.15036,-100000.0,12600000,0.129763,3500000.0,9100000.0,0.093718,0.13462,0.13462,67600000,67600000,https://www.sec.gov/Archives/edgar/data/1000229/000100022901500017/0001000229-01-500017-index.html,https://www.sec.gov/Archives/edgar/data/1000229/000100022901500017/q310q.txt
0,2001-06-30,CLB,2001-08-14 00:00:00,2001-08-14 00:00:00,Q2,91300000,69900000,21400000,0.234392,0.0,4000000.0,0.0,-1000000.0,8599999.999999994,78500000,-1900000.0,5600000.0,14500000,0.158817,12800000,0.140197,-1000000.0,10800000,0.118291,3000000.0,7800000.0,0.085433,0.11404,0.11404,68400000,68400000,https://www.sec.gov/Archives/edgar/data/1000229/000100022901500015/0001000229-01-500015-index.html,https://www.sec.gov/Archives/edgar/data/1000229/000100022901500015/qjune01.txt
0,2001-03-31,CLB,2001-05-14 00:00:00,2001-05-14 00:00:00,Q1,91300000,71500000,19800000,0.216867,0.0,3600000.0,0.0,400000.0,9400000.000000006,80900000,-2000000.0,5400000.0,11900000,0.13034,10500000,0.115005,400000.0,8500000.0,0.0931,2400000.0,6100000.0,0.066813,0.08984,0.08984,67900000,67900000,https://www.sec.gov/Archives/edgar/data/1000229/000100022901500008/0001000229-01-500008-index.html,https://www.sec.gov/Archives/edgar/data/1000229/000100022901500008/q33101.txt
0,2000-12-31,CLB,2001-03-15 00:00:00,2001-03-15 00:00:00,Q4,99400000,80200000,19300000,0.194165,0.0,3400000.0,0.0,-300000.0,8200000.000000003,88400000,-2100000.0,4999999.999999998,11799999.999999998,0.118712,11100000,0.11167,-300000.0,8900000.0,0.089537,3200000.0,5700000.0,0.057344,0.08407,0.08407,67800000,67800000,https://www.sec.gov/Archives/edgar/data/1000229/000100022901500004/0001000229-01-500004-index.html,https://www.sec.gov/Archives/edgar/data/1000229/000100022901500004/edgar10k.txt
0,2000-09-30,CLB,2000-11-13 00:00:00,2000-11-13 00:00:00,Q3,88500000,70300000,18200000,0.20565,0.0,3400000.0,0.0,-400000.0,7900000.000000006,78200000,-2100000.0,4900000.0,11000000,0.124294,10300000,0.116384,-400000.0,8200000.0,0.092655,2400000.0,5800000.0,0.065537,0.08605,0.08605,67400000,67400000,https://www.sec.gov/Archives/edgar/data/1000229/000100022900000003/0001000229-00-000003-index.html,https://www.sec.gov/Archives/edgar/data/1000229/000100022900000003/0001000229-00-000003-0001.txt
0,2000-06-30,CLB,2000-08-14 00:00:00,2000-08-14 00:00:00,Q2,80200000,64800000,15500000,0.193267,0.0,3400000.0,0.0,100000.0,8100000.000000009,72900000.00000001,-2000000.0,4600000.000000001,7900000.000000001,0.098504,7300000.0,0.091022,100000.0,5300000.0,0.066085,1500000.0,3800000.0,0.047382,0.05655,0.05655,67200000,67200000,https://www.sec.gov/Archives/edgar/data/1000229/000095012900004197/0000950129-00-004197-index.html,https://www.sec.gov/Archives/edgar/data/1000229/000095012900004197/e10-q.txt
0,2000-03-31,CLB,2000-05-15 00:00:00,2000-05-15 00:00:00,Q1,72800000,59600000,13200000,0.181319,0.0,3300000.0,0.0,-600000.0,7499999.999999993,67099999.99999999,-2100000.0,4800000.0,6400000.0,0.087912,5700000.0,0.078297,-600000.0,3700000.0,0.050824,1200000.0,2500000.0,0.034341,0.03759,0.03759,66500000,66500000,https://www.sec.gov/Archives/edgar/data/1000229/000095012900002483/0000950129-00-002483-index.html,https://www.sec.gov/Archives/edgar/data/1000229/0000950129-00-002483.txt
0,1999-12-31,CLB,,,Q4,85400000,65800000,19600000,0.229508,0.0,3600000.0,0.0,-1300000.0,13700000.000000004,79500000,-2000000.0,4800000.0,6700000.0,0.078454,5900000.0,0.069087,-1300000.0,3900000.0,0.045667,1300000.0,2600000.0,0.030445,0.04207,0.04207,61800000,61800000,,
0,1999-09-30,CLB,1999-11-15 00:00:00,1999-11-15 00:00:00,Q3,80900000,62600000,18400000,0.227441,0.0,3000000.0,0.0,400000.0,8600000.000000002,71200000,-2300000.0,5299999.999999999,10499999.999999998,0.12979,9800000.0,0.121137,400000.0,7400000.0,0.091471,2400000.0,5100000.0,0.063041,0.08095,0.08095,63000000,63000000,https://www.sec.gov/Archives/edgar/data/1000229/000095012999005072/0000950129-99-005072-index.html,https://www.sec.gov/Archives/edgar/data/1000229/0000950129-99-005072.txt
0,1999-06-30,CLB,1999-08-16 00:00:00,1999-08-16 00:00:00,Q2,77700000,65400000,12300000,0.158301,0.0,3000000.0,0.0,-1000000.0,7000000.0,72400000,-2000000.0,5300000.000000001,6600000.000000001,0.084942,5300000.0,0.068211,-1000000.0,3400000.0,0.043758,1100000.0,2200000.0,0.028314,0.03543,0.03543,62100000,62100000,https://www.sec.gov/Archives/edgar/data/1000229/000095012999003760/0000950129-99-003760-index.html,https://www.sec.gov/Archives/edgar/data/1000229/0000950129-99-003760.txt
0,1999-03-31,CLB,1999-05-17 00:00:00,1999-05-17 00:00:00,Q1,69500000,60000000,9600000.0,0.138129,0.0,2700000.0,0.0,-300000.0,18099999.999999993,78100000,-1800000.0,4700000.0,-7400000.0,-0.106475,-8500000.0,-0.122302,-300000.0,-10300000,-0.148201,-3400000.0,-6900000.0,-0.099281,-0.11443,-0.11443,60300000,60300000,https://www.sec.gov/Archives/edgar/data/1000229/000095012999002251/0000950129-99-002251-index.html,https://www.sec.gov/Archives/edgar/data/1000229/0000950129-99-002251.txt
0,1998-12-31,CLB,,,Q4,79600000,64900000,14700000,0.184673,0.0,2300000.0,0.0,600000.0,8099999.999999994,73000000,-1600000.0,6799999.999999999,10099999.999999998,0.126884,6600000.0,0.082915,600000.0,4900000.0,0.061558,1500000.0,3400000.0,0.042714,0.0562,0.0562,60500000,60500000,,
0,1998-09-30,CLB,1998-11-16 00:00:00,1998-11-16 00:00:00,Q3,80400000,58900000,21500000,0.267413,0.0,2300000.0,0.0,200000.0,7399999.999999999,66300000,-1800000.0,5699999.999999999,16199999.999999998,0.201493,14100000,0.175373,200000.0,12300000,0.152985,3700000.0,8600000.0,0.106965,0.14503,0.14503,59300000,59300000,https://www.sec.gov/Archives/edgar/data/1000229/000095012998004708/0000950129-98-004708-index.html,https://www.sec.gov/Archives/edgar/data/1000229/0000950129-98-004708.txt
0,1998-06-30,CLB,1998-08-14 00:00:00,1998-08-14 00:00:00,Q2,76100000,59600000,16600000,0.218134,0.0,2000000.0,0.0,300000.0,6499999.999999993,66099999.99999999,-1600000.0,3500000.0000000005,7000000.0,0.091984,10000000,0.131406,300000.0,8500000.0,0.111695,2500000.0,2600000.0,0.034166,0.04702,0.04702,55300000,55300000,https://www.sec.gov/Archives/edgar/data/1000229/000095012998003493/0000950129-98-003493-index.html,https://www.sec.gov/Archives/edgar/data/1000229/0000950129-98-003493.txt
0,1998-03-31,CLB,1998-05-08 00:00:00,1998-05-08 00:00:00,Q1,62500000,50500000,11900000,0.1904,0.0,1900000.0,0.0,0.0,5299999.999999997,55800000,-1400000.0,3400000.0,7100000.0,0.1136,6700000.0,0.1072,0.0,5300000.0,0.0848,1600000.0,3500000.0,0.056,0.06604,0.06604,53000000,53000000,https://www.sec.gov/Archives/edgar/data/1000229/000095012998001972/0000950129-98-001972-index.html,https://www.sec.gov/Archives/edgar/data/1000229/0000950129-98-001972.txt
0,1997-12-31,CLB,1998-03-31 00:00:00,1998-03-31 00:00:00,Q4,72000000,56800000,15200000,0.211111,0.0,1600000.0,0.0,-900000.0,4400000.000000006,61200000.00000001,-2300000.0,4200000.0,10500000,0.145833,10800000,0.15,-900000.0,8500000.0,0.118056,2600000.0,6000000.0,0.083333,0.12371,0.12371,48500000,48500000,https://www.sec.gov/Archives/edgar/data/1000229/000089056698000544/0000890566-98-000544-index.html,https://www.sec.gov/Archives/edgar/data/1000229/0000890566-98-000544.txt
0,1997-09-30,CLB,1997-10-31 00:00:00,1997-10-31 00:00:00,Q3,60900000,47400000,13500000,0.221675,0.0,1900000.0,0.0,-200000.0,4800000.000000004,52200000.00000001,-2400000.0,3300000.0,7200000.0,0.118227,8700000.0,0.142857,-200000.0,6300000.0,0.103448,1900000.0,4400000.0,0.07225,0.098,0.098,44900000,44900000,https://www.sec.gov/Archives/edgar/data/1000229/000089056697002293/0000890566-97-002293-index.html,https://www.sec.gov/Archives/edgar/data/1000229/0000890566-97-002293.txt
0,1997-06-30,CLB,1997-08-14 00:00:00,1997-08-14 00:00:00,Q2,51000000,40400000,10600000,0.207843,0.0,1400000.0,0.0,0.0,3899999.9999999986,44300000,-1500000.0,2500000.0,5900000.0,0.115686,6700000.0,0.131373,0.0,5300000.0,0.103922,1500000.0,3400000.0,0.066667,0.07675,0.07675,44300000,44300000,https://www.sec.gov/Archives/edgar/data/1000229/000089056697001907/0000890566-97-001907-index.html,https://www.sec.gov/Archives/edgar/data/1000229/0000890566-97-001907.txt
0,1997-03-31,CLB,1997-05-15 00:00:00,1997-05-15 00:00:00,Q1,26300000,20800000,5500000.0,0.209125,0.0,1000000.0,0.0,0.0,2500000.0,23300000,-300000.0,1500000.0,4100000.0,0.155894,3000000.0,0.114068,0.0,2700000.0,0.102662,800000.0,2100000.0,0.079848,0.04773,0.04773,44000000,44000000,https://www.sec.gov/Archives/edgar/data/1000229/000089056697001206/0000890566-97-001206-index.html,https://www.sec.gov/Archives/edgar/data/1000229/0000890566-97-001206.txt
0,1996-12-31,CLB,1997-03-27 00:00:00,1997-03-27 00:00:00,Q4,28500000,22900000,5600000.0,0.196491,0.0,800000.0,0.0,-200000.0,2200000.000000003,25100000.000000004,-300000.0,1099999.9999999995,3899999.9999999995,0.136842,3400000.0,0.119298,-200000.0,3100000.0,0.108772,1000000.0,2100000.0,0.073684,0.04895,0.04895,42900000,42900000,https://www.sec.gov/Archives/edgar/data/1000229/000089056697000541/0000890566-97-000541-index.html,https://www.sec.gov/Archives/edgar/data/1000229/0000890566-97-000541.txt
0,1996-09-30,CLB,1996-11-12 00:00:00,1996-11-12 00:00:00,Q3,25500000,20300000,5200000.0,0.203922,0.0,800000.0,0.0,-300000.0,1599999.999999998,21899999.999999996,-400000.0,1500000.0,4200000.0,0.164706,3500000.0,0.137255,-300000.0,3200000.0,0.12549,1000000.0,2100000.0,0.082353,0.04907,0.04907,42800000,42800000,https://www.sec.gov/Archives/edgar/data/1000229/000089056696001811/0000890566-96-001811-index.html,https://www.sec.gov/Archives/edgar/data/1000229/0000890566-96-001811.txt
0,1996-06-30,CLB,1996-08-12 00:00:00,1996-08-12 00:00:00,Q2,25900000,20800000,5200000.0,0.200772,0.0,900000.0,0.0,0.0,2000000.0,22800000,-300000.0,899999.9999999999,3400000.0,0.131274,3200000.0,0.123552,0.0,2800000.0,0.108108,900000.0,1900000.0,0.073359,0.0445,0.0445,42700000,42700000,https://www.sec.gov/Archives/edgar/data/1000229/000089056696001053/0000890566-96-001053-index.html,https://www.sec.gov/Archives/edgar/data/1000229/0000890566-96-001053.txt
