,date,symbol,fillingDate,acceptedDate,period,revenue,costOfRevenue,grossProfit,grossProfitRatio,researchAndDevelopmentExpenses,generalAndAdministrativeExpenses,sellingAndMarketingExpenses,otherExpenses,operatingExpenses,costAndExpenses,interestExpense,depreciationAndAmortization,ebitda,ebitdaratio,operatingIncome,operatingIncomeRatio,totalOtherIncomeExpensesNet,incomeBeforeTax,incomeBeforeTaxRatio,incomeTaxExpense,netIncome,netIncomeRatio,eps,epsdiluted,weightedAverageShsOut,weightedAverageShsOutDil,link,finalLink
0,2020-09-30,ARLP,2020-11-05,2020-11-05 14:19:33,Q3,355651000,86408000,269243000,0.7570427188451601,0.0,13871000,0.0,-723000.0,216027000,316306000,11186000,0.0,38714000,0.10885390453000272,39345000,0.07740172247512309,-661000.0,27528000,0.07740172247512309,293000.0,27199000,0.07647665829703838,0.21,0.21,127195219,127195219,https://www.sec.gov/Archives/edgar/data/1086600/000155837020012802/0001558370-20-012802-index.htm,https://www.sec.gov/Archives/edgar/data/1086600/000155837020012802/arlp-20200930x10q.htm
0,2020-06-30,ARLP,2020-08-06,2020-08-06 11:40:49,Q2,255202000,89316000,165886000,0.6500184167835675,0.0,13822000,0.0,-377000.0,187164000,290302000,11446000,0.0,-35310000,-0.13836098463178187,-35100000,-0.18321173031559312,-240000.0,-46756000,-0.18321173031559312,-77000.0,-46664000,-0.18285123157342026,-0.37,-0.37,127195219,127195219,https://www.sec.gov/Archives/edgar/data/1086600/000155837020009561/0001558370-20-009561-index.htm,https://www.sec.gov/Archives/edgar/data/1086600/000155837020009561/arlp-20200630x10q.htm
0,2020-03-31,ARLP,2020-05-08,2020-05-08 12:48:55,Q1,350763000,78660000,272103000,0.7757460165410833,0.0,13438000,0.0,-356000.0,234342000,326440000,12279000,0.0,24470000,0.06976220410932737,24323000,-0.4128485615643611,-156908000,-144812000,-0.4128485615643611,-105000.0,-144783000,-0.4127658846571617,-1.14,-1.14,127072308,127072308,https://www.sec.gov/Archives/edgar/data/1086600/000155837020005928/0001558370-20-005928-index.htm,https://www.sec.gov/Archives/edgar/data/1086600/000155837020001103/arlp-20191231x10kbc62ed.htm
0,2019-12-31,ARLP,2020-02-20,2020-02-20 17:25:36,Q4,453338000,112733000,340605000,0.7513268245768058,0.0,17779000,0.0,931000.0,286845000,417357000,12044000,0.0,37640000,0.08302855705897146,35981000,0.056461183487817035,1601000.0,25596000,0.056461183487817035,-341000.0,25832000,0.05698176636416978,0.2,0.2,127538211,127538211,https://www.sec.gov/Archives/edgar/data/1086600/000155837020001103/0001558370-20-001103-index.htm,https://www.sec.gov/Archives/edgar/data/1086600/000155837020001103/arlp-20191231x10kbc62ed.htm
0,2019-09-30,ARLP,2019-11-05,2019-11-05 12:34:33,Q3,464726000,102971000,361755000,0.7784264276154121,0.0,17885000,0.0,-228000.0,278254000,399110000,11698000,0.0,66139000,0.14231826925973584,65616000,0.08446052082302259,-14759000,39251000,0.08446052082302259,50000.0,39084000,0.0841011692911522,0.3,0.3,128391191,128391191,https://www.sec.gov/Archives/edgar/data/1086600/000155837019009920/0001558370-19-009920-index.htm,https://www.sec.gov/Archives/edgar/data/1086600/000155837019009920/arlp-20190930x10qa06720.htm
0,2019-06-30,ARLP,2019-08-05,2019-08-05 10:46:44,Q2,517054000,114854000,402200000,0.7778684624816751,0.0,19521000,0.0,-13000.0,314273000,448648000,10711000,0.0,69081000,0.13360500063823122,68406000,0.11288956279228088,537000.0,58370000,0.11288956279228088,186000.0,58070000,0.1123093526014691,0.44,0.44,128391191,128391191,https://www.sec.gov/Archives/edgar/data/1086600/000155837019007028/0001558370-19-007028-index.htm,https://www.sec.gov/Archives/edgar/data/1086600/000155837019007028/arlp-20190630x10q.htm
0,2019-03-31,ARLP,2019-05-06,2019-05-06 11:19:08,Q1,526602000,101377000,425225000,0.8074883878147063,0.0,17812000,0.0,-129000.0,302728000,421917000,11422000,0.0,104971000,0.19933650081085905,104685000,0.5383534433974805,190144000,283498000,0.5383534433974805,-106000.0,276428000,0.5249277442926537,2.12,2.12,128149791,128149791,https://www.sec.gov/Archives/edgar/data/1086600/000155837019004036/0001558370-19-004036-index.htm,https://www.sec.gov/Archives/edgar/data/1086600/000155837019000892/arlp-20181231x10k.htm
0,2018-12-31,ARLP,2019-02-22,2019-02-22 12:19:06,Q4,531840000,112426000,419414000,0.7886093561973526,0.0,18785000,0.0,-420000.0,310870000,442081000,9565000.0,0.0,97011000,0.1824063628158845,89759000,0.0960664861612515,-29140000,51092000,0.0960664861612515,24000.0,50773000,0.0954666817087846,0.38,0.38,129771010,129771010,https://www.sec.gov/Archives/edgar/data/1086600/000155837019000892/0001558370-19-000892-index.htm,https://www.sec.gov/Archives/edgar/data/1086600/000155837019000892/arlp-20181231x10k.htm
0,2018-09-30,ARLP,2018-11-05,2018-11-05 14:50:04,Q3,497758000,98893000,398865000,0.8013231329280494,0.0,15836000,0.0,-812000.0,308404000,423133000,9840000.0,0.0,79825000,0.160369095022079,74625000,0.1486143869109085,9157000.0,73974000,0.1486143869109085,5000.0,73733000,0.14813021588804198,0.55,0.55,131169538,131169538,https://www.sec.gov/Archives/edgar/data/1086600/000155837018008462/0001558370-18-008462-index.htm,https://www.sec.gov/Archives/edgar/data/1086600/000155837018008462/arlp-20180930x10q.htm
0,2018-06-30,ARLP,2018-08-06,2018-08-06 12:21:49,Q2,516137000,99750000,416387000,0.8067373584920283,0.0,17026000,0.0,-542000.0,311201000,427977000,9955000.0,0.0,92481000,0.1791791714215412,88160000,0.16735866640058744,8151000.0,86380000,0.16735866640058744,3000.0,86190000,0.1669905470834294,0.64,0.64,131279910,131279910,https://www.sec.gov/Archives/edgar/data/1086600/000155837018006407/0001558370-18-006407-index.htm,https://www.sec.gov/Archives/edgar/data/1086600/000155837018006407/arlp-20180630x10q.htm
0,2018-03-31,ARLP,2018-05-07,2018-05-07 14:59:15,Q1,457122000,83007000,374115000,0.8184139026343077,0.0,16651000,0.0,-847000.0,277238000,376896000,10858000,0.0,83180000,0.18196455213269105,80226000,0.34136619983286737,86613000,156046000,0.34136619983286737,-10000.0,155908000,0.34106431105919205,1.16,1.16,130819217,130819217,https://www.sec.gov/Archives/edgar/data/1086600/000155837018004126/0001558370-18-004126-index.htm,https://www.sec.gov/Archives/edgar/data/1086600/000155837018000985/arlp-20171231x10k.htm
0,2017-12-31,ARLP,2018-02-23,2018-02-23 07:15:20,Q4,483231000,91639000,391592000,0.8103619180060881,0.0,15778000,0.0,519000.0,298322000,405739000,10481000,0.0,81469000,0.16859224677224763,77492000,0.1543485413808303,7563000.0,74586000,0.1543485413808303,213000.0,74235000,0.15362218069618877,0.55,0.55,130704217,130704217,https://www.sec.gov/Archives/edgar/data/1086600/000155837018000985/0001558370-18-000985-index.htm,https://www.sec.gov/Archives/edgar/data/1086600/000155837018000985/arlp-20171231x10k.htm
0,2017-09-30,ARLP,2017-11-06,2017-11-06 15:13:51,Q3,453189000,77971000,375218000,0.8279503694926399,0.0,15005000,0.0,774000.0,295385000,388361000,10773000,0.0,69404000,0.15314581774932753,64828000,0.1355527164163296,7372000.0,61431000,0.1355527164163296,5000.0,61271000,0.1351996628338287,0.52,0.52,114237979,114237979,https://www.sec.gov/Archives/edgar/data/1086600/000155837017008216/0001558370-17-008216-index.htm,https://www.sec.gov/Archives/edgar/data/1086600/000155837017008216/arlp-20170930x10q.htm
0,2017-06-30,ARLP,2017-08-04,2017-08-04 14:52:35,Q2,398720000,66348000,332372000,0.8335975120385233,0.0,14944000,0.0,389000.0,238668000,319960000,10615000,0.0,82119000,0.20595656099518458,78760000,0.15889847512038524,-4843000.0,63356000,0.15889847512038524,4000.0,63230000,0.15858246388443017,0.82,0.82,74597036,74597036,https://www.sec.gov/Archives/edgar/data/1086600/000155837017005951/0001558370-17-005951-index.htm,https://www.sec.gov/Archives/edgar/data/1086600/000155837017005951/arlp-20170630x10q.htm
0,2017-03-31,ARLP,2017-05-08,2017-05-08 10:33:15,Q1,461080000,74723000,386357000,0.83793918625835,0.0,16033000,0.0,1298000.0,262792000,353548000,7516000.0,0.0,112554000,0.24410948208553832,107532000,0.22780862323241086,4998000.0,105038000,0.22780862323241086,-12000.0,104902000,0.227513663572482,1.1,1.1,74503298,74503298,https://www.sec.gov/Archives/edgar/data/1086600/000155837017003736/0001558370-17-003736-index.htm,https://www.sec.gov/Archives/edgar/data/1086600/000155837017000983/arlp-20161231x10k.htm
0,2016-12-31,ARLP,2017-02-24,2017-02-24 14:05:45,Q4,527400000,92248000,435152000,0.8250891164201745,0.0,19514000,0.0,180000.0,291335000,403097000,7283000.0,0.0,126987000,0.24077929465301479,124303000,0.226970041714069,2682000.0,119704000,0.226970041714069,9000.0,119595000,0.22676336746302617,1.3,1.3,74375025,74375025,https://www.sec.gov/Archives/edgar/data/1086600/000155837017000983/0001558370-17-000983-index.htm,https://www.sec.gov/Archives/edgar/data/1086600/000155837017000983/arlp-20161231x10k.htm
0,2016-09-30,ARLP,2016-11-08,2016-11-08 12:13:48,Q3,552074000,89818000,462256000,0.8373080420378427,0.0,18114000,0.0,293000.0,347711000,455643000,8001000.0,0.0,97832000,0.17720812789589802,96431000,0.16271550553005576,1398000.0,89831000,0.16271550553005576,7000.0,89780000,0.16262312660983855,0.91,0.91,74375025,74375025,https://www.sec.gov/Archives/edgar/data/1086600/000155837016009635/0001558370-16-009635-index.htm,https://www.sec.gov/Archives/edgar/data/1086600/000155837016009635/arlp-20160930x10q.htm
0,2016-06-30,ARLP,2016-08-05,2016-08-05 12:29:13,Q2,439150000,84627000,354523000,0.8072936354320847,0.0,17663000,0.0,161000.0,246499000,348789000,7770000.0,0.0,90487000,0.206050324490493,90361000,0.18835705339861095,124000.0,82717000,0.18835705339861095,6000.0,82713000,0.18834794489354434,0.82,0.82,74375025,74375025,https://www.sec.gov/Archives/edgar/data/1086600/000110465916137455/0001104659-16-137455-index.htm,https://www.sec.gov/Archives/edgar/data/1086600/000110465916137455/a16-11611_110q.htm
0,2016-03-31,ARLP,2016-05-10,2016-05-10 11:06:26,Q1,412829000,87441000,325388000,0.788190752103171,0.0,17238000,0.0,91000.0,253303000,357982000,7615000.0,0.0,54914000,0.13301875594980003,54847000,0.11457286188712518,64000.0,47299000,0.11457286188712518,-9000.0,47310000,0.11459950730205484,0.36,0.36,74291114,74291114,https://www.sec.gov/Archives/edgar/data/1086600/000110465916119582/0001104659-16-119582-index.htm,https://www.sec.gov/Archives/edgar/data/1086600/000110465916100435/a15-23386_110k.htm
0,2015-12-31,ARLP,2016-02-26,2016-02-26 14:31:26,Q4,542152000,100258000,441894000,0.8150740013870649,0.0,15148000,0.0,205000.0,331099000,446505000,7527000.0,0.0,95893000,0.17687475099234162,95647000,0.039618040697073885,-66679000,21479000,0.039618040697073885,4000.0,21475000,0.03961066269238147,-0.19,-0.19,74188784,74188784,https://www.sec.gov/Archives/edgar/data/1086600/000110465916100435/0001104659-16-100435-index.htm,https://www.sec.gov/Archives/edgar/data/1086600/000110465916100435/a15-23386_110k.htm
0,2015-09-30,ARLP,2015-11-06,2015-11-06 15:36:23,Q3,566445000,94058000,472387000,0.8339503393974702,0.0,17948000,0.0,455000.0,336527000,448533000,7352000.0,0.0,101431000,0.17906592873094476,117912000,0.14720581874674504,-27461000,83384000,0.14720581874674504,12000.0,83379000,0.1471969917644255,0.61,0.61,74188784,74188784,https://www.sec.gov/Archives/edgar/data/1086600/000110465915076681/0001104659-15-076681-index.htm,https://www.sec.gov/Archives/edgar/data/1086600/000110465915076681/a15-17841_110q.htm
0,2015-06-30,ARLP,2015-08-06,2015-08-06 12:01:49,Q2,604720000,87583000,517137000,0.8551676809101733,0.0,17542000,0.0,177000.0,375065000,480190000,8306000.0,0.0,103170000,0.17060788464082552,124530000,0.15687260219605767,-21965000,94864000,0.15687260219605767,7000.0,94864000,0.15687260219605767,0.76,0.76,74188784,74188784,https://www.sec.gov/Archives/edgar/data/1086600/000110465915056952/0001104659-15-056952-index.htm,https://www.sec.gov/Archives/edgar/data/1086600/000110465915056952/a15-11912_110q.htm
0,2015-03-31,ARLP,2015-05-08,2015-05-08 12:40:00,Q1,560416000,85738000,474678000,0.8470100782276023,0.0,16846000,0.0,118000.0,334362000,436946000,7968000.0,0.0,114433000,0.20419295666076628,123470000,0.1899749471820933,-9568000.0,106465000,0.1899749471820933,-2000.0,106480000,0.19000171301319022,0.92,0.92,74130405,74130405,https://www.sec.gov/Archives/edgar/data/1086600/000110465915036086/0001104659-15-036086-index.htm,https://www.sec.gov/Archives/edgar/data/1086600/000110465915014977/a14-25717_110k.htm
0,2014-12-31,ARLP,2015-02-27,2015-02-27 12:48:52,Q4,590793000,79239000,511554000,0.8658768807348767,0.0,18351000,0.0,388000.0,359055000,456645000,8189000.0,0.0,131867000,0.22320338934279857,134148000,0.2093423584910451,-2714000.0,123678000,0.2093423584910451,0.0,123694000,0.20936944073474126,1.18,1.18,74060634,74060634,https://www.sec.gov/Archives/edgar/data/1086600/000110465915014977/0001104659-15-014977-index.htm,https://www.sec.gov/Archives/edgar/data/1086600/000110465915014977/a14-25717_110k.htm
0,2014-09-30,ARLP,2014-11-07,2014-11-07 10:59:44,Q3,569328000,75650000,493678000,0.8671240480004496,0.0,16995000,0.0,549000.0,349170000,441815000,8584000.0,0.0,128562000,0.22581359075963242,127513000,0.21073616614675547,617000.0,119978000,0.21073616614675547,0.0,119978000,0.21073616614675547,1.13,1.13,74060634,74060634,https://www.sec.gov/Archives/edgar/data/1086600/000110465914078145/0001104659-14-078145-index.htm,https://www.sec.gov/Archives/edgar/data/1086600/000110465914078145/a14-19722_110q.htm
0,2014-06-30,ARLP,2014-08-08,2014-08-08 14:24:40,Q2,598562000,72864000,525698000,0.878268249571473,0.0,19771000,0.0,323000.0,352893000,445528000,8748000.0,0.0,146401000,0.24458786224317614,153034000,0.22997283489429665,-7050000.0,137653000,0.22997283489429665,0.0,137653000,0.22997283489429665,1.37,1.37,74060634,74060634,https://www.sec.gov/Archives/edgar/data/1086600/000110465914058843/0001104659-14-058843-index.htm,https://www.sec.gov/Archives/edgar/data/1086600/000110465914058843/a14-13990_110q.htm
0,2014-03-31,ARLP,2014-05-09,2014-05-09 11:18:41,Q1,542038000,72848000,469190000,0.8656035185724986,0.0,17435000,0.0,306000.0,322242000,412525000,8063000.0,0.0,123967000,0.22870536752035836,129513000,0.21383002667709644,-5935000.0,115904000,0.21383002667709644,0.0,115904000,0.21383002667709644,1.1,1.1,73994866,73994866,https://www.sec.gov/Archives/edgar/data/1086600/000110465914036894/0001104659-14-036894-index.htm,https://www.sec.gov/Archives/edgar/data/1086600/000110465914014605/a13-25091_110k.htm
0,2013-12-31,ARLP,2014-02-28,2014-02-28 11:20:22,Q4,566706000,75408000,491298000,0.866936295010111,0.0,16961000,0.0,892000.0,356706000,449075000,8040000.0,0.0,110036000,0.19416769894795538,117631000,0.17998044841593347,-7993000.0,101996000,0.17998044841593347,2703000.0,99293000,0.1752107794870709,0.925,0.925,73926108,73926108,https://www.sec.gov/Archives/edgar/data/1086600/000110465914014605/0001104659-14-014605-index.htm,https://www.sec.gov/Archives/edgar/data/1086600/000110465914014605/a13-25091_110k.htm
0,2013-09-30,ARLP,2013-11-07,2013-11-07 13:10:03,Q3,537229000,78289000,458940000,0.8542725727762276,0.0,14893000,0.0,372000.0,346045000,439227000,6168000.0,0.0,92636000,0.17243298481653074,98002000,0.16095184735001275,-5618000.0,86468000,0.16095184735001275,-718000.0,87186000,0.16228833514199717,0.75,0.75,73926108,73926108,https://www.sec.gov/Archives/edgar/data/1086600/000110465913082130/0001104659-13-082130-index.htm,https://www.sec.gov/Archives/edgar/data/1086600/000110465913082130/a13-19546_110q.htm
0,2013-06-30,ARLP,2013-08-08,2013-08-08 12:50:26,Q2,553571000,73968000,479603000,0.8663802836492519,0.0,16597000,0.0,353000.0,347437000,438002000,6218000.0,0.0,110401000,0.19943421891681465,115569000,0.18820169409163415,-5346000.0,104183000,0.18820169409163415,109000.0,104074000,0.18800479071338635,0.98,0.98,73926108,73926108,https://www.sec.gov/Archives/edgar/data/1086600/000110465913061560/0001104659-13-061560-index.htm,https://www.sec.gov/Archives/edgar/data/1086600/000110465913061560/a13-13637_110q.htm
0,2013-03-31,ARLP,2013-05-09,2013-05-09 10:47:29,Q1,548055000,71918000,476137000,0.868775944020217,0.0,15246000,0.0,274000.0,348575000,435739000,6618000.0,0.0,108857000,0.19862422567078122,112316000,0.18654879528514473,-3593000.0,102239000,0.18654879528514473,-698000.0,102937000,0.187822390088586,0.975,0.975,73838004,73838004,https://www.sec.gov/Archives/edgar/data/1086600/000110465913039345/0001104659-13-039345-index.htm,https://www.sec.gov/Archives/edgar/data/1086600/000104746913002040/a2213192z10-k.htm
0,2012-12-31,ARLP,2013-03-01,2013-03-01 13:08:38,Q4,549410000,-720453000,1269863000,2.3113212355071804,0.0,14798000,0.0,262000.0,356485000,442713000,7058000.0,0.0,106193000,0.19328552447170602,106697000,0.17524617316757976,-3348000.0,96282000,0.17524617316757976,-356000.0,-10199000,-0.018563549989989263,0.935,0.935,73749898,73749898,https://www.sec.gov/Archives/edgar/data/1086600/000104746913002040/0001047469-13-002040-index.htm,https://www.sec.gov/Archives/edgar/data/1086600/000104746913002040/a2213192z10-k.htm
0,2012-09-30,ARLP,2012-11-08,2012-11-08 11:23:42,Q3,511441000,348693000,162748000,0.31821461322029326,0.0,13598000,0.0,0.0,19031000,422072000,7446000.0,0.0,146412000,0.28627349000177926,89369000,0.11811333076542553,-21609000,60408000,0.11811333076542553,-102000.0,60510000,0.1183127672595666,0.445,0.445,73749898,73749898,https://www.sec.gov/Archives/edgar/data/1086600/000110465912075780/0001104659-12-075780-index.htm,https://www.sec.gov/Archives/edgar/data/1086600/000110465912075780/a12-22453_110q.htm
0,2012-06-30,ARLP,2012-08-08,2012-08-08 14:43:45,Q2,529864000,356242000,173622000,0.32767276131233675,0.0,16052000,0.0,0.0,0.0,424403000,8268000.0,0.0,153191000,0.28911381033623723,105461000,0.179664970633974,-2046000.0,95198000,0.179664970633974,-257000.0,95455000,0.1801500007549107,0.915,0.915,73749898,73749898,https://www.sec.gov/Archives/edgar/data/1086600/000119312512343674/0001193125-12-343674-index.htm,https://www.sec.gov/Archives/edgar/data/1086600/000119312512343674/d364586d10q.htm
0,2012-03-31,ARLP,2012-05-09,2012-05-09 14:57:11,Q1,443586000,294281000,149305000,0.33658636656702423,0.0,14289000,0.0,0.0,0.0,351603000,5912000.0,0.0,131331000,0.29606660264300494,91983000,0.18621191832023554,-3563000.0,82601000,0.18621191832023554,-367000.0,140349000,0.31639636958785894,0.77,0.77,73653960,73653960,https://www.sec.gov/Archives/edgar/data/1086600/000119312512221719/0001193125-12-221719-index.htm,https://www.sec.gov/Archives/edgar/data/1086600/000119312512085069/d261336d10k.htm
0,2011-12-31,ARLP,2012-02-28,2012-02-28 15:51:03,Q4,474609000,328016000,146593000,0.30887109178292027,0.0,13636000,0.0,0.0,0.0,384750000,-5294000.0,0.0,129653000,0.2731785532933425,89859000,0.19277341980451276,-3761000.0,91492000,0.19277341980451276,-210000.0,91702000,0.19321588928992076,0.0,0.0,0.0,0.0,https://www.sec.gov/Archives/edgar/data/1086600/000119312512085069/0001193125-12-085069-index.htm,https://www.sec.gov/Archives/edgar/data/1086600/000119312512085069/d261336d10k.htm
0,2011-09-30,ARLP,2011-11-08,2011-11-08 11:45:45,Q3,487747000,322081000,165666000,0.3396556001369562,0.0,13276000,0.0,0.0,0.0,375632000,8782000.0,0.0,152473000,0.3126067407897947,112115000,0.2127660446912026,360000.0,103776000,0.2127660446912026,-317000.0,104093000,0.21341597180505467,1.08,1.08,73551482,73551482,https://www.sec.gov/Archives/edgar/data/1086600/000119312511301460/0001193125-11-301460-index.htm,https://www.sec.gov/Archives/edgar/data/1086600/000119312511301460/d239802d10q.htm
0,2011-06-30,ARLP,2011-08-08,2011-08-08 12:01:20,Q2,457946000,298665000,159281000,0.34781611805758755,0.0,13002000,0.0,0.0,0.0,350767000,9156000.0,0.0,146366000,0.3196141029728396,107179000,0.2150974132321278,393000.0,98503000,0.2150974132321278,325000.0,98178000,0.21438772256990998,1.02,1.02,73551482,73551482,https://www.sec.gov/Archives/edgar/data/1086600/000119312511213708/0001193125-11-213708-index.htm,https://www.sec.gov/Archives/edgar/data/1086600/000119312511213708/d10q.htm
0,2011-03-31,ARLP,2011-05-09,2011-05-09 15:43:53,Q1,423258000,269207000,154051000,0.3639647685336131,0.0,12420000,0.0,0.0,0.0,319489000,9310000.0,0.0,141736000,0.3348690396873774,103769000,0.22480614660561643,587000.0,95151000,0.22480614660561643,-229000.0,95380000,0.22534718776727197,0.995,0.995,73497830,73497830,https://www.sec.gov/Archives/edgar/data/1086600/000119312511132265/0001193125-11-132265-index.htm,https://www.sec.gov/Archives/edgar/data/1086600/000119312511049710/d10k.htm
0,2010-12-31,ARLP,2011-02-28,2011-02-28 15:27:47,Q4,418613000,272481000,146132000,0.34908614878181043,0.0,14185000,0.0,0.0,0.0,323987000,7395000.0,0.0,132001000,0.315329433151861,94626000,0.20907616342540725,237000.0,87522000,0.20907616342540725,155000.0,87367000,0.20870589303246675,0.0,0.0,0.0,0.0,https://www.sec.gov/Archives/edgar/data/1086600/000119312511049710/0001193125-11-049710-index.htm,https://www.sec.gov/Archives/edgar/data/1086600/000119312511049710/d10k.htm
0,2010-09-30,ARLP,2010-11-08,2010-11-08 13:32:14,Q3,410448000,277235000,133213000,0.32455512025883915,0.0,14304000,0.0,0.0,0.0,329126000,7633000.0,0.0,118956000,0.2898199041047831,81322000,0.18076833118933458,460000.0,74196000,0.18076833118933458,995000.0,73201000,0.178344150781585,0.74,0.74,73433710,73433710,https://www.sec.gov/Archives/edgar/data/1086600/000119312510251694/0001193125-10-251694-index.htm,https://www.sec.gov/Archives/edgar/data/1086600/000119312510251694/d10q.htm
0,2010-06-30,ARLP,2010-08-09,2010-08-09 11:57:05,Q2,400343000,260067000,140276000,0.3503895409686194,0.0,11628000,0.0,0.0,0.0,307372000,7439000.0,0.0,128696000,0.3214643443247415,92971000,0.21452604391734087,304000.0,85884000,0.21452604391734087,423000.0,85461000,0.21346944994667072,0.91,0.91,73433710,73433710,https://www.sec.gov/Archives/edgar/data/1086600/000119312510182828/0001193125-10-182828-index.htm,https://www.sec.gov/Archives/edgar/data/1086600/000119312510182828/d10q.htm
0,2010-03-31,ARLP,2010-05-07,2010-05-07 14:14:42,Q1,380661000,250814000,129847000,0.34110928096127524,0.0,10701000,0.0,0.0,0.0,297811000,7595000.0,0.0,119197000,0.31313163155668694,82850000,0.19743551348837943,-150000.0,75156000,0.19743551348837943,168000.0,74988000,0.19699417592030705,0.78,0.78,73381606,73381606,https://www.sec.gov/Archives/edgar/data/1086600/000119312510112602/0001193125-10-112602-index.htm,https://www.sec.gov/Archives/edgar/data/1086600/000119312510042724/d10k.htm
0,2009-12-31,ARLP,2010-02-26,2010-02-26 15:25:24,Q4,298183000,204035000,94148000,0.3157389924978956,0.0,12117000,0.0,0.0,0.0,249909000,7383000.0,0.0,82044000,0.2751464704560622,48274000,0.13950158124373288,693000.0,41597000,0.13950158124373288,-103000.0,41742000,0.1399878598042142,0.0,0.0,0.0,0.0,https://www.sec.gov/Archives/edgar/data/1086600/000119312510042724/0001193125-10-042724-index.htm,https://www.sec.gov/Archives/edgar/data/1086600/000119312510042724/d10k.htm
0,2009-09-30,ARLP,2009-11-06,2009-11-06 16:08:28,Q3,299644000,217020000,82624000,0.27574054544726406,0.0,9959000.0,0.0,0.0,0.0,255124000,7675000.0,0.0,72777000,0.24287821548237243,44520000,0.12375685813832414,126000.0,37083000,0.12375685813832414,586000.0,36444000,0.12162432753534194,0.285,0.285,73322058,73322058,https://www.sec.gov/Archives/edgar/data/1086600/000119312509227522/0001193125-09-227522-index.htm,https://www.sec.gov/Archives/edgar/data/1086600/000119312509227522/d10q.htm
0,2009-06-30,ARLP,2009-08-07,2009-08-07 14:13:44,Q2,303904000,217703000,86201000,0.283645493313678,0.0,9307000.0,0.0,0.0,0.0,255282000,7808000.0,0.0,77187000,0.2539848109929451,48622000,0.13592779298725913,202000.0,41309000,0.13592779298725913,-201000.0,41460000,0.13642466041907972,0.36,0.36,73987748,73987748,https://www.sec.gov/Archives/edgar/data/1086600/000119312509168860/0001193125-09-168860-index.htm,https://www.sec.gov/Archives/edgar/data/1086600/000119312509168860/d10q.htm
0,2009-03-31,ARLP,2009-05-08,2009-05-08 16:54:47,Q1,329300000,212026000,117274000,0.35613118736714244,0.0,9734000.0,0.0,0.0,0.0,249110000,7981000.0,0.0,108171000,0.3284877011843304,80190000,0.22188278165806255,226000.0,73066000,0.22188278165806255,426000.0,72511000,0.2201973883996356,0.78,0.78,73998114,73998114,https://www.sec.gov/Archives/edgar/data/1086600/000119312509105526/0001193125-09-105526-index.htm,https://www.sec.gov/Archives/edgar/data/1086600/000119312509042393/d10k.htm
0,2008-12-31,ARLP,2009-03-02,2009-03-02 15:06:00,Q4,310947000,239285000,71662000,0.2304637124654684,0.0,9042000.0,0.0,0.0,-2790000.0,276518000,0.0,0.0,80574000,0.25912454534052426,34429000,0.08154765924739586,-10562000,25357000,0.08154765924739586,153000.0,25180000,0.08097843040775438,0.0,0.0,0.0,0.0,https://www.sec.gov/Archives/edgar/data/1086600/000119312509042393/0001193125-09-042393-index.htm,https://www.sec.gov/Archives/edgar/data/1086600/000119312509042393/d10k.htm
0,2008-09-30,ARLP,2008-11-07,2008-11-07 14:03:59,Q3,285790000,218037000,67753000,0.23707267574092866,0.0,7184000.0,0.0,0.0,0.0,250624000,0.0,0.0,60338000,0.21112705133139717,35166000,0.10280625634206936,231000.0,29381000,0.10280625634206936,92000.0,29136000,0.10194898351936736,0.24,0.24,73226916,73522584,https://www.sec.gov/Archives/edgar/data/1086600/000119312508229700/0001193125-08-229700-index.htm,https://www.sec.gov/Archives/edgar/data/1086600/000119312508229700/d10q.htm
0,2008-06-30,ARLP,2008-08-08,2008-08-08 14:13:25,Q2,276224000,206922000,69302000,0.2508905815569972,0.0,12119000,0.0,0.0,-5159000.0,239482000,0.0,0.0,51353000,0.18591071014828545,36742000,0.13296817075996292,10989000,36729000,0.13296817075996292,-70000.0,36697000,0.13285232275254866,0.335,0.335,73226916,73495930,https://www.sec.gov/Archives/edgar/data/1086600/000119312508171668/0001193125-08-171668-index.htm,https://www.sec.gov/Archives/edgar/data/1086600/000119312508171668/d10q.htm
0,2008-03-31,ARLP,2008-05-12,2008-05-12 10:43:14,Q1,283588000,206141000,77447000,0.2730968870333018,0.0,8831000.0,0.0,0.0,0.0,238266000,0.0,0.0,68399000,0.24119144674668885,45322000,0.1503907076463038,217000.0,42649000,0.1503907076463038,-655000.0,43163000,0.15220319618601633,0.38,0.38,73156526,73507674,https://www.sec.gov/Archives/edgar/data/1086600/000119312508110921/0001193125-08-110921-index.htm,https://www.sec.gov/Archives/edgar/data/1086600/000119312508043252/d10k.htm
0,2007-12-31,ARLP,2008-02-29,2008-02-29 13:06:32,Q4,252428000,176895000,75533000,0.2992259178854961,0.0,11109000,0.0,0.0,0.0,210292000,0.0,0.0,64228000,0.2544408702679576,42136000,0.15727653033736352,196000.0,39701000,0.15727653033736352,-125000.0,39928000,0.15817579666281079,0.0,0.0,0.0,0.0,https://www.sec.gov/Archives/edgar/data/1086600/000119312508043252/0001193125-08-043252-index.htm,https://www.sec.gov/Archives/edgar/data/1086600/000119312508043252/d10k.htm
0,2007-09-30,ARLP,2007-11-09,2007-11-09 12:02:06,Q3,260526000,189732000,70794000,0.2717348748301513,0.0,7175000.0,0.0,0.0,0.0,218711000,0.0,0.0,63498000,0.2437299923999908,41815000,0.15035735396850985,121000.0,39172000,0.15035735396850985,550000.0,38685000,0.14848805877340457,0.35,0.35,73101318,73602372,https://www.sec.gov/Archives/edgar/data/1086600/000119312507241810/0001193125-07-241810-index.htm,https://www.sec.gov/Archives/edgar/data/1086600/000119312507241810/d10q.htm
0,2007-06-30,ARLP,2007-08-09,2007-08-09 12:30:27,Q2,263309000,196181000,67128000,0.2549400134442803,0.0,8266000.0,0.0,0.0,0.0,225872000,0.0,0.0,35713000,0.13563152038099724,37437000,0.17782149489762977,23149000,46822000,0.17782149489762977,670000.0,46237000,0.17559977061171475,0.4,0.4,73101318,73589824,https://www.sec.gov/Archives/edgar/data/1086600/000119312507177021/0001193125-07-177021-index.htm,https://www.sec.gov/Archives/edgar/data/1086600/000119312507177021/d10q.htm
0,2007-03-31,ARLP,2007-05-10,2007-05-10 14:56:36,Q1,257071000,181934000,75137000,0.29228112077986235,0.0,7929000.0,0.0,0.0,0.0,209656000,0.0,0.0,66307000,0.2579326333969993,47415000,0.1790633715977298,901000.0,46032000,0.1790633715977298,574000.0,45540000,0.17714950344457367,0.395,0.395,73080970,73531146,https://www.sec.gov/Archives/edgar/data/1086600/000119312507110018/0001193125-07-110018-index.htm,https://www.sec.gov/Archives/edgar/data/1086600/000119312507043725/d10k.htm
0,2006-12-31,ARLP,2007-03-01,2007-03-01 10:56:11,Q4,263193000,187545000,75648000,0.28742405763071205,0.0,9244000.0,0.0,0.0,0.0,214995000,0.0,0.0,66152000,0.2513440707009685,48198000,0.17556697936495272,252000.0,46208000,0.17556697936495272,785000.0,45488000,0.17283134429867056,0.0,0.0,0.0,0.0,https://www.sec.gov/Archives/edgar/data/1086600/000119312507043725/0001193125-07-043725-index.htm,https://www.sec.gov/Archives/edgar/data/1086600/000119312507043725/d10k.htm
0,2006-09-30,ARLP,2006-11-09,2006-11-09 15:58:03,Q3,244740000,179195000,65545000,0.2678148238947454,0.0,7391000.0,0.0,0.0,0.0,203859000,0.0,0.0,57938000,0.23673285936095448,40881000,0.15910353844896624,216000.0,38939000,0.15910353844896624,352000.0,38640000,0.1578818337827899,0.35,0.345,72852612,73649226,https://www.sec.gov/Archives/edgar/data/1086600/000119312506230296/0001193125-06-230296-index.htm,https://www.sec.gov/Archives/edgar/data/1086600/000119312506230296/d10q.htm
0,2006-06-30,ARLP,2006-08-09,2006-08-09 16:17:07,Q2,221304000,154538000,66766000,0.30169359794671585,0.0,7091000.0,0.0,0.0,0.0,177917000,0.0,0.0,59478000,0.26876152261143044,43387000,0.18550952535878248,197000.0,41054000,0.18550952535878248,547000.0,40550000,0.1832321150995915,0.365,0.36,72852612,73594814,https://www.sec.gov/Archives/edgar/data/1086600/000119312506167749/0001193125-06-167749-index.htm,https://www.sec.gov/Archives/edgar/data/1086600/000119312506167749/d10q.htm
0,2006-03-31,ARLP,2006-05-10,2006-05-10 12:55:17,Q1,238320000,165570000,72750000,0.3052618328298087,0.0,7158000.0,0.0,0.0,2245000.0,189695000,0.0,0.0,63076000,0.26466935213158777,48625000,0.20516951997314536,271000.0,48896000,0.20516951997314536,759000.0,48249000,0.2024546827794562,0.415,0.415,72852612,73530032,https://www.sec.gov/Archives/edgar/data/1086600/000119312506107120/0001193125-06-107120-index.htm,https://www.sec.gov/Archives/edgar/data/1086600/000119312506056322/d10k.htm
0,2005-12-31,ARLP,2006-03-16,2006-03-16 13:35:07,Q4,227332000,160152000,67180000,0.2955149297063326,0.0,4417000.0,0.0,0.0,2131000.0,181515000,0.0,0.0,60365000,0.2655367480161174,45817000,0.20271673147643093,267000.0,46084000,0.20271673147643093,426000.0,45658000,0.2008428201924938,0.0,0.0,0.0,0.0,https://www.sec.gov/Archives/edgar/data/1086600/000119312506056322/0001193125-06-056322-index.htm,https://www.sec.gov/Archives/edgar/data/1086600/000119312506056322/d10k.htm
0,2005-09-30,ARLP,2005-11-09,2005-11-09 16:03:04,Q3,207043000,142484000,64559000,0.31181445400230867,0.0,12812000,0.0,0.0,2841000.0,171935000,0.0,0.0,48816000,0.23577710910293997,35108000,0.17000333264104558,90000.0,35198000,0.17000333264104558,717000.0,34481000,0.16654028390237777,0.325,0.315,72521760,73994676,https://www.sec.gov/Archives/edgar/data/1086600/000119312505221530/0001193125-05-221530-index.htm,https://www.sec.gov/Archives/edgar/data/1086600/000119312505221530/d10q.htm
0,2005-06-30,ARLP,2005-08-15,2005-08-15 17:19:16,Q2,208716000,139901000,68815000,0.32970639529312556,0.0,10547000,0.0,0.0,3370000.0,167214000,0.0,0.0,54779000,0.2624571187642538,41502000,0.19941451541808006,119000.0,41621000,0.19941451541808006,829000.0,40792000,0.19544261101209298,0.3675,0.36,72521760,73990344,https://www.sec.gov/Archives/edgar/data/1086600/000119312505168732/0001193125-05-168732-index.htm,https://www.sec.gov/Archives/edgar/data/1086600/000119312505168732/d10q.htm
0,2005-03-31,ARLP,2005-05-10,2005-05-10 16:10:52,Q1,195627000,133133000,62494000,0.3194548809724629,0.0,5708000.0,0.0,0.0,3474000.0,155943000,0.0,0.0,53207000,0.2719818838912829,39684000,0.20339216979251332,105000.0,39789000,0.20339216979251332,710000.0,39079000,0.199762813926503,0.515,0.505,72521760,73985656,https://www.sec.gov/Archives/edgar/data/1086600/000119312505102759/0001193125-05-102759-index.htm,https://www.sec.gov/Archives/edgar/data/1086600/000119312505050414/d10k.htm
0,2004-12-31,ARLP,2005-03-15,2005-03-15 10:52:25,Q4,174658000,135461000,39197000,0.22442144075851092,0.0,11108000,0.0,0.0,3612000.0,164039000,0.0,0.0,24254000,0.13886566890723587,10619000,0.06207559917095123,223000.0,10842000,0.06207559917095123,628000.0,10214000,0.05848000091607599,0.0,0.0,0.0,0.0,https://www.sec.gov/Archives/edgar/data/1086600/000119312505050414/0001193125-05-050414-index.htm,https://www.sec.gov/Archives/edgar/data/1086600/000119312505050414/d10k.htm
0,2004-09-30,ARLP,2004-11-08 00:00:00,2004-11-08 17:08:49,Q3,158261000,117834000,40427000,0.2554451191386381,0.0,12687000,0.0,0.0,3672000.0,147813000,0.0,0.0,-6568000.0,-0.0415010646969247,10448000,0.1634451949627514,30636000,25867000,0.1634451949627514,546000.0,25321000,0.15999519780615565,0.3425,0.3325,71615172,73755032,https://www.sec.gov/Archives/edgar/data/1086600/000119312504189624/0001193125-04-189624-index.html,https://www.sec.gov/Archives/edgar/data/1086600/000119312504189624/d10q.htm
0,2004-06-30,ARLP,2004-08-09 00:00:00,2004-08-09 10:40:05,Q2,162546000,110675000,51871000,0.3191158195218584,0.0,11276000,0.0,0.0,3836000.0,139202000,0.0,0.0,36514000,0.2246379486422305,23344000,0.14512199623491195,245000.0,23589000,0.14512199623491195,728000.0,22861000,0.14064326406063515,0.305,0.295,71615172,73754204,https://www.sec.gov/Archives/edgar/data/1086600/000095013404011706/0000950134-04-011706-index.html,https://www.sec.gov/Archives/edgar/data/1086600/000095013404011706/d17484e10vq.txt
0,2004-03-31,ARLP,2004-05-07 00:00:00,2004-05-07 16:10:31,Q1,157824000,112231000,45593000,0.28888508718572586,0.0,10329000,0.0,0.0,3843000.0,139174000,0.0,0.0,31107000,0.197099300486618,18650000,0.12015916463909164,314000.0,18964000,0.12015916463909164,739000.0,18225000,0.11547673357664233,0.25,0.2425,71615172,73756396,https://www.sec.gov/Archives/edgar/data/1086600/000095012904002971/0000950129-04-002971-index.html,https://www.sec.gov/Archives/edgar/data/1086600/000095012904002971/h15159e10vq.txt
0,2003-12-31,ARLP,2004-03-15 00:00:00,2004-03-15 06:03:09,Q4,142552000,100897000,41655000,0.29220915876311804,0.0,9471000.0,0.0,0.0,3936000.0,127450000,0.0,0.0,27668000,0.19409057747348335,15102000,0.11000897917952747,580000.0,15682000,0.11000897917952747,239000.0,15443000,0.10833239800213255,0.0,0.0,0.0,0.0,https://www.sec.gov/Archives/edgar/data/1086600/000095012904001265/0000950129-04-001265-index.html,https://www.sec.gov/Archives/edgar/data/1086600/000095012904001265/h13618e10vk.txt
0,2003-09-30,ARLP,2003-11-10 00:00:00,2003-11-10 16:14:54,Q3,141799000,107539000,34260000,0.24160960232441694,0.0,6494000.0,0.0,0.0,4088000.0,130677000,0.0,0.0,23334000,0.16455687275650746,11122000,0.08086093696006319,344000.0,11466000,0.08086093696006319,663000.0,10803000,0.07618530455080784,0.1475,0.1425,71615172,73951148,https://www.sec.gov/Archives/edgar/data/1086600/000095012903005489/0000950129-03-005489-index.html,https://www.sec.gov/Archives/edgar/data/1086600/000095012903005489/h10310e10vq.txt
0,2003-06-30,ARLP,2003-08-11 00:00:00,2003-08-11 16:49:26,Q2,133471000,100374000,33097000,0.24797146945778484,0.0,6654000.0,0.0,0.0,3990000.0,124680000,0.0,0.0,21996000,0.16479984416090387,8791000.0,0.06928845966539549,457000.0,9248000.0,0.06928845966539549,720000.0,8528000.0,0.06389402941462939,0.1175,0.1125,71615172,73942964,https://www.sec.gov/Archives/edgar/data/1086600/000095012903004040/0000950129-03-004040-index.html,https://www.sec.gov/Archives/edgar/data/1086600/000095012903004040/h08186e10vq.txt
0,2003-03-31,ARLP,2003-05-09 00:00:00,2003-05-09 12:20:30,Q1,124925000,88086000,36839000,0.29488893336001604,0.0,5651000.0,0.0,0.0,3967000.0,110835000,0.0,0.0,27228000,0.21795477286371823,14090000,0.11278767260356214,-7000.0,14090000,0.11278767260356214,955000.0,13128000,0.10508705223133881,0.2025,0.1975,66374436,68707296,https://www.sec.gov/Archives/edgar/data/1086600/000095012903002573/0000950129-03-002573-index.html,https://www.sec.gov/Archives/edgar/data/1086600/000095012903002573/h05676e10vq.txt
0,2002-12-31,ARLP,2003-03-20 00:00:00,2003-03-19 18:13:26,Q4,133691000,105332000,28359000,0.21212347876820428,0.0,5647000.0,0.0,0.0,4137000.0,127579000,0.0,0.0,41018000,0.30681197687204076,6112000.0,0.0,111000.0,0.0,0.0,0.0,6048000.0,0.04523864732854119,0.0,0.0,0.0,0.0,https://www.sec.gov/Archives/edgar/data/1086600/000095012903001453/0000950129-03-001453-index.html,https://www.sec.gov/Archives/edgar/data/1086600/000095012903001453/h03349e10vk.txt
0,2002-09-30,ARLP,2002-11-14 00:00:00,2002-11-14 18:34:29,Q3,132171000,107172000,24999000,0.18914133962820892,0.0,4088000.0,0.0,0.0,4055000.0,126958000,0.0,0.0,17268000,0.13064893206527908,5213000.0,0.0,-412000.0,0.0,0.0,0.0,4801000.0,0.036324155828434374,0.0775,0.075,61621244,63377264,https://www.sec.gov/Archives/edgar/data/1086600/000095012902005722/0000950129-02-005722-index.html,https://www.sec.gov/Archives/edgar/data/1086600/000095012902005722/h01274e10vq.txt
0,2002-06-30,ARLP,2002-08-09 00:00:00,2002-08-09 16:49:23,Q2,126829000,92468000,34361000,0.27092384233889727,0.0,4952000.0,0.0,0.0,4180000.0,112990000,0.0,0.0,24848000,0.19591733751744475,13839000,0.11211946794502835,381000.0,14220000,0.11211946794502835,0.0,14220000,0.11211946794502835,0.225,0.22,61621244,63370628,https://www.sec.gov/Archives/edgar/data/1086600/000095012902003938/0000950129-02-003938-index.html,https://www.sec.gov/Archives/edgar/data/1086600/000095012902003938/h98870e10vq.txt
0,2002-03-31,ARLP,2002-04-01 00:00:00,2002-04-01 00:00:00,Q1,125051000,93870000,31181000,0.24934626672317695,0.0,4721000.0,0.0,0.0,3966000.0,114279000,0.0,0.0,22046000,0.17629607120294918,10772000,0.08972339285571487,448000.0,11220000,0.08972339285571487,0.0,11220000,0.08972339285571487,0.1775,0.1725,61621244,63364248,https://www.sec.gov/Archives/edgar/data/1086600/000095012902001677/0000950129-02-001677-index.html,https://www.sec.gov/Archives/edgar/data/1086600/000095012902001677/h95100e10-k.txt
0,2001-12-31,ARLP,2002-04-01 00:00:00,2002-04-01 00:00:00,Q4,110932000,62142000,48790000,0.4398189882089929,0.0,36343000,0.0,0.0,4061000.0,114626000,0.0,0.0,23554000,0.2123282731763603,-3694000.0,0.0,-15168000,0.0,0.0,0.0,-3232000.0,-0.029134965564489957,0.0,0.0,0.0,0.0,https://www.sec.gov/Archives/edgar/data/1086600/000095012902001677/0000950129-02-001677-index.html,https://www.sec.gov/Archives/edgar/data/1086600/000095012902001677/h95100e10-k.txt
0,2001-09-30,ARLP,2001-11-13 00:00:00,2001-11-13 00:00:00,Q3,117894000,90656000,27238000,0.2310380511306767,0.0,4279000.0,0.0,0.0,4261000.0,110212000,0.0,0.0,18564000,0.1574634841467759,7682000.0,0.06629684292669687,134000.0,7816000.0,0.06629684292669687,0.0,7816000.0,0.06629684292669687,0.125,0.1225,61621244,62712052,https://www.sec.gov/Archives/edgar/data/1086600/000095012901503962/0000950129-01-503962-index.html,https://www.sec.gov/Archives/edgar/data/1086600/000095012901503962/h92127e10-q.txt
0,2001-06-30,ARLP,2001-08-09 00:00:00,2001-08-09 00:00:00,Q2,110722000,91360000,19362000,0.1748703961272376,0.0,4023000.0,0.0,0.0,4221000.0,110699000,0.0,0.0,-4427000.0,-0.03998302053792381,23000.0,0.07114213977348675,15545000,7877000.0,0.07114213977348675,0.0,7877000.0,0.07114213977348675,0.125,0.1225,61621244,62725644,https://www.sec.gov/Archives/edgar/data/1086600/000095012901502410/0000950129-01-502410-index.html,https://www.sec.gov/Archives/edgar/data/1086600/000095012901502410/h89701e10-q.txt
0,2001-03-31,ARLP,2001-05-10 00:00:00,2001-05-10 00:00:00,Q1,106752000,81909000,24843000,0.23271695143884893,0.0,4923000.0,0.0,0.0,4262000.0,102354000,0.0,0.0,15417000,0.14441883992805754,4398000.0,0.043455860311750596,241000.0,4639000.0,0.043455860311750596,0.0,4639000.0,0.043455860311750596,0.075,0.0725,61621244,62722376,https://www.sec.gov/Archives/edgar/data/1086600/000095012901500517/0000950129-01-500517-index.html,https://www.sec.gov/Archives/edgar/data/1086600/000095012901500517/h86999e10-q.txt
0,2000-12-31,ARLP,2001-03-27 00:00:00,2001-03-27 00:00:00,Q4,101077000,83311000,17766000,0.17576698952283903,0.0,4354000.0,0.0,0.0,4061000.0,102042000,0.0,0.0,8829000.0,0.08734924859265708,-965000.0,-0.017006836372270646,522000.0,-1719000.0,-0.017006836372270646,0.0,-443000.0,-0.00438279727336585,0.0,0.0,0.0,0.0,https://www.sec.gov/Archives/edgar/data/1086600/000095012901001676/0000950129-01-001676-index.html,https://www.sec.gov/Archives/edgar/data/1086600/000095012901001676/h85211e10-k.txt
0,2000-09-30,ARLP,2000-11-13 00:00:00,2000-11-13 00:00:00,Q3,93054000,73617000,19437000,0.20887871558449933,0.0,3610000.0,0.0,0.0,4240000.0,91091000,0.0,0.0,-7476000.0,-0.08034044748210717,1963000.0,0.12422894233455843,19063000,11560000,0.12422894233455843,0.0,11560000,0.12422894233455843,0.185,0.1825,61621244,62208068,https://www.sec.gov/Archives/edgar/data/1086600/000095012900005379/0000950129-00-005379-index.html,https://www.sec.gov/Archives/edgar/data/1086600/000095012900005379/h81693e10-q.txt
0,2000-06-30,ARLP,2000-08-11 00:00:00,2000-08-11 00:00:00,Q2,82865000,63768000,19097000,0.23045918059494358,0.0,3625000.0,0.0,0.0,4204000.0,81157000,0.0,0.0,10878000,0.1312737585228987,1708000.0,0.025318288782960236,390000.0,2098000.0,0.025318288782960236,0.0,2098000.0,0.025318288782960236,0.0325,0.0325,61621244,62203380,https://www.sec.gov/Archives/edgar/data/1086600/000095012900004098/0000950129-00-004098-index.html,https://www.sec.gov/Archives/edgar/data/1086600/000095012900004098/e10-q.txt
0,2000-03-31,ARLP,2000-05-12 00:00:00,2000-05-12 00:00:00,Q1,86473000,67054000,19419000,0.22456720594867763,0.0,3587000.0,0.0,0.0,4058000.0,84340000,0.0,0.0,11541000,0.13346362448394297,2133000.0,0.02736114162802262,233000.0,2366000.0,0.02736114162802262,0.0,2366000.0,0.02736114162802262,0.0375,0.0375,63093333,63093333,https://www.sec.gov/Archives/edgar/data/1086600/000095012900002377/0000950129-00-002377-index.html,https://www.sec.gov/Archives/edgar/data/1086600/0000950129-00-002377.txt
0,1999-12-31,ARLP,2000-03-29 00:00:00,2000-03-29 00:00:00,Q4,85200000,4000000.0,81200000,0.953052,0.0,64000000,0.0,0.0,78900000,82900000,0.0,0.0,2800000.0,0.032864,2200000.0,0.025822,500000.0,2800000.0,0.032864,0.0,2800000.0,0.032864,0.04545,0.04545,61600000,61600000,https://www.sec.gov/Archives/edgar/data/1086600/000095012900001504/0000950129-00-001504-index.html,https://www.sec.gov/Archives/edgar/data/1086600/0000950129-00-001504.txt
0,1999-09-30,ARLP,1999-11-12 00:00:00,1999-11-12 00:00:00,Q3,91900000,5000000.0,86800000,0.944505,0.0,69100000,0.0,0.0,80500000,85500000,0.0,0.0,6800000.0,0.073993,6400000.0,0.069641,500000.0,6800000.0,0.073993,1000000.0,5800000.0,0.063112,0.09416,0.09416,61600000,61600000,https://www.sec.gov/Archives/edgar/data/1086600/000095012999004955/0000950129-99-004955-index.html,https://www.sec.gov/Archives/edgar/data/1086600/0000950129-99-004955.txt
