,date,symbol,fillingDate,acceptedDate,period,revenue,costOfRevenue,grossProfit,grossProfitRatio,researchAndDevelopmentExpenses,generalAndAdministrativeExpenses,sellingAndMarketingExpenses,otherExpenses,operatingExpenses,costAndExpenses,interestExpense,depreciationAndAmortization,ebitda,ebitdaratio,operatingIncome,operatingIncomeRatio,totalOtherIncomeExpensesNet,incomeBeforeTax,incomeBeforeTaxRatio,incomeTaxExpense,netIncome,netIncomeRatio,eps,epsdiluted,weightedAverageShsOut,weightedAverageShsOutDil,link,finalLink
0,2020-09-30,CNE.TO,2020-09-30,2020-09-30,Q3,64474000,14045000,50429000,0.7821602506436703,0.0,7717000.0,0.0,-3347000.0,12107000,34600000,7602000.0,0.0,40354000,0.6258957098985638,29874000,0.27100846852995003,-4581000.0,17473000,0.27100846852995003,14864000,2609000.0,0.04046592424853429,0.01,0.01,180980000,181495000,https://www.sedar.com/ModifyCompanyDocumentSearchForm.do?lang=EN&company_search=Canacol Energy Ltd&document_selection=0&industry_group=A&FromDate=13&FromMonth=05&FromYear=2000&ToDate=13&ToMonth=11&ToYear=2020&Variable=Issuer,https://www.sedar.com/ModifyCompanyDocumentSearchForm.do?lang=EN&company_search=Canacol Energy Ltd&document_selection=0&industry_group=A&FromDate=13&FromMonth=05&FromYear=2000&ToDate=13&ToMonth=11&ToYear=2020&Variable=Issuer
0,2020-06-30,CNE.TO,2020-06-30,2020-06-30,Q2,60513000,16226000,44287000,0.7318592699089452,0.0,8559000.0,0.0,-3261000.0,10145000,35637000,7705000.0,0.0,37703000,0.6230562027993984,24876000,0.23071075636640062,-3072000.0,13961000,0.23071075636640062,-3754000.0,17715000,0.29274701303852063,0.1,0.1,180916000,181484000,https://www.sedar.com/ModifyCompanyDocumentSearchForm.do?lang=EN&company_search=Canacol Energy Ltd&document_selection=0&industry_group=A&FromDate=13&FromMonth=05&FromYear=2000&ToDate=13&ToMonth=11&ToYear=2020&Variable=Issuer,https://www.sedar.com/ModifyCompanyDocumentSearchForm.do?lang=EN&company_search=Canacol Energy Ltd&document_selection=0&industry_group=A&FromDate=13&FromMonth=05&FromYear=2000&ToDate=13&ToMonth=11&ToYear=2020&Variable=Issuer
0,2020-03-31,CNE.TO,2020-03-31,2020-03-31,Q1,82287000,17954000,64333000,0.7818124369584503,0.0,8034000.0,0.0,-3994000.0,16096000,42084000,7631000.0,0.0,54787000,0.6658038329262216,40203000,0.3025022178472906,-8304000.0,24892000,0.3025022178472906,50880000,-25988000,-0.31582145417866736,-0.14,-0.14,180931000,180931000,https://www.sedar.com/ModifyCompanyDocumentSearchForm.do?lang=EN&company_search=Canacol Energy Ltd&document_selection=0&industry_group=A&FromDate=13&FromMonth=05&FromYear=2000&ToDate=13&ToMonth=11&ToYear=2020&Variable=Issuer,https://www.sedar.com/ModifyCompanyDocumentSearchForm.do?lang=EN&company_search=Canacol Energy Ltd&document_selection=0&industry_group=A&FromDate=13&FromMonth=05&FromYear=2000&ToDate=13&ToMonth=11&ToYear=2020&Variable=Issuer
0,2019-12-31,CNE.TO,2019-12-31,2019-12-31,Q4,77579000,16842000,60737000,0.7829051676355715,0.0,13494000,0.0,-805000.0,17848000,50347000,7800000.0,0.0,43103000,0.5556013869732789,27232000,0.2656131169517524,1340000.0,20606000,0.2656131169517524,-4826000.0,25432000,0.32782067312030316,0.14052381478616421,0.14052381478616421,180980000,180980000,https://www.sedar.com/ModifyCompanyDocumentSearchForm.do?lang=EN&company_search=Canacol Energy Ltd&document_selection=0&industry_group=A&FromDate=13&FromMonth=05&FromYear=2000&ToDate=13&ToMonth=11&ToYear=2020&Variable=Issuer,https://www.sedar.com/ModifyCompanyDocumentSearchForm.do?lang=EN&company_search=Canacol Energy Ltd&document_selection=0&industry_group=A&FromDate=13&FromMonth=05&FromYear=2000&ToDate=13&ToMonth=11&ToYear=2020&Variable=Issuer
0,2019-09-30,CNE.TO,2019-09-30,2019-09-30,Q3,63646000,13015000,50631000,0.795509537127235,0.0,6385000.0,7012000.0,-1077000.0,11321000,31428000,7620000.0,0.0,44006000,0.6914181566791314,32218000,0.3288344907771109,-3519000.0,20929000,0.3288344907771109,20266000,663000.0,0.010416993998051724,0.003719,0.003666,178273000,180873000,https://www.sedar.com/ModifyCompanyDocumentSearchForm.do?lang=EN&company_search=Canacol Energy Ltd&document_selection=0&industry_group=A&FromDate=13&FromMonth=05&FromYear=2000&ToDate=13&ToMonth=11&ToYear=2020&Variable=Issuer,https://www.sedar.com/ModifyCompanyDocumentSearchForm.do?lang=EN&company_search=Canacol Energy Ltd&document_selection=0&industry_group=A&FromDate=13&FromMonth=05&FromYear=2000&ToDate=13&ToMonth=11&ToYear=2020&Variable=Issuer
0,2019-06-30,CNE.TO,2019-06-30,2019-06-30,Q2,49928000,11737000,38191000,0.7649214869411953,0.0,6387000.0,2239000.0,-1525000.0,8838000.0,27555000,7631000.0,0.0,32402000,0.6489745233135715,22373000,0.24355071302675854,-2399000.0,12160000,0.24355071302675854,10282000,1878000.0,0.03761416439673129,0.01,0.01,177381000,178979000,https://www.sedar.com/ModifyCompanyDocumentSearchForm.do?lang=EN&company_search=Canacol Energy Ltd&document_selection=0&industry_group=A&FromDate=13&FromMonth=05&FromYear=2000&ToDate=13&ToMonth=11&ToYear=2020&Variable=Issuer,https://www.sedar.com/ModifyCompanyDocumentSearchForm.do?lang=EN&company_search=Canacol Energy Ltd&document_selection=0&industry_group=A&FromDate=13&FromMonth=05&FromYear=2000&ToDate=13&ToMonth=11&ToYear=2020&Variable=Issuer
0,2019-03-31,CNE.TO,2019-03-31,2019-03-31,Q1,50926000,12689000,38237000,0.7508345442406629,0.0,10628000,1522000.0,-2086000.0,6157000.0,29677000,7737000.0,0.0,31733000,0.6231198209166241,21249000,0.21676550288654126,-2354000.0,11039000,0.21676550288654126,4765000.0,6274000.0,0.1231983662569218,0.04,0.04,177547000,179637000,https://www.sedar.com/ModifyCompanyDocumentSearchForm.do?lang=EN&company_search=Canacol Energy Ltd&document_selection=0&industry_group=A&FromDate=13&FromMonth=05&FromYear=2000&ToDate=13&ToMonth=11&ToYear=2020&Variable=Issuer,https://www.sedar.com/ModifyCompanyDocumentSearchForm.do?lang=EN&company_search=Canacol Energy Ltd&document_selection=0&industry_group=A&FromDate=13&FromMonth=05&FromYear=2000&ToDate=13&ToMonth=11&ToYear=2020&Variable=Issuer
0,2018-12-31,CNE.TO,2018-12-31,2018-12-31,Q4,54323000,11802000,42521000,0.7827439574397584,0.0,9333000.0,3596000.0,-1298000.0,10548000,32916000,8249000.0,0.0,31859000,0.5864735010953004,21407000,0.10892255582350018,-7189000.0,5917000.0,0.10892255582350018,22189000,-16272000,-0.2995416306168658,-0.08991048734666814,-0.08991048734666814,180980000,180980000,https://www.sedar.com/ModifyCompanyDocumentSearchForm.do?lang=EN&company_search=Canacol Energy Ltd&document_selection=0&industry_group=A&FromDate=13&FromMonth=05&FromYear=2000&ToDate=13&ToMonth=11&ToYear=2020&Variable=Issuer,https://www.sedar.com/ModifyCompanyDocumentSearchForm.do?lang=EN&company_search=Canacol Energy Ltd&document_selection=0&industry_group=A&FromDate=13&FromMonth=05&FromYear=2000&ToDate=13&ToMonth=11&ToYear=2020&Variable=Issuer
0,2018-09-30,CNE.TO,2018-09-30,2018-09-30,Q3,59133000,10636000,48497000,0.8201342735866606,0.0,8689000.0,5735000.0,-2000.0,16537000,37106000,8225000.0,0.0,32425000,0.5483401823009149,22027000,0.15896369201630223,-4166000.0,9400000.0,0.15896369201630223,-2738000.0,12138000,0.20526609507381666,0.07,0.07,177453000,178985000,https://www.sedar.com/ModifyCompanyDocumentSearchForm.do?lang=EN&company_search=Canacol Energy Ltd&document_selection=0&industry_group=A&FromDate=13&FromMonth=05&FromYear=2000&ToDate=13&ToMonth=11&ToYear=2020&Variable=Issuer,https://www.sedar.com/ModifyCompanyDocumentSearchForm.do?lang=EN&company_search=Canacol Energy Ltd&document_selection=0&industry_group=A&FromDate=13&FromMonth=05&FromYear=2000&ToDate=13&ToMonth=11&ToYear=2020&Variable=Issuer
0,2018-06-30,CNE.TO,2018-06-30,2018-06-30,Q2,57201000,11677000,45524000,0.7958602122340519,0.0,8063000.0,0.0,-21090000,23468000,44116000,7428000.0,0.0,3579000.0,0.06256883620915718,13085000,-0.25090470446320867,-19916000,-14352000,-0.25090470446320867,11627000,-25979000,-0.45417038163668466,-0.15,-0.15,177018000,177018000,https://www.sedar.com/ModifyCompanyDocumentSearchForm.do?lang=EN&company_search=Canacol Energy Ltd&document_selection=0&industry_group=A&FromDate=13&FromMonth=05&FromYear=2000&ToDate=13&ToMonth=11&ToYear=2020&Variable=Issuer,https://www.sedar.com/ModifyCompanyDocumentSearchForm.do?lang=EN&company_search=Canacol Energy Ltd&document_selection=0&industry_group=A&FromDate=13&FromMonth=05&FromYear=2000&ToDate=13&ToMonth=11&ToYear=2020&Variable=Issuer
0,2018-03-31,CNE.TO,2018-03-31,2018-03-31,Q1,51756000,10131000,41625000,0.8042545791792256,0.0,10586000,0.0,-847000.0,11904000,33212000,7945000.0,0.0,27142000,0.5244222892031841,18544000,0.12332869618981374,-3530000.0,6383000.0,0.12332869618981374,-1895000.0,8278000.0,0.15994280856325838,0.05,0.05,176572000,178759000,https://www.sedar.com/ModifyCompanyDocumentSearchForm.do?lang=EN&company_search=Canacol Energy Ltd&document_selection=0&industry_group=A&FromDate=13&FromMonth=05&FromYear=2000&ToDate=13&ToMonth=11&ToYear=2020&Variable=Issuer,https://www.sedar.com/ModifyCompanyDocumentSearchForm.do?lang=EN&company_search=Canacol Energy Ltd&document_selection=0&industry_group=A&FromDate=13&FromMonth=05&FromYear=2000&ToDate=13&ToMonth=11&ToYear=2020&Variable=Issuer
0,2017-12-31,CNE.TO,2017-12-31,2017-12-31,Q4,42092000,10060000,32032000,0.7609997149101967,0.0,9963000.0,0.0,0.0,36940000,59366000,4948000.0,0.0,-7733000.0,-0.1837166207355317,-17274000,-3.1327805758814025,-109519000,-131865000,-3.1327805758814025,19050000,-150343000,-3.571771357977763,-0.8307161012266548,-0.8307161012266548,180980000,180980000,https://www.sedar.com/ModifyCompanyDocumentSearchForm.do?lang=EN&company_search=Canacol Energy Ltd&document_selection=0&industry_group=A&FromDate=13&FromMonth=05&FromYear=2000&ToDate=13&ToMonth=11&ToYear=2020&Variable=Issuer,https://www.sedar.com/ModifyCompanyDocumentSearchForm.do?lang=EN&company_search=Canacol Energy Ltd&document_selection=0&industry_group=A&FromDate=13&FromMonth=05&FromYear=2000&ToDate=13&ToMonth=11&ToYear=2020&Variable=Issuer
0,2017-09-30,CNE.TO,2017-09-30,2017-09-30,Q3,37950000,10380000,27570000,0.7264822134387352,0.0,7271000.0,0.0,0.0,8778000.0,26413000,6743000.0,0.0,21993000,0.5795256916996048,11537000,-0.084901185770751,-7824000.0,-3222000.0,-0.084901185770751,-1659000.0,-1514000.0,-0.03989459815546772,-0.01,-0.01,175663000,175663000,https://www.sedar.com/ModifyCompanyDocumentSearchForm.do?lang=EN&company_search=Canacol Energy Ltd&document_selection=0&industry_group=A&FromDate=13&FromMonth=05&FromYear=2000&ToDate=13&ToMonth=11&ToYear=2020&Variable=Issuer,https://www.sedar.com/ModifyCompanyDocumentSearchForm.do?lang=EN&company_search=Canacol Energy Ltd&document_selection=0&industry_group=A&FromDate=13&FromMonth=05&FromYear=2000&ToDate=13&ToMonth=11&ToYear=2020&Variable=Issuer
0,2017-06-30,CNE.TO,2017-06-30,2017-06-30,Q2,37283000,5539000.0,31744000,0.851433629268031,0.0,7183000.0,0.0,0.0,6833000.0,19579000,6221000.0,0.0,23600000,0.6329962717592469,17704000,0.6152133680229596,11590000,22937000,0.6152133680229596,11279000,11770000,0.31569347960196337,0.07,0.07,174668000,176739000,https://www.sedar.com/ModifyCompanyDocumentSearchForm.do?lang=EN&company_search=Canacol Energy Ltd&document_selection=0&industry_group=A&FromDate=13&FromMonth=05&FromYear=2000&ToDate=13&ToMonth=11&ToYear=2020&Variable=Issuer,https://www.sedar.com/ModifyCompanyDocumentSearchForm.do?lang=EN&company_search=Canacol Energy Ltd&document_selection=0&industry_group=A&FromDate=13&FromMonth=05&FromYear=2000&ToDate=13&ToMonth=11&ToYear=2020&Variable=Issuer
0,2017-03-31,CNE.TO,2017-03-31,2017-03-31,Q1,41583000,9797000.0,31786000,0.7643989130173389,0.0,13676000,0.0,0.0,6958000.0,30881000,6405000.0,0.0,16958000,0.4078108842555852,10702000,-0.10157997258495058,-4694000.0,-4224000.0,-0.10157997258495058,3777000.0,-7942000.0,-0.19099151095399564,-0.05,-0.05,174378000,174378000,https://www.sedar.com/ModifyCompanyDocumentSearchForm.do?lang=EN&company_search=Canacol Energy Ltd&document_selection=0&industry_group=A&FromDate=13&FromMonth=05&FromYear=2000&ToDate=13&ToMonth=11&ToYear=2020&Variable=Issuer,https://www.sedar.com/ModifyCompanyDocumentSearchForm.do?lang=EN&company_search=Canacol Energy Ltd&document_selection=0&industry_group=A&FromDate=13&FromMonth=05&FromYear=2000&ToDate=13&ToMonth=11&ToYear=2020&Variable=Issuer
0,2016-12-31,CNE.TO,2016-12-31,2016-12-31,Q4,41967000,6193000.0,35774000,0.852431672504587,0.0,9891000.0,0.0,0.0,6283000.0,22367000,5274000.0,0.0,24116000,0.5746419806038078,19600000,-0.6788667286201062,-42918000,-28490000,-0.6788667286201062,-48603000,20339000,0.4846426954511878,0.11238258371090729,0.11238258371090729,180980000,180980000,https://www.sedar.com/ModifyCompanyDocumentSearchForm.do?lang=EN&company_search=Canacol Energy Ltd&document_selection=0&industry_group=A&FromDate=13&FromMonth=05&FromYear=2000&ToDate=13&ToMonth=11&ToYear=2020&Variable=Issuer,https://www.sedar.com/ModifyCompanyDocumentSearchForm.do?lang=EN&company_search=Canacol Energy Ltd&document_selection=0&industry_group=A&FromDate=13&FromMonth=05&FromYear=2000&ToDate=13&ToMonth=11&ToYear=2020&Variable=Issuer
0,2016-09-30,CNE.TO,2016-09-30,2016-09-30,Q3,44392000,10814000,33578000,0.7563975491079474,0.0,8443000.0,0.0,0.0,20548000,39805000,4935000.0,0.0,15693000,0.35350964137682467,4587000.0,-0.017931158767345468,-353000.0,-796000.0,-0.017931158767345468,7603000.0,-8399000.0,-0.1892007568931339,-0.05,-0.05,169063000,169063000,https://www.sedar.com/ModifyCompanyDocumentSearchForm.do?lang=EN&company_search=Canacol Energy Ltd&document_selection=0&industry_group=A&FromDate=13&FromMonth=05&FromYear=2000&ToDate=13&ToMonth=11&ToYear=2020&Variable=Issuer,https://www.sedar.com/ModifyCompanyDocumentSearchForm.do?lang=EN&company_search=Canacol Energy Ltd&document_selection=0&industry_group=A&FromDate=13&FromMonth=05&FromYear=2000&ToDate=13&ToMonth=11&ToYear=2020&Variable=Issuer
0,2016-06-30,CNE.TO,2016-06-30,2016-06-30,Q2,38926000,3671000.0,35255000,0.9056928531058932,0.0,5063000.0,0.0,0.0,5842000.0,14861000,4765000.0,0.0,28396000,0.7294867183887376,24065000,0.4857164876946,-335000.0,18907000,0.4857164876946,7662000.0,11245000,0.28888146739968146,0.07,0.07,160271000,162940000,https://www.sedar.com/ModifyCompanyDocumentSearchForm.do?lang=EN&company_search=Canacol Energy Ltd&document_selection=0&industry_group=A&FromDate=13&FromMonth=05&FromYear=2000&ToDate=13&ToMonth=11&ToYear=2020&Variable=Issuer,https://www.sedar.com/ModifyCompanyDocumentSearchForm.do?lang=EN&company_search=Canacol Energy Ltd&document_selection=0&industry_group=A&FromDate=13&FromMonth=05&FromYear=2000&ToDate=13&ToMonth=11&ToYear=2020&Variable=Issuer
0,2016-03-31,CNE.TO,2016-03-31,2016-03-31,Q1,22700000,5834000.0,16866000,0.7429955947136564,0.0,7810000.0,0.0,0.0,4713000.0,19207000,4741000.0,0.0,9630000.0,0.42422907488986783,3493000.0,-0.012511013215859032,955000.0,-284000.0,-0.012511013215859032,-745000.0,461000.0,0.020308370044052865,0.002894,0.002877,159311000,160235000,https://www.sedar.com/ModifyCompanyDocumentSearchForm.do?lang=EN&company_search=Canacol Energy Ltd&document_selection=0&industry_group=A&FromDate=13&FromMonth=05&FromYear=2000&ToDate=13&ToMonth=11&ToYear=2020&Variable=Issuer,https://www.sedar.com/ModifyCompanyDocumentSearchForm.do?lang=EN&company_search=Canacol Energy Ltd&document_selection=0&industry_group=A&FromDate=13&FromMonth=05&FromYear=2000&ToDate=13&ToMonth=11&ToYear=2020&Variable=Issuer
0,2015-09-30,CNE.TO,2015-09-30,2015-09-30,Q3,21958000,12573000,9385000.0,0.427406867656435,0.0,6482000.0,0.0,0.0,7684000.0,26739000,5634000.0,0.0,7577000.0,0.3450678568175608,-4781000.0,-0.5781491939156571,-2200000.0,-12695000,-0.5781491939156571,6334000.0,-19029000,-0.866608980781492,-0.15,-0.15,130846000,130846000,https://www.sedar.com/ModifyCompanyDocumentSearchForm.do?lang=EN&company_search=Canacol Energy Ltd&document_selection=0&industry_group=A&FromDate=13&FromMonth=05&FromYear=2000&ToDate=13&ToMonth=11&ToYear=2020&Variable=Issuer,https://www.sedar.com/ModifyCompanyDocumentSearchForm.do?lang=EN&company_search=Canacol Energy Ltd&document_selection=0&industry_group=A&FromDate=13&FromMonth=05&FromYear=2000&ToDate=13&ToMonth=11&ToYear=2020&Variable=Issuer
0,2015-06-30,CNE.TO,2015-06-30,2015-06-30,Q2,27297000,12662000,14635000,0.5361395025094333,0.0,6371000.0,0.0,0.0,8786000.0,27801000,7390000.0,0.0,6282000.0,0.23013517969007583,-504000.0,-2.2148954097519873,-46482000,-60460000,-2.2148954097519873,-1936000.0,-58524000,-2.1439718650401143,-0.32337274836998564,-0.32337274836998564,180980000,180980000,https://www.sedar.com/ModifyCompanyDocumentSearchForm.do?lang=EN&company_search=Canacol Energy Ltd&document_selection=0&industry_group=A&FromDate=13&FromMonth=05&FromYear=2000&ToDate=13&ToMonth=11&ToYear=2020&Variable=Issuer,https://www.sedar.com/ModifyCompanyDocumentSearchForm.do?lang=EN&company_search=Canacol Energy Ltd&document_selection=0&industry_group=A&FromDate=13&FromMonth=05&FromYear=2000&ToDate=13&ToMonth=11&ToYear=2020&Variable=Issuer
0,2015-03-31,CNE.TO,2015-03-31,2015-03-31,Q1,26429000,12289000,14140000,0.5350183510537667,0.0,6587000.0,0.0,0.0,12080000,32475000,4453000.0,0.0,6284000.0,0.23776911725755798,-6046000.0,-0.3224488251541867,2611000.0,-8522000.0,-0.3224488251541867,7116000.0,-15638000,-0.5916985129970865,-0.14,-0.14,109023000,109023000,https://www.sedar.com/ModifyCompanyDocumentSearchForm.do?lang=EN&company_search=Canacol Energy Ltd&document_selection=0&industry_group=A&FromDate=13&FromMonth=05&FromYear=2000&ToDate=13&ToMonth=11&ToYear=2020&Variable=Issuer,https://www.sedar.com/ModifyCompanyDocumentSearchForm.do?lang=EN&company_search=Canacol Energy Ltd&document_selection=0&industry_group=A&FromDate=13&FromMonth=05&FromYear=2000&ToDate=13&ToMonth=11&ToYear=2020&Variable=Issuer
0,2014-12-31,CNE.TO,2014-12-31,2014-12-31,Q4,36404000,16818000,19586000,0.5380178002417316,0.0,9813000.0,0.0,0.0,19636000,46267000,4843000.0,0.0,7977000.0,0.2191242720580156,-9863000.0,-1.1672618393583123,-27330000,-42493000,-1.1672618393583123,3477000.0,-45970000,-1.2627733216130095,-0.43,-0.43,107814000,107814000,https://www.sedar.com/ModifyCompanyDocumentSearchForm.do?lang=EN&company_search=Canacol Energy Ltd&document_selection=0&industry_group=A&FromDate=13&FromMonth=05&FromYear=2000&ToDate=13&ToMonth=11&ToYear=2020&Variable=Issuer,https://www.sedar.com/ModifyCompanyDocumentSearchForm.do?lang=EN&company_search=Canacol Energy Ltd&document_selection=0&industry_group=A&FromDate=13&FromMonth=05&FromYear=2000&ToDate=13&ToMonth=11&ToYear=2020&Variable=Issuer
0,2014-09-30,CNE.TO,2014-09-30,2014-09-30,Q3,58917000,19493000,39424000,0.6691447290255783,0.0,7166000.0,0.0,0.0,21038000,47702000,3212000.0,0.0,32980000,0.5597705246363528,11215000,0.21929154573382895,4972000.0,12920000,0.21929154573382895,-1190000.0,14110000,0.23948945126194476,0.13,0.13,107812000,109275000,https://www.sedar.com/ModifyCompanyDocumentSearchForm.do?lang=EN&company_search=Canacol Energy Ltd&document_selection=0&industry_group=A&FromDate=13&FromMonth=05&FromYear=2000&ToDate=13&ToMonth=11&ToYear=2020&Variable=Issuer,https://www.sedar.com/ModifyCompanyDocumentSearchForm.do?lang=EN&company_search=Canacol Energy Ltd&document_selection=0&industry_group=A&FromDate=13&FromMonth=05&FromYear=2000&ToDate=13&ToMonth=11&ToYear=2020&Variable=Issuer
0,2014-06-30,CNE.TO,2014-06-30,2014-06-30,Q2,61744000,14897000,46847000,0.7587295931588495,0.0,11066000,0.0,0.0,19248000,45220000,2967000.0,0.0,32191000,0.5213623995853848,16524000,0.046077351645504014,-10742000,2845000.0,0.046077351645504014,4915000.0,-2070000.0,-0.03352552474734387,-0.011437727925737651,-0.011437727925737651,180980000,180980000,https://www.sedar.com/ModifyCompanyDocumentSearchForm.do?lang=EN&company_search=Canacol Energy Ltd&document_selection=0&industry_group=A&FromDate=13&FromMonth=05&FromYear=2000&ToDate=13&ToMonth=11&ToYear=2020&Variable=Issuer,https://www.sedar.com/ModifyCompanyDocumentSearchForm.do?lang=EN&company_search=Canacol Energy Ltd&document_selection=0&industry_group=A&FromDate=13&FromMonth=05&FromYear=2000&ToDate=13&ToMonth=11&ToYear=2020&Variable=Issuer
0,2014-03-31,CNE.TO,2014-03-31,2014-03-31,Q1,55653000,9015000.0,46638000,0.8380141232278583,0.0,8128000.0,0.0,0.0,9771000.0,26927000,2190000.0,0.0,39252000,0.7052989057193683,28726000,0.5807413796201463,5872000.0,32320000,0.5807413796201463,12882000,19438000,0.34927137800298275,0.22,0.21,88767000,91307000,https://www.sedar.com/ModifyCompanyDocumentSearchForm.do?lang=EN&company_search=Canacol Energy Ltd&document_selection=0&industry_group=A&FromDate=13&FromMonth=05&FromYear=2000&ToDate=13&ToMonth=11&ToYear=2020&Variable=Issuer,https://www.sedar.com/ModifyCompanyDocumentSearchForm.do?lang=EN&company_search=Canacol Energy Ltd&document_selection=0&industry_group=A&FromDate=13&FromMonth=05&FromYear=2000&ToDate=13&ToMonth=11&ToYear=2020&Variable=Issuer
0,2013-12-31,CNE.TO,2013-12-31,2013-12-31,Q4,42168000,7530000.0,34638000,0.8214285714285714,0.0,9499000.0,0.0,0.0,15145000,32188000,1741000.0,0.0,18224000,0.43217605767406564,9980000.0,-0.17570195408840827,-15339000,-7409000.0,-0.17570195408840827,3003000.0,-10412000,-0.24691709353063934,-0.12,-0.12,86673000,86673000,https://www.sedar.com/ModifyCompanyDocumentSearchForm.do?lang=EN&company_search=Canacol Energy Ltd&document_selection=0&industry_group=A&FromDate=13&FromMonth=05&FromYear=2000&ToDate=13&ToMonth=11&ToYear=2020&Variable=Issuer,https://www.sedar.com/ModifyCompanyDocumentSearchForm.do?lang=EN&company_search=Canacol Energy Ltd&document_selection=0&industry_group=A&FromDate=13&FromMonth=05&FromYear=2000&ToDate=13&ToMonth=11&ToYear=2020&Variable=Issuer
0,2013-09-30,CNE.TO,2013-09-30,2013-09-30,Q3,48222000,7298000.0,40924000,0.8486582887478744,0.0,5642000.0,0.0,0.0,17916000,30866000,2030000.0,0.0,25049000,0.519451702542408,17356000,0.08703496329476172,-11354000,4197000.0,0.08703496329476172,1216000.0,2981000.0,0.06181825722699183,0.03,0.03,86560000,87109000,https://www.sedar.com/ModifyCompanyDocumentSearchForm.do?lang=EN&company_search=Canacol Energy Ltd&document_selection=0&industry_group=A&FromDate=13&FromMonth=05&FromYear=2000&ToDate=13&ToMonth=11&ToYear=2020&Variable=Issuer,https://www.sedar.com/ModifyCompanyDocumentSearchForm.do?lang=EN&company_search=Canacol Energy Ltd&document_selection=0&industry_group=A&FromDate=13&FromMonth=05&FromYear=2000&ToDate=13&ToMonth=11&ToYear=2020&Variable=Issuer
0,2013-06-30,CNE.TO,2013-06-30,2013-06-30,Q2,41796000,12720000,29076000,0.6956646569049669,0.0,10125000,0.0,0.0,54019000,76888000,7249000.0,0.0,-25975000,-0.6214709541582927,-35092000,-3.8069671738922386,-113172000,-159116000,-3.8069671738922386,-42215000,-116901000,-2.7969422911283375,-0.6459332522930711,-0.6459332522930711,180980000,180980000,https://www.sedar.com/ModifyCompanyDocumentSearchForm.do?lang=EN&company_search=Canacol Energy Ltd&document_selection=0&industry_group=A&FromDate=13&FromMonth=05&FromYear=2000&ToDate=13&ToMonth=11&ToYear=2020&Variable=Issuer,https://www.sedar.com/ModifyCompanyDocumentSearchForm.do?lang=EN&company_search=Canacol Energy Ltd&document_selection=0&industry_group=A&FromDate=13&FromMonth=05&FromYear=2000&ToDate=13&ToMonth=11&ToYear=2020&Variable=Issuer
0,2013-03-31,CNE.TO,2013-03-31,2013-03-31,Q1,36725000,12026000,24699000,0.6725391422736555,0.0,7479000.0,0.0,0.0,14170000,33705000,2470000.0,0.0,15044000,0.40963921034717493,3020000.0,-0.009448604492852281,-895000.0,-347000.0,-0.009448604492852281,281000.0,-628000.0,-0.017100068073519402,-0.01,-0.01,86499000,86499000,https://www.sedar.com/ModifyCompanyDocumentSearchForm.do?lang=EN&company_search=Canacol Energy Ltd&document_selection=0&industry_group=A&FromDate=13&FromMonth=05&FromYear=2000&ToDate=13&ToMonth=11&ToYear=2020&Variable=Issuer,https://www.sedar.com/ModifyCompanyDocumentSearchForm.do?lang=EN&company_search=Canacol Energy Ltd&document_selection=0&industry_group=A&FromDate=13&FromMonth=05&FromYear=2000&ToDate=13&ToMonth=11&ToYear=2020&Variable=Issuer
0,2012-12-31,CNE.TO,2012-12-31,2012-12-31,Q4,27350000,10195000,17155000,0.6272394881170018,0.0,6769000.0,0.0,0.0,32576000,49568000,661000.0,0.0,-13666000,-0.4996709323583181,-22218000,0.18142595978062157,29484000,4962000.0,0.18142595978062157,1831000.0,3131000.0,0.11447897623400366,0.05,0.05,64840000,65124000,https://www.sedar.com/ModifyCompanyDocumentSearchForm.do?lang=EN&company_search=Canacol Energy Ltd&document_selection=0&industry_group=A&FromDate=13&FromMonth=05&FromYear=2000&ToDate=13&ToMonth=11&ToYear=2020&Variable=Issuer,https://www.sedar.com/ModifyCompanyDocumentSearchForm.do?lang=EN&company_search=Canacol Energy Ltd&document_selection=0&industry_group=A&FromDate=13&FromMonth=05&FromYear=2000&ToDate=13&ToMonth=11&ToYear=2020&Variable=Issuer
0,2012-09-30,CNE.TO,2012-09-30,2012-09-30,Q3,41795000,25951000,15844000,0.3790884077042708,0.0,5904000.0,0.0,0.0,0.0,45154000,480000.0,0.0,10209000,0.2442636679028592,-3359000.0,-0.20744108146907525,-5100000.0,-8670000.0,-0.20744108146907525,-2456000.0,-6214000.0,-0.14867807153965784,-0.1,-0.1,61898200,61898200,https://www.sedar.com/ModifyCompanyDocumentSearchForm.do?lang=EN&company_search=Canacol Energy Ltd&document_selection=0&industry_group=A&FromDate=13&FromMonth=05&FromYear=2000&ToDate=13&ToMonth=11&ToYear=2020&Variable=Issuer,https://www.sedar.com/ModifyCompanyDocumentSearchForm.do?lang=EN&company_search=Canacol Energy Ltd&document_selection=0&industry_group=A&FromDate=13&FromMonth=05&FromYear=2000&ToDate=13&ToMonth=11&ToYear=2020&Variable=Issuer
0,2012-06-30,CNE.TO,2012-06-30,2012-06-30,Q2,45701000,20205000,25496000,0.5578871359488852,0.0,8360000.0,0.0,0.0,0.0,51286000,600000.0,0.0,15264000,0.3339970678978578,-5585000.0,0.026563970153825955,9271000.0,1214000.0,0.026563970153825955,-2616000.0,3830000.0,0.08380560600424498,0.0211625593988286,0.0211625593988286,180980000,180980000,https://www.sedar.com/ModifyCompanyDocumentSearchForm.do?lang=EN&company_search=Canacol Energy Ltd&document_selection=0&industry_group=A&FromDate=13&FromMonth=05&FromYear=2000&ToDate=13&ToMonth=11&ToYear=2020&Variable=Issuer,https://www.sedar.com/ModifyCompanyDocumentSearchForm.do?lang=EN&company_search=Canacol Energy Ltd&document_selection=0&industry_group=A&FromDate=13&FromMonth=05&FromYear=2000&ToDate=13&ToMonth=11&ToYear=2020&Variable=Issuer
0,2012-03-31,CNE.TO,2012-03-31,2012-03-31,Q1,48632000,19290000,29342000,0.6033475900641553,0.0,5381000.0,0.0,0.0,0.0,42759000,721000.0,0.0,24679000,0.5074642210889949,5873000.0,0.014044250699128145,-5187000.0,683000.0,0.014044250699128145,-2980000.0,3663000.0,0.075320776443494,0.1,0.1,62044800,63482400,https://www.sedar.com/ModifyCompanyDocumentSearchForm.do?lang=EN&company_search=Canacol Energy Ltd&document_selection=0&industry_group=A&FromDate=13&FromMonth=05&FromYear=2000&ToDate=13&ToMonth=11&ToYear=2020&Variable=Issuer,https://www.sedar.com/ModifyCompanyDocumentSearchForm.do?lang=EN&company_search=Canacol Energy Ltd&document_selection=0&industry_group=A&FromDate=13&FromMonth=05&FromYear=2000&ToDate=13&ToMonth=11&ToYear=2020&Variable=Issuer
0,2011-12-31,CNE.TO,2011-12-31,2011-12-31,Q4,55241000,25272000,29969000,0.5425137126409731,0.0,6279000.0,0.0,0.0,0.0,46067000,1980000.0,0.0,24359000,0.4409587082058616,9174000.0,0.1329990405676943,-516000.0,7347000.0,0.1329990405676943,9707000.0,-2423000.0,-0.04386234861787441,0.0,0.0,54684700,54684700,https://www.sedar.com/ModifyCompanyDocumentSearchForm.do?lang=EN&company_search=Canacol Energy Ltd&document_selection=0&industry_group=A&FromDate=13&FromMonth=05&FromYear=2000&ToDate=13&ToMonth=11&ToYear=2020&Variable=Issuer,https://www.sedar.com/ModifyCompanyDocumentSearchForm.do?lang=EN&company_search=Canacol Energy Ltd&document_selection=0&industry_group=A&FromDate=13&FromMonth=05&FromYear=2000&ToDate=13&ToMonth=11&ToYear=2020&Variable=Issuer
0,2011-09-30,CNE.TO,2011-09-30,2011-09-30,Q3,35330000,14725000,20605000,0.5832153976790263,0.0,5019000.0,0.0,0.0,0.0,28267000,511000.0,0.0,21782000,0.6165298613076705,7063000.0,0.5706481743560713,7413000.0,20161000,0.5706481743560713,6675000.0,13486000,0.38171525615624113,0.3,0.3,51229400,52234500,https://www.sedar.com/ModifyCompanyDocumentSearchForm.do?lang=EN&company_search=Canacol Energy Ltd&document_selection=0&industry_group=A&FromDate=13&FromMonth=05&FromYear=2000&ToDate=13&ToMonth=11&ToYear=2020&Variable=Issuer,https://www.sedar.com/ModifyCompanyDocumentSearchForm.do?lang=EN&company_search=Canacol Energy Ltd&document_selection=0&industry_group=A&FromDate=13&FromMonth=05&FromYear=2000&ToDate=13&ToMonth=11&ToYear=2020&Variable=Issuer
0,2011-06-30,CNE.TO,2011-06-30,2011-06-30,Q2,47896000,15083000,32813000,0.6850885251377986,0.0,7021000.0,0.0,0.0,-2141000.0,35120000,-183000.0,0.0,22764000,0.47527977284115586,12776000,0.27056539168197763,0.0,12959000,0.27056539168197763,4042000.0,8917000.0,0.1861742107900451,0.04927063763951818,0.04927063763951818,180980000,180980000,https://www.sedar.com/ModifyCompanyDocumentSearchForm.do?lang=EN&company_search=Canacol Energy Ltd&document_selection=0&industry_group=A&FromDate=13&FromMonth=05&FromYear=2000&ToDate=13&ToMonth=11&ToYear=2020&Variable=Issuer,https://www.sedar.com/ModifyCompanyDocumentSearchForm.do?lang=EN&company_search=Canacol Energy Ltd&document_selection=0&industry_group=A&FromDate=13&FromMonth=05&FromYear=2000&ToDate=13&ToMonth=11&ToYear=2020&Variable=Issuer
0,2011-03-31,CNE.TO,2011-03-31,2011-03-31,Q1,32325000,10351000,21974000,0.679783449342614,0.0,6155000.0,0.0,0.0,6779000.0,33937000,887000.0,0.0,9040000.0,0.2796597061098221,-1612000.0,-0.07730858468677494,-196000.0,-2499000.0,-0.07730858468677494,844000.0,-3343000.0,-0.1034184068058778,-0.07,-0.07,47105611,47105611,https://www.sedar.com/ModifyCompanyDocumentSearchForm.do?lang=EN&company_search=Canacol Energy Ltd&document_selection=0&industry_group=A&FromDate=13&FromMonth=05&FromYear=2000&ToDate=13&ToMonth=11&ToYear=2020&Variable=Issuer,https://www.sedar.com/ModifyCompanyDocumentSearchForm.do?lang=EN&company_search=Canacol Energy Ltd&document_selection=0&industry_group=A&FromDate=13&FromMonth=05&FromYear=2000&ToDate=13&ToMonth=11&ToYear=2020&Variable=Issuer
0,2010-12-31,CNE.TO,2010-12-31,2010-12-31,Q4,17128000,6445000.0,10683000,0.6237155534796824,0.0,7183000.0,0.0,0.0,-485000.0,18914000,1331000.0,0.0,3985000.0,0.23265997197571228,-1786000.0,-0.7467304997664642,-9673000.0,-12790000,-0.7467304997664642,-1045000.0,-13835000,-0.8077417094815507,-0.3,-0.3,44647502,44647502,https://www.sedar.com/ModifyCompanyDocumentSearchForm.do?lang=EN&company_search=Canacol Energy Ltd&document_selection=0&industry_group=A&FromDate=13&FromMonth=05&FromYear=2000&ToDate=13&ToMonth=11&ToYear=2020&Variable=Issuer,https://www.sedar.com/ModifyCompanyDocumentSearchForm.do?lang=EN&company_search=Canacol Energy Ltd&document_selection=0&industry_group=A&FromDate=13&FromMonth=05&FromYear=2000&ToDate=13&ToMonth=11&ToYear=2020&Variable=Issuer
0,2010-09-30,CNE.TO,2010-09-30,2010-09-30,Q3,16798000,7334000.0,9464000.0,0.5634004048100965,0.0,5838000.0,0.0,0.0,0.0,19224000,1374000.0,0.0,3877000.0,0.23080128586736517,-2426000.0,-0.19794023097987856,224000.0,-3325000.0,-0.19794023097987856,-723000.0,-2602000.0,-0.15489939278485534,-0.060475,-0.060475,43026048,43026048,https://www.sedar.com/ModifyCompanyDocumentSearchForm.do?lang=EN&company_search=Canacol Energy Ltd&document_selection=0&industry_group=A&FromDate=13&FromMonth=05&FromYear=2000&ToDate=13&ToMonth=11&ToYear=2020&Variable=Issuer,https://www.sedar.com/ModifyCompanyDocumentSearchForm.do?lang=EN&company_search=Canacol Energy Ltd&document_selection=0&industry_group=A&FromDate=13&FromMonth=05&FromYear=2000&ToDate=13&ToMonth=11&ToYear=2020&Variable=Issuer
0,2010-06-30,CNE.TO,2010-06-30,2010-06-30,Q2,6289087.698646,5673553.462821,615534.235825,0.09787337453690152,0.0,3451521.090838,0.0,0.0,-73814.204434,12548660.584658,2361103.001766,0.0,-2762172.650579,-0.4392008480297831,-6259572.886011,-1.7056012575697403,313552.285658,-10726675.887777,-1.7056012575697403,607375.907397,-11334051.795174,-1.802177412411366,-0.0626259906905404,-0.0626259906905404,180980000,180980000,https://www.sedar.com/ModifyCompanyDocumentSearchForm.do?lang=EN&company_search=Canacol Energy Ltd&document_selection=0&industry_group=A&FromDate=13&FromMonth=05&FromYear=2000&ToDate=13&ToMonth=11&ToYear=2020&Variable=Issuer,https://www.sedar.com/ModifyCompanyDocumentSearchForm.do?lang=EN&company_search=Canacol Energy Ltd&document_selection=0&industry_group=A&FromDate=13&FromMonth=05&FromYear=2000&ToDate=13&ToMonth=11&ToYear=2020&Variable=Issuer
0,2010-03-31,CNE.TO,2010-03-31,2010-03-31,Q1,6907004.120071,3868942.515205,3038061.604866,0.4398522937083133,0.0,4266235.04022,0.0,0.0,-3923.87679,11909947.027663,710221.699039,0.0,-1104124.348259,-0.15985575353148193,-5002942.907593,-0.827155233631491,-168726.701982,-5713164.606631,-0.827155233631491,-474789.091623,-5238375.515009,-0.7584149978696049,-0.196194,-0.196194,33228832,33228832,https://www.sedar.com/ModifyCompanyDocumentSearchForm.do?lang=EN&company_search=Canacol Energy Ltd&document_selection=0&industry_group=A&FromDate=13&FromMonth=05&FromYear=2000&ToDate=13&ToMonth=11&ToYear=2020&Variable=Issuer,https://www.sedar.com/ModifyCompanyDocumentSearchForm.do?lang=EN&company_search=Canacol Energy Ltd&document_selection=0&industry_group=A&FromDate=13&FromMonth=05&FromYear=2000&ToDate=13&ToMonth=11&ToYear=2020&Variable=Issuer
0,2009-12-31,CNE.TO,2009-12-31,2009-12-31,Q4,4566899.054532,3506828.383153,1060070.671378,0.23212045169380963,0.0,2904211.632127,0.0,0.0,-455543.883106,8167319.262726,719129.023016,0.0,-1343545.823056,-0.2941921437310337,-3600420.208194,-0.9458385612713422,-267405.214402,-4319549.23121,-0.9458385612713422,-123197.402349,-4196351.828861,-0.9188624006691621,-0.095502,-0.095502,30331163,30331163,https://www.sedar.com/ModifyCompanyDocumentSearchForm.do?lang=EN&company_search=Canacol Energy Ltd&document_selection=0&industry_group=A&FromDate=13&FromMonth=05&FromYear=2000&ToDate=13&ToMonth=11&ToYear=2020&Variable=Issuer,https://www.sedar.com/ModifyCompanyDocumentSearchForm.do?lang=EN&company_search=Canacol Energy Ltd&document_selection=0&industry_group=A&FromDate=13&FromMonth=05&FromYear=2000&ToDate=13&ToMonth=11&ToYear=2020&Variable=Issuer
0,2009-09-30,CNE.TO,2009-09-30,2009-09-30,Q3,4092057.255122,2881466.928618,1210590.326504,0.2958390489255038,0.0,1715782.580223,0.0,0.0,0.0,6761156.328936,835438.301057,0.0,126298.06343,0.03086419753093962,-2669099.073814,-0.35779606767265254,1408925.063149,-1464121.994574,-0.35779606767265254,-99167.368323,-1364954.626251,-0.33356195701868435,-0.093554,-0.093554,18083414,18083414,https://www.sedar.com/ModifyCompanyDocumentSearchForm.do?lang=EN&company_search=Canacol Energy Ltd&document_selection=0&industry_group=A&FromDate=13&FromMonth=05&FromYear=2000&ToDate=13&ToMonth=11&ToYear=2020&Variable=Issuer,https://www.sedar.com/ModifyCompanyDocumentSearchForm.do?lang=EN&company_search=Canacol Energy Ltd&document_selection=0&industry_group=A&FromDate=13&FromMonth=05&FromYear=2000&ToDate=13&ToMonth=11&ToYear=2020&Variable=Issuer
0,2009-06-30,CNE.TO,2009-06-30,2009-06-30,Q2,3799806.029827,1866207.5129,1933598.516927,0.5088676900212808,0.0,2883523.351924,0.0,0.0,58692.132739,7176168.179447,1534319.509656,0.0,-1008616.967737,-0.26543906710493875,-3376362.149621,-1.4965740171776367,-776009.315278,-5686690.974554,-1.4965740171776367,311823.833332,-4822674.515505,-1.2691896580111932,-0.026647555064123106,-0.026647555064123106,180980000,180980000,https://www.sedar.com/ModifyCompanyDocumentSearchForm.do?lang=EN&company_search=Canacol Energy Ltd&document_selection=0&industry_group=A&FromDate=13&FromMonth=05&FromYear=2000&ToDate=13&ToMonth=11&ToYear=2020&Variable=Issuer,https://www.sedar.com/ModifyCompanyDocumentSearchForm.do?lang=EN&company_search=Canacol Energy Ltd&document_selection=0&industry_group=A&FromDate=13&FromMonth=05&FromYear=2000&ToDate=13&ToMonth=11&ToYear=2020&Variable=Issuer
0,2009-03-31,CNE.TO,2009-03-31,2009-03-31,Q1,2501781.895937,1875346.479766,626435.416172,0.25039569484028873,0.0,1512631.662311,0.0,0.0,998653.678625,5465272.828067,462500.989942,0.0,-1884849.924764,-0.753402975625124,-2963490.93213,-1.5565052231719643,-468044.666191,-3894036.588263,-1.5565052231719643,105329.848737,-3999366.437,-1.5986071541628553,-0.316781,-0.316781,11704117,11704117,https://www.sedar.com/ModifyCompanyDocumentSearchForm.do?lang=EN&company_search=Canacol Energy Ltd&document_selection=0&industry_group=A&FromDate=13&FromMonth=05&FromYear=2000&ToDate=13&ToMonth=11&ToYear=2020&Variable=Issuer,https://www.sedar.com/ModifyCompanyDocumentSearchForm.do?lang=EN&company_search=Canacol Energy Ltd&document_selection=0&industry_group=A&FromDate=13&FromMonth=05&FromYear=2000&ToDate=13&ToMonth=11&ToYear=2020&Variable=Issuer
0,2008-12-31,CNE.TO,2008-12-31,2008-12-31,Q4,2525883.319638,2153656.532457,372226.787182,0.14736499674709683,0.0,1593262.119967,0.0,3000000.0,0.0,5184059.161873,742810.188989,0.0,1778964.667214,0.7042940793753507,-2658175.842235,-2.9817826935594183,-4130649.137223,-7531635.168447,-2.9817826935594183,262119.967132,6488085.456039,2.5686402081980764,0.575185,0.575185,11704117,11704117,https://www.sedar.com/ModifyCompanyDocumentSearchForm.do?lang=EN&company_search=Canacol Energy Ltd&document_selection=0&industry_group=A&FromDate=13&FromMonth=05&FromYear=2000&ToDate=13&ToMonth=11&ToYear=2020&Variable=Issuer,https://www.sedar.com/ModifyCompanyDocumentSearchForm.do?lang=EN&company_search=Canacol Energy Ltd&document_selection=0&industry_group=A&FromDate=13&FromMonth=05&FromYear=2000&ToDate=13&ToMonth=11&ToYear=2020&Variable=Issuer
0,2008-09-30,CNE.TO,2008-09-30,2008-09-30,Q3,9892310.598904,7699792.178349,2192518.420555,0.22163865546214412,0.0,2440959.758171,0.0,0.0,0.0,12050821.840166,2904779.897978,0.0,-248441.337616,-0.025114591291090838,-2158511.241262,-0.8130252100840905,-2979406.76365,-8042697.902891,-0.8130252100840905,-1252597.77064,-6790100.13225,-0.6864018334606574,-0.755715,-0.755715,9008466.0,9008466.0,https://www.sedar.com/ModifyCompanyDocumentSearchForm.do?lang=EN&company_search=Canacol Energy Ltd&document_selection=0&industry_group=A&FromDate=13&FromMonth=05&FromYear=2000&ToDate=13&ToMonth=11&ToYear=2020&Variable=Issuer,https://www.sedar.com/ModifyCompanyDocumentSearchForm.do?lang=EN&company_search=Canacol Energy Ltd&document_selection=0&industry_group=A&FromDate=13&FromMonth=05&FromYear=2000&ToDate=13&ToMonth=11&ToYear=2020&Variable=Issuer
0,2008-06-30,CNE.TO,2008-06-30,2008-06-30,Q2,11822626.422897,8659557.152672,3163069.270225,0.26754370451045056,0.0,3084093.899024,0.0,0.0,0.0,13734887.028001,3095089.759227,0.0,78975.371201,0.0066800191747620145,-1912260.605104,-0.5009523974384146,-563527.359317,-5922573.050569,-0.5009523974384146,2508055.151291,-8430628.20186,-0.7130926665780725,-0.04658320367919107,-0.04658320367919107,180980000,180980000,https://www.sedar.com/ModifyCompanyDocumentSearchForm.do?lang=EN&company_search=Canacol Energy Ltd&document_selection=0&industry_group=A&FromDate=13&FromMonth=05&FromYear=2000&ToDate=13&ToMonth=11&ToYear=2020&Variable=Issuer,https://www.sedar.com/ModifyCompanyDocumentSearchForm.do?lang=EN&company_search=Canacol Energy Ltd&document_selection=0&industry_group=A&FromDate=13&FromMonth=05&FromYear=2000&ToDate=13&ToMonth=11&ToYear=2020&Variable=Issuer
0,2008-03-31,CNE.TO,2008-03-31,2008-03-31,Q1,8256096.376178,6306227.533275,1949868.842903,0.23617321722758935,0.0,2115029.631789,0.0,0.0,0.0,9888273.583989,2308364.90819,0.0,297040.723758,0.035978349842799344,-1632177.207811,-0.6567427630030975,-1611774.992713,-5422131.545711,-0.6567427630030975,68978.917711,-5491110.463422,-0.6650976700400394,-0.58292,-0.609913,9003109.0,9003109.0,https://www.sedar.com/ModifyCompanyDocumentSearchForm.do?lang=EN&company_search=Canacol Energy Ltd&document_selection=0&industry_group=A&FromDate=13&FromMonth=05&FromYear=2000&ToDate=13&ToMonth=11&ToYear=2020&Variable=Issuer,https://www.sedar.com/ModifyCompanyDocumentSearchForm.do?lang=EN&company_search=Canacol Energy Ltd&document_selection=0&industry_group=A&FromDate=13&FromMonth=05&FromYear=2000&ToDate=13&ToMonth=11&ToYear=2020&Variable=Issuer
0,2007-12-31,CNE.TO,2007-12-31,2007-12-31,Q4,6459658.689286,3359588.003635,3100070.685651,0.4799124589651745,0.0,2323538.321721,0.0,0.0,0.0,6616176.916086,916893.870544,0.0,936534.831052,0.14498209210423735,-156518.2268,-0.2372987337814641,-459456.730284,-1532868.827628,-0.2372987337814641,-797738.059174,-735130.768454,-0.11380334531811859,-0.10098,-0.10098,7280000.0,7957534.0,https://www.sedar.com/ModifyCompanyDocumentSearchForm.do?lang=EN&company_search=Canacol Energy Ltd&document_selection=0&industry_group=A&FromDate=13&FromMonth=05&FromYear=2000&ToDate=13&ToMonth=11&ToYear=2020&Variable=Issuer,https://www.sedar.com/ModifyCompanyDocumentSearchForm.do?lang=EN&company_search=Canacol Energy Ltd&document_selection=0&industry_group=A&FromDate=13&FromMonth=05&FromYear=2000&ToDate=13&ToMonth=11&ToYear=2020&Variable=Issuer
0,2007-09-30,CNE.TO,2007-09-30,2007-09-30,Q3,2001410.153102,2434528.605963,-433118.452861,-0.21640664318091252,0.0,2250201.450443,0.0,0.0,0.0,5179290.89444,404915.390814,0.0,-2597703.464948,-1.2979365878212423,-3177880.741338,-1.3699043784601355,841055.600322,-2741740.531829,-1.3699043784601355,0.0,-2741740.531829,-1.3699043784601355,-0.302176,-0.302176,7957534.0,7957534.0,https://www.sedar.com/ModifyCompanyDocumentSearchForm.do?lang=EN&company_search=Canacol Energy Ltd&document_selection=0&industry_group=A&FromDate=13&FromMonth=05&FromYear=2000&ToDate=13&ToMonth=11&ToYear=2020&Variable=Issuer,https://www.sedar.com/ModifyCompanyDocumentSearchForm.do?lang=EN&company_search=Canacol Energy Ltd&document_selection=0&industry_group=A&FromDate=13&FromMonth=05&FromYear=2000&ToDate=13&ToMonth=11&ToYear=2020&Variable=Issuer
0,2007-06-30,CNE.TO,2007-06-30,2007-06-30,Q2,3114985.84764,3144345.04928,-29359.20164,-0.00942514768156759,0.0,2677148.709714,0.0,0.0,0.0,6466030.471971,0.0,0.0,-2706507.911354,-0.8688668404078067,-3351044.624331,-1.1119284582050835,-112596.786566,-3463641.410897,-1.1119284582050835,27135.998063,-3490775.530143,-1.1206392904762983,-0.01928818394376727,-0.01928818394376727,180980000,180980000,https://www.sedar.com/ModifyCompanyDocumentSearchForm.do?lang=EN&company_search=Canacol Energy Ltd&document_selection=0&industry_group=A&FromDate=13&FromMonth=05&FromYear=2000&ToDate=13&ToMonth=11&ToYear=2020&Variable=Issuer,https://www.sedar.com/ModifyCompanyDocumentSearchForm.do?lang=EN&company_search=Canacol Energy Ltd&document_selection=0&industry_group=A&FromDate=13&FromMonth=05&FromYear=2000&ToDate=13&ToMonth=11&ToYear=2020&Variable=Issuer
0,2007-03-31,CNE.TO,2007-03-31,2007-03-31,Q1,1418698.855756,1118384.188627,300314.667129,0.21168316722788047,0.0,1688897.364771,0.0,0.0,0.0,3343500.346741,0.0,0.0,-1381470.135683,-0.9737585464864837,-1924801.490985,-1.3538763945738643,4058.599168,-1920742.891817,-1.3538763945738643,20827.843273,-1941570.73509,-1.3685573419704853,-0.346741,-0.346741,6599420.0,6599420.0,https://www.sedar.com/ModifyCompanyDocumentSearchForm.do?lang=EN&company_search=Canacol Energy Ltd&document_selection=0&industry_group=A&FromDate=13&FromMonth=05&FromYear=2000&ToDate=13&ToMonth=11&ToYear=2020&Variable=Issuer,https://www.sedar.com/ModifyCompanyDocumentSearchForm.do?lang=EN&company_search=Canacol Energy Ltd&document_selection=0&industry_group=A&FromDate=13&FromMonth=05&FromYear=2000&ToDate=13&ToMonth=11&ToYear=2020&Variable=Issuer
0,2006-12-31,CNE.TO,2006-12-31,2006-12-31,Q4,1142484.55731,394486.959506,747997.597804,0.6547113420641532,0.0,1575779.855868,0.0,0.0,0.0,2410917.982155,0.0,0.0,-827782.258065,-0.7245456866515796,-1268433.424846,-0.9749759702027705,154538.435141,-1113894.989705,-0.9749759702027705,1124.742622,-1115019.732327,-0.9759604409466448,-0.171585,-0.171585,5429348.0,5429348.0,https://www.sedar.com/ModifyCompanyDocumentSearchForm.do?lang=EN&company_search=Canacol Energy Ltd&document_selection=0&industry_group=A&FromDate=13&FromMonth=05&FromYear=2000&ToDate=13&ToMonth=11&ToYear=2020&Variable=Issuer,https://www.sedar.com/ModifyCompanyDocumentSearchForm.do?lang=EN&company_search=Canacol Energy Ltd&document_selection=0&industry_group=A&FromDate=13&FromMonth=05&FromYear=2000&ToDate=13&ToMonth=11&ToYear=2020&Variable=Issuer
0,2006-09-30,CNE.TO,2006-09-30,2006-09-30,Q3,972957.191474,246015.58302,726941.608454,0.747146549533907,0.0,1368662.009672,0.0,0.0,0.0,1868448.862619,0.0,0.0,-641720.401218,-0.6595566658444793,-895491.671145,-0.9455920633580983,-24528.9271,-920020.598245,-0.9455920633580983,41386.351424,-961406.949669,-0.9881287255942867,-0.179115,-0.179115,5352510.0,5352510.0,https://www.sedar.com/ModifyCompanyDocumentSearchForm.do?lang=EN&company_search=Canacol Energy Ltd&document_selection=0&industry_group=A&FromDate=13&FromMonth=05&FromYear=2000&ToDate=13&ToMonth=11&ToYear=2020&Variable=Issuer,https://www.sedar.com/ModifyCompanyDocumentSearchForm.do?lang=EN&company_search=Canacol Energy Ltd&document_selection=0&industry_group=A&FromDate=13&FromMonth=05&FromYear=2000&ToDate=13&ToMonth=11&ToYear=2020&Variable=Issuer
0,2006-06-30,CNE.TO,2006-06-30,2006-06-30,Q2,875525.91803,82817.582561,792708.33547,0.9054081885475809,0.0,1019898.381932,0.0,0.0,0.0,1380376.932673,0.0,0.0,-227190.046462,-0.2594898012536224,-504851.014642,-0.8397865672707664,-230403.890617,-735254.905259,-0.8397865672707664,25234.320847,-760504.666148,-0.8686261028790484,-0.004202147564084429,-0.004202147564084429,180980000,180980000,https://www.sedar.com/ModifyCompanyDocumentSearchForm.do?lang=EN&company_search=Canacol Energy Ltd&document_selection=0&industry_group=A&FromDate=13&FromMonth=05&FromYear=2000&ToDate=13&ToMonth=11&ToYear=2020&Variable=Issuer,https://www.sedar.com/ModifyCompanyDocumentSearchForm.do?lang=EN&company_search=Canacol Energy Ltd&document_selection=0&industry_group=A&FromDate=13&FromMonth=05&FromYear=2000&ToDate=13&ToMonth=11&ToYear=2020&Variable=Issuer
0,2006-03-31,CNE.TO,2006-03-31,2006-03-31,Q1,557515.011151,133920.912678,423594.098473,0.7597895841378013,0.0,1615165.551553,0.0,0.0,0.0,1818948.36164,0.0,0.0,-1191571.453079,-2.137290349579967,-1261433.350489,-2.555254165314585,-163159.20398,-1424592.554469,-2.555254165314585,6706.98233,-1431284.096758,-2.5672566085764896,-0.343112,-0.343112,4101964.0,4101964.0,https://www.sedar.com/ModifyCompanyDocumentSearchForm.do?lang=EN&company_search=Canacol Energy Ltd&document_selection=0&industry_group=A&FromDate=13&FromMonth=05&FromYear=2000&ToDate=13&ToMonth=11&ToYear=2020&Variable=Issuer,https://www.sedar.com/ModifyCompanyDocumentSearchForm.do?lang=EN&company_search=Canacol Energy Ltd&document_selection=0&industry_group=A&FromDate=13&FromMonth=05&FromYear=2000&ToDate=13&ToMonth=11&ToYear=2020&Variable=Issuer
0,2005-12-31,CNE.TO,2005-12-31,2005-12-31,Q4,117918.029964,16528.32788,101389.702084,0.859832055496127,0.0,425093.852247,0.0,0.0,0.0,466530.04994,0.0,0.0,-323674.940951,-2.7449147602772617,-348612.019976,0.0,0.0,0.0,0.0,0.0,-348612.019976,-2.9563928441005176,-0.258309,-0.258309,1463263.0,1463263.0,https://www.sedar.com/ModifyCompanyDocumentSearchForm.do?lang=EN&company_search=Canacol Energy Ltd&document_selection=0&industry_group=A&FromDate=13&FromMonth=05&FromYear=2000&ToDate=13&ToMonth=11&ToYear=2020&Variable=Issuer,https://www.sedar.com/ModifyCompanyDocumentSearchForm.do?lang=EN&company_search=Canacol Energy Ltd&document_selection=0&industry_group=A&FromDate=13&FromMonth=05&FromYear=2000&ToDate=13&ToMonth=11&ToYear=2020&Variable=Issuer
0,2005-09-30,CNE.TO,2005-09-30,2005-09-30,Q3,28240.65712,603.793059,27636.864061,0.97861972345635,0.0,149982.367867,0.0,0.0,0.0,177725.024728,0.0,0.0,-122345.503806,-4.332247060899835,-149484.367608,0.0,0.0,0.0,0.0,0.0,-149484.367608,-5.293232624609693,-0.08601,-0.08601,1455365.0,1455365.0,https://www.sedar.com/ModifyCompanyDocumentSearchForm.do?lang=EN&company_search=Canacol Energy Ltd&document_selection=0&industry_group=A&FromDate=13&FromMonth=05&FromYear=2000&ToDate=13&ToMonth=11&ToYear=2020&Variable=Issuer,https://www.sedar.com/ModifyCompanyDocumentSearchForm.do?lang=EN&company_search=Canacol Energy Ltd&document_selection=0&industry_group=A&FromDate=13&FromMonth=05&FromYear=2000&ToDate=13&ToMonth=11&ToYear=2020&Variable=Issuer
0,2005-02-28,CNE.TO,,,Q1,0.0,0.0,0.0,0.0,0.0,30687.749214,0.0,0.0,0.0,30687.749214,106.979609,0.0,-30687.749214,0.0,-30687.749214,0.0,0.0,0.0,0.0,0.0,-30794.728823,0.0,-0.033823,-0.033823,910463.0,910463.0,https://www.sedar.com/ModifyCompanyDocumentSearchForm.do?lang=EN&company_search=Canacol Energy Ltd&document_selection=0&industry_group=A&FromDate=13&FromMonth=05&FromYear=2000&ToDate=13&ToMonth=11&ToYear=2020&Variable=Issuer,https://www.sedar.com/ModifyCompanyDocumentSearchForm.do?lang=EN&company_search=Canacol Energy Ltd&document_selection=0&industry_group=A&FromDate=13&FromMonth=05&FromYear=2000&ToDate=13&ToMonth=11&ToYear=2020&Variable=Issuer
0,2004-11-30,CNE.TO,,,Q4,0.0,0.0,0.0,0.0,0.0,37618.434018,0.0,0.0,0.0,37618.434018,85.904141,0.0,-37618.434018,0.0,-37618.434018,0.0,0.0,0.0,0.0,0.0,-37704.338159,0.0,-0.041412,-0.041412,910463.0,910463.0,https://www.sedar.com/ModifyCompanyDocumentSearchForm.do?lang=EN&company_search=Canacol Energy Ltd&document_selection=0&industry_group=A&FromDate=13&FromMonth=05&FromYear=2000&ToDate=13&ToMonth=11&ToYear=2020&Variable=Issuer,https://www.sedar.com/ModifyCompanyDocumentSearchForm.do?lang=EN&company_search=Canacol Energy Ltd&document_selection=0&industry_group=A&FromDate=13&FromMonth=05&FromYear=2000&ToDate=13&ToMonth=11&ToYear=2020&Variable=Issuer
0,2004-08-31,CNE.TO,,,Q3,0.0,0.0,0.0,0.0,0.0,33631.959046,0.0,0.0,0.0,33631.959046,0.0,0.0,-33631.959046,0.0,-33631.959046,0.0,0.0,0.0,0.0,0.0,-33640.338849,0.0,-0.07618,-0.07618,659394.0,659394.0,https://www.sedar.com/ModifyCompanyDocumentSearchForm.do?lang=EN&company_search=Canacol Energy Ltd&document_selection=0&industry_group=A&FromDate=13&FromMonth=05&FromYear=2000&ToDate=13&ToMonth=11&ToYear=2020&Variable=Issuer,https://www.sedar.com/ModifyCompanyDocumentSearchForm.do?lang=EN&company_search=Canacol Energy Ltd&document_selection=0&industry_group=A&FromDate=13&FromMonth=05&FromYear=2000&ToDate=13&ToMonth=11&ToYear=2020&Variable=Issuer
0,2004-05-31,CNE.TO,2004-05-31,2004-05-31,Q2,-973.573556,0.0,-973.573556,1.0,0.0,61100.238605,0.0,0.0,0.0,-1754.888488,39.8738,0.0,1050.672588,-1.0791917893875087,781.314932,0.0,-252447.598051,0.0,0.0,0.0,-250676.001091,257.4802895437312,-0.001385103332362692,-0.001385103332362692,180980000,180980000,https://www.sedar.com/ModifyCompanyDocumentSearchForm.do?lang=EN&company_search=Canacol Energy Ltd&document_selection=0&industry_group=A&FromDate=13&FromMonth=05&FromYear=2000&ToDate=13&ToMonth=11&ToYear=2020&Variable=Issuer,https://www.sedar.com/ModifyCompanyDocumentSearchForm.do?lang=EN&company_search=Canacol Energy Ltd&document_selection=0&industry_group=A&FromDate=13&FromMonth=05&FromYear=2000&ToDate=13&ToMonth=11&ToYear=2020&Variable=Issuer
0,2004-02-29,CNE.TO,2004-02-29,2004-02-29,Q1,64.453271,0.0,64.453271,1.0,0.0,3106.497789,0.0,0.0,47302.705538,50642.284344,102.67556,0.0,-50175.125153,-778.472905634223,-50577.831072,0.0,-4071.797946,0.0,0.0,0.0,-54752.304579,-849.4883770755406,-0.007495,-0.007495,620462.0,620462.0,https://www.sedar.com/ModifyCompanyDocumentSearchForm.do?lang=EN&company_search=Canacol Energy Ltd&document_selection=0&industry_group=A&FromDate=13&FromMonth=05&FromYear=2000&ToDate=13&ToMonth=11&ToYear=2020&Variable=Issuer,https://www.sedar.com/ModifyCompanyDocumentSearchForm.do?lang=EN&company_search=Canacol Energy Ltd&document_selection=0&industry_group=A&FromDate=13&FromMonth=05&FromYear=2000&ToDate=13&ToMonth=11&ToYear=2020&Variable=Issuer
0,2003-11-30,CNE.TO,2003-11-30,2003-11-30,Q4,11654.083205,0.0,11654.083205,1.0,0.0,6140.215716,0.0,0.0,3077.041602,9456.086287,73.189522,0.0,2436.825886,0.20909631784287575,2197.996918,0.0,15536.209553,0.0,0.0,0.0,6309.707242,0.5414160111104166,0.007704,0.007704,620462.0,620462.0,https://www.sedar.com/ModifyCompanyDocumentSearchForm.do?lang=EN&company_search=Canacol Energy Ltd&document_selection=0&industry_group=A&FromDate=13&FromMonth=05&FromYear=2000&ToDate=13&ToMonth=11&ToYear=2020&Variable=Issuer,https://www.sedar.com/ModifyCompanyDocumentSearchForm.do?lang=EN&company_search=Canacol Energy Ltd&document_selection=0&industry_group=A&FromDate=13&FromMonth=05&FromYear=2000&ToDate=13&ToMonth=11&ToYear=2020&Variable=Issuer
0,2003-08-31,CNE.TO,2003-08-31,2003-08-31,Q3,446.435021,0.0,446.435021,1.0,0.0,6582.388211,0.0,0.0,12365.094271,19117.243372,61.402875,0.0,-18501.047461,-41.44174760205472,-18670.808351,0.0,5122.444557,0.0,0.0,0.0,-13684.172506,-30.65210358127348,-0.021672,-0.021672,620462.0,620462.0,https://www.sedar.com/ModifyCompanyDocumentSearchForm.do?lang=EN&company_search=Canacol Energy Ltd&document_selection=0&industry_group=A&FromDate=13&FromMonth=05&FromYear=2000&ToDate=13&ToMonth=11&ToYear=2020&Variable=Issuer,https://www.sedar.com/ModifyCompanyDocumentSearchForm.do?lang=EN&company_search=Canacol Energy Ltd&document_selection=0&industry_group=A&FromDate=13&FromMonth=05&FromYear=2000&ToDate=13&ToMonth=11&ToYear=2020&Variable=Issuer
0,2003-05-31,CNE.TO,2003-05-31,2003-05-31,Q2,303.582336,0.0,303.582336,1.0,0.0,21206.900194,0.0,0.0,0.0,5824.080369,126.130142,0.0,-5180.56026,-17.064761831202194,-5520.498033,0.0,-307357.420503,0.0,0.0,0.0,-312732.457607,-1030.1404940997622,-0.0017279945718145652,-0.0017279945718145652,180980000,180980000,https://www.sedar.com/ModifyCompanyDocumentSearchForm.do?lang=EN&company_search=Canacol Energy Ltd&document_selection=0&industry_group=A&FromDate=13&FromMonth=05&FromYear=2000&ToDate=13&ToMonth=11&ToYear=2020&Variable=Issuer,https://www.sedar.com/ModifyCompanyDocumentSearchForm.do?lang=EN&company_search=Canacol Energy Ltd&document_selection=0&industry_group=A&FromDate=13&FromMonth=05&FromYear=2000&ToDate=13&ToMonth=11&ToYear=2020&Variable=Issuer
0,2003-02-28,CNE.TO,2003-02-28,2003-02-28,Q1,53.238089,0.0,53.238089,1.0,0.0,8174.405283,0.0,0.0,407.035515,9164.364175,78.172384,0.0,-8479.124592,-159.26801189276347,-9111.126087,0.0,30442.752207,0.0,0.0,0.0,21253.453737,399.21518852789774,0.033695,0.033695,620462.0,620462.0,https://www.sedar.com/ModifyCompanyDocumentSearchForm.do?lang=EN&company_search=Canacol Energy Ltd&document_selection=0&industry_group=A&FromDate=13&FromMonth=05&FromYear=2000&ToDate=13&ToMonth=11&ToYear=2020&Variable=Issuer,https://www.sedar.com/ModifyCompanyDocumentSearchForm.do?lang=EN&company_search=Canacol Energy Ltd&document_selection=0&industry_group=A&FromDate=13&FromMonth=05&FromYear=2000&ToDate=13&ToMonth=11&ToYear=2020&Variable=Issuer
0,2002-11-30,CNE.TO,2002-11-30,2002-11-30,Q4,6474.535114,0.0,6474.535114,1.0,0.0,7637.548725,0.0,0.0,8364.112723,16694.996485,28.755831,0.0,-9527.126334,-1.4714765100894007,-10220.461371,0.0,6317.975589,0.0,0.0,0.0,-10249.217202,-1.5830043426342593,-0.019171,-0.019171,620462.0,620462.0,https://www.sedar.com/ModifyCompanyDocumentSearchForm.do?lang=EN&company_search=Canacol Energy Ltd&document_selection=0&industry_group=A&FromDate=13&FromMonth=05&FromYear=2000&ToDate=13&ToMonth=11&ToYear=2020&Variable=Issuer,https://www.sedar.com/ModifyCompanyDocumentSearchForm.do?lang=EN&company_search=Canacol Energy Ltd&document_selection=0&industry_group=A&FromDate=13&FromMonth=05&FromYear=2000&ToDate=13&ToMonth=11&ToYear=2020&Variable=Issuer
0,2002-08-31,CNE.TO,2002-08-31,2002-08-31,Q3,18.60883,0.0,18.60883,1.0,0.0,10415.811088,0.0,0.0,6184.548255,16806.98152,17.325462,0.0,-16581.750513,-891.0689448503747,-16788.37269,0.0,9978.182752,0.0,0.0,0.0,-6827.5154,-366.8965432001904,-0.006417,-0.006417,620462.0,620462.0,https://www.sedar.com/ModifyCompanyDocumentSearchForm.do?lang=EN&company_search=Canacol Energy Ltd&document_selection=0&industry_group=A&FromDate=13&FromMonth=05&FromYear=2000&ToDate=13&ToMonth=11&ToYear=2020&Variable=Issuer,https://www.sedar.com/ModifyCompanyDocumentSearchForm.do?lang=EN&company_search=Canacol Energy Ltd&document_selection=0&industry_group=A&FromDate=13&FromMonth=05&FromYear=2000&ToDate=13&ToMonth=11&ToYear=2020&Variable=Issuer
0,2002-05-31,CNE.TO,,,Q2,0.0,0.0,0.0,0.0,0.0,6068.279144,0.0,0.0,0.0,-67647.730346,27.166203,0.0,75260.664955,0.0,73369.139659,0.0,2225.960519,0.0,0.0,0.0,75788.77895,0.0,0.00041876880843187095,0.00041876880843187095,180980000,180980000,https://www.sedar.com/ModifyCompanyDocumentSearchForm.do?lang=EN&company_search=Canacol Energy Ltd&document_selection=0&industry_group=A&FromDate=13&FromMonth=05&FromYear=2000&ToDate=13&ToMonth=11&ToYear=2020&Variable=Issuer,https://www.sedar.com/ModifyCompanyDocumentSearchForm.do?lang=EN&company_search=Canacol Energy Ltd&document_selection=0&industry_group=A&FromDate=13&FromMonth=05&FromYear=2000&ToDate=13&ToMonth=11&ToYear=2020&Variable=Issuer
0,2002-02-28,CNE.TO,,,Q1,0.0,0.0,0.0,0.0,0.0,21974.92965,0.0,0.0,56735.23888,80187.684456,3.743706,0.0,-78710.168529,0.0,-80187.684456,0.0,7640.903731,0.0,0.0,0.0,-72176.153841,0.0,-0.106072,-0.106072,612562.0,612562.0,https://www.sedar.com/ModifyCompanyDocumentSearchForm.do?lang=EN&company_search=Canacol Energy Ltd&document_selection=0&industry_group=A&FromDate=13&FromMonth=05&FromYear=2000&ToDate=13&ToMonth=11&ToYear=2020&Variable=Issuer,https://www.sedar.com/ModifyCompanyDocumentSearchForm.do?lang=EN&company_search=Canacol Energy Ltd&document_selection=0&industry_group=A&FromDate=13&FromMonth=05&FromYear=2000&ToDate=13&ToMonth=11&ToYear=2020&Variable=Issuer
0,2001-11-30,CNE.TO,,,Q4,0.0,0.0,0.0,0.0,0.0,14336.755777,0.0,0.0,11523.570361,27782.192695,49.588353,0.0,-25860.326139,0.0,-27782.192695,0.0,11643.091007,0.0,0.0,0.0,-15414.984583,0.0,-0.031787,-0.031787,479093.0,479093.0,https://www.sedar.com/ModifyCompanyDocumentSearchForm.do?lang=EN&company_search=Canacol Energy Ltd&document_selection=0&industry_group=A&FromDate=13&FromMonth=05&FromYear=2000&ToDate=13&ToMonth=11&ToYear=2020&Variable=Issuer,https://www.sedar.com/ModifyCompanyDocumentSearchForm.do?lang=EN&company_search=Canacol Energy Ltd&document_selection=0&industry_group=A&FromDate=13&FromMonth=05&FromYear=2000&ToDate=13&ToMonth=11&ToYear=2020&Variable=Issuer
0,2001-08-31,CNE.TO,2001-08-31,2001-08-31,Q3,0.645299,0.0,0.645299,1.0,0.0,25437.673827,0.0,0.0,7787.464428,34815.154194,16.132467,0.0,-33224.492957,-51486.97418870943,-34814.508895,0.0,411.055257,0.0,0.0,0.0,-34177.599102,-52963.97344796753,-0.06453,-0.06453,479093.0,479093.0,https://www.sedar.com/ModifyCompanyDocumentSearchForm.do?lang=EN&company_search=Canacol Energy Ltd&document_selection=0&industry_group=A&FromDate=13&FromMonth=05&FromYear=2000&ToDate=13&ToMonth=11&ToYear=2020&Variable=Issuer,https://www.sedar.com/ModifyCompanyDocumentSearchForm.do?lang=EN&company_search=Canacol Energy Ltd&document_selection=0&industry_group=A&FromDate=13&FromMonth=05&FromYear=2000&ToDate=13&ToMonth=11&ToYear=2020&Variable=Issuer
0,2001-05-31,CNE.TO,2001-05-31,2001-05-31,Q2,4889.041692,0.0,4889.041692,1.0,0.0,23755.18807,0.0,14341.234343,0.0,-80247.497955,8.819669,0.0,265337.580066,54.271899644499904,85136.539647,0.0,-163245.806887,0.0,0.0,0.0,-79778.940042,-16.317909534816053,-0.0004408163335285667,-0.0004408163335285667,180980000,180980000,https://www.sedar.com/ModifyCompanyDocumentSearchForm.do?lang=EN&company_search=Canacol Energy Ltd&document_selection=0&industry_group=A&FromDate=13&FromMonth=05&FromYear=2000&ToDate=13&ToMonth=11&ToYear=2020&Variable=Issuer,https://www.sedar.com/ModifyCompanyDocumentSearchForm.do?lang=EN&company_search=Canacol Energy Ltd&document_selection=0&industry_group=A&FromDate=13&FromMonth=05&FromYear=2000&ToDate=13&ToMonth=11&ToYear=2020&Variable=Issuer
0,2001-02-28,CNE.TO,2001-02-28,2001-02-28,Q1,0.6508,0.0,0.6508,1.0,0.0,24640.595612,0.0,102.175625,16309.051979,42804.428044,26.682807,0.0,-57851.578516,-88893.02169022741,-42803.777244,0.0,17004.757349,0.0,0.0,0.0,-24928.900083,-38305.00934695759,-0.052644,-0.052644,473537.0,473537.0,https://www.sedar.com/ModifyCompanyDocumentSearchForm.do?lang=EN&company_search=Canacol Energy Ltd&document_selection=0&industry_group=A&FromDate=13&FromMonth=05&FromYear=2000&ToDate=13&ToMonth=11&ToYear=2020&Variable=Issuer,https://www.sedar.com/ModifyCompanyDocumentSearchForm.do?lang=EN&company_search=Canacol Energy Ltd&document_selection=0&industry_group=A&FromDate=13&FromMonth=05&FromYear=2000&ToDate=13&ToMonth=11&ToYear=2020&Variable=Issuer
0,2000-11-30,CNE.TO,2000-11-30,2000-11-30,Q4,0.651351,0.0,0.651351,1.0,0.0,27425.794811,0.0,4896.858533,35502.55004,66700.971165,149.810782,0.0,-75866.785647,-116476.04079367346,-66700.319813,0.0,17835.95068,0.0,0.0,0.0,-48099.031441,-73845.02586316748,-0.13027,-0.13027,473537.0,473537.0,https://www.sedar.com/ModifyCompanyDocumentSearchForm.do?lang=EN&company_search=Canacol Energy Ltd&document_selection=0&industry_group=A&FromDate=13&FromMonth=05&FromYear=2000&ToDate=13&ToMonth=11&ToYear=2020&Variable=Issuer,https://www.sedar.com/ModifyCompanyDocumentSearchForm.do?lang=EN&company_search=Canacol Energy Ltd&document_selection=0&industry_group=A&FromDate=13&FromMonth=05&FromYear=2000&ToDate=13&ToMonth=11&ToYear=2020&Variable=Issuer
0,2000-08-31,CNE.TO,2000-08-31,2000-08-31,Q3,0.678951,0.0,0.0,0.0,0.0,27983.650856,0.0,0.0,57207.066524,89123.202477,0.0,0.0,-104527.24631,-153954.03543112832,-89122.523526,0.0,19337.207881,0.0,0.0,0.0,-66928.96813,-98577.0226864678,-0.13579,-0.13579,473537.0,473537.0,https://www.sedar.com/ModifyCompanyDocumentSearchForm.do?lang=EN&company_search=Canacol Energy Ltd&document_selection=0&industry_group=A&FromDate=13&FromMonth=05&FromYear=2000&ToDate=13&ToMonth=11&ToYear=2020&Variable=Issuer,https://www.sedar.com/ModifyCompanyDocumentSearchForm.do?lang=EN&company_search=Canacol Energy Ltd&document_selection=0&industry_group=A&FromDate=13&FromMonth=05&FromYear=2000&ToDate=13&ToMonth=11&ToYear=2020&Variable=Issuer
0,2000-05-31,CNE.TO,2000-05-31,2000-05-31,Q2,-68914.470498,0.0,0.0,0.0,0.0,-51377.844791,0.0,0.0,0.0,-104105.843504,0.0,0.0,35191.373005,-0.5106528824889006,35191.373005,0.0,-244885.371823,0.0,0.0,0.0,-199332.601281,2.892463655899162,-0.0011014067923582717,-0.0011014067923582717,180980000,180980000,https://www.sedar.com/ModifyCompanyDocumentSearchForm.do?lang=EN&company_search=Canacol Energy Ltd&document_selection=0&industry_group=A&FromDate=13&FromMonth=05&FromYear=2000&ToDate=13&ToMonth=11&ToYear=2020&Variable=Issuer,https://www.sedar.com/ModifyCompanyDocumentSearchForm.do?lang=EN&company_search=Canacol Energy Ltd&document_selection=0&industry_group=A&FromDate=13&FromMonth=05&FromYear=2000&ToDate=13&ToMonth=11&ToYear=2020&Variable=Issuer
0,2000-02-29,CNE.TO,2000-02-29,2000-02-29,Q1,68915.137899,0.0,68915.137899,1.0,0.0,68915.137899,0.0,0.0,0.0,68915.137899,0.0,0.0,0.0,0.0,0.0,0.0,0.0,0.0,0.0,0.0,-1005.267879,-0.014587040085057816,0.0,0.0,333333.0,333333.0,https://www.sedar.com/ModifyCompanyDocumentSearchForm.do?lang=EN&company_search=Canacol Energy Ltd&document_selection=0&industry_group=A&FromDate=13&FromMonth=05&FromYear=2000&ToDate=13&ToMonth=11&ToYear=2020&Variable=Issuer,https://www.sedar.com/ModifyCompanyDocumentSearchForm.do?lang=EN&company_search=Canacol Energy Ltd&document_selection=0&industry_group=A&FromDate=13&FromMonth=05&FromYear=2000&ToDate=13&ToMonth=11&ToYear=2020&Variable=Issuer
0,1999-11-30,CNE.TO,1999-11-30,1999-11-30,Q4,67909.870021,0.0,0.0,0.0,0.0,0.0,0.0,0.0,0.0,0.0,0.0,0.0,67909.870021,1.0,67909.870021,0.0,0.0,0.0,0.0,0.0,0.0,0.0,-0.06791,-0.06791,500000.0,500000.0,https://www.sedar.com/ModifyCompanyDocumentSearchForm.do?lang=EN&company_search=Canacol Energy Ltd&document_selection=0&industry_group=A&FromDate=13&FromMonth=05&FromYear=2000&ToDate=13&ToMonth=11&ToYear=2020&Variable=Issuer,https://www.sedar.com/ModifyCompanyDocumentSearchForm.do?lang=EN&company_search=Canacol Energy Ltd&document_selection=0&industry_group=A&FromDate=13&FromMonth=05&FromYear=2000&ToDate=13&ToMonth=11&ToYear=2020&Variable=Issuer
0,1999-08-31,CNE.TO,1999-08-31,1999-08-31,Q3,66909.772172,0.0,0.0,0.0,0.0,66909.772172,0.0,0.0,0.0,66909.772172,0.0,0.0,0.0,0.0,0.0,0.0,0.0,0.0,0.0,0.0,-66909.772172,-1.0,-0.13382,-0.13382,500000.0,500000.0,https://www.sedar.com/ModifyCompanyDocumentSearchForm.do?lang=EN&company_search=Canacol Energy Ltd&document_selection=0&industry_group=A&FromDate=13&FromMonth=05&FromYear=2000&ToDate=13&ToMonth=11&ToYear=2020&Variable=Issuer,https://www.sedar.com/ModifyCompanyDocumentSearchForm.do?lang=EN&company_search=Canacol Energy Ltd&document_selection=0&industry_group=A&FromDate=13&FromMonth=05&FromYear=2000&ToDate=13&ToMonth=11&ToYear=2020&Variable=Issuer
0,1999-05-31,CNE.TO,1999-05-31,1999-05-31,Q2,1529.04225,0.0,0.0,0.0,0.0,-63232.933067,0.0,0.0,0.0,-129523.950634,0.0,0.0,131052.992884,85.70920318519649,131052.992884,0.0,-539502.394038,0.0,0.0,0.0,-477798.503221,-312.48221114949575,-0.002640062455635982,-0.002640062455635982,180980000,180980000,https://www.sedar.com/ModifyCompanyDocumentSearchForm.do?lang=EN&company_search=Canacol Energy Ltd&document_selection=0&industry_group=A&FromDate=13&FromMonth=05&FromYear=2000&ToDate=13&ToMonth=11&ToYear=2020&Variable=Issuer,https://www.sedar.com/ModifyCompanyDocumentSearchForm.do?lang=EN&company_search=Canacol Energy Ltd&document_selection=0&industry_group=A&FromDate=13&FromMonth=05&FromYear=2000&ToDate=13&ToMonth=11&ToYear=2020&Variable=Issuer
0,1999-02-28,CNE.TO,1999-02-28,1999-02-28,Q1,66291.017567,0.0,66291.017567,1.0,0.0,66291.017567,0.0,0.0,0.0,66291.017567,0.0,0.0,0.0,0.0,0.0,0.0,66291.017567,0.0,0.0,0.0,-2373.701801,-0.03580729166814963,0.0,0.0,400000.0,400000.0,https://www.sedar.com/ModifyCompanyDocumentSearchForm.do?lang=EN&company_search=Canacol Energy Ltd&document_selection=0&industry_group=A&FromDate=13&FromMonth=05&FromYear=2000&ToDate=13&ToMonth=11&ToYear=2020&Variable=Issuer,https://www.sedar.com/ModifyCompanyDocumentSearchForm.do?lang=EN&company_search=Canacol Energy Ltd&document_selection=0&industry_group=A&FromDate=13&FromMonth=05&FromYear=2000&ToDate=13&ToMonth=11&ToYear=2020&Variable=Issuer
0,1998-11-30,CNE.TO,1998-11-30,1998-11-30,Q4,65104.166667,0.0,65104.166667,1.0,0.0,65104.166667,0.0,0.0,65104.166667,130208.333333,0.0,0.0,-65104.166667,-1.0,-65104.166667,0.0,0.0,0.0,0.0,0.0,-65104.166667,-1.0,-0.130208,-0.130208,500000.0,500000.0,https://www.sedar.com/ModifyCompanyDocumentSearchForm.do?lang=EN&company_search=Canacol Energy Ltd&document_selection=0&industry_group=A&FromDate=13&FromMonth=05&FromYear=2000&ToDate=13&ToMonth=11&ToYear=2020&Variable=Issuer,https://www.sedar.com/ModifyCompanyDocumentSearchForm.do?lang=EN&company_search=Canacol Energy Ltd&document_selection=0&industry_group=A&FromDate=13&FromMonth=05&FromYear=2000&ToDate=13&ToMonth=11&ToYear=2020&Variable=Issuer
0,1998-08-31,CNE.TO,1998-08-31,1998-08-31,Q3,63275.120223,0.0,0.0,0.0,0.0,63275.120223,0.0,0.0,0.0,63275.120223,0.0,0.0,0.0,0.0,0.0,0.0,0.0,0.0,0.0,0.0,-63275.120223,-1.0,-0.12655,-0.12655,500000.0,500000.0,https://www.sedar.com/ModifyCompanyDocumentSearchForm.do?lang=EN&company_search=Canacol Energy Ltd&document_selection=0&industry_group=A&FromDate=13&FromMonth=05&FromYear=2000&ToDate=13&ToMonth=11&ToYear=2020&Variable=Issuer,https://www.sedar.com/ModifyCompanyDocumentSearchForm.do?lang=EN&company_search=Canacol Energy Ltd&document_selection=0&industry_group=A&FromDate=13&FromMonth=05&FromYear=2000&ToDate=13&ToMonth=11&ToYear=2020&Variable=Issuer
0,1998-05-31,CNE.TO,1998-05-31,1998-05-31,Q2,67041.86183,0.0,-143750.718271,-2.144193409119706,0.0,63819.530293,0.0,0.0,0.0,-146973.049808,0.0,0.0,214014.911638,3.192257878826275,214014.911638,0.0,-295557.265385,0.0,0.0,0.0,-78320.02221,-1.1682256439804486,-0.00043275512327328985,-0.00043275512327328985,180980000,180980000,https://www.sedar.com/ModifyCompanyDocumentSearchForm.do?lang=EN&company_search=Canacol Energy Ltd&document_selection=0&industry_group=A&FromDate=13&FromMonth=05&FromYear=2000&ToDate=13&ToMonth=11&ToYear=2020&Variable=Issuer,https://www.sedar.com/ModifyCompanyDocumentSearchForm.do?lang=EN&company_search=Canacol Energy Ltd&document_selection=0&industry_group=A&FromDate=13&FromMonth=05&FromYear=2000&ToDate=13&ToMonth=11&ToYear=2020&Variable=Issuer
0,1998-02-28,CNE.TO,1998-02-28,1998-02-28,Q1,70264.193367,0.0,70264.193367,1.0,0.0,70264.193367,0.0,0.0,70264.193367,140528.386734,0.0,0.0,-70264.193367,-1.0,-70264.193367,0.0,562113.546936,0.0,0.0,0.0,421585.160202,6.0,0.983699,0.983699,428571.0,428571.0,https://www.sedar.com/ModifyCompanyDocumentSearchForm.do?lang=EN&company_search=Canacol Energy Ltd&document_selection=0&industry_group=A&FromDate=13&FromMonth=05&FromYear=2000&ToDate=13&ToMonth=11&ToYear=2020&Variable=Issuer,https://www.sedar.com/ModifyCompanyDocumentSearchForm.do?lang=EN&company_search=Canacol Energy Ltd&document_selection=0&industry_group=A&FromDate=13&FromMonth=05&FromYear=2000&ToDate=13&ToMonth=11&ToYear=2020&Variable=Issuer
0,1997-11-30,CNE.TO,1997-11-30,1997-11-30,Q4,70274.068869,0.0,70274.068869,1.0,0.0,70274.068869,0.0,0.0,70274.068869,140548.137737,0.0,0.0,-70274.068869,-1.0,-70274.068869,0.0,140548.137737,0.0,0.0,0.0,0.0,0.0,0.0,0.0,500000.0,500000.0,https://www.sedar.com/ModifyCompanyDocumentSearchForm.do?lang=EN&company_search=Canacol Energy Ltd&document_selection=0&industry_group=A&FromDate=13&FromMonth=05&FromYear=2000&ToDate=13&ToMonth=11&ToYear=2020&Variable=Issuer,https://www.sedar.com/ModifyCompanyDocumentSearchForm.do?lang=EN&company_search=Canacol Energy Ltd&document_selection=0&industry_group=A&FromDate=13&FromMonth=05&FromYear=2000&ToDate=13&ToMonth=11&ToYear=2020&Variable=Issuer
0,1997-08-31,CNE.TO,1997-08-31,1997-08-31,Q3,71994.240461,0.0,71994.240461,1.0,0.0,71994.240461,0.0,0.0,71994.240461,143988.480922,0.0,0.0,-71994.240461,-1.0,-71994.240461,0.0,143988.480922,0.0,0.0,0.0,71994.240461,1.0,0.143988,0.143988,500000.0,500000.0,https://www.sedar.com/ModifyCompanyDocumentSearchForm.do?lang=EN&company_search=Canacol Energy Ltd&document_selection=0&industry_group=A&FromDate=13&FromMonth=05&FromYear=2000&ToDate=13&ToMonth=11&ToYear=2020&Variable=Issuer,https://www.sedar.com/ModifyCompanyDocumentSearchForm.do?lang=EN&company_search=Canacol Energy Ltd&document_selection=0&industry_group=A&FromDate=13&FromMonth=05&FromYear=2000&ToDate=13&ToMonth=11&ToYear=2020&Variable=Issuer
