,date,symbol,fillingDate,acceptedDate,period,revenue,costOfRevenue,grossProfit,grossProfitRatio,researchAndDevelopmentExpenses,generalAndAdministrativeExpenses,sellingAndMarketingExpenses,otherExpenses,operatingExpenses,costAndExpenses,interestExpense,depreciationAndAmortization,ebitda,ebitdaratio,operatingIncome,operatingIncomeRatio,totalOtherIncomeExpensesNet,incomeBeforeTax,incomeBeforeTaxRatio,incomeTaxExpense,netIncome,netIncomeRatio,eps,epsdiluted,weightedAverageShsOut,weightedAverageShsOutDil,link,finalLink
0,2020-09-30,MMLP,2020-10-26,2020-10-26 17:15:53,Q3,152533000,92621000,59912000,0.3927805786288869,0.0,10339000,0.0,0.0,43082000,146042000,11260000,0.0,20084000,0.13166986815967693,6491000.0,-0.06848354126648004,-3994000.0,-10446000,-0.06848354126648004,373000.0,-10819000,-0.07092891374325556,-0.27,-0.27,38662000,38662000,https://www.sec.gov/Archives/edgar/data/1176334/000117633420000147/0001176334-20-000147-index.htm,https://www.sec.gov/Archives/edgar/data/1176334/000117633420000147/mmlp-20200930.htm
0,2020-06-30,MMLP,2020-08-07,2020-08-07 16:12:27,Q2,140638000,78633000,62005000,0.4408836871969169,0.0,9858000.0,0.0,4000.0,44187000,132678000,8878000.0,0.0,22808000,0.16217523002318007,7960000.0,-0.010047071204084245,4000.0,-1413000.0,-0.010047071204084245,790000.0,-2203000.0,-0.015664329697521295,-0.06,-0.06,38662000,38662000,https://www.sec.gov/Archives/edgar/data/1176334/000117633420000090/0001176334-20-000090-index.htm,https://www.sec.gov/Archives/edgar/data/1176334/000117633420000090/mmlp-20200630.htm
0,2020-03-31,MMLP,2020-05-11,2020-05-11 16:38:54,Q1,198883000,124049000,74834000,0.37627147619454654,0.0,10462000,0.0,3000.0,51282000,185793000,9433000.0,0.0,27840000,0.13998179834374985,13090000,0.04606728579114354,5997000.0,9162000.0,0.04606728579114354,347000.0,8815000.0,0.044322541393683725,0.22,0.22,38641000,38644000,https://www.sec.gov/Archives/edgar/data/1176334/000117633420000061/0001176334-20-000061-index.htm,https://www.sec.gov/Archives/edgar/data/1176334/000117633420000023/a2019123110-k.htm
0,2019-12-31,MMLP,2020-02-14,2020-02-14 16:16:14,Q4,241862000,161126000,80736000,0.3338101892814911,0.0,10533000,0.0,3000.0,38227000,209886000,10577000,0.0,46559000,0.19250233604286743,31976000,0.02881808634675972,-13946000,6970000.0,0.02881808634675972,328000.0,6642000.0,0.027461941106912205,0.0,0.0,0.0,0.0,https://www.sec.gov/Archives/edgar/data/1176334/000117633420000023/0001176334-20-000023-index.htm,https://www.sec.gov/Archives/edgar/data/1176334/000117633420000023/a2019123110-k.htm
0,2019-09-30,MMLP,2019-10-23,2019-10-23 17:10:33,Q3,177900000,107196000,70704000,0.39743676222596963,0.0,10474000,0.0,-1000.0,51071000,168741000,10894000,0.0,23088000,0.12978077571669477,9159000.0,0.07581225407532322,16301000,13487000,0.07581225407532322,237000.0,13250000,0.07448004496908375,0.33,0.33,38653000,38653000,https://www.sec.gov/Archives/edgar/data/1176334/000117633419000148/0001176334-19-000148-index.htm,https://www.sec.gov/Archives/edgar/data/1176334/000117633419000148/a2019093010-qdocument.htm
0,2019-06-30,MMLP,2019-07-24,2019-07-24 17:23:19,Q2,187323000,116875000,70448000,0.376077684000363,0.0,10226000,0.0,1000.0,55212000,182313000,13481000,0.0,14512000,0.0774704654527207,5010000.0,-0.05325026825323105,1000.0,-9975000.0,-0.05325026825323105,639000.0,-191182000,-1.0206007804700972,-4.82,-4.82,38871000,38871000,https://www.sec.gov/Archives/edgar/data/1176334/000117633419000122/0001176334-19-000122-index.htm,https://www.sec.gov/Archives/edgar/data/1176334/000117633419000122/a2019063010-qdocument.htm
0,2019-03-31,MMLP,2019-04-26,2019-04-26 16:45:59,Q1,250967000,171739000,79228000,0.3156909075695211,0.0,11144000,0.0,3000.0,57376000,240259000,12788000,0.0,28810000,0.11479596919116856,10708000,-0.011794379340710133,3000.0,-2960000.0,-0.011794379340710133,696000.0,-3656000.0,-0.014567652320823056,-0.09,-0.09,38682000,38682000,https://www.sec.gov/Archives/edgar/data/1176334/000117633419000070/0001176334-19-000070-index.htm,https://www.sec.gov/Archives/edgar/data/1176334/000117633419000019/a2018123110-k.htm
0,2018-12-31,MMLP,2019-02-19,2019-02-19 17:26:26,Q4,252833000,198724000,54109000,0.21401082928256993,0.0,10338000,0.0,7000.0,32248000,241310000,11579000,0.0,28687000,0.11346224583025159,11523000,-0.003622944789643757,7000.0,-916000.0,-0.003622944789643757,-3000.0,-913000.0,-0.0036110792499396836,0.0,0.0,0.0,0.0,https://www.sec.gov/Archives/edgar/data/1176334/000117633419000019/0001176334-19-000019-index.htm,https://www.sec.gov/Archives/edgar/data/1176334/000117633419000019/a2018123110-k.htm
0,2018-09-30,MMLP,2018-10-24,2018-10-24 16:11:24,Q3,219047000,173251000,45796000,0.2090692865001575,0.0,9257000.0,0.0,18000.0,33012000,215520000,12281000,0.0,21427000,0.09781918948901377,3527000.0,-0.04380338466173926,18000.0,-9595000.0,-0.04380338466173926,91000.0,39446000,0.18008007413933996,1.0,1.0,38712000,38738000,https://www.sec.gov/Archives/edgar/data/1176334/000117633418000123/0001176334-18-000123-index.htm,https://www.sec.gov/Archives/edgar/data/1176334/000117633418000123/a2018093010-qdocument.htm
0,2018-06-30,MMLP,2018-07-25,2018-07-25 16:10:57,Q2,216571000,170478000,46093000,0.2128308961033564,0.0,8572000.0,0.0,0.0,32000000,211050000,12896000,0.0,26673000,0.12316053395884029,5521000.0,-0.03284834996375323,1131000.0,-7114000.0,-0.03284834996375323,132000.0,-7246000.0,-0.03345784985062635,-0.18,-0.18,38722000,38722000,https://www.sec.gov/Archives/edgar/data/1176334/000117633418000102/0001176334-18-000102-index.htm,https://www.sec.gov/Archives/edgar/data/1176334/000117633418000102/a2018063010-qdocument.htm
0,2018-03-31,MMLP,2018-04-25,2018-04-25 16:12:45,Q1,284204000,217476000,66728000,0.2347890951569999,0.0,9668000.0,0.0,0.0,33003000,260147000,11866000,0.0,44043000,0.15496966967389622,24057000,0.045625677330368326,1595000.0,12967000,0.045625677330368326,149000.0,12818000,0.04510140603228667,0.33,0.32,38621000,38630000,https://www.sec.gov/Archives/edgar/data/1176334/000117633418000072/0001176334-18-000072-index.htm,https://www.sec.gov/Archives/edgar/data/1176334/000117633418000024/a2017123110-k.htm
0,2017-12-31,MMLP,2018-02-16,2018-02-16 16:03:47,Q4,305741000,231364000,74377000,0.24326799480606134,0.0,10989000,0.0,496000.0,31460000,273813000,12333000,0.0,52705000,0.17238446920759729,31928000,0.0618170281381954,38000.0,18900000,0.0618170281381954,51000.0,18849000,0.06165022028448916,0.0,0.0,0.0,0.0,https://www.sec.gov/Archives/edgar/data/1176334/000117633418000024/0001176334-18-000024-index.htm,https://www.sec.gov/Archives/edgar/data/1176334/000117633418000024/a2017123110-k.htm
0,2017-09-30,MMLP,2017-10-25,2017-10-25 16:12:14,Q3,193128000,143222000,49906000,0.2584089308645044,0.0,9131000.0,0.0,55000.0,45259000,197612000,11819000,0.0,15927000,0.08246862184665092,-4484000.0,-0.0837682780332215,844000.0,-16178000,-0.0837682780332215,108000.0,-16286000,-0.0843274926473634,-0.42,-0.42,38357000,38357000,https://www.sec.gov/Archives/edgar/data/1176334/000117633417000113/0001176334-17-000113-index.htm,https://www.sec.gov/Archives/edgar/data/1176334/000117633417000113/a201793010-qdocument.htm
0,2017-06-30,MMLP,2017-07-26,2017-07-26 16:11:06,Q2,193922000,139745000,54177000,0.2793752127143903,0.0,8909000.0,0.0,520000.0,34420000,183074000,10883000,0.0,32211000,0.1661028661008034,10848000,0.005167025917636988,1373000.0,1002000.0,0.005167025917636988,13000.0,989000.0,0.005099988655232516,0.03,0.03,38357000,38414000,https://www.sec.gov/Archives/edgar/data/1176334/000117633417000091/0001176334-17-000091-index.htm,https://www.sec.gov/Archives/edgar/data/1176334/000117633417000091/a201763010-qdocument.htm
0,2017-03-31,MMLP,2017-04-26,2017-04-26 16:07:51,Q1,253325000,184444000,68881000,0.2719076285404125,0.0,9921000.0,0.0,30000.0,35212000,229577000,10754000,0.0,49853000,0.19679463140234876,23748000,0.054329418730879306,935000.0,13763000,0.054329418730879306,180000.0,13583000,0.053618869041744795,0.36,0.36,37321000,37367000,https://www.sec.gov/Archives/edgar/data/1176334/000117633417000057/0001176334-17-000057-index.htm,https://www.sec.gov/Archives/edgar/data/1176334/000117633417000011/a2016123110-k.htm
0,2016-12-31,MMLP,2017-02-15,2017-02-15 16:39:30,Q4,236901000,168699000,68202000,0.2878924107538592,0.0,10021000,0.0,240000.0,2340000.0,181060000,11902000,0.0,82907000,0.34996475320914644,55841000,0.07676624412729367,-25601000,18186000,0.07676624412729367,304000.0,17882000,0.07548300766987054,0.0,0.0,0.0,0.0,https://www.sec.gov/Archives/edgar/data/1176334/000117633417000011/0001176334-17-000011-index.htm,https://www.sec.gov/Archives/edgar/data/1176334/000117633417000011/a2016123110-k.htm
0,2016-09-30,MMLP,2016-10-26,2016-10-26 16:14:47,Q3,174537000,117837000,56700000,0.32485948538132314,0.0,8049000.0,0.0,730000.0,39475000,165361000,11628000,0.0,33004000,0.18909457593518852,9176000.0,-0.004314271472524451,1850000.0,-753000.0,-0.004314271472524451,180000.0,-933000.0,-0.005345571426115953,-0.03,-0.03,35346000,35346000,https://www.sec.gov/Archives/edgar/data/1176334/000117633416000251/0001176334-16-000251-index.htm,https://www.sec.gov/Archives/edgar/data/1176334/000117633416000251/a201693010-qdocument.htm
0,2016-06-30,MMLP,2016-07-27,2016-07-27 16:15:40,Q2,190348000,125302000,65046000,0.34172147855506757,0.0,8144000.0,0.0,74000.0,42501000,175947000,11184000,0.0,36398000,0.1912181898417635,14401000,-0.0053586063420682116,-3266000.0,-1020000.0,-0.0053586063420682116,191000.0,-1211000.0,-0.006362031647298632,-0.14,-0.14,35346000,35346000,https://www.sec.gov/Archives/edgar/data/1176334/000117633416000230/0001176334-16-000230-index.htm,https://www.sec.gov/Archives/edgar/data/1176334/000117633416000230/a201663010-qdocument.htm
0,2016-03-31,MMLP,2016-04-28,2016-04-28 16:03:58,Q1,225605000,151948000,73657000,0.32648655836528445,0.0,8171000.0,0.0,62000.0,41148000,201267000,10953000,0.0,47971000,0.21263269874337892,24338000,0.07076527559229627,2734000.0,15965000,0.07076527559229627,51000.0,15914000,0.07053921677267791,0.33,0.33,35354000,35366000,https://www.sec.gov/Archives/edgar/data/1176334/000117633416000200/0001176334-16-000200-index.htm,https://www.sec.gov/Archives/edgar/data/1176334/000117633416000159/a2015123110-k.htm
0,2015-12-31,MMLP,2016-02-29,2016-02-29 16:02:52,Q4,254371000,174209000,80162000,0.31513812502211336,0.0,10281000,0.0,367000.0,45465000,229955000,10471000,0.0,51380000,0.20198843421616458,24416000,0.027813705178656372,-6720000.0,7075000.0,0.027813705178656372,234000.0,6841000.0,0.026893788993242154,0.0,0.0,0.0,0.0,https://www.sec.gov/Archives/edgar/data/1176334/000117633416000159/0001176334-16-000159-index.htm,https://www.sec.gov/Archives/edgar/data/1176334/000117633416000159/a2015123110-k.htm
0,2015-09-30,MMLP,2015-10-28,2015-10-28 16:16:01,Q3,226021000,158425000,67596000,0.2990695554837825,0.0,8666000.0,0.0,399000.0,46896000,213987000,10911000,0.0,36298000,0.16059569686002628,12034000,0.015618017794806677,4240000.0,3530000.0,0.015618017794806677,200000.0,3330000.0,0.014733144265355875,-0.02,-0.02,35308000,35308000,https://www.sec.gov/Archives/edgar/data/1176334/000117633415000113/0001176334-15-000113-index.htm,https://www.sec.gov/Archives/edgar/data/1176334/000117633415000113/a201593010-qdocument.htm
0,2015-06-30,MMLP,2015-07-29,2015-07-29 16:11:24,Q2,251099000,174484000,76615000,0.30511869820270093,0.0,9035000.0,0.0,-79000.0,47950000,231469000,10732000,0.0,43572000,0.17352518329423852,19630000,0.04490260813464012,2690000.0,11275000,0.04490260813464012,314000.0,10961000,0.043652105344903804,0.19,0.19,35308000,35376000,https://www.sec.gov/Archives/edgar/data/1176334/000117633415000083/0001176334-15-000083-index.htm,https://www.sec.gov/Archives/edgar/data/1176334/000117633415000083/a201563010-qdocument.htm
0,2015-03-31,MMLP,2015-04-29,2015-04-29 16:06:18,Q1,305353000,226529000,78824000,0.2581405782815299,0.0,8806000.0,0.0,437000.0,45316000,280651000,10858000,0.0,49283000,0.16139680959414185,24702000,0.05348891283203375,2802000.0,16333000,0.05348891283203375,300000.0,17248000,0.05648544471480549,0.37,0.37,35317000,35360000,https://www.sec.gov/Archives/edgar/data/1176334/000117633415000059/0001176334-15-000059-index.htm,https://www.sec.gov/Archives/edgar/data/1176334/000117633415000045/a2014123110-k.htm
0,2014-12-31,MMLP,2015-03-02,2015-03-02 16:03:44,Q4,336183000,267358000,68825000,0.20472480761965953,0.0,8663000.0,0.0,1336000.0,44921000,320942000,11584000,0.0,41151000,0.1224065464345312,15241000,0.02943039951455011,6333000.0,9894000.0,0.02943039951455011,183000.0,4373000.0,0.013007796349012293,0.0,0.0,0.0,0.0,https://www.sec.gov/Archives/edgar/data/1176334/000117633415000045/0001176334-15-000045-index.htm,https://www.sec.gov/Archives/edgar/data/1176334/000117633415000045/a2014123110-k.htm
0,2014-09-30,MMLP,2014-10-29,2014-10-29 16:33:58,Q3,389985000,316179000,73806000,0.1892534328243394,0.0,10302000,0.0,286000.0,48044000,374525000,10654000,0.0,34402000,0.0882136492429196,15460000,-0.06822057258612511,-30669000,-26605000,-0.06822057258612511,300000.0,-26905000,-0.06898983294229265,-0.82,-0.82,32243000,32243000,https://www.sec.gov/Archives/edgar/data/1176334/000117633414000174/0001176334-14-000174-index.htm,https://www.sec.gov/Archives/edgar/data/1176334/000117633414000174/a201493010-q.htm
0,2014-06-30,MMLP,2014-07-31,2014-07-31 16:01:38,Q2,418945000,345337000,73608000,0.17569848070749144,0.0,8745000.0,0.0,-50000.0,48157000,402239000,9444000.0,0.0,28264000,0.06746470300397427,16706000,-0.0014655861747962142,-2952000.0,-614000.0,-0.0014655861747962142,354000.0,-968000.0,-0.002310565826063087,-0.03,-0.03,28924000,28924000,https://www.sec.gov/Archives/edgar/data/1176334/000117633414000113/0001176334-14-000113-index.htm,https://www.sec.gov/Archives/edgar/data/1176334/000117633414000113/a201463010-q.htm
0,2014-03-31,MMLP,2014-05-05,2014-05-02 19:00:34,Q1,497028000,420572000,76456000,0.15382634378747273,0.0,8606000.0,0.0,-67000.0,43941000,473119000,10424000,0.0,36511000,0.07345863814513467,23909000,0.024334645130656623,-363000.0,12095000,0.024334645130656623,300000.0,11795000,0.023731057405216607,0.43,0.43,27055000,27088000,https://www.sec.gov/Archives/edgar/data/1176334/000117633414000075/0001176334-14-000075-index.htm,https://www.sec.gov/Archives/edgar/data/1176334/000117633414000049/a2013123110-k.htm
0,2013-12-31,MMLP,2014-03-03,2014-03-03 16:19:32,Q4,482020000,407628000,74392000,0.15433384506866935,0.0,8773000.0,0.0,676000.0,41834000,458235000,10782000,0.0,-14068000,-0.029185510974648356,23785000,-0.08177668976391021,-51766000,-39418000,-0.08177668976391021,-157000.0,-39261000,-0.08145097713787809,0.0,0.0,0.0,0.0,https://www.sec.gov/Archives/edgar/data/1176334/000117633414000049/0001176334-14-000049-index.htm,https://www.sec.gov/Archives/edgar/data/1176334/000117633414000049/a2013123110-k.htm
0,2013-09-30,MMLP,2013-11-04,2013-11-04 16:02:58,Q3,359616000,296718000,62898000,0.17490323011211958,0.0,7211000.0,0.0,-111000.0,43444000,347373000,10098000,0.0,24291000,0.06754705018686599,12243000,0.0013764682327816336,-688000.0,495000.0,0.0013764682327816336,303000.0,192000.0,0.0005339028296849973,0.01,0.01,26552000,26579000,https://www.sec.gov/Archives/edgar/data/1176334/000117633413000130/0001176334-13-000130-index.htm,https://www.sec.gov/Archives/edgar/data/1176334/000117633413000130/a201393010-q.htm
0,2013-06-30,MMLP,2013-08-05,2013-08-05 16:03:23,Q2,358188000,288935000,69253000,0.19334260220889588,0.0,6383000.0,0.0,-14000.0,42611000,337929000,10940000,0.0,32671000,0.09121187756150402,20259000,0.026181781634225604,59000.0,9378000.0,0.026181781634225604,300000.0,9078000.0,0.0253442326376093,0.33,0.33,26558000,26579000,https://www.sec.gov/Archives/edgar/data/1176334/000117633413000099/0001176334-13-000099-index.htm,https://www.sec.gov/Archives/edgar/data/1176334/000117633413000099/a201363010-q.htm
0,2013-03-31,MMLP,2013-05-06,2013-05-06 16:42:22,Q1,433686000,357283000,76403000,0.17617123909925614,0.0,7030000.0,0.0,-9000.0,42988000,407301000,9058000.0,0.0,37895000,0.0873788870288642,26385000,0.0390697417025221,-383000.0,16944000,0.0390697417025221,307000.0,16637000,0.03836185627389402,0.61,0.61,26561000,26569000,https://www.sec.gov/Archives/edgar/data/1176334/000117633413000075/0001176334-13-000075-index.htm,https://www.sec.gov/Archives/edgar/data/1176334/000117633413000050/a2012123110-k.htm
0,2012-12-31,MMLP,2013-03-04,2013-03-04 16:01:14,Q4,570187000,517930000,52257000,0.0916488801042465,0.0,-96302000,0.0,0.0,0.0,543609000,8930000.0,0.0,39695000,0.06961751144799865,26578000,0.02991825488830857,-589000.0,17059000,0.02991825488830857,2747000.0,11865000,0.02080896267364917,0.0,0.0,0.0,0.0,https://www.sec.gov/Archives/edgar/data/1176334/000117633413000050/0001176334-13-000050-index.htm,https://www.sec.gov/Archives/edgar/data/1176334/000117633413000050/a2012123110-k.htm
0,2012-09-30,MMLP,2012-11-05,2012-11-05 16:05:42,Q3,317912000,251725000,66187000,0.20819283323687057,0.0,41335000,0.0,0.0,0.0,303026000,6263000.0,0.0,24683000,0.07764098241022672,14886000,0.02842295981277838,413000.0,9036000.0,0.02842295981277838,238000.0,72401000,0.22773912277611413,3.07,3.07,23101000,23105000,https://www.sec.gov/Archives/edgar/data/1176334/000117633412000047/0001176334-12-000047-index.htm,https://www.sec.gov/Archives/edgar/data/1176334/000117633412000047/a201293010-q.htm
0,2012-06-30,MMLP,2012-08-06,2012-08-06 17:30:53,Q2,292878000,227760000,65118000,0.222338311515375,0.0,39045000,0.0,0.0,0.0,276596000,8265000.0,0.0,25328000,0.08647969461687119,16282000,0.018830366227575987,-2502000.0,5515000.0,0.018830366227575987,307000.0,7192000.0,0.024556299892788125,0.25,0.25,23103000,23104000,https://www.sec.gov/Archives/edgar/data/1176334/000114036112035339/0001140361-12-035339-index.htm,https://www.sec.gov/Archives/edgar/data/1176334/000114036112035339/form10q.htm
0,2012-03-31,MMLP,2012-05-07,2012-05-07 16:00:59,Q1,338286000,268160000,70126000,0.20729796680914966,0.0,43859000,0.0,0.0,0.0,323114000,7207000.0,0.0,29114000,0.08606327190602035,15172000,0.03141129103776095,2661000.0,10626000,0.03141129103776095,97000.0,10529000,0.03112455141507482,0.4,0.4,22576404,22579908,https://www.sec.gov/Archives/edgar/data/1176334/000114036112023323/0001140361-12-023323-index.htm,https://www.sec.gov/Archives/edgar/data/1176334/000114036112013129/form10k.htm
0,2011-12-31,MMLP,2012-03-05,2012-03-05 16:22:26,Q4,345523000,285011000,60512000,0.17513161207792247,0.0,41243000,0.0,0.0,0.0,336234000,7416000.0,0.0,23178000,0.06708091791284516,9289000.0,0.007941584207129482,871000.0,2744000.0,0.007941584207129482,-107000.0,2851000.0,0.00825125968459408,0.0,0.0,0.0,0.0,https://www.sec.gov/Archives/edgar/data/1176334/000114036112013129/0001140361-12-013129-index.htm,https://www.sec.gov/Archives/edgar/data/1176334/000114036112013129/form10k.htm
0,2011-09-30,MMLP,2011-11-07,2011-11-07 16:00:47,Q3,316309000,255983000,60326000,0.19071856950007746,0.0,42518000,0.0,0.0,0.0,309901000,4297000.0,0.0,19592000,0.06193943264339617,6408000.0,0.01782434265227989,3527000.0,5638000.0,0.01782434265227989,239000.0,5399000.0,0.017068752390858307,0.2,0.2,19158334,19163128,https://www.sec.gov/Archives/edgar/data/1176334/000114036111052036/0001140361-11-052036-index.htm,https://www.sec.gov/Archives/edgar/data/1176334/000114036111052036/form10q.htm
0,2011-06-30,MMLP,2011-08-09,2011-08-09 16:56:21,Q2,292205000,230704000,61501000,0.21047210006673397,0.0,39724000,0.0,0.0,0.0,281737000,4403000.0,0.0,24570000,0.084084803477011,10468000,0.030800294313923445,2935000.0,9000000.0,0.030800294313923445,230000.0,8770000.0,0.030013175681456512,0.37,0.37,19158507,19158901,https://www.sec.gov/Archives/edgar/data/1176334/000114036111040681/0001140361-11-040681-index.htm,https://www.sec.gov/Archives/edgar/data/1176334/000114036111040681/form10q.htm
0,2011-03-31,MMLP,2011-05-04,2011-05-04 16:00:30,Q1,283036000,219206000,63830000,0.2255190152489436,0.0,39377000,0.0,0.0,0.0,269766000,8402000.0,0.0,28057000,0.09912873274071143,13270000,0.02580590454924462,2436000.0,7304000.0,0.02580590454924462,223000.0,7081000.0,0.025018018909255358,0.3,0.3,18760861,18761611,https://www.sec.gov/Archives/edgar/data/1176334/000114036111024865/0001140361-11-024865-index.htm,https://www.sec.gov/Archives/edgar/data/1176334/000114036111013485/form10k.htm
0,2010-12-31,MMLP,2011-03-02,2011-03-02 16:31:08,Q4,262111000,198843000,63268000,0.24137865255559668,0.0,36556000,0.0,0.0,0.0,245853000,11468000,0.0,28721000,0.10957571410585591,16258000,0.026069108125946643,2493000.0,6833000.0,0.026069108125946643,293000.0,6540000.0,0.024951261106935612,0.0,0.0,0.0,0.0,https://www.sec.gov/Archives/edgar/data/1176334/000114036111013485/0001140361-11-013485-index.htm,https://www.sec.gov/Archives/edgar/data/1176334/000114036111013485/form10k.htm
0,2010-09-30,MMLP,2010-11-03,2010-11-03 16:45:13,Q3,195387000,144355000,51032000,0.2611842138934525,0.0,33559000,0.0,0.0,0.0,188089000,6051000.0,0.0,22023000,0.11271476607962659,7298000.0,0.023732387518105094,2985000.0,4637000.0,0.023732387518105094,1000.0,4636000.0,0.023727269470333236,0.19,0.19,17700875,17701719,https://www.sec.gov/Archives/edgar/data/1176334/000095012310100155/0000950123-10-100155-index.htm,https://www.sec.gov/Archives/edgar/data/1176334/000095012310100155/c07739e10vq.htm
0,2010-06-30,MMLP,2010-08-04,2010-08-04 17:06:52,Q2,211944000,159859000,52085000,0.2457488770618654,0.0,4838000.0,0.0,0.0,28102000,202785000,8194000.0,0.0,22626000,0.10675461442645227,9159000.0,0.015442758464500057,2365000.0,3273000.0,0.015442758464500057,198000.0,3075000.0,0.014508549428150832,0.1,0.1,17702321,17703945,https://www.sec.gov/Archives/edgar/data/1176334/000095012310072568/0000950123-10-072568-index.htm,https://www.sec.gov/Archives/edgar/data/1176334/000095012310072568/c04330e10vq.htm
0,2010-03-31,MMLP,2010-05-05,2010-05-05 17:27:55,Q1,242676000,190845000,51831000,0.21358107105770657,0.0,5270000.0,0.0,0.0,29195000,235215000,8003000.0,0.0,21171000,0.08723977649211294,7461000.0,0.007400814254396809,2176000.0,1796000.0,0.007400814254396809,25000.0,1771000.0,0.007297796238606207,0.04,0.04,17708165,17709027,https://www.sec.gov/Archives/edgar/data/1176334/000095012310044674/0000950123-10-044674-index.htm,https://www.sec.gov/Archives/edgar/data/1176334/000095012310021099/d71374e10vk.htm
0,2009-12-31,MMLP,2010-03-04,2010-03-04 17:29:14,Q4,225848000,78097000,147751000,0.6542054833339237,0.0,7421000.0,0.0,0.0,0.0,210792000,6085000.0,0.0,25711000,0.11384205306223655,15056000,0.02557915057915058,2143000.0,5777000.0,0.02557915057915058,886000.0,4891000.0,0.021656158124048034,0.0,0.0,0.0,0.0,https://www.sec.gov/Archives/edgar/data/1176334/000095012310021099/0000950123-10-021099-index.htm,https://www.sec.gov/Archives/edgar/data/1176334/000095012310021099/d71374e10vk.htm
0,2009-09-30,MMLP,2009-11-04,2009-11-04 17:17:20,Q3,151363000,132371000,18992000,0.12547320018762842,0.0,4088000.0,0.0,0.0,0.0,145200000,4058000.0,0.0,17516000,0.11572180783943235,6163000.0,0.029313636754028396,2139000.0,4437000.0,0.029313636754028396,-80000.0,4517000.0,0.02984216750460813,0.26,0.26,14532826,14538231,https://www.sec.gov/Archives/edgar/data/1176334/000095012309057692/0000950123-09-057692-index.htm,https://www.sec.gov/Archives/edgar/data/1176334/000095012309057692/d69910e10vq.htm
0,2009-06-30,MMLP,2009-08-05,2009-08-05 16:32:29,Q2,128268000,86177000,42091000,0.32814887579131197,0.0,4087000.0,0.0,0.0,23519000,122294000,4183000.0,0.0,20916000,0.16306483300589392,5974000.0,0.061909439610814854,1028000.0,7941000.0,0.061909439610814854,16000.0,7925000.0,0.061784700782736145,0.49,0.49,14532826,14537737,https://www.sec.gov/Archives/edgar/data/1176334/000095012309030326/0000950123-09-030326-index.htm,https://www.sec.gov/Archives/edgar/data/1176334/000095012309030326/d68641e10vq.htm
0,2009-03-31,MMLP,2009-05-06,2009-05-06 16:32:06,Q1,156906000,137095000,19811000,0.12626030871987048,0.0,4179000.0,0.0,0.0,0.0,149679000,4669000.0,0.0,17972000,0.11453991561826826,7227000.0,0.02957184556358584,2082000.0,4640000.0,0.02957184556358584,-230000.0,4870000.0,0.031037691356608416,0.28,0.28,14532826,14537094,https://www.sec.gov/Archives/edgar/data/1176334/000095013409009692/0000950134-09-009692-index.htm,https://www.sec.gov/Archives/edgar/data/1176334/000095013409004457/d66633e10vk.htm
0,2008-12-31,MMLP,2009-03-04,2009-03-04 16:49:42,Q4,228413000,90166000,138247000,0.6052501390025962,0.0,6267000.0,0.0,0.0,0.0,207612000,6168000.0,0.0,31140000,0.13633199511411348,20801000,0.07305626212168309,1505000.0,16687000,0.07305626212168309,-42000.0,16729000,0.07324013957174066,0.0,0.0,0.0,0.0,https://www.sec.gov/Archives/edgar/data/1176334/000095013409004457/0000950134-09-004457-index.htm,https://www.sec.gov/Archives/edgar/data/1176334/000095013409004457/d66633e10vk.htm
0,2008-09-30,MMLP,2008-11-06,2008-11-06 16:30:11,Q3,364386000,337278000,27108000,0.07439363751626023,0.0,3726000.0,0.0,0.0,0.0,348983000,4971000.0,0.0,27183000,0.07459946320659959,15403000,0.03852782488899134,3590000.0,14039000,0.03852782488899134,292000.0,13747000,0.037726476867936745,0.88,0.88,14532826,14534972,https://www.sec.gov/Archives/edgar/data/1176334/000095013408019681/0000950134-08-019681-index.htm,https://www.sec.gov/Archives/edgar/data/1176334/000095013408019681/d65010e10vq.htm
0,2008-06-30,MMLP,2008-08-05,2008-08-05 16:48:11,Q2,308143000,292753000,15390000,0.04994434402209364,0.0,3467000.0,0.0,0.0,0.0,303834000,3895000.0,0.0,16561000,0.05374452770304696,4309000.0,0.015703747935211898,4439000.0,4839000.0,0.015703747935211898,522000.0,4317000.0,0.014009729249082406,0.25,0.25,14532826,14535779,https://www.sec.gov/Archives/edgar/data/1176334/000095013408014134/0000950134-08-014134-index.htm,https://www.sec.gov/Archives/edgar/data/1176334/000095013408014134/d59095e10vq.htm
0,2008-03-31,MMLP,2008-05-07,2008-05-07 16:31:58,Q1,313016000,269111000,43905000,0.14026439543026556,0.0,3479000.0,0.0,0.0,24217000,304147000,0.0,7340000.0,16307000,0.05209637845988704,8869000.0,0.02541723106806042,3691000.0,7956000.0,0.02541723106806042,-61000.0,8017000.0,0.025612109285148364,0.51,0.51,14532826,14535491,https://www.sec.gov/Archives/edgar/data/1176334/000095013408008739/0000950134-08-008739-index.htm,https://www.sec.gov/Archives/edgar/data/1176334/000095013408004164/d54615e10vk.htm
0,2007-12-31,MMLP,2008-03-05,2008-03-05 16:58:21,Q4,262862000,222198000,40664000,0.15469714146586422,0.0,3630000.0,0.0,0.0,22349000,255021000,0.0,6844000.0,14591000,0.055508213435186526,7841000.0,0.02966575617624457,3831000.0,7798000.0,0.02966575617624457,92000.0,7706000.0,0.02931576264351637,0.0,0.0,0.0,0.0,https://www.sec.gov/Archives/edgar/data/1176334/000095013408004164/0000950134-08-004164-index.htm,https://www.sec.gov/Archives/edgar/data/1176334/000095013408004164/d54615e10vk.htm
0,2007-09-30,MMLP,2007-11-06,2007-11-06 16:50:19,Q3,184850000,147631000,37219000,0.20134703813903165,0.0,2890000.0,0.0,0.0,21528000,178285000,0.0,6236000.0,12747000,0.06895861509331891,6565000.0,0.030916959697051664,2790000.0,5715000.0,0.030916959697051664,212000.0,5503000.0,0.029770083851771708,0.35,0.35,14532826,14536939,https://www.sec.gov/Archives/edgar/data/1176334/000095013407023008/0000950134-07-023008-index.htm,https://www.sec.gov/Archives/edgar/data/1176334/000095013407023008/d51176e10vq.htm
0,2007-06-30,MMLP,2007-08-07,2007-08-07 16:24:07,Q2,162314000,127272000,35042000,0.2158901881538253,0.0,2744000.0,0.0,0.0,20663000,156147000,0.0,5468000.0,11563000,0.0712384637184716,6167000.0,0.036460194437941275,2490000.0,5918000.0,0.036460194437941275,-9000.0,5927000.0,0.03651564252005372,0.41,0.41,13638101,13642950,https://www.sec.gov/Archives/edgar/data/1176334/000095013407017178/0000950134-07-017178-index.htm,https://www.sec.gov/Archives/edgar/data/1176334/000095013407017178/d48835e10vq.htm
0,2007-03-31,MMLP,2007-05-07,2007-05-07 17:04:36,Q1,155796000,121588000,34208000,0.21956918021001823,0.0,2721000.0,0.0,0.0,18993000,148196000,0.0,4894000.0,12415000,0.07968754011656269,7600000.0,0.03948753498164266,2129000.0,6152000.0,0.03948753498164266,349000.0,5803000.0,0.03724742612133816,0.42,0.42,13152826,13155125,https://www.sec.gov/Archives/edgar/data/1176334/000095013407010462/0000950134-07-010462-index.htm,https://www.sec.gov/Archives/edgar/data/1176334/000095013407004800/d44226e10vk.htm
0,2006-12-31,MMLP,2007-03-05,2007-03-05 16:53:31,Q4,149005000,113752000,35253000,0.2365893761954297,0.0,3176000.0,0.0,0.0,18476000,140217000,0.0,4813000.0,14378000,0.09649340626153485,8788000.0,0.0,328000.0,0.0,0.0,0.0,8378000.0,0.05622630113083454,0.0,0.0,0.0,0.0,https://www.sec.gov/Archives/edgar/data/1176334/000095013407004800/0000950134-07-004800-index.htm,https://www.sec.gov/Archives/edgar/data/1176334/000095013407004800/d44226e10vk.htm
0,2006-09-30,MMLP,2006-11-09,2006-11-09 16:45:54,Q3,147505000,117928000,29577000,0.20051523677163485,0.0,2810000.0,0.0,0.0,17470000,142785000,0.0,4577000.0,9219000.0,0.06249957628554964,4720000.0,0.0,2798000.0,0.0,0.0,0.0,4329000.0,0.029348157689569845,0.32,0.32,12682342,12684889,https://www.sec.gov/Archives/edgar/data/1176334/000095013406021109/0000950134-06-021109-index.htm,https://www.sec.gov/Archives/edgar/data/1176334/000095013406021109/d41090e10vq.htm
0,2006-06-30,MMLP,2006-08-08,2006-08-08 16:41:24,Q2,133052000,105937000,27115000,0.20379250217959896,0.0,2605000.0,0.0,0.0,14381000,127178000,0.0,4255000.0,10547000,0.0792697591918949,5874000.0,0.0,2392000.0,0.0,0.0,0.0,5248000.0,0.03944322520518294,0.4,0.395033,12682342,12685002,https://www.sec.gov/Archives/edgar/data/1176334/000095013406015289/0000950134-06-015289-index.htm,https://www.sec.gov/Archives/edgar/data/1176334/000095013406015289/d38490e10vq.htm
0,2006-03-31,MMLP,2006-05-09,2006-05-09 16:39:34,Q1,146822000,121553000,25269000,0.1721063600822765,0.0,2386000.0,0.0,0.0,12740000,140631000,0.0,3952000.0,12294000,0.08373404530656169,6191000.0,0.0,261000.0,0.0,0.0,0.0,4287000.0,0.029198621459999182,0.33,0.328484,12299009,12301980,https://www.sec.gov/Archives/edgar/data/1176334/000095013406009263/0000950134-06-009263-index.htm,https://www.sec.gov/Archives/edgar/data/1176334/000095013406005053/d34037e10vk.htm
0,2005-12-31,MMLP,2006-03-14,2006-03-14 17:09:56,Q4,144627000,119679000,24948000,0.17249891099172354,0.0,2713000.0,0.0,0.0,14110000,140472000,0.0,3970000.0,8014000.0,0.055411506841737714,4155000.0,0.0,1480000.0,0.0,0.0,0.0,2560000.0,0.017700705953936677,0.0,0.0,0.0,0.0,https://www.sec.gov/Archives/edgar/data/1176334/000095013406005053/0000950134-06-005053-index.htm,https://www.sec.gov/Archives/edgar/data/1176334/000095013406005053/d34037e10vk.htm
0,2005-09-30,MMLP,2005-11-09,2005-11-09 16:42:40,Q3,112780000,87764000,25016000,0.22181237808122006,0.0,1848000.0,0.0,0.0,13423000,106347000,0.0,3312000.0,9720000.0,0.08618549388189395,6433000.0,0.0,52000.0,0.0,0.0,0.0,4846000.0,0.0429686114559319,0.56,0.56,8475862.0,8475862.0,https://www.sec.gov/Archives/edgar/data/1176334/000095013405021058/0000950134-05-021058-index.htm,https://www.sec.gov/Archives/edgar/data/1176334/000095013405021058/d30219e10vq.htm
0,2005-06-30,MMLP,2005-08-02,2005-08-02 17:17:47,Q2,84896000,66289000,18607000,0.21917404824726724,0.0,2519000.0,0.0,0.0,9505000.0,81019000,0.0,2706000.0,6762000.0,0.07965039577836412,3877000.0,0.0,192000.0,0.0,0.0,0.0,2943000.0,0.03466594421409725,0.34,0.34,8475862.0,8475862.0,https://www.sec.gov/Archives/edgar/data/1176334/000095013405014613/0000950134-05-014613-index.htm,https://www.sec.gov/Archives/edgar/data/1176334/000095013405014613/d27493e10vq.htm
0,2005-03-31,MMLP,2005-05-04,2005-05-04 16:48:39,Q1,96140000,78043000,18097000,0.18823590597045975,0.0,2466000.0,0.0,0.0,8482000.0,91645000,0.0,2654000.0,7119000.0,0.07404826294986477,4495000.0,0.03672768878718535,105000.0,3531000.0,0.03672768878718535,0.0,3531000.0,0.03672768878718535,0.41,0.41,8475862.0,8475862.0,https://www.sec.gov/Archives/edgar/data/1176334/000095013405008960/0000950134-05-008960-index.htm,https://www.sec.gov/Archives/edgar/data/1176334/000095013405005238/d23407e10vk.htm
0,2004-12-31,MMLP,2005-03-16,2005-03-16 16:19:10,Q4,91633000,73067000,18566000,0.2026125958988574,0.0,2034000.0,0.0,0.0,8989000.0,86580000,0.0,2490000.0,7584000.0,0.08276494276079578,5053000.0,0.04806128796394312,339000.0,4404000.0,0.04806128796394312,0.0,4404000.0,0.04806128796394312,0.0,0.0,0.0,0.0,https://www.sec.gov/Archives/edgar/data/1176334/000095013405005238/0000950134-05-005238-index.htm,https://www.sec.gov/Archives/edgar/data/1176334/000095013405005238/d23407e10vk.htm
0,2004-09-30,MMLP,2004-11-02,2004-11-02 17:18:18,Q3,72190000,55924000,16266000,0.22532206676825045,0.0,2315000.0,0.0,0.0,8474000.0,69117000,0.0,2404000.0,5453000.0,0.07553677794708408,3073000.0,0.025793046128272615,-335000.0,1862000.0,0.025793046128272615,0.0,1862000.0,0.025793046128272615,0.22,0.22,8475862.0,8475862.0,https://www.sec.gov/Archives/edgar/data/1176334/000095013404016185/0000950134-04-016185-index.htm,https://www.sec.gov/Archives/edgar/data/1176334/000095013404016185/d19609e10vq.htm
0,2004-06-30,MMLP,2004-08-03,2004-08-03 17:04:19,Q2,61253000,46744000,14509000,0.23687003085563155,0.0,2121000.0,0.0,0.0,7623000.0,58454000,0.0,1966000.0,4746000.0,0.07748191925293454,2799000.0,0.0,381000.0,0.0,0.0,0.0,2422000.0,0.03954092044471291,0.28,0.28,8475862.0,8475862.0,https://www.sec.gov/Archives/edgar/data/1176334/000095013404011161/0000950134-04-011161-index.htm,https://www.sec.gov/Archives/edgar/data/1176334/000095013404011161/d17214e10vq.htm
0,2004-03-31,MMLP,2004-05-13,2004-05-13 16:18:52,Q1,69068000,54106000,14962000,0.21662709214107836,0.0,1915000.0,0.0,0.0,7337000.0,65264000,0.0,1906000.0,5701000.0,0.08254184282156715,3804000.0,0.052672728325708,538000.0,3638000.0,0.052672728325708,0.0,3638000.0,0.052672728325708,0.45,0.45,7967840.0,7967840.0,https://www.sec.gov/Archives/edgar/data/1176334/000095013404007489/0000950134-04-007489-index.htm,https://www.sec.gov/Archives/edgar/data/1176334/000095013404007489/d15481e10vq.htm
0,2003-12-31,MMLP,,Not found...,Q4,52633000,41072000,11561000,0.21965306936712709,0.0,1525000.0,0.0,0.0,5692000.0,49539000,0.0,1250000.0,3729000.0,0.07084908707464899,3094000.0,0.06921513119145783,1108000.0,3643000.0,0.06921513119145783,0.0,3643000.0,0.06921513119145783,0.0,0.0,0.0,0.0,,
0,2003-09-30,MMLP,,,Q3,40240000,30661000,9579000.0,0.23804671968190855,0.0,1444000.0,0.0,0.0,4977000.0,38274000,0.0,1192000.0,3129000.0,0.07775844930417496,1966000.0,0.05419980119284294,609000.0,2181000.0,0.05419980119284294,0.0,2181000.0,0.05419980119284294,0.3,0.3,7153362.0,7153362.0,,
0,2003-06-30,MMLP,2003-08-08 00:00:00,2003-08-08 17:04:39,Q2,38659000,28646000,10013000,0.25900825163610025,0.0,1615000.0,0.0,0.0,4860000.0,36297000,0.0,1176000.0,3515000.0,0.09092320028971261,2362000.0,0.07302309940764116,957000.0,2823000.0,0.07302309940764116,0.0,2823000.0,0.07302309940764116,0.39,0.39,7153362.0,7153362.0,https://www.sec.gov/Archives/edgar/data/1176334/000095013403011194/0000950134-03-011194-index.html,https://www.sec.gov/Archives/edgar/data/1176334/000095013403011194/d08137e10vq.txt
0,2003-03-31,MMLP,2003-05-12 00:00:00,2003-05-12 16:41:53,Q1,61199000,50388000,10811000,0.17665321328779882,0.0,1517000.0,0.0,0.0,5071000.0,58123000,0.0,1147000.0,4207000.0,0.06874295331623066,3076000.0,0.05447801434663965,810000.0,3334000.0,0.05447801434663965,0.0,3334000.0,0.05447801434663965,0.46,0.46,7153362.0,7153362.0,https://www.sec.gov/Archives/edgar/data/1176334/000095013403007611/0000950134-03-007611-index.html,https://www.sec.gov/Archives/edgar/data/1176334/000095013403007611/d05628e10vq.txt
0,2002-12-31,MMLP,2003-03-26 00:00:00,2003-03-25 21:14:11,Q4,48564000,37841000,10723000,0.22080141668725806,0.0,1671000.0,0.0,0.0,4985000.0,45629000,0.0,0.0,3128000.0,0.06440985091837576,2935000.0,0.06634544106745738,939000.0,3222000.0,0.06634544106745738,141000.0,3081000.0,0.06344205584383494,0.0,0.0,0.0,0.0,https://www.sec.gov/Archives/edgar/data/1176334/000095013403004530/0000950134-03-004530-index.html,https://www.sec.gov/Archives/edgar/data/1176334/000095013403004530/d04308e10vk.txt
