,date,symbol,fillingDate,acceptedDate,period,revenue,costOfRevenue,grossProfit,grossProfitRatio,researchAndDevelopmentExpenses,generalAndAdministrativeExpenses,sellingAndMarketingExpenses,otherExpenses,operatingExpenses,costAndExpenses,interestExpense,depreciationAndAmortization,ebitda,ebitdaratio,operatingIncome,operatingIncomeRatio,totalOtherIncomeExpensesNet,incomeBeforeTax,incomeBeforeTaxRatio,incomeTaxExpense,netIncome,netIncomeRatio,eps,epsdiluted,weightedAverageShsOut,weightedAverageShsOutDil,link,finalLink
0,2020-09-30,SU,2020-09-30,2020-09-30,Q3,6427000000,2655000000,3772000000,0.0,0.0,2289000000,0.0,64000000,2655000000,0.0,-251000000,0.0,0.0,0.0,-331000000,0.0,0.0,-237000000,0.0,-225000000,-12000000,0.0,-0.007868852459016393,-0.007868852459016393,1525000000,1525000000,,
0,2020-06-30,SU,2020-07-08 00:00:00,2020-07-08 10:32:34,Q2,4229000000,1419000000,2810000000,0.66446,25000000,2485000000,0.0,69000000,4014000000,5433000000,89000000,1522000000,542000000,0.128163,-1204000000,-0.284701,45000000,-1069000000,-0.252778,-455000000,-614000000,-0.145188,-0.40262,-0.40262,1525000000,1525000000,https://www.sec.gov/Archives/edgar/data/311337/000110465920081962/0001104659-20-081962-index.htm,https://www.sec.gov/Archives/edgar/data/311337/000110465920081962/tm2024309-1_6k.htm
0,2020-03-31,SU,2020-04-08 00:00:00,2020-04-08 10:22:45,Q1,7391000000,3180000000,4211000000,0.569747,139000000,3303000000,0.0,69000000,7754000000,10934000000,-789000000,4146000000,-993000000,-0.134353,-3543000000,-0.479367,-22000000,-4350000000,-0.588554,-825000000,-3525000000,-0.476931,-2.30694,-2.30694,1528000000,1528000000,https://www.sec.gov/Archives/edgar/data/311337/000110465920044534/0001104659-20-044534-index.html,https://www.sec.gov/Archives/edgar/data/311337/000110465920044534/a20-15319_16k.htm
0,2019-12-31,SU,2020-01-30 00:00:00,2020-01-30 10:08:33,Q4,9487000000,3253000000,6234000000,0.65711,52000000,3187000000,0.0,65000000,9378000000,12631000000,23000000,6113000000,3067000000,0.323284,-3144000000,-0.331401,43000000,-3069000000,-0.323495,-734000000,-2335000000,-0.246126,-1.51821,-1.51821,1538000000,1538000000,https://www.sec.gov/Archives/edgar/data/311337/000110465920008425/0001104659-20-008425-index.html,https://www.sec.gov/Archives/edgar/data/311337/000110465920008425/a20-6226_16k.htm
0,2019-09-30,SU,2019-10-16 00:00:00,2019-10-16 10:10:30,Q3,9803000000,3402000000,6401000000,0.652963,15000000,3171000000,0.0,66000000,4747000000,8149000000,-210000000,1484000000,2746000000,0.280118,1654000000,0.168724,-53000000,1472000000,0.150158,437000000,1035000000,0.10558,0.66602,0.66602,1554000000,1554000000,https://www.sec.gov/Archives/edgar/data/311337/000110465919054305/0001104659-19-054305-index.html,https://www.sec.gov/Archives/edgar/data/311337/000110465919054305/a19-20346_16k.htm
0,2019-06-30,SU,2019-07-18 00:00:00,2019-07-18 11:59:05,Q2,10071000000,3286000000,6785000000,0.673717,76000000,3160000000,0.0,68000000,4829000000,8115000000,26000000,1513000000,3663000000,0.363718,1956000000,0.194221,-16000000,2124000000,0.210903,-605000000,2729000000,0.270976,1.73601,1.73601,1572000000,1572000000,https://www.sec.gov/Archives/edgar/data/311337/000110465919040903/0001104659-19-040903-index.html,https://www.sec.gov/Archives/edgar/data/311337/000110465919040903/a19-10980_16k.htm
0,2019-03-31,SU,2019-04-24 00:00:00,2019-04-24 11:18:15,Q1,8983000000,2621000000,6362000000,0.708227,113000000,3168000000,0.0,71000000,4837000000,7458000000,156000000,1462000000,3624000000,0.403429,1525000000,0.169765,320000000,2006000000,0.223311,536000000,1470000000,0.163642,0.9292,0.9292,1582000000,1582000000,https://www.sec.gov/Archives/edgar/data/311337/000110465919023286/0001104659-19-023286-index.html,https://www.sec.gov/Archives/edgar/data/311337/000110465919023286/a19-8809_16k.htm
0,2018-12-31,SU,2019-01-07 00:00:00,2019-01-07 14:23:23,Q4,8561000000,3328000000,5233000000,0.61126,49000000,3059000000,0.0,67000000,4573000000,7901000000,-615000000,1419000000,692000000,0.080832,660000000,0.077094,93000000,-112000000,-0.013083,168000000,-280000000,-0.032706,-0.17511,-0.17511,1599000000,1599000000,https://www.sec.gov/Archives/edgar/data/311337/000110465919001085/0001104659-19-001085-index.html,https://www.sec.gov/Archives/edgar/data/311337/000110465919001085/a19-2014_16k.htm
0,2018-09-30,SU,2018-10-26 00:00:00,2018-10-26 12:20:37,Q3,10847000000,3902000000,6945000000,0.640269,22000000,2992000000,0.0,67000000,4615000000,8517000000,68000000,1504000000,4037000000,0.372177,2330000000,0.214806,-40000000,2465000000,0.227252,653000000,1812000000,0.167051,1.11302,1.11302,1628000000,1628000000,https://www.sec.gov/Archives/edgar/data/311337/000110465918064114/0001104659-18-064114-index.html,https://www.sec.gov/Archives/edgar/data/311337/000110465918064114/a18-37227_16k.htm
0,2018-06-30,SU,2018-07-10 00:00:00,2018-07-10 10:51:37,Q2,10327000000,4056000000,6271000000,0.607243,19000000,2947000000,0.0,67000000,4421000000,8477000000,-426000000,1391000000,2441000000,0.236371,1850000000,0.179142,48000000,1476000000,0.142926,504000000,972000000,0.094122,0.59232,0.59232,1641000000,1641000000,https://www.sec.gov/Archives/edgar/data/311337/000110465918044460/0001104659-18-044460-index.html,https://www.sec.gov/Archives/edgar/data/311337/000110465918044460/a18-17022_16k.htm
0,2018-03-31,SU,2018-04-25 00:00:00,2018-04-25 15:06:30,Q1,8807000000,2847000000,5960000000,0.676734,32000000,2894000000,0.0,65000000,4399000000,7246000000,-499000000,1424000000,2079000000,0.236062,1561000000,0.177245,-71000000,1154000000,0.131032,365000000,789000000,0.089588,0.47993,0.47993,1644000000,1644000000,https://www.sec.gov/Archives/edgar/data/311337/000110465918026564/0001104659-18-026564-index.html,https://www.sec.gov/Archives/edgar/data/311337/000110465918026564/a18-12146_16k.htm
0,2017-12-31,SU,2018-01-03 00:00:00,2018-01-03 12:08:38,Q4,8973000000,2773000000,6200000000,0.690962,26000000,2664000000,0.0,63000000,4260000000,7033000000,-165000000,1488000000,3208000000,0.357517,1940000000,0.216204,63000000,1885000000,0.210075,503000000,1382000000,0.154018,0.83606,0.83606,1653000000,1653000000,https://www.sec.gov/Archives/edgar/data/311337/000110465918000416/0001104659-18-000416-index.html,https://www.sec.gov/Archives/edgar/data/311337/000110465918000416/a18-2103_16k.htm
0,2017-09-30,SU,2017-10-02 00:00:00,2017-10-02 10:25:07,Q3,7963000000,2875000000,5088000000,0.638955,13000000,2488000000,0.0,62000000,3847000000,6722000000,445000000,1281000000,3403000000,0.427352,1241000000,0.155846,-14000000,1677000000,0.210599,388000000,1289000000,0.161874,0.77557,0.77557,1662000000,1662000000,https://www.sec.gov/Archives/edgar/data/311337/000110465917060094/0001104659-17-060094-index.html,https://www.sec.gov/Archives/edgar/data/311337/000110465917060094/a17-22638_26k.htm
0,2017-06-30,SU,2017-07-14 00:00:00,2017-07-14 12:35:18,Q2,7231000000,2995000000,4236000000,0.585811,13000000,2472000000,0.0,61000000,4049000000,7044000000,359000000,1410000000,2312000000,0.319734,187000000,0.025861,-5000000.0,543000000,0.075093,108000000,435000000,0.060158,0.26017,0.26017,1672000000,1672000000,https://www.sec.gov/Archives/edgar/data/311337/000110465917044960/0001104659-17-044960-index.html,https://www.sec.gov/Archives/edgar/data/311337/000110465917044960/a17-17931_16k.htm
0,2017-03-31,SU,2017-04-05 00:00:00,2017-04-05 11:16:39,Q1,7787000000,2478000000,5309000000,0.681777,52000000,2561000000,0.0,61000000,4133000000,6611000000,136000000,1422000000,3369000000,0.432644,1176000000,0.151021,-49000000,1811000000,0.232567,459000000,1352000000,0.173623,0.80813,0.80813,1673000000,1673000000,https://www.sec.gov/Archives/edgar/data/311337/000110465917021582/0001104659-17-021582-index.html,https://www.sec.gov/Archives/edgar/data/311337/000110465917021582/a17-10929_16k.htm
0,2016-12-31,SU,2017-01-04 00:00:00,2017-01-04 16:31:57,Q4,7840000000,2402000000,5438000000,0.693622,86000000,2815000000,0.0,65000000,4553000000,6955000000,-183000000,1601000000,2144000000,0.273469,885000000,0.112883,3000000.0,726000000,0.092602,195000000,531000000,0.06773,0.31701,0.31701,1675000000,1675000000,https://www.sec.gov/Archives/edgar/data/311337/000110465917000585/0001104659-17-000585-index.html,https://www.sec.gov/Archives/edgar/data/311337/000110465917000585/a17-1284_16k.htm
0,2016-09-30,SU,2016-10-07 00:00:00,2016-10-07 11:33:06,Q3,7409000000,2734000000,4675000000,0.630989,146000000,2474000000,0.0,67000000,4095000000,6829000000,-255000000,1439000000,1510000000,0.203806,580000000,0.078283,-12000000,326000000,0.044001,-66000000,392000000,0.052909,0.23529,0.23529,1666000000,1666000000,https://www.sec.gov/Archives/edgar/data/311337/000110465916149269/0001104659-16-149269-index.html,https://www.sec.gov/Archives/edgar/data/311337/000110465916149269/a16-19612_16k.htm
0,2016-06-30,SU,2016-07-22 00:00:00,2016-07-22 14:48:54,Q2,5914000000,2672000000,3242000000,0.548191,16000000,2295000000,0.0,73000000,4101000000,6773000000,-240000000,1605000000,323000000,0.054616,-859000000,-0.145249,24000000,-1042000000,-0.176192,-307000000,-735000000,-0.124281,-0.46226,-0.46226,1590000000,1590000000,https://www.sec.gov/Archives/edgar/data/311337/000110465916133867/0001104659-16-133867-index.html,https://www.sec.gov/Archives/edgar/data/311337/000110465916133867/a16-15330_26k.htm
0,2016-03-31,SU,2016-04-19 00:00:00,2016-04-19 14:21:39,Q1,5644000000,2069000000,3575000000,0.633416,41000000,2638000000,0.0,64000000,4185000000,6254000000,689000000,1472000000,2226000000,0.394401,-610000000,-0.108079,-4000000.0,76000000,0.013466,-181000000,246000000,0.043586,0.16216,0.16216,1517000000,1517000000,https://www.sec.gov/Archives/edgar/data/311337/000110465916112446/0001104659-16-112446-index.html,https://www.sec.gov/Archives/edgar/data/311337/000110465916112446/a16-8659_16k.htm
0,2015-12-31,SU,2016-01-04 00:00:00,2016-01-04 12:21:00,Q4,6499000000,2673000000,3826000000,0.588706,67000000,2501000000,0.0,51000000,6175000000,8848000000,-353000000,3529000000,508000000,0.078166,-2349000000,-0.36144,29000000,-2668000000,-0.410525,-661000000,-2007000000,-0.308817,-1.38797,-1.38797,1446000000,1446000000,https://www.sec.gov/Archives/edgar/data/311337/000119312516419260/0001193125-16-419260-index.html,https://www.sec.gov/Archives/edgar/data/311337/000119312516419260/d116459d6k.htm
0,2015-09-30,SU,2015-10-05 00:00:00,2015-10-05 17:24:29,Q3,7485000000,3084000000,4401000000,0.587976,55000000,2348000000,0.0,49000000,3779000000,6863000000,-859000000,1333000000,261000000,0.03487,622000000,0.0831,21000000,-213000000,-0.028457,163000000,-376000000,-0.050234,-0.26003,-0.26003,1446000000,1446000000,https://www.sec.gov/Archives/edgar/data/311337/000119312515337618/0001193125-15-337618-index.html,https://www.sec.gov/Archives/edgar/data/311337/000119312515337618/d71400d6k.htm
0,2015-06-30,SU,2015-07-08 00:00:00,2015-07-08 17:09:52,Q2,8095000000,3061000000,5034000000,0.621865,173000000,2281000000,0.0,45000000,3815000000,6876000000,150000000,1305000000,2913000000,0.359852,1219000000,0.150587,-15000000,1458000000,0.180111,729000000,729000000,0.090056,0.5038,0.5038,1447000000,1447000000,https://www.sec.gov/Archives/edgar/data/311337/000110465915050330/0001104659-15-050330-index.html,https://www.sec.gov/Archives/edgar/data/311337/000110465915050330/a15-15409_16k.htm
0,2015-03-31,SU,2015-04-02 00:00:00,2015-04-02 12:47:09,Q1,7129000000,2772000000,4357000000,0.611166,183000000,2562000000,0.0,52000000,4055000000,6827000000,-929000000,1333000000,-200000000,-0.028054,302000000,0.042362,25000000,-604000000,-0.084724,-263000000,-341000000,-0.047833,-0.23599,-0.23599,1445000000,1445000000,https://www.sec.gov/Archives/edgar/data/311337/000110465915025400/0001104659-15-025400-index.html,https://www.sec.gov/Archives/edgar/data/311337/000110465915025400/a15-8508_16k.htm
0,2014-12-31,SU,2015-04-02 00:00:00,2015-04-02 12:47:09,Q4,8899000000,4459000000,4440000000,0.498932,53000000,2572000000,0.0,47000000,3959000000,8418000000,-251000000,1200000000,1221000000,0.137206,481000000,0.054051,32000000,272000000,0.030565,188000000,84000000,0.009439,0.05793,0.05793,1450000000,1450000000,https://www.sec.gov/Archives/edgar/data/311337/000110465915025400/0001104659-15-025400-index.html,https://www.sec.gov/Archives/edgar/data/311337/000110465915025400/a15-8508_16k.htm
0,2014-09-30,SU,2014-10-24 00:00:00,2014-10-24 12:19:24,Q3,10175000000,4664000000,5511000000,0.541622,57000000,2523000000,0.0,49000000,3724000000,8388000000,-438000000,1110000000,2104000000,0.206781,1787000000,0.175627,-1000000.0,1432000000,0.140737,513000000,919000000,0.090319,0.62688,0.62688,1466000000,1466000000,https://www.sec.gov/Archives/edgar/data/311337/000110465914073617/0001104659-14-073617-index.html,https://www.sec.gov/Archives/edgar/data/311337/000110465914073617/a14-22969_16k.htm
0,2014-06-30,SU,2014-07-10 00:00:00,2014-07-10 10:16:06,Q2,10446000000,4676000000,5770000000,0.552365,131000000,2718000000,0.0,51000000,5584000000,10260000000,398000000,2690000000,3676000000,0.351905,186000000,0.017806,8000000.0,588000000,0.056289,377000000,211000000,0.020199,0.14334,0.14334,1472000000,1472000000,https://www.sec.gov/Archives/edgar/data/311337/000110465914050915/0001104659-14-050915-index.html,https://www.sec.gov/Archives/edgar/data/311337/000110465914050915/a14-16867_16k.htm
0,2014-03-31,SU,2014-04-21 00:00:00,2014-04-21 09:39:44,Q1,10342000000,3729000000,6613000000,0.639431,126000000,2713000000,0.0,51000000,4025000000,7754000000,-267000000,1140000000,3171000000,0.306614,2588000000,0.250242,-23000000,2298000000,0.222201,813000000,1485000000,0.143589,1.00815,1.00815,1473000000,1473000000,https://www.sec.gov/Archives/edgar/data/311337/000110465914028802/0001104659-14-028802-index.html,https://www.sec.gov/Archives/edgar/data/311337/000110465914028802/a14-10853_16k.htm
0,2013-12-31,SU,,,Q4,10153000000,4192000000,5961000000,0.587117,75000000,2701000000,0.0,63000000,4962000000,9154000000,0.0,1775000000,2774000000,0.27322,999000000,0.098395,19000000,999000000,0.098395,556000000,443000000,0.043632,0.29852,0.29852,1484000000,1484000000,,
0,2013-09-30,SU,2013-10-25 00:00:00,2013-10-25 13:10:26,Q3,10288000000,4603000000,5685000000,0.552586,38000000,2526000000,0.0,50000000,3764000000,8367000000,237000000,1089000000,3641000000,0.353907,1921000000,0.186722,24000000,2315000000,0.225019,621000000,1694000000,0.164658,1.13084,1.13084,1498000000,1498000000,https://www.sec.gov/Archives/edgar/data/311337/000110465913077907/0001104659-13-077907-index.html,https://www.sec.gov/Archives/edgar/data/311337/000110465913077907/a13-22868_16k.htm
0,2013-06-30,SU,2013-07-17 00:00:00,2013-07-17 10:14:06,Q2,9648000000,4439000000,5209000000,0.539905,79000000,2543000000,0.0,9000000.0,3712000000,8151000000,-329000000,1029000000,1871000000,0.193926,1497000000,0.155162,2000000.0,1171000000,0.121372,491000000,680000000,0.070481,0.45123,0.45123,1507000000,1507000000,https://www.sec.gov/Archives/edgar/data/311337/000110465913054828/0001104659-13-054828-index.html,https://www.sec.gov/Archives/edgar/data/311337/000110465913054828/a13-16681_16k.htm
0,2013-03-31,SU,2013-04-16 00:00:00,2013-04-16 09:51:54,Q1,9843000000,4059000000,5784000000,0.587626,130000000,2607000000,0.0,1000000.0,3650000000,7709000000,-267000000,999000000,2623000000,0.266484,2134000000,0.216804,24000000,1891000000,0.192116,797000000,1094000000,0.111145,0.71926,0.71926,1521000000,1521000000,https://www.sec.gov/Archives/edgar/data/311337/000110465913029641/0001104659-13-029641-index.html,https://www.sec.gov/Archives/edgar/data/311337/000110465913029641/a13-10125_16k.htm
0,2012-12-31,SU,2013-01-07 00:00:00,2013-01-07 11:17:28,Q4,9396000000,4435000000,4961000000,0.527991,71000000,2368000000,0.0,202000000,5660000000,10095000000,63000000,3014000000,2447000000,0.26043,-699000000,-0.074393,1000000.0,-630000000,-0.06705,-56000000,-574000000,-0.06109,-0.36631,-0.36631,1567000000,1567000000,https://www.sec.gov/Archives/edgar/data/311337/000110465913000933/0001104659-13-000933-index.html,https://www.sec.gov/Archives/edgar/data/311337/000110465913000933/a13-2231_16k.htm
0,2012-09-30,SU,2012-10-23 00:00:00,2012-10-23 09:53:11,Q3,9488000000,4124000000,5364000000,0.565346,97000000,2436000000,0.0,17000000,3449000000,7573000000,313000000,895000000,3459000000,0.364566,1915000000,0.201834,20000000,2251000000,0.237247,707000000,1544000000,0.162732,1.0039,1.0039,1538000000,1538000000,https://www.sec.gov/Archives/edgar/data/311337/000110465912070498/0001104659-12-070498-index.html,https://www.sec.gov/Archives/edgar/data/311337/000110465912070498/a12-24758_16k.htm
0,2012-06-30,SU,2012-07-18 00:00:00,2012-07-18 10:03:01,Q2,9584000000,4488000000,5096000000,0.53172,96000000,2180000000,0.0,22000000,3860000000,8348000000,-146000000,1590000000,2549000000,0.265964,1236000000,0.128965,10000000,1105000000,0.115296,781000000,324000000,0.033806,0.20796,0.20796,1558000000,1558000000,https://www.sec.gov/Archives/edgar/data/311337/000110465912049488/0001104659-12-049488-index.html,https://www.sec.gov/Archives/edgar/data/311337/000110465912049488/a12-16351_46k.htm
0,2012-03-31,SU,2012-04-18 00:00:00,2012-04-18 16:19:51,Q1,9639000000,4000000000,5639000000,0.585019,45000000,2598000000,0.0,1000000.0,3610000000,7610000000,194000000,947000000,3399000000,0.35263,2029000000,0.210499,4000000.0,2258000000,0.234257,812000000,1446000000,0.150016,0.92278,0.92278,1567000000,1567000000,https://www.sec.gov/Archives/edgar/data/311337/000110465912026201/0001104659-12-026201-index.html,https://www.sec.gov/Archives/edgar/data/311337/000110465912026201/a12-9924_16k.htm
0,2011-12-31,SU,2012-01-26 00:00:00,2012-01-26 10:26:41,Q4,9906000000,4396000000,5510000000,0.556229,10000000,2574000000,0.0,21000000,3620000000,8016000000,204000000,1023000000,3276000000,0.330709,1890000000,0.190793,-43000000,2049000000,0.206844,622000000,1427000000,0.144054,0.90776,0.90776,1572000000,1572000000,https://www.sec.gov/Archives/edgar/data/311337/000110465912004129/0001104659-12-004129-index.html,https://www.sec.gov/Archives/edgar/data/311337/000110465912004129/a12-3465_16k.htm
0,2011-09-30,SU,2011-10-28 00:00:00,2011-10-28 12:14:48,Q3,10235000000,5017000000,5218000000,0.509819,17000000,2007000000,0.0,59000000,2899000000,7916000000,-483000000,834000000,2284000000,0.223156,2319000000,0.226575,40000000,1933000000,0.188862,646000000,1287000000,0.125745,0.81353,0.81353,1582000000,1582000000,https://www.sec.gov/Archives/edgar/data/311337/000110465911058716/0001104659-11-058716-index.html,https://www.sec.gov/Archives/edgar/data/311337/000110465911058716/a11-28773_16k.htm
0,2011-06-30,SU,2011-07-27 00:00:00,2011-07-27 12:03:23,Q2,9279000000,4823000000,4456000000,0.480224,31000000,2121000000,0.0,46000000,3594000000,8417000000,130000000,1310000000,2481000000,0.267378,862000000,0.092898,-11000000,1041000000,0.112189,479000000,562000000,0.060567,0.35413,0.35413,1587000000,1587000000,https://www.sec.gov/Archives/edgar/data/311337/000110465911041024/0001104659-11-041024-index.html,https://www.sec.gov/Archives/edgar/data/311337/000110465911041024/a11-22492_16k.htm
0,2011-03-31,SU,2011-04-27 00:00:00,2011-04-27 10:34:51,Q1,9015000000,3489000000,5526000000,0.612978,58000000,2458000000,0.0,37000000,3297000000,6786000000,66000000,785000000,2897000000,0.321353,2229000000,0.247255,2000000.0,2046000000,0.226955,1018000000,1028000000,0.114032,0.65022,0.65022,1581000000,1581000000,https://www.sec.gov/Archives/edgar/data/311337/000110465911022759/0001104659-11-022759-index.html,https://www.sec.gov/Archives/edgar/data/311337/000110465911022759/a11-10343_46k.htm
0,2010-12-31,SU,,,Q4,8982000000,3989000000,4993000000,0.55589,41000000,2523000000,0.0,29000000,3571000000,7560000000,128000000,978000000,3010000000,0.335115,1422000000,0.158317,358000000,1904000000,0.21198,618000000,1286000000,0.143175,0.81651,0.81651,1575000000,1575000000,,
0,2010-09-30,SU,2010-10-08 00:00:00,2010-10-08 13:58:41,Q3,7717000000,3475000000,4242000000,0.549695,79000000,2099000000,0.0,21000000,3146000000,6621000000,90000000,947000000,2740000000,0.35506,1096000000,0.142024,-45000000,1703000000,0.220682,479000000,1224000000,0.158611,0.76596,0.76596,1598000000,1598000000,https://www.sec.gov/Archives/edgar/data/311337/000110465910051817/0001104659-10-051817-index.html,https://www.sec.gov/Archives/edgar/data/311337/000110465910051817/a10-19185_16k.htm
0,2010-06-30,SU,2010-07-06 00:00:00,2010-07-06 16:32:05,Q2,8174000000,3938000000,4236000000,0.518229,50000000,2056000000,0.0,15000000,3151000000,7089000000,-536000000,1030000000,1479000000,0.18094,1085000000,0.132738,287000000,985000000,0.120504,445000000,540000000,0.066063,0.34264,0.34264,1576000000,1576000000,https://www.sec.gov/Archives/edgar/data/311337/000110465910037129/0001104659-10-037129-index.html,https://www.sec.gov/Archives/edgar/data/311337/000110465910037129/a10-13681_16k.htm
0,2010-03-31,SU,2010-04-06 00:00:00,2010-04-06 14:42:00,Q1,7130000000,3429000000,3701000000,0.519074,48000000,2009000000,0.0,12000000,2917000000,6346000000,131000000,848000000,2163000000,0.303366,784000000,0.109958,1000000.0,1184000000,0.166059,405000000,779000000,0.109257,0.49492,0.49492,1574000000,1574000000,https://www.sec.gov/Archives/edgar/data/311337/000110465910018565/0001104659-10-018565-index.html,https://www.sec.gov/Archives/edgar/data/311337/000110465910018565/a10-7656_16k.htm
0,2009-12-31,SU,2010-01-08 00:00:00,2010-01-08 16:35:13,Q4,6555000000,3410000000,3145000000,0.479786,86000000,2392000000,0.0,55000000,3290000000,6700000000,753000000,757000000,2045000000,0.311976,-145000000,-0.022121,13000000,554000000,0.084516,78000000,457000000,0.069718,0.29034,0.29034,1574000000,1574000000,https://www.sec.gov/Archives/edgar/data/311337/000110465910000896/0001104659-10-000896-index.html,https://www.sec.gov/Archives/edgar/data/311337/000110465910000896/a10-1496_16k.htm
0,2009-09-30,SU,2009-10-02 00:00:00,2009-10-02 11:16:48,Q3,5649000000,4856000000,793000000,0.140379,84000000,1790000000,0.0,50000000,2447000000,7303000000,2955000000,523000000,4753000000,0.841388,-1654000000,-0.292795,12000000,1311000000,0.232076,346000000,929000000,0.164454,0.68209,0.68209,1362000000,1362000000,https://www.sec.gov/Archives/edgar/data/311337/000110465909057506/0001104659-09-057506-index.html,https://www.sec.gov/Archives/edgar/data/311337/000110465909057506/a09-29144_16k.htm
0,2009-06-30,SU,2009-07-02 00:00:00,2009-07-02 12:38:06,Q2,2628000000,3458000000,-830000000,-0.31583,32000000,1392000000,0.0,38000000,1758000000,5216000000,2388000000,285000000,2463000000,0.937215,-2588000000,-0.984779,10000000,-205000000,-0.078006,-159000000,-51000000,-0.019406,-0.05443,-0.05443,937000000,937000000,https://www.sec.gov/Archives/edgar/data/311337/000110465909041626/0001104659-09-041626-index.html,https://www.sec.gov/Archives/edgar/data/311337/000110465909041626/a09-17250_16k.htm
0,2009-03-31,SU,2009-04-01 00:00:00,2009-04-01 11:20:12,Q1,2439000000,3045000000,-606000000,-0.248462,7000000.0,1252000000,0.0,44000000,1587000000,4632000000,1969000000,295000000,2023000000,0.829438,-2193000000,-0.899139,16000000,-241000000,-0.098811,-52000000,-189000000,-0.077491,-0.20171,-0.20171,937000000,937000000,https://www.sec.gov/Archives/edgar/data/311337/000110465909021964/0001104659-09-021964-index.html,https://www.sec.gov/Archives/edgar/data/311337/000110465909021964/a09-8410_36k.htm
0,2008-12-31,SU,2009-01-20 00:00:00,2009-01-20 11:45:25,Q4,3898000000,4795000000,-897000000,-0.230118,17000000,1319000000,0.0,22000000,1644000000,6439000000,2377000000,198000000,2384000000,0.611596,-2541000000,-0.651873,6000000.0,-191000000,-0.048999,24000000,-215000000,-0.055156,-0.2297,-0.2297,936000000,936000000,https://www.sec.gov/Archives/edgar/data/311337/000104746909000244/0001047469-09-000244-index.html,https://www.sec.gov/Archives/edgar/data/311337/000104746909000244/a2190029z6-k.htm
0,2008-09-30,SU,2008-10-29 00:00:00,2008-10-29 11:49:21,Q3,5309000000,5796000000,-487000000,-0.091731,30000000,1090000000,0.0,24000000,1407000000,7203000000,3042000000,263000000,4449000000,0.838011,-1894000000,-0.356753,8000000.0,1144000000,0.215483,329000000,815000000,0.153513,0.85519,0.85519,953000000,953000000,https://www.sec.gov/Archives/edgar/data/311337/000104746908011325/0001047469-08-011325-index.html,https://www.sec.gov/Archives/edgar/data/311337/000104746908011325/a2188650z6-k.htm
0,2008-06-30,SU,2008-07-24 00:00:00,2008-07-24 11:23:05,Q2,2122000000,5205000000,-3083000000,-1.452875,31000000,526000000,0.0,30000000,839000000,6044000000,5063000000,252000000,6476000000,3.051838,-3922000000,-1.848256,14000000,1161000000,0.547125,332000000,829000000,0.390669,0.87263,0.87263,950000000,950000000,https://www.sec.gov/Archives/edgar/data/311337/000104746908008355/0001047469-08-008355-index.html,https://www.sec.gov/Archives/edgar/data/311337/000104746908008355/a2186894z6-k.htm
0,2008-03-31,SU,2008-04-24 00:00:00,2008-04-24 16:21:45,Q1,5988000000,3109000000,2879000000,0.480795,12000000,1497000000,0.0,23000000,1780000000,4889000000,-79000000,248000000,1187000000,0.19823,1099000000,0.183534,7000000.0,1018000000,0.170007,310000000,708000000,0.118236,0.74841,0.74841,946000000,946000000,https://www.sec.gov/Archives/edgar/data/311337/000110465908026545/0001104659-08-026545-index.html,https://www.sec.gov/Archives/edgar/data/311337/000110465908026545/a08-12080_16k.htm
0,2007-12-31,SU,,,Q4,5185000000,2657000000,2528000000,0.48756,17000000,1300000000,0.0,28000000,1599000000,4256000000,26000000,254000000,1228000000,0.236837,929000000,0.179171,16000000,948000000,0.182835,-94000000,1042000000,0.200964,1.10032,1.10032,947000000,947000000,,
0,2007-09-30,SU,2007-10-25 00:00:00,2007-10-25 12:09:36,Q3,4802000000,2596000000,2206000000,0.459392,9000000.0,1195000000,0.0,38000000,1458000000,4054000000,100000000,216000000,1165000000,0.242607,748000000,0.155768,26000000,849000000,0.176801,222000000,627000000,0.130571,0.6649,0.6649,943000000,943000000,https://www.sec.gov/Archives/edgar/data/311337/000110465907076917/0001104659-07-076917-index.html,https://www.sec.gov/Archives/edgar/data/311337/000110465907076917/a07-27215_16k.htm
0,2007-06-30,SU,2007-07-26 00:00:00,2007-07-26 11:30:14,Q2,4627000000,2335000000,2292000000,0.495353,37000000,1155000000,0.0,35000000,1431000000,3766000000,74000000,204000000,1212000000,0.261941,861000000,0.186082,23000000,934000000,0.201859,196000000,738000000,0.159499,0.77684,0.77684,950000000,950000000,https://www.sec.gov/Archives/edgar/data/311337/000110465907056389/0001104659-07-056389-index.html,https://www.sec.gov/Archives/edgar/data/311337/000110465907056389/a07-20074_16k.htm
0,2007-03-31,SU,2007-04-26 00:00:00,2007-04-26 11:46:10,Q1,3951000000,1696000000,2255000000,0.570742,32000000,1211000000,0.0,15000000,1448000000,3144000000,11000000,190000000,1019000000,0.257909,807000000,0.204252,3000000.0,818000000,0.207036,242000000,576000000,0.145786,0.61146,0.61146,942000000,942000000,https://www.sec.gov/Archives/edgar/data/311337/000110465907031726/0001104659-07-031726-index.html,https://www.sec.gov/Archives/edgar/data/311337/000110465907031726/a07-12123_16k.htm
0,2006-12-31,SU,,,Q4,3787000000,1565000000,2222000000,0.586744,24000000,1400000000,0.0,14000000,1681000000,3246000000,0.0,191000000,728000000,0.192237,541000000,0.142857,6000000.0,537000000,0.141801,179000000,358000000,0.094534,0.38004,0.38004,942000000,942000000,,
0,2006-09-30,SU,,,Q3,4114000000,1899000000,2215000000,0.538405,18000000,1009000000,0.0,22000000,1229000000,3128000000,0.0,180000000,1168000000,0.283909,986000000,0.239669,13000000,988000000,0.240156,306000000,682000000,0.165775,0.72553,0.72553,940000000,940000000,,
0,2006-06-30,SU,,,Q2,4070000000,1587000000,2483000000,0.610074,31000000,1142000000,0.0,14000000,1333000000,2920000000,0.0,324000000,1473000000,0.361916,1150000000,0.282555,5000000.0,1149000000,0.28231,-69000000,1218000000,0.299263,1.3268,1.3268,918000000,918000000,,
0,2006-03-31,SU,,,Q1,3858000000,1213000000,2645000000,0.685588,31000000,1292000000,0.0,29000000,1510000000,2723000000,-7000000.0,0.0,1125000000,0.291602,1135000000,0.294194,21000000,1132000000,0.293416,419000000,713000000,0.184811,0.75851,0.75851,940000000,940000000,,
0,2005-12-31,SU,2006-01-27 00:00:00,2006-01-27 13:10:22,Q4,3521000000,1209000000,2312000000,0.656632,8000000.0,1053000000,0.0,19000000,1244000000,2453000000,0.0,530000000,1610000000,0.457256,1068000000,0.303323,12000000,1080000000,0.306731,387000000,693000000,0.196819,0.74038,0.74038,936000000,936000000,https://www.sec.gov/Archives/edgar/data/311337/000110465906004308/0001104659-06-004308-index.html,https://www.sec.gov/Archives/edgar/data/311337/000110465906004308/a06-3647_16k.htm
0,2005-09-30,SU,,,Q3,3149000000,1548000000,1601000000,0.508415,29000000,969000000,0.0,15000000,1100000000,2648000000,0.0,38000000,539000000,0.171165,501000000,0.159098,7000000.0,501000000,0.159098,186000000,315000000,0.100032,0.33654,0.33654,936000000,936000000,,
0,2005-06-30,SU,,,Q2,2385000000,1253000000,1132000000,0.474633,2000000.0,819000000,0.0,10000000,989000000,2242000000,0.0,0.0,144000000,0.060377,143000000,0.059958,3000000.0,144000000,0.060377,61000000,83000000,0.034801,0.08906,0.08906,932000000,932000000,,
0,2005-03-31,SU,2005-04-29 00:00:00,2005-04-28 18:35:57,Q1,2074000000,963000000,1111000000,0.53568,17000000,812000000,0.0,11000000,984000000,1947000000,0.0,0.0,127000000,0.061234,127000000,0.061234,3000000.0,127000000,0.061234,60000000,67000000,0.032305,0.07235,0.07235,926000000,926000000,https://www.sec.gov/Archives/edgar/data/311337/000110465905018926/0001104659-05-018926-index.html,https://www.sec.gov/Archives/edgar/data/311337/000110465905018926/a05-7366_26k.htm
0,2004-12-31,SU,,,Q4,2321000000,831000000,1490000000,0.641965,7000000.0,850000000,0.0,10000000,1010000000,1841000000,0.0,514000000,1013000000,0.43645,480000000,0.206807,3000000.0,499000000,0.214994,166000000,333000000,0.143473,0.36039,0.36039,924000000,924000000,,
0,2004-09-30,SU,,,Q3,2326000000,924000000,1402000000,0.602752,10000000,729000000,0.0,7000000.0,882000000,1806000000,0.0,0.0,517000000,0.22227,520000000,0.22356,1000000.0,517000000,0.22227,180000000,337000000,0.144884,0.3663,0.3663,920000000,920000000,,
0,2004-06-30,SU,,,Q2,2223000000,887000000,1336000000,0.60099,5000000.0,756000000,0.0,7000000.0,999000000,1886000000,0.0,0.0,336000000,0.151147,337000000,0.151597,0.0,336000000,0.151147,134000000,202000000,0.090868,0.21581,0.21581,936000000,936000000,,
0,2004-03-31,SU,,,Q1,1795000000,598000000,1197000000,0.666852,33000000,637000000,0.0,28000000,932000000,1530000000,0.0,0.0,266000000,0.148189,265000000,0.147632,22000000,266000000,0.148189,50000000,216000000,0.120334,0.23226,0.23226,930000000,930000000,,
0,2003-12-31,SU,,,Q4,1738000000,457000000,1281000000,0.737054,10000000,666000000,0.0,-81000000,822000000,1279000000,0.0,170000000,642000000,0.36939,459000000,0.264097,-86000000,472000000,0.271577,158000000,314000000,0.180667,0.31717,0.31717,990000000,990000000,,
0,2003-09-30,SU,,,Q3,1788000000,619000000,1169000000,0.653803,8000000.0,526000000,0.0,15000000,712000000,1331000000,0.0,151000000,610000000,0.341163,457000000,0.255593,7000000.0,459000000,0.256711,168000000,291000000,0.162752,0.30632,0.30632,950000000,950000000,,
0,2003-06-30,SU,,,Q2,1385000000,428000000,957000000,0.690975,16000000,500000000,0.0,9000000.0,638000000,1066000000,0.0,144000000,464000000,0.335018,319000000,0.230325,3000000.0,320000000,0.231047,204000000,116000000,0.083755,0.12236,0.12236,948000000,948000000,,
0,2003-03-31,SU,,,Q1,1700000000,461000000,1239000000,0.728824,17000000,526000000,0.0,8000000.0,686000000,1147000000,0.0,157000000,711000000,0.418235,553000000,0.325294,2000000.0,554000000,0.325882,188000000,366000000,0.215294,0.38445,0.38445,952000000,952000000,,
0,2002-12-31,SU,,,Q4,1408000000,313000000,1095000000,0.777699,11000000,499000000,0.0,1000000.0,700000000,1013000000,0.0,172000000,568000000,0.403409,395000000,0.28054,1000000.0,396000000,0.28125,138000000,258000000,0.183239,0.25195,0.25195,1024000000,1024000000,,
0,2002-09-30,SU,2002-10-10 00:00:00,2002-10-10 12:33:44,Q3,1257000000,277000000,980000000,0.779634,7000000.0,459000000,0.0,2000000.0,689000000,966000000,0.0,153000000,444000000,0.353222,291000000,0.231504,2000000.0,291000000,0.231504,107000000,184000000,0.14638,0.20264,0.20264,908000000,908000000,https://www.sec.gov/Archives/edgar/data/311337/000091205702038197/0000912057-02-038197-index.html,https://www.sec.gov/Archives/edgar/data/311337/000091205702038197/a2090919z6-k.txt
0,2002-06-30,SU,2002-07-26 00:00:00,2002-07-26 13:17:14,Q2,1289000000,413000000,876000000,0.679597,3000000.0,456000000,0.0,0.0,556000000,969000000,0.0,137000000,458000000,0.355314,320000000,0.248254,0.0,321000000,0.24903,92000000,229000000,0.177657,0.24258,0.24258,944000000,944000000,https://www.sec.gov/Archives/edgar/data/311337/000091205702028645/0000912057-02-028645-index.html,https://www.sec.gov/Archives/edgar/data/311337/000091205702028645/a2085287z6-k.txt
0,2002-03-31,SU,2002-04-01 00:00:00,2002-04-01 00:00:00,Q1,1078000000,295000000,783000000,0.726345,5000000.0,478000000,0.0,0.0,647000000,942000000,0.0,133000000,269000000,0.249536,136000000,0.12616,0.0,136000000,0.12616,46000000,90000000,0.083488,0.09912,0.09912,908000000,908000000,https://www.sec.gov/Archives/edgar/data/311337/000091205702013048/0000912057-02-013048-index.html,https://www.sec.gov/Archives/edgar/data/311337/000091205702013048/a2075015z6-k.txt
0,2001-12-31,SU,2002-01-18 00:00:00,2002-01-18 00:00:00,Q4,905000000,313000000,592000000,0.654144,15000000,382000000,0.0,76000000,576000000,889000000,0.0,101000000,126000000,0.139227,16000000,0.01768,76000000,25000000,0.027624,-1000000.0,26000000,0.028729,0.02895,0.02895,898000000,898000000,https://www.sec.gov/Archives/edgar/data/311337/000091205702001866/0000912057-02-001866-index.html,https://www.sec.gov/Archives/edgar/data/311337/000091205702001866/a2068093z6-k.txt
0,2001-09-30,SU,2001-10-23 00:00:00,2001-10-23 00:00:00,Q3,1051000000,428000000,623000000,0.592769,2000000.0,370000000,0.0,42000000,503000000,931000000,0.0,85000000,205000000,0.195052,120000000,0.114177,42000000,120000000,0.114177,47000000,73000000,0.069458,0.08093,0.08093,902000000,902000000,https://www.sec.gov/Archives/edgar/data/311337/000091205701536320/0000912057-01-536320-index.html,https://www.sec.gov/Archives/edgar/data/311337/000091205701536320/a2061660z6-k.txt
0,2001-06-30,SU,2001-07-27 00:00:00,2001-07-27 00:00:00,Q2,1156000000,462000000,694000000,0.600346,4000000.0,387000000,0.0,13000000,543000000,1005000000,0.0,86000000,235000000,0.203287,151000000,0.130623,13000000,149000000,0.128893,-15000000,164000000,0.141869,0.17787,0.17787,922000000,922000000,https://www.sec.gov/Archives/edgar/data/311337/000091205701525473/0000912057-01-525473-index.html,https://www.sec.gov/Archives/edgar/data/311337/000091205701525473/a2054933z6-k.txt
0,2001-03-31,SU,2001-04-04 00:00:00,2001-04-04 00:00:00,Q1,1087000000,392000000,695000000,0.639374,1000000.0,374000000,0.0,10000000,476000000,868000000,0.0,88000000,307000000,0.282429,219000000,0.201472,10000000,219000000,0.201472,94000000,125000000,0.114995,0.13889,0.13889,900000000,900000000,https://www.sec.gov/Archives/edgar/data/311337/000091205701506966/0000912057-01-506966-index.html,https://www.sec.gov/Archives/edgar/data/311337/000091205701506966/a2042188z6-k.txt
0,2000-12-31,SU,2001-01-25 00:00:00,2001-01-25 00:00:00,Q4,927000000,232000000,695000000,0.74973,12000000,428000000,0.0,5000000.0,541000000,773000000,0.0,94000000,247000000,0.266451,154000000,0.166127,5000000.0,153000000,0.165049,42000000,111000000,0.119741,0.09946,0.09946,1116000000,1116000000,https://www.sec.gov/Archives/edgar/data/311337/000091205701002755/0000912057-01-002755-index.html,https://www.sec.gov/Archives/edgar/data/311337/000091205701002755/a2036050z6-k.txt
0,2000-09-30,SU,2000-10-19 00:00:00,2000-10-19 00:00:00,Q3,862000000,212000000,650000000,0.75406,6000000.0,353000000,0.0,10000000,613000000,825000000,0.0,91000000,202000000,0.234339,37000000,0.042923,10000000,111000000,0.12877,61000000,50000000,0.058005,0.05605,0.05605,892000000,892000000,https://www.sec.gov/Archives/edgar/data/311337/000091205700045259/0000912057-00-045259-index.html,https://www.sec.gov/Archives/edgar/data/311337/000091205700045259/a2027423z6-k.txt
0,2000-06-30,SU,2000-07-21 00:00:00,2000-07-21 00:00:00,Q2,820000000,208000000,612000000,0.746341,25000000,353000000,0.0,0.0,510000000,718000000,0.0,89000000,265000000,0.323171,102000000,0.12439,0.0,176000000,0.214634,65000000,111000000,0.135366,0.12542,0.12542,885000000,885000000,https://www.sec.gov/Archives/edgar/data/311337/000091205700032757/0000912057-00-032757-index.html,https://www.sec.gov/Archives/edgar/data/311337/000091205700032757/a6-k.txt
0,2000-03-31,SU,2000-04-19 00:00:00,2000-04-19 00:00:00,Q1,779000000,155000000,624000000,0.801027,10000000,344000000,0.0,0.0,445000000,600000000,0.0,91000000,271000000,0.347882,179000000,0.229782,0.0,180000000,0.231065,75000000,105000000,0.134788,0.11538,0.11538,910000000,910000000,https://www.sec.gov/Archives/edgar/data/311337/000091205700018764/0000912057-00-018764-index.html,https://www.sec.gov/Archives/edgar/data/311337/0000912057-00-018764.txt
0,1999-12-31,SU,,,Q4,715000000,164000000,551000000,0.770629,12000000,328000000,0.0,0.0,429000000,593000000,0.0,87000000,209000000,0.292308,122000000,0.170629,0.0,122000000,0.170629,50000000,72000000,0.100699,0.0775,0.0775,929000000,929000000,,
0,1999-09-30,SU,,,Q3,639000000,145000000,494000000,0.773083,8000000.0,318000000,0.0,0.0,409000000,554000000,0.0,78000000,188000000,0.29421,85000000,0.13302,0.0,110000000,0.172144,40000000,70000000,0.109546,0.07964,0.07964,879000000,879000000,,
0,1999-06-30,SU,,,Q2,564000000,131000000,433000000,0.76773,6000000.0,290000000,0.0,0.0,381000000,512000000,0.0,78000000,139000000,0.246454,52000000,0.092199,0.0,61000000,0.108156,28000000,33000000,0.058511,0.03642,0.03642,906000000,906000000,,
0,1999-03-31,SU,,,Q1,469000000,79000000,390000000,0.831557,14000000,271000000,0.0,0.0,372000000,451000000,0.0,75000000,93000000,0.198294,18000000,0.03838,0.0,18000000,0.03838,7000000.0,11000000,0.023454,0.01237,0.01237,889000000,889000000,,
0,1998-12-31,SU,,,Q4,498000000,82000000,416000000,0.835341,12000000,253000000,0.0,0.0,343000000,425000000,0.0,70000000,142000000,0.285141,73000000,0.146586,0.0,72000000,0.144578,28000000,44000000,0.088353,0.04873,0.04873,903000000,903000000,,
0,1998-09-30,SU,,,Q3,531000000,100000000,431000000,0.811676,6000000.0,283000000,0.0,0.0,361000000,461000000,0.0,67000000,138000000,0.259887,70000000,0.131827,0.0,71000000,0.13371,22000000,49000000,0.092279,0.05499,0.05499,891000000,891000000,,
