,date,symbol,fillingDate,acceptedDate,period,revenue,costOfRevenue,grossProfit,grossProfitRatio,researchAndDevelopmentExpenses,generalAndAdministrativeExpenses,sellingAndMarketingExpenses,otherExpenses,operatingExpenses,costAndExpenses,interestExpense,depreciationAndAmortization,ebitda,ebitdaratio,operatingIncome,operatingIncomeRatio,totalOtherIncomeExpensesNet,incomeBeforeTax,incomeBeforeTaxRatio,incomeTaxExpense,netIncome,netIncomeRatio,eps,epsdiluted,weightedAverageShsOut,weightedAverageShsOutDil,link,finalLink
0,2020-09-30,SRLP,2020-11-05,2020-11-05 16:41:11,Q3,390458000,333151000,57307000,0.1467686665403193,0.0,18045000,0.0,0.0,0.0,369700000,9552000.0,0.0,30346000,0.07771898642107473,20758000,0.028786706892930867,0.0,11240000,0.028786706892930867,1567000.0,9673000.0,0.024773471154387924,0.33,0.33,22922902,23031916,https://www.sec.gov/Archives/edgar/data/1525287/000152528720000041/0001525287-20-000041-index.htm,https://www.sec.gov/Archives/edgar/data/1525287/000152528720000041/srlp-20200930.htm
0,2020-06-30,SRLP,2020-08-06,2020-08-06 17:02:26,Q2,358214000,333751000,24463000,0.06829157989358317,0.0,18923000,0.0,64000.0,0.0,371145000,10788000,0.0,-2250000.0,-0.006281161540308307,-12931000,-0.0658349478244848,64000.0,-23583000,-0.0658349478244848,1542000.0,-25125000,-0.07013963720010943,-1.19,-1.19,22922902,22922902,https://www.sec.gov/Archives/edgar/data/1525287/000152528720000031/0001525287-20-000031-index.htm,https://www.sec.gov/Archives/edgar/data/1525287/000152528720000031/srlp-2020063010q.htm
0,2020-03-31,SRLP,2020-05-07,2020-05-07 16:01:27,Q1,959879000,858618000,101261000,0.10549350491051476,0.0,20033000,0.0,0.0,0.0,899463000,11286000,0.0,70086000,0.0730154529893872,60416000,0.05136584923724761,0.0,49305000,0.05136584923724761,2571000.0,46734000,0.04868738663935767,1.96,1.95,22820983,22871748,https://www.sec.gov/Archives/edgar/data/1525287/000152528720000023/0001525287-20-000023-index.htm,https://www.sec.gov/Archives/edgar/data/1525287/000152528720000012/srlp-20191231x10k.htm
0,2019-12-31,SRLP,2020-03-05,2020-03-05 16:44:08,Q4,999494000,934563000,64931000,0.06496387171908986,0.0,21826000,0.0,-506000.0,0.0,975988000,11029000,0.0,32758000,0.03277458393947337,23506000,0.012085115068224522,-506000.0,12079000,0.012085115068224522,232000.0,11847000,0.011852997616794097,0.43,0.43,22745637,22797474,https://www.sec.gov/Archives/edgar/data/1525287/000152528720000012/0001525287-20-000012-index.htm,https://www.sec.gov/Archives/edgar/data/1525287/000152528720000012/srlp-20191231x10k.htm
0,2019-09-30,SRLP,2019-11-07,2019-11-07 16:38:58,Q3,582590000,542886000,39704000,0.06815084364647522,0.0,17570000,0.0,0.0,0.0,580917000,9918000.0,0.0,11157000,0.019150689163906005,1673000.0,-0.013944626581300744,0.0,-8124000.0,-0.013944626581300744,1610000.0,-9734000.0,-0.01670814809728969,-0.43,-0.43,22733977,22733977,https://www.sec.gov/Archives/edgar/data/1525287/000152528719000043/0001525287-19-000043-index.htm,https://www.sec.gov/Archives/edgar/data/1525287/000152528719000043/srlp-2019093010q.htm
0,2019-06-30,SRLP,2019-08-07,2019-08-07 16:50:51,Q2,662018000,617068000,44950000,0.06789845593322236,0.0,17827000,0.0,128000.0,0.0,655970000,10038000,0.0,15622000,0.02359754568606896,6048000.0,-0.0056222036258832845,128000.0,-3722000.0,-0.0056222036258832845,1056000.0,-4778000.0,-0.0072173264171064835,-0.3,-0.3,22733977,22733977,https://www.sec.gov/Archives/edgar/data/1525287/000152528719000032/0001525287-19-000032-index.htm,https://www.sec.gov/Archives/edgar/data/1525287/000152528719000032/srlp-2019063010q.htm
0,2019-03-31,SRLP,2019-05-08,2019-05-08 16:47:01,Q1,1258308000,1167500000,90808000,0.07216675090677323,0.0,20913000,0.0,0.0,0.0,1212202000,11959000,0.0,55579000,0.044169630964755846,46106000,0.027285847344211432,0.0,34334000,0.027285847344211432,413000.0,33921000,0.02695762881583841,1.4,1.4,22733977,22739609,https://www.sec.gov/Archives/edgar/data/1525287/000152528719000021/0001525287-19-000021-index.htm,https://www.sec.gov/Archives/edgar/data/1525287/000152528719000016/srlp-20181231x10k.htm
0,2018-12-31,SRLP,2019-03-14,2019-03-14 16:51:21,Q4,1079874000,991338000,88536000,0.08198734296779069,0.0,17450000,0.0,0.0,0.0,1030910000,10562000,0.0,58265000,0.05395536886710857,48964000,0.03572176013127457,0.0,38575000,0.03572176013127457,2048000.0,36527000,0.03382524257459667,1.52,1.51,22732886,22765630,https://www.sec.gov/Archives/edgar/data/1525287/000152528719000016/0001525287-19-000016-index.htm,https://www.sec.gov/Archives/edgar/data/1525287/000152528719000016/srlp-20181231x10k.htm
0,2018-09-30,SRLP,2018-11-07,2018-11-07 16:37:07,Q3,618455000,589967000,28488000,0.04606317355345175,0.0,16923000,0.0,293000.0,0.0,627937000,9073000.0,0.0,167000.0,0.00027002773039267207,-9482000.0,-0.029329538931692687,293000.0,-18139000,-0.029329538931692687,295000.0,-18434000,-0.029806534024302497,-0.9,-0.9,22727284,22727284,https://www.sec.gov/Archives/edgar/data/1525287/000152528718000088/0001525287-18-000088-index.htm,https://www.sec.gov/Archives/edgar/data/1525287/000152528718000088/srlp-201893010q.htm
0,2018-06-30,SRLP,2018-08-08,2018-08-08 17:09:02,Q2,741656000,705051000,36605000,0.049355766015511233,0.0,18562000,0.0,0.0,0.0,745894000,9412000.0,0.0,5193000.0,0.007001898454269904,-4238000.0,-0.018176890633932713,0.0,-13481000,-0.018176890633932713,-286000.0,-13195000,-0.01779126711035844,-0.67,-0.67,22727284,22727284,https://www.sec.gov/Archives/edgar/data/1525287/000152528718000069/0001525287-18-000069-index.htm,https://www.sec.gov/Archives/edgar/data/1525287/000152528718000069/srlp-201863010q.htm
0,2018-03-31,SRLP,2018-05-08,2018-05-08 16:44:20,Q1,1331148000,1192407000,138741000,0.10422657736029352,0.0,27864000,0.0,0.0,0.0,1243480000,9884000.0,0.0,97087000,0.07293479012100833,87668000,0.05851791085589281,0.0,77896000,0.05851791085589281,2975000.0,74921000,0.056282997833449026,3.22,3.21,22725346,22786889,https://www.sec.gov/Archives/edgar/data/1525287/000152528718000050/0001525287-18-000050-index.htm,https://www.sec.gov/Archives/edgar/data/1525287/000152528718000037/srlp-20171231x10k.htm
0,2017-12-31,SRLP,2018-03-14,2018-03-14 17:08:02,Q4,932170000,890516000,41654000,0.044684982353004284,0.0,24110000,0.0,-75000.0,0.0,936286000,8741000.0,0.0,5381000.0,0.005772552216870314,-4116000.0,-0.013774311552613794,-75000.0,-12840000,-0.013774311552613794,54000.0,-12894000,-0.013832240900264973,-0.63,-0.63,22551361,22551361,https://www.sec.gov/Archives/edgar/data/1525287/000152528718000037/0001525287-18-000037-index.htm,https://www.sec.gov/Archives/edgar/data/1525287/000152528718000037/srlp-20171231x10k.htm
0,2017-09-30,SRLP,2017-11-07,2017-11-07 16:53:47,Q3,491393000,463311000,28082000,0.057147741217314856,0.0,17559000,0.0,0.0,0.0,497761000,7170000.0,0.0,1238000.0,0.0025193684077713767,-6368000.0,-0.02739762267675771,0.0,-13463000,-0.02739762267675771,853000.0,-14316000,-0.02913350414027062,-0.68,-0.68,22543527,22543527,https://www.sec.gov/Archives/edgar/data/1525287/000152528717000100/0001525287-17-000100-index.htm,https://www.sec.gov/Archives/edgar/data/1525287/000152528717000100/srlp-201793010q.htm
0,2017-06-30,SRLP,2017-08-09,2017-08-09 16:48:31,Q2,513626000,476008000,37618000,0.07324006183487596,0.0,19624000,0.0,119000.0,0.0,512533000,8279000.0,0.0,10703000,0.020838119565598313,1093000.0,-0.013587707787378365,119000.0,-6979000.0,-0.013587707787378365,813000.0,-7792000.0,-0.015170571583214245,-0.39,-0.39,22319704,22319704,https://www.sec.gov/Archives/edgar/data/1525287/000152528717000072/0001525287-17-000072-index.htm,https://www.sec.gov/Archives/edgar/data/1525287/000152528717000072/srlp-201763010q.htm
0,2017-03-31,SRLP,2017-05-08,2017-05-08 16:46:33,Q1,917807000,801078000,116729000,0.12718251222751625,0.0,26289000,0.0,64000.0,0.0,844199000,7155000.0,0.0,80703000,0.08793025113122911,73608000,0.07256536504951477,64000.0,66601000,0.07256536504951477,2102000.0,64499000,0.07027512320128305,2.98,2.94,21404992,21718627,https://www.sec.gov/Archives/edgar/data/1525287/000152528717000061/0001525287-17-000061-index.htm,https://www.sec.gov/Archives/edgar/data/1525287/000152528717000047/srlp-20161231x10k.htm
0,2016-12-31,SRLP,2017-03-10,2017-03-10 16:46:50,Q4,766825000,720387000,46438000,0.060558797639617905,0.0,22158000,0.0,0.0,0.0,759349000,7354000.0,0.0,13735000,0.017911518273400057,7476000.0,0.00017083428422391027,0.0,131000.0,0.00017083428422391027,1247000.0,-1116000.0,-0.0014553516121670524,-0.08,-0.08,21311446,21311446,https://www.sec.gov/Archives/edgar/data/1525287/000152528717000047/0001525287-17-000047-index.htm,https://www.sec.gov/Archives/edgar/data/1525287/000152528717000047/srlp-20161231x10k.htm
0,2016-09-30,SRLP,2016-11-07,2016-11-07 16:39:45,Q3,422779000,388540000,34239000,0.08098557402330768,0.0,19735000,0.0,-19000.0,0.0,424000000,6685000.0,0.0,5145000.0,0.012169478616487574,-1221000.0,-0.01865040600408251,-19000.0,-7885000.0,-0.01865040600408251,909000.0,-8794000.0,-0.020800465491426962,-0.44,-0.44,21301775,21301775,https://www.sec.gov/Archives/edgar/data/1525287/000152528716000118/0001525287-16-000118-index.htm,https://www.sec.gov/Archives/edgar/data/1525287/000152528716000118/srlp-201693010q.htm
0,2016-06-30,SRLP,2016-08-05,2016-08-05 16:34:27,Q2,477487000,446748000,30739000,0.06437662177190165,0.0,18234000,0.0,0.0,0.0,481506000,6511000.0,0.0,2852000.0,0.005972937483114724,-4019000.0,-0.021608965270258667,0.0,-10318000,-0.021608965270258667,-573000.0,-9745000.0,-0.020408932599212126,-0.48,-0.48,21301775,21301775,https://www.sec.gov/Archives/edgar/data/1525287/000152528716000109/0001525287-16-000109-index.htm,https://www.sec.gov/Archives/edgar/data/1525287/000152528716000109/srlp-201663010q.htm
0,2016-03-31,SRLP,2016-05-06,2016-05-06 16:44:18,Q1,722907000,644651000,78256000,0.10825182215693029,0.0,24130000,0.0,-95000.0,0.0,685610000,6983000.0,0.0,43286000,0.05987768827802193,37297000,0.041977737108646065,-95000.0,30346000,0.041977737108646065,525000.0,29821000,0.04125150261375253,1.39,1.38,21181884,21321430,https://www.sec.gov/Archives/edgar/data/1525287/000152528716000091/0001525287-16-000091-index.htm,https://www.sec.gov/Archives/edgar/data/1525287/000152528716000068/srlp-20151231x10k.htm
0,2015-12-31,SRLP,2016-03-10,2016-03-10 16:27:49,Q4,663791000,588932000,74859000,0.11277495476738914,0.0,23210000,0.0,-216000.0,0.0,629216000,6743000.0,0.0,40308000,0.06072393268363084,34575000,0.04173753485660396,-216000.0,27705000,0.04173753485660396,-674000.0,28379000,0.04275291469754787,1.34,1.32,21079190,21259540,https://www.sec.gov/Archives/edgar/data/1525287/000152528716000068/0001525287-16-000068-index.htm,https://www.sec.gov/Archives/edgar/data/1525287/000152528716000068/srlp-20151231x10k.htm
0,2015-09-30,SRLP,2015-11-05,2015-11-05 15:57:12,Q3,558022000,503725000,54297000,0.09730261530907383,0.0,19894000,0.0,0.0,0.0,541489000,6399000.0,0.0,22740000,0.04075108149857891,16533000,0.01840787639197021,0.0,10272000,0.01840787639197021,1692000.0,8580000.0,0.015375737874133995,0.4,0.39,21071818,21325365,https://www.sec.gov/Archives/edgar/data/1525287/000152528715000021/0001525287-15-000021-index.htm,https://www.sec.gov/Archives/edgar/data/1525287/000152528715000021/srlp-2015930x10q.htm
0,2015-06-30,SRLP,2015-08-06,2015-08-06 13:57:26,Q2,661743000,621244000,40499000,0.06120049626516639,0.0,18918000,0.0,0.0,0.0,657803000,6459000.0,0.0,10123000,0.01529747953510653,3940000.0,-0.003629807946589537,0.0,-2402000.0,-0.003629807946589537,148000.0,-2550000.0,-0.003853459726812373,-0.12,-0.12,21071818,21071818,https://www.sec.gov/Archives/edgar/data/1525287/000119312515280645/0001193125-15-280645-index.htm,https://www.sec.gov/Archives/edgar/data/1525287/000119312515280645/d25516d10q.htm
0,2015-03-31,SRLP,2015-05-07,2015-05-07 12:16:26,Q1,1598358000,1495365000,102993000,0.06443675321798996,0.0,32381000,0.0,514000.0,0.0,1546629000,7766000.0,0.0,58253000,0.036445527222311896,51729000,0.02789675404383749,514000.0,44589000,0.02789675404383749,650000.0,43939000,0.02749008670147739,2.1,2.06,20969458,21136480,https://www.sec.gov/Archives/edgar/data/1525287/000119312515176456/0001193125-15-176456-index.htm,https://www.sec.gov/Archives/edgar/data/1525287/000119312515093473/d857177d10k.htm
0,2014-12-31,SRLP,2015-03-16,2015-03-16 15:35:36,Q4,1594777000,1453737000,141040000,0.0884386970717536,0.0,27750000,0.0,-288000.0,0.0,1506976000,15721000,0.0,101015000,0.06334114424775376,87801000,0.045130447705227755,-288000.0,71973000,0.045130447705227755,4282000.0,67691000,0.042445432809728255,3.13,3.07,20342980,20525880,https://www.sec.gov/Archives/edgar/data/1525287/000119312515093473/0001193125-15-093473-index.htm,https://www.sec.gov/Archives/edgar/data/1525287/000119312515093473/d857177d10k.htm
0,2014-09-30,SRLP,2014-11-12,2014-11-12 15:07:24,Q3,728821000,710873000,17948000,0.02462607416635909,0.0,13277000,0.0,0.0,0.0,735776000,4241000.0,0.0,-3767000.0,-0.005168621650583614,-6955000.0,-0.015194403015280845,0.0,-11074000,-0.015194403015280845,-356000.0,-10718000,-0.01470594288583891,-0.53,-0.53,20163358,20163358,https://www.sec.gov/Archives/edgar/data/1525287/000119312514408964/0001193125-14-408964-index.htm,https://www.sec.gov/Archives/edgar/data/1525287/000119312514408964/d806432d10q.htm
0,2014-06-30,SRLP,2014-08-13,2014-08-13 15:20:20,Q2,846773000,830218000,16555000,0.01955069422383567,0.0,9936000.0,0.0,0.0,0.0,852508000,4194000.0,0.0,-2543000.0,-0.00300316613779608,-5735000.0,-0.011536740070833624,0.0,-9769000.0,-0.011536740070833624,-275000.0,-9494000.0,-0.011211977708311437,-0.47,-0.47,20163358,20163358,https://www.sec.gov/Archives/edgar/data/1525287/000119312514308282/0001193125-14-308282-index.htm,https://www.sec.gov/Archives/edgar/data/1525287/000119312514308282/d764348d10q.htm
0,2014-03-31,SRLP,2014-05-14,2014-05-14 15:20:54,Q1,1899391000,1777828000,121563000,0.06400104033345425,0.0,25457000,0.0,0.0,0.0,1816809000,5495000.0,0.0,85710000,0.04512499006260428,82582000,0.040640921221591554,0.0,77193000,0.040640921221591554,1858000.0,75335000,0.039662712943253915,3.74,3.74,20144156,20145146,https://www.sec.gov/Archives/edgar/data/1525287/000119312514198908/0001193125-14-198908-index.htm,https://www.sec.gov/Archives/edgar/data/1525287/000119312514118659/d662340d10k.htm
0,2013-12-31,SRLP,2014-03-27,2014-03-27 16:37:35,Q4,1193686000,1195285000,-1599000.0,-0.0013395482564091394,0.0,13891000,0.0,-33000.0,0.0,1220571000,6849000.0,0.0,-22857000,-0.01914825171778843,-26885000,-0.028219313956936748,-33000.0,-33685000,-0.028219313956936748,-981000.0,-32704000,-0.027397489792122885,-1.5,-1.5,20144000,20144000,https://www.sec.gov/Archives/edgar/data/1525287/000119312514118659/0001193125-14-118659-index.htm,https://www.sec.gov/Archives/edgar/data/1525287/000119312514118659/d662340d10k.htm
