,date,symbol,fillingDate,acceptedDate,period,revenue,costOfRevenue,grossProfit,grossProfitRatio,researchAndDevelopmentExpenses,generalAndAdministrativeExpenses,sellingAndMarketingExpenses,otherExpenses,operatingExpenses,costAndExpenses,interestExpense,depreciationAndAmortization,ebitda,ebitdaratio,operatingIncome,operatingIncomeRatio,totalOtherIncomeExpensesNet,incomeBeforeTax,incomeBeforeTaxRatio,incomeTaxExpense,netIncome,netIncomeRatio,eps,epsdiluted,weightedAverageShsOut,weightedAverageShsOutDil,link,finalLink
0,2020-09-30,CKH,2020-10-29,2020-10-29 17:06:19,Q3,175414000,0.0,175414000,1.0,0.0,24560000,0.0,0.0,24560000,24560000,3938000.0,0.0,5620000.0,0.03203849179654988,5620000.0,0.03203849179654988,0.0,5843000.0,0.03330977002975817,1552000.0,3189000.0,0.018179848814803834,0.63,0.63,19975635,19975635,https://www.sec.gov/Archives/edgar/data/859598/000085959820000086/0000859598-20-000086-index.htm,https://www.sec.gov/Archives/edgar/data/859598/000085959820000086/ckh-20200930.htm
0,2020-06-30,CKH,2020-07-28,2020-07-27 19:06:59,Q2,172585000,126178000,46407000,0.2688935886664542,0.0,23204000,0.0,0.0,30670000.000000015,156848000.00000003,4179000.0,0.0,15269000,0.088472,15737000,0.091184,658000.0,14063000,0.081484,3206000.0,7884000.0,0.045682,0.37367,0.37367,21099080,21099080,https://www.sec.gov/Archives/edgar/data/859598/000085959820000061/0000859598-20-000061-index.htm,https://www.sec.gov/Archives/edgar/data/859598/000085959820000061/ckh-20200630.htm
0,2020-03-31,CKH,2020-04-28 00:00:00,2020-04-28 17:18:23,Q1,192296000,146028000,46268000,0.240608,0.0,29021000,0.0,0.0,46685000,192713000,4470000.0,0.0,4495000.0,0.023375,-417000.0,-0.002169,92000.0,-7880000.0,-0.040978,-1442000.0,1467000.0,0.007629,0.07337,0.07337,19994030,19994030,https://www.sec.gov/Archives/edgar/data/859598/000085959820000035/0000859598-20-000035-index.html,https://www.sec.gov/Archives/edgar/data/859598/000085959820000035/ckh-20200331.htm
0,2019-12-31,CKH,2020-02-28 00:00:00,2020-02-28 16:41:05,Q4,192761000,146265000,46496000,0.241211,0.0,27134000,0.0,9171000.0,44105000.00000002,190370000.00000003,109000.0,0.0,1009000.0,0.005234,2391000.0,0.012404,-20000.0,2707000.0,0.014043,2817000.0,-1917000.0,-0.009945,-0.09612,-0.09612,19944090,19944090,https://www.sec.gov/Archives/edgar/data/859598/000085959820000005/0000859598-20-000005-index.html,https://www.sec.gov/Archives/edgar/data/859598/000085959820000005/ckh-20191231.htm
0,2019-09-30,CKH,2019-10-29 00:00:00,2019-10-28 19:26:37,Q3,200658000,147386000,53272000,0.265487,0.0,24923000,0.0,0.0,41530000,188916000,4816000.0,0.0,12638000,0.062983,11742000,0.058517,505000.0,7896000.0,0.039351,1417000.0,6405000.0,0.03192,0.30884,0.30884,20738920,20738920,https://www.sec.gov/Archives/edgar/data/859598/000085959819000084/0000859598-19-000084-index.html,https://www.sec.gov/Archives/edgar/data/859598/000085959819000084/ckh-20190930.htm
0,2019-06-30,CKH,2019-07-24 00:00:00,2019-07-24 16:38:36,Q2,197023000,142871000,54152000,0.274851,0.0,26714000,0.0,0.0,43548999.99999998,186419999.99999997,4903000.0,0.0,22846000,0.115956,10603000,0.053816,25000.0,20703000,0.105079,3390000.0,14553000,0.073864,0.74123,0.74123,19633520,19633520,https://www.sec.gov/Archives/edgar/data/859598/000085959819000054/0000859598-19-000054-index.html,https://www.sec.gov/Archives/edgar/data/859598/000085959819000054/ckh-06302019x10q.htm
0,2019-03-31,CKH,2019-04-25 00:00:00,2019-04-24 17:51:55,Q1,209524000,147111000,62413000,0.29788,0.0,26746000,0.0,0.0,44238000,191349000,5113000.0,0.0,15051000,0.071834,18175000,0.086744,-644000.0,17791000,0.084912,2205000.0,7733000.0,0.036907,0.42413,0.42413,18232560,18232560,https://www.sec.gov/Archives/edgar/data/859598/000085959819000032/0000859598-19-000032-index.html,https://www.sec.gov/Archives/edgar/data/859598/000085959819000032/ckh-03312019x10q.htm
0,2018-12-31,CKH,2019-02-27 00:00:00,2019-02-26 18:24:54,Q4,213838000,150374000,63464000,0.296785,0.0,26718000,0.0,8865000.0,44230999.99999999,194605000,6181000.0,0.0,-3024000.0,-0.014142,19233000,0.089942,13000.0,1902000.0,0.008895,-4519000.0,-4686000.0,-0.021914,-0.25795,-0.25795,18166290,18166290,https://www.sec.gov/Archives/edgar/data/859598/000085959819000005/0000859598-19-000005-index.html,https://www.sec.gov/Archives/edgar/data/859598/000085959819000005/ckh-12312018x10k.htm
0,2018-09-30,CKH,2018-10-24 00:00:00,2018-10-23 17:43:47,Q3,220257000,147529000,72728000,0.330196,0.0,26083000,0.0,0.0,38841000.00000001,186370000,8335000.0,0.0,28764000,0.130593,33887000,0.153852,357000.0,29744000,0.135042,3362000.0,17067000,0.077487,0.80533,0.80533,21192550,21192550,https://www.sec.gov/Archives/edgar/data/859598/000085959818000090/0000859598-18-000090-index.html,https://www.sec.gov/Archives/edgar/data/859598/000085959818000090/ckh-09302018x10q.htm
0,2018-06-30,CKH,2018-07-25 00:00:00,2018-07-25 17:02:34,Q2,216800000,162200000,54700000,0.252306,0.0,24300000,0.0,0.0,48000000,210200000,8604000.0,0.0,63604000,0.293376,6600000.0,0.030443,400000.0,53900000,0.248616,9900000.0,45100000,0.208026,1.99558,1.99558,22600000,22600000,https://www.sec.gov/Archives/edgar/data/859598/000085959818000070/0000859598-18-000070-index.html,https://www.sec.gov/Archives/edgar/data/859598/000085959818000070/ckh-06302018x10q.htm
0,2018-03-31,CKH,2018-04-26 00:00:00,2018-04-25 17:53:10,Q1,184800000,131800000,53000000,0.286797,0.0,25800000,0.0,0.0,38399999.99999998,170199999.99999997,8563000.0,0.0,8863000.0,0.04796,14600000,0.079004,300000.0,6100000.0,0.033009,-300000.0,600000.0,0.003247,0.03297,0.03297,18200000,18200000,https://www.sec.gov/Archives/edgar/data/859598/000085959818000044/0000859598-18-000044-index.html,https://www.sec.gov/Archives/edgar/data/859598/000085959818000044/ckh-03312018x10q.htm
0,2017-12-31,CKH,2018-03-01 00:00:00,2018-02-28 18:19:53,Q4,209400000,132600000,76800000,0.366762,0.0,34200000,0.0,6775000.0,54500000,187100000,10429000,0.0,95529000,0.456203,22300000,0.106495,200000.0,24900000,0.118911,12300000,72800000,0.34766,1.82456,1.82456,39900000,39900000,https://www.sec.gov/Archives/edgar/data/859598/000085959818000018/0000859598-18-000018-index.html,https://www.sec.gov/Archives/edgar/data/859598/000085959818000018/ckh-12312017x10k.htm
0,2017-09-30,CKH,2017-11-02 00:00:00,2017-11-01 17:34:35,Q3,176600000,125700000,50900000,0.288222,0.0,20500000,0.0,0.0,35800000,161500000,9121000.0,0.0,13921000,0.078828,15100000,0.085504,100000.0,-3100000.0,-0.017554,-12800000,17600000,0.09966,1.0,1.0,17600000,17600000,https://www.sec.gov/Archives/edgar/data/859598/000085959817000150/0000859598-17-000150-index.html,https://www.sec.gov/Archives/edgar/data/859598/000085959817000150/ckh-09302017x10q.htm
0,2017-06-30,CKH,2017-08-04 00:00:00,2017-08-03 18:18:56,Q2,128600000,82500000,46100000,0.358476,0.0,25500000,0.0,0.0,37200000,119700000,8506000.0,0.0,-27994000,-0.217683,8900000.0,0.069207,400000.0,-6500000.0,-0.050544,-3700000.0,-32800000,-0.255054,-1.90698,-1.90698,17200000,17200000,https://www.sec.gov/Archives/edgar/data/859598/000085959817000127/0000859598-17-000127-index.html,https://www.sec.gov/Archives/edgar/data/859598/000085959817000127/ckh-06302017x10q.htm
0,2017-03-31,CKH,2017-05-09 00:00:00,2017-05-09 06:52:28,Q1,136300000,93100000,43200000,0.316948,0.0,22900000,0.0,0.0,39800000.00000001,132900000.00000001,13474000,0.0,21474000,0.15755,3400000.0,0.024945,-400000.0,19900000,0.146001,3900000.0,4100000.0,0.030081,0.23563,0.23563,17400000,17400000,https://www.sec.gov/Archives/edgar/data/859598/000085959817000070/0000859598-17-000070-index.html,https://www.sec.gov/Archives/edgar/data/859598/000085959817000070/ckh-03312017x10q.htm
0,2016-12-31,CKH,2017-03-30 00:00:00,2017-03-30 17:17:18,Q4,126200000,81600000,44600000,0.353407,0.0,21400000,0.0,0.0,66800000.00000001,148400000,12453000,0.0,-88047000,-0.697678,-22200000,-0.175911,-5600000.0,-26800000,-0.212361,-6800000.0,-93700000,-0.742472,-5.51176,-5.51176,17000000,17000000,https://www.sec.gov/Archives/edgar/data/859598/000085959817000047/0000859598-17-000047-index.html,https://www.sec.gov/Archives/edgar/data/859598/000085959817000047/ckh-12312016x10k.htm
0,2016-09-30,CKH,2016-10-28 00:00:00,2016-10-27 18:24:40,Q3,109600000,66600000,43000000,0.392336,0.0,20900000,0.0,0.0,36800000.00000001,103400000.00000001,12504000,0.0,-34496000,-0.314745,6200000.0,0.056569,-5500000.0,-14700000,-0.134124,-7200000.0,-39800000,-0.363139,-2.35503,-2.35503,16900000,16900000,https://www.sec.gov/Archives/edgar/data/859598/000085959816000356/0000859598-16-000356-index.html,https://www.sec.gov/Archives/edgar/data/859598/000085959816000356/ckh-09302016x10q.htm
0,2016-06-30,CKH,2016-08-01,2016-08-01 16:55:50,Q2,99600000,64000000,35600000,0.35743,0.0,21400000,0.0,0.0,32200000,96200000,12834000,0.0,-55966000,-0.561908,3400000.0,0.034137,-7700000.0,-33600000,-0.337349,-13600000,-55200000,-0.554217,-3.26627,-3.26627,16900000,16900000,https://www.sec.gov/Archives/edgar/data/859598/000085959816000319/ckh-06302016x10q.htm,https://www.sec.gov/Archives/edgar/data/859598/000085959816000319/ckh-06302016x10q.htm
0,2016-03-31,CKH,2016-04-26 00:00:00,2016-04-26 17:03:51,Q1,105100000,63000000,42000000,0.399619,0.0,22700000,0.0,0.0,34000000,97000000,11935000,0.0,-24365000,-0.231827,8100000.0,0.077069,0.0,-17200000,-0.163654,-9100000.0,-27200000,-0.258801,-1.61905,-1.61905,16800000,16800000,https://www.sec.gov/Archives/edgar/data/859598/000085959816000275/0000859598-16-000275-index.html,https://www.sec.gov/Archives/edgar/data/859598/000085959816000275/ckh-03312016x10q.htm
0,2015-12-31,CKH,2016-02-29 00:00:00,2016-02-29 16:34:04,Q4,250600000,165700000,84900000,0.338787,0.0,41200000,0.0,0.0,84400000,250100000,11500000,0.0,-48000000,-0.19154,500000.0,0.001995,600000.0,-2000000.0,-0.007981,-2600000.0,-56900000,-0.227055,-3.36686,-3.36686,16900000,16900000,https://www.sec.gov/Archives/edgar/data/859598/000085959816000211/0000859598-16-000211-index.html,https://www.sec.gov/Archives/edgar/data/859598/000085959816000211/ckh-12312015x10k.htm
0,2015-09-30,CKH,2015-10-28 00:00:00,2015-10-27 18:39:06,Q3,261900000,176000000,85900000,0.327988,0.0,37900000,0.0,0.0,58099999.99999999,234100000,10894000,0.0,20994000,0.08016,27800000,0.106147,1800000.0,14300000,0.054601,3100000.0,7000000.0,0.026728,0.39773,0.39773,17600000,17600000,https://www.sec.gov/Archives/edgar/data/859598/000085959815000159/0000859598-15-000159-index.html,https://www.sec.gov/Archives/edgar/data/859598/000085959815000159/ckh-09302015x10q.htm
0,2015-06-30,CKH,2015-07-29 00:00:00,2015-07-28 17:42:41,Q2,281600000,207700000,73900000,0.262429,0.0,38700000,0.0,0.0,95900000.00000003,303600000.00000006,10391000,0.0,11291000,0.040096,-22000000,-0.078125,4400000.0,-9400000.0,-0.033381,200000.0,700000.0,0.002486,0.03867,0.03867,18100000,18100000,https://www.sec.gov/Archives/edgar/data/859598/000085959815000126/0000859598-15-000126-index.html,https://www.sec.gov/Archives/edgar/data/859598/000085959815000126/ckh-06302015x10q.htm
0,2015-03-31,CKH,2015-04-28 00:00:00,2015-04-28 17:06:20,Q1,260600000,199100000,61500000,0.235994,0.0,38900000,0.0,0.0,75200000.00000001,274300000,10512000,0.0,-21088000,-0.080921,-13700000,-0.052571,0.0,-33800000,-0.129701,-12000000,-19600000,-0.075211,-1.10112,-1.10112,17800000,17800000,https://www.sec.gov/Archives/edgar/data/859598/000085959815000078/0000859598-15-000078-index.html,https://www.sec.gov/Archives/edgar/data/859598/000085959815000078/ckh-03312015x10q.htm
0,2014-12-31,CKH,2015-02-26,2015-02-26 16:59:02,Q4,342200000,220800000,121400000,0.354763,0.0,45500000,0.0,0.0,64000000,284800000,10647000,131800000,202747000,0.592481,57400000,0.167738,-3200000.0,55900000,0.163355,20200000,40100000,0.117183,1.34114,1.34114,29900000,29900000,https://www.sec.gov/Archives/edgar/data/859598/000085959815000029/ckh-12312014x10k.htm,https://www.sec.gov/Archives/edgar/data/859598/000085959815000029/ckh-12312014x10k.htm
0,2014-09-30,CKH,2014-10-27 00:00:00,2014-10-27 17:03:25,Q3,338900000,237700000,101300000,0.298908,0.0,46700000,0.0,0.0,50400000.00000004,288100000.00000006,11124000,0.0,54224000,0.16,50900000,0.150192,100000.0,48400000,0.142815,15600000,27500000,0.081145,1.07422,1.07422,25600000,25600000,https://www.sec.gov/Archives/edgar/data/859598/000085959814000152/0000859598-14-000152-index.html,https://www.sec.gov/Archives/edgar/data/859598/000085959814000152/ckh-09302014x10q.htm
0,2014-06-30,CKH,2014-07-31 00:00:00,2014-07-31 16:14:51,Q2,328200000,231900000,96300000,0.293419,0.0,34700000,0.0,0.0,63599999.99999999,295500000,10458000,0.0,44558000,0.135765,32700000,0.099634,10200000,41000000,0.124924,13000000,21100000,0.06429,0.85772,0.85772,24600000,24600000,https://www.sec.gov/Archives/edgar/data/859598/000085959814000116/0000859598-14-000116-index.html,https://www.sec.gov/Archives/edgar/data/859598/000085959814000116/ckh-06302014x10q.htm
0,2014-03-31,CKH,2014-04-25 00:00:00,2014-04-24 17:51:52,Q1,310000000,219000000,91000000,0.293548,0.0,38100000,0.0,0.0,66800000.00000001,285800000,11403000,0.0,29303000,0.094526,24300000,0.078387,-3700000.0,17900000,0.057742,6400000.0,11500000,0.037097,0.56098,0.56098,20500000,20500000,https://www.sec.gov/Archives/edgar/data/859598/000085959814000067/0000859598-14-000067-index.html,https://www.sec.gov/Archives/edgar/data/859598/000085959814000067/ckh-03312014x10q.htm
0,2013-12-31,CKH,2014-03-03,2014-03-03 17:10:18,Q4,327900000,228300000,99600000,0.303751,0.0,39500000,0.0,0.0,69300000.00000001,297600000,11310000,134500000,149510000,0.455962,30300000,0.092406,-100000.0,14400000,0.043916,5400000.0,-1700000.0,-0.005185,-0.085,-0.085,20000000,20000000,https://www.sec.gov/Archives/edgar/data/859598/000085959814000021/ckh-12312013x10k.htm,https://www.sec.gov/Archives/edgar/data/859598/000085959814000021/ckh-12312013x10k.htm
0,2013-09-30,CKH,2013-10-28 00:00:00,2013-10-28 16:04:57,Q3,336800000,239500000,97200000,0.288599,0.0,31500000,0.0,0.0,45800000.00000001,285300000,10520000,0.0,56820000,0.168705,51500000,0.15291,500000.0,46500000,0.138064,16000000,30300000,0.089964,1.23171,1.23171,24600000,24600000,https://www.sec.gov/Archives/edgar/data/859598/000085959813000144/0000859598-13-000144-index.html,https://www.sec.gov/Archives/edgar/data/859598/000085959813000144/ckh-09302013x10q.htm
0,2013-06-30,CKH,2013-07-30 00:00:00,2013-07-30 16:57:54,Q2,315600000,240100000,75500000,0.239227,0.0,34700000,0.0,0.0,56200000.00000002,296300000,7922000.0,0.0,35222000,0.111603,19300000,0.061153,200000.0,19600000,0.062104,8000000.0,19300000,0.061153,0.79098,0.79098,24400000,24400000,https://www.sec.gov/Archives/edgar/data/859598/000085959813000104/0000859598-13-000104-index.html,https://www.sec.gov/Archives/edgar/data/859598/000085959813000104/ckh-06302013x10q.htm
0,2013-03-31,CKH,2013-04-30 00:00:00,2013-04-29 19:06:52,Q1,267100000,200900000,66200000,0.247847,0.0,35600000,0.0,0.0,67200000.00000001,268100000.00000003,12840000,0.0,-10860000,-0.040659,-1000000.0,-0.003744,0.0,-12800000,-0.047922,-2700000.0,-21000000,-0.078622,-1.06599,-1.06599,19700000,19700000,https://www.sec.gov/Archives/edgar/data/859598/000085959813000037/0000859598-13-000037-index.html,https://www.sec.gov/Archives/edgar/data/859598/000085959813000037/ckh-03312013x10q.htm
0,2012-12-31,CKH,2013-02-28 00:00:00,2013-02-27 20:32:46,Q4,362400000,270500000,91900000,0.253587,0.0,55900000,0.0,1144649000,82500000,353000000,11423000,131700000,144323000,0.398242,9300000.0,0.025662,-300000.0,3900000.0,0.010762,3800000.0,-2600000.0,-0.007174,-0.12871,-0.12871,20200000,20200000,https://www.sec.gov/Archives/edgar/data/859598/000085959813000024/0000859598-13-000024-index.html,https://www.sec.gov/Archives/edgar/data/859598/000085959813000024/ckh-12312012x10k.htm
0,2012-09-30,CKH,2012-10-31 00:00:00,2012-10-30 19:34:01,Q3,338900000,254000000,84900000,0.250516,0.0,39500000,0.0,0.0,64800000.00000001,318800000,12679000,0.0,36479000,0.107639,20100000,0.05931,7100000.0,18200000,0.053703,7700000.0,16100000,0.047507,0.77778,0.77778,20700000,20700000,https://www.sec.gov/Archives/edgar/data/859598/000085959812000018/0000859598-12-000018-index.html,https://www.sec.gov/Archives/edgar/data/859598/000085959812000018/ckh-9302012x10q.htm
0,2012-06-30,CKH,2012-07-27 00:00:00,2012-07-27 16:33:17,Q2,309200000,244500000,64700000,0.20925,0.0,36300000,0.0,0.0,66199999.99999999,310700000,12413000,0.0,26913000,0.087041,-1500000.0,-0.004851,400000.0,9500000.0,0.030724,3300000.0,11200000,0.036223,0.53589,0.53589,20900000,20900000,https://www.sec.gov/Archives/edgar/data/859598/000085959812000011/0000859598-12-000011-index.html,https://www.sec.gov/Archives/edgar/data/859598/000085959812000011/ckh-6302012x10q.htm
0,2012-03-31,CKH,2012-05-03,2012-05-02 19:04:42,Q1,297800000,208400000,89400000,0.300201,0.0,35000000,0.0,0.0,61099999.99999999,269500000,12024000,0.0,58024000,0.194842,28400000,0.095366,-100000.0,23000000,0.077233,9500000.0,36500000,0.122565,1.74641,1.74641,20900000,20900000,https://www.sec.gov/Archives/edgar/data/859598/000119312512078497/d258003d10k.htm,https://www.sec.gov/Archives/edgar/data/859598/000119312512078497/d258003d10k.htm
0,2011-12-31,CKH,2012-02-24 00:00:00,2012-02-24 17:25:02,Q4,-201800000,-298300000,96500000,-0.478196,0.0,47400000,0.0,0.0,77400000,-220900000,10027000,149500000,178227000,-0.883186,19200000,-0.095144,1300000.0,9100000.0,-0.045094,1700000.0,17000000,-0.084242,0.77982,0.77982,21800000,21800000,https://www.sec.gov/Archives/edgar/data/859598/000119312512078497/0001193125-12-078497-index.html,https://www.sec.gov/Archives/edgar/data/859598/000119312512078497/d258003d10k.htm
0,2011-09-30,CKH,2011-10-28 00:00:00,2011-10-28 16:06:02,Q3,545100000,455400000,89600000,0.164374,0.0,35400000,0.0,0.0,60899999.99999998,516300000,10712000,0.0,13812000,0.025338,28800000,0.052834,0.0,-5500000.0,-0.01009,-700000.0,3800000.0,0.006971,0.17593,0.17593,21600000,21600000,https://www.sec.gov/Archives/edgar/data/859598/000119312511286187/0001193125-11-286187-index.html,https://www.sec.gov/Archives/edgar/data/859598/000119312511286187/d235696d10q.htm
0,2011-06-30,CKH,2011-08-01 00:00:00,2011-08-01 16:42:16,Q2,509300000,409400000,99900000,0.196152,0.0,39200000,0.0,0.0,68200000.00000004,477600000.00000006,10465000,0.0,25365000,0.049804,31700000,0.062242,-100000.0,14600000,0.028667,5900000.0,9000000.0,0.017671,0.4186,0.4186,21500000,21500000,https://www.sec.gov/Archives/edgar/data/859598/000119312511204707/0001193125-11-204707-index.html,https://www.sec.gov/Archives/edgar/data/859598/000119312511204707/d10q.htm
0,2011-03-31,CKH,2011-04-27 00:00:00,2011-04-27 16:20:52,Q1,438000000,341700000,96300000,0.219863,0.0,41700000,0.0,0.0,72800000.00000001,414500000,10041000,0.0,28941000,0.066075,23500000,0.053653,-200000.0,20300000,0.046347,7700000.0,11200000,0.025571,0.52336,0.52336,21400000,21400000,https://www.sec.gov/Archives/edgar/data/859598/000119312511111948/0001193125-11-111948-index.html,https://www.sec.gov/Archives/edgar/data/859598/000119312511111948/d10q.htm
0,2010-12-31,CKH,2011-02-25,2011-02-25 16:09:53,Q4,-660100000,-613100000,-47000000,0.071201,0.0,28800000,0.0,0.0,59899999.99999998,-553200000,24717000,157100000,166417000,-0.252109,-107000000,0.162097,3100000.0,-106000000,0.160582,-42500000,27100000,-0.041054,1.22624,1.22624,22100000,22100000,https://www.sec.gov/Archives/edgar/data/859598/000119312511047403/d10k.htm,https://www.sec.gov/Archives/edgar/data/859598/000119312511047403/d10k.htm
0,2010-09-30,CKH,2010-10-29 00:00:00,2010-10-28 19:52:16,Q3,979800000,683200000,296600000,0.302715,0.0,50600000,0.0,0.0,68099999.99999991,751299999.9999999,10274000,0.0,247874000,0.252984,228600000,0.233313,0.0,230000000,0.234742,87700000,149900000,0.15299,7.1381,7.1381,21000000,21000000,https://www.sec.gov/Archives/edgar/data/859598/000119312510240156/0001193125-10-240156-index.html,https://www.sec.gov/Archives/edgar/data/859598/000119312510240156/d10q.htm
0,2010-06-30,CKH,2010-07-29 00:00:00,2010-07-29 16:15:47,Q2,694600000,484700000,209800000,0.302044,0.0,46100000,0.0,0.0,83699999.99999999,568400000,11264000,0.0,112764000,0.162344,126200000,0.181687,0.0,99200000,0.142816,37400000,64100000,0.092283,2.92694,2.92694,21900000,21900000,https://www.sec.gov/Archives/edgar/data/859598/000119312510170671/0001193125-10-170671-index.html,https://www.sec.gov/Archives/edgar/data/859598/000119312510170671/d10q.htm
0,2010-03-31,CKH,2010-04-28 00:00:00,2010-04-28 16:07:20,Q1,394600000,312300000,82300000,0.208566,0.0,40900000,0.0,0.0,68599999.99999997,380899999.99999994,12324000,0.0,18224000,0.046183,13600000,0.034465,600000.0,5300000.0,0.013431,2300000.0,3600000.0,0.009123,0.16,0.16,22500000,22500000,https://www.sec.gov/Archives/edgar/data/859598/000119312510096633/0001193125-10-096633-index.html,https://www.sec.gov/Archives/edgar/data/859598/000119312510096633/d10q.htm
0,2009-12-31,CKH,2010-02-25 00:00:00,2010-02-25 17:23:43,Q4,476500000,353000000,123600000,0.259391,0.0,41300000,0.0,0.0,86500000,439500000,16364000,0.0,54164000,0.113671,37000000,0.07765,100000.0,34800000,0.073033,15600000,22200000,0.04659,0.94872,0.94872,23400000,23400000,https://www.sec.gov/Archives/edgar/data/859598/000119312510040934/0001193125-10-040934-index.html,https://www.sec.gov/Archives/edgar/data/859598/000119312510040934/d10k.htm
0,2009-09-30,CKH,2009-10-28 00:00:00,2009-10-28 16:09:35,Q3,446100000,327600000,118500000,0.265636,0.0,41900000,0.0,0.0,73599999.99999997,401199999.99999994,14267000,0.0,56367000,0.126355,44800000,0.100426,-100000.0,39700000,0.088993,15800000,26300000,0.058955,1.11915,1.11915,23500000,23500000,https://www.sec.gov/Archives/edgar/data/859598/000119312509216148/0001193125-09-216148-index.html,https://www.sec.gov/Archives/edgar/data/859598/000119312509216148/d10q.htm
0,2009-06-30,CKH,2009-07-30 00:00:00,2009-07-30 16:33:46,Q2,389200000,256100000,133100000,0.341984,0.0,40100000,0.0,0.0,80000000,336100000,14075000,0.0,79275000,0.203687,53100000,0.136434,0.0,62100000,0.159558,22900000,42300000,0.108684,1.8,1.8,23500000,23500000,https://www.sec.gov/Archives/edgar/data/859598/000119312509159610/0001193125-09-159610-index.html,https://www.sec.gov/Archives/edgar/data/859598/000119312509159610/d10q.htm
0,2009-03-31,CKH,2009-04-30 00:00:00,2009-04-30 16:41:11,Q1,399500000,248400000,151100000,0.378223,0.0,38700000,0.0,0.0,59799999.99999998,308200000,14337000,0.0,95537000,0.239141,91300000,0.228536,200000.0,78500000,0.196496,28200000,53000000,0.132666,2.25532,2.25532,23500000,23500000,https://www.sec.gov/Archives/edgar/data/859598/000119312509094521/0001193125-09-094521-index.html,https://www.sec.gov/Archives/edgar/data/859598/000119312509094521/d10q.htm
0,2008-12-31,CKH,2009-02-26 00:00:00,2009-02-26 17:30:25,Q4,454900000,291900000,163000000,0.358321,0.0,49300000,0.0,0.0,46400000.00000004,338300000.00000006,13275000,0.0,111775000,0.245713,116600000,0.25632,100000.0,94600000,0.207958,28000000,70500000,0.154979,3.0,3.0,23500000,23500000,https://www.sec.gov/Archives/edgar/data/859598/000119312509039274/0001193125-09-039274-index.html,https://www.sec.gov/Archives/edgar/data/859598/000119312509039274/d10k.htm
0,2008-09-30,CKH,2008-10-30 00:00:00,2008-10-30 16:50:16,Q3,437600000,269900000,167700000,0.383227,0.0,41500000,0.0,0.0,61000000,330900000,38626000,0.0,155726000,0.355864,106700000,0.24383,-100000.0,115400000,0.263711,42800000,74300000,0.16979,3.09583,3.09583,24000000,24000000,https://www.sec.gov/Archives/edgar/data/859598/000119312508220364/0001193125-08-220364-index.html,https://www.sec.gov/Archives/edgar/data/859598/000119312508220364/d10q.htm
0,2008-06-30,CKH,2008-07-31 00:00:00,2008-07-31 17:24:13,Q2,409000000,274300000,134700000,0.32934,0.0,45100000,0.0,0.0,63599999.99999996,337899999.99999994,12674000,0.0,69674000,0.170352,71100000,0.173839,200000.0,55900000,0.136675,19900000,37100000,0.090709,1.47222,1.47222,25200000,25200000,https://www.sec.gov/Archives/edgar/data/859598/000119312508162769/0001193125-08-162769-index.html,https://www.sec.gov/Archives/edgar/data/859598/000119312508162769/d10q.htm
0,2008-03-31,CKH,2008-05-02 00:00:00,2008-05-02 17:18:16,Q1,354500000,235000000,119400000,0.336812,0.0,39000000,0.0,0.0,64899999.99999998,299900000,11548000,0.0,67948000,0.191673,54500000,0.153738,200000.0,52100000,0.146968,19800000,36600000,0.103244,1.40769,1.40769,26000000,26000000,https://www.sec.gov/Archives/edgar/data/859598/000119312508100911/0001193125-08-100911-index.html,https://www.sec.gov/Archives/edgar/data/859598/000119312508100911/d10q.htm
0,2007-12-31,CKH,2008-02-29,2008-02-28 20:49:52,Q4,363100000,230900000,132200000,0.364087,0.0,42100000,0.0,0.0,81900000,312800000,38505000,0.0,147505000,0.406238,50300000,0.138529,100000.0,100200000,0.275957,41100000,67900000,0.187001,2.57197,2.57197,26400000,26400000,https://www.sec.gov/Archives/edgar/data/859598/000104746908001960/a2183047z10-k.htm,https://www.sec.gov/Archives/edgar/data/859598/000104746908001960/a2183047z10-k.htm
0,2007-09-30,CKH,2007-11-02 00:00:00,2007-11-02 17:08:23,Q3,359900000,214000000,145900000,0.40539,0.0,36900000,0.0,0.0,74300000.00000001,288300000,10855000,0.0,121455000,0.337469,71600000,0.198944,-700000.0,108400000,0.301195,40300000,70300000,0.195332,2.61338,2.61338,26900000,26900000,https://www.sec.gov/Archives/edgar/data/859598/000104746907008346/0001047469-07-008346-index.html,https://www.sec.gov/Archives/edgar/data/859598/000104746907008346/a2180581z10-q.htm
0,2007-06-30,CKH,2007-08-06 00:00:00,2007-08-06 17:17:19,Q2,325500000,198800000,126600000,0.38894,0.0,33900000,0.0,164881000,72000000,270800000,12108000,0.0,107608000,0.330593,54600000,0.167742,600000.0,87900000,0.270046,30200000,65300000,0.200614,2.36594,2.36594,27600000,27600000,https://www.sec.gov/Archives/edgar/data/859598/000110465907059228/0001104659-07-059228-index.html,https://www.sec.gov/Archives/edgar/data/859598/000110465907059228/a07-21154_110q.htm
0,2007-03-31,CKH,2007-05-07 00:00:00,2007-05-07 17:22:46,Q1,310800000,188700000,122100000,0.392857,0.0,34400000,0.0,154258000,73199999.99999999,261900000,13268000,0.0,70268000,0.226088,48800000,0.157014,0.0,54800000,0.176319,18800000,38200000,0.122909,1.35943,1.35943,28100000,28100000,https://www.sec.gov/Archives/edgar/data/859598/000110465907036580/0001104659-07-036580-index.html,https://www.sec.gov/Archives/edgar/data/859598/000110465907036580/a07-11029_110q.htm
0,2006-12-31,CKH,2007-03-01,2007-02-28 19:15:19,Q4,337200000,189800000,147400000,0.437129,0.0,35500000,0.0,154277000,75699999.99999999,265500000,13457000,0.0,100757000,0.298805,71700000,0.212633,200000.0,87900000,0.260676,28900000,58400000,0.173191,2.07829,2.07829,28100000,28100000,https://www.sec.gov/Archives/edgar/data/859598/000110465907015082/a07-5961_110k.htm,https://www.sec.gov/Archives/edgar/data/859598/000110465907015082/a07-5961_110k.htm
0,2006-09-30,CKH,2006-11-07,2006-11-07 16:52:54,Q3,349400000,196600000,152800000,0.437321,0.0,30900000,0.0,165728000,71900000,268500000,13307000,0.0,113507000,0.324863,80900000,0.23154,100000.0,98100000,0.280767,37000000,63200000,0.180882,2.23322,2.23322,28300000,28300000,https://www.sec.gov/Archives/edgar/data/859598/000110465906072250/a06-21914_110q.htm,https://www.sec.gov/Archives/edgar/data/859598/000110465906072250/a06-21914_110q.htm
0,2006-06-30,CKH,2006-08-07,2006-08-07 17:25:53,Q2,331000000,187100000,143800000,0.434441,0.0,32900000,0.0,154284000,75200000.00000001,262300000.00000003,12847000,0.0,109347000,0.330353,68700000,0.207553,600000.0,90500000,0.273414,33700000,62800000,0.189728,2.1958,2.1958,28600000,28600000,https://www.sec.gov/Archives/edgar/data/859598/000110465906052089/a06-15607_110q.htm,https://www.sec.gov/Archives/edgar/data/859598/000110465906052089/a06-15607_110q.htm
0,2006-03-31,CKH,2006-05-10,2006-05-10 17:22:35,Q1,305900000,169600000,136300000,0.44557,0.0,31500000,0.0,138151000,74800000.00000001,244400000,14068000,0.0,89568000,0.292802,61500000,0.201046,0.0,69300000,0.226545,25400000,50100000,0.163779,1.75789,1.75789,28500000,28500000,https://www.sec.gov/Archives/edgar/data/859598/000110465906017877/a06-6858_210k.htm,https://www.sec.gov/Archives/edgar/data/859598/000110465906017877/a06-6858_210k.htm
0,2005-12-31,CKH,2006-03-20,2006-03-20 12:41:11,Q4,334100000,177000000,157100000,0.470218,0.0,36300000,0.0,484733000,80699999.99999999,257700000,48152000,127700000,276052000,0.826256,76400000,0.228674,200000.0,99000000,0.296318,-6300000.0,106500000,0.318767,3.72378,3.72378,28600000,28600000,https://www.sec.gov/Archives/edgar/data/859598/000110465906017877/a06-6858_210k.htm,https://www.sec.gov/Archives/edgar/data/859598/000110465906017877/a06-6858_210k.htm
0,2005-09-30,CKH,2005-11-14,2005-11-14 18:03:53,Q3,294900000,180100000,114700000,0.388945,0.0,31100000,0.0,149021000,77700000.00000001,257800000.00000003,16541000,0.0,50941000,0.17274,37100000,0.125805,900000.0,34000000,0.115293,13900000,20500000,0.069515,0.71678,0.71678,28600000,28600000,https://www.sec.gov/Archives/edgar/data/859598/000110465905055607/a05-18568_110q.htm,https://www.sec.gov/Archives/edgar/data/859598/000110465905055607/a05-18568_110q.htm
0,2005-06-30,CKH,2005-08-09,2005-08-09 16:32:21,Q2,177800000,117200000,60700000,0.341395,0.0,19300000,0.0,194956000,37800000,155000000,15141000,0.0,52641000,0.296069,22800000,0.128234,400000.0,34700000,0.195163,12400000,25100000,0.14117,1.14612,1.14612,21900000,21900000,https://www.sec.gov/Archives/edgar/data/859598/000110465905037927/a05-14552_110q.htm,https://www.sec.gov/Archives/edgar/data/859598/000110465905037927/a05-14552_110q.htm
0,2005-03-31,CKH,,,Q1,165200000,115600000,49600000,0.300242,0.0,18500000,0.0,0.0,36800000.00000001,152400000,200000.0,0.0,28500000,0.172518,12800000,0.077482,200000.0,26700000,0.161622,9700000.0,18600000,0.112591,0.84932,0.84932,21900000,21900000,,
0,2004-12-31,CKH,,,Q4,182000000,126200000,55800000,0.306593,0.0,17600000,0.0,0.0,32999999.999999985,159200000,2500000.0,57800000,88000000,0.483516,22800000,0.125275,100000.0,26000000,0.142857,8400000.0,19300000,0.106044,1.01579,1.01579,19000000,19000000,,
0,2004-09-30,CKH,,,Q3,116500000,79100000,37400000,0.32103,0.0,14900000,0.0,0.0,29300000.00000001,108400000.00000001,-4500000.0,0.0,400000.0,0.003433,8100000.0,0.069528,100000.0,3600000.0,0.030901,1500000.0,3400000.0,0.029185,0.18478,0.18478,18400000,18400000,,
0,2004-06-30,CKH,,,Q2,97400000,73800000,23600000,0.2423,0.0,13900000,0.0,0.0,28000000,101800000,-2200000.0,0.0,-1800000.0,-0.01848,-4400000.0,-0.045175,200000.0,-200000.0,-0.002053,200000.0,200000.0,0.002053,0.01081,0.01081,18500000,18500000,,
0,2004-03-31,CKH,,,Q1,96000000,75000000,20900000,0.217708,0.0,15100000,0.0,0.0,29099999.999999993,104100000,-700000.0,0.0,-5200000.0,-0.054167,-8100000.0,-0.084375,100000.0,-5000000.0,-0.052083,-1500000.0,-3000000.0,-0.03125,-0.16216,-0.16216,18500000,18500000,,
0,2003-12-31,CKH,,,Q4,101000000,78500000,22500000,0.222772,0.0,16500000,0.0,0.0,30299999.999999996,108800000,-400000.0,0.0,1000000.0,0.009901,-7800000.0,-0.077228,100000.0,1500000.0,0.014851,3100000.0,-1700000.0,-0.016832,-0.09091,-0.09091,18700000,18700000,,
0,2003-09-30,CKH,,,Q3,103200000,72300000,31000000,0.300388,0.0,13700000,0.0,0.0,27100000.00000001,99400000.00000001,-2800000.0,0.0,1400000.0,0.013566,3900000.0,0.037791,0.0,3400000.0,0.032946,1300000.0,2900000.0,0.028101,0.15426,0.15426,18800000,18800000,,
0,2003-06-30,CKH,,,Q2,105200000,69400000,35700000,0.339354,0.0,13400000,0.0,0.0,28099999.999999993,97500000,2600000.0,0.0,12600000,0.119772,7700000.0,0.073194,-700000.0,10000000,0.095057,3600000.0,6400000.0,0.060837,0.33161,0.33161,19300000,19300000,,
0,2003-03-31,CKH,,,Q1,96900000,67100000,29800000,0.307534,0.0,14100000,0.0,0.0,29800000.00000001,96900000.00000001,1500000.0,0.0,8200000.0,0.084623,-100000.0,-0.001032,0.0,6600000.0,0.068111,2400000.0,4300000.0,0.044376,0.21078,0.21078,20400000,20400000,,
0,2002-12-31,CKH,,,Q4,99700000,67300000,32400000,0.324975,0.0,14700000,0.0,0.0,28700000.000000004,96000000,-4500000.0,0.0,-1600000.0,-0.016048,3700000.0,0.037111,700000.0,2900000.0,0.029087,1300000.0,1600000.0,0.016048,0.07882,0.07882,20300000,20300000,,
0,2002-09-30,CKH,,,Q3,102100000,64300000,37800000,0.370225,0.0,13400000,0.0,0.0,30200000.000000004,94500000,900000.0,0.0,32600000,0.319295,7700000.0,0.075416,0.0,30600000,0.299706,10400000,21300000,0.208619,1.00472,1.00472,21200000,21200000,,
0,2002-06-30,CKH,,,Q2,97700000,61100000,36500000,0.373593,0.0,12800000,0.0,0.0,26800000.000000004,87900000,6100000.0,0.0,24500000,0.250768,9700000.0,0.099284,500000.0,17300000,0.177073,6200000.0,12200000,0.124872,0.57009,0.57009,21400000,21400000,,
0,2002-03-31,CKH,,,Q1,103600000,57200000,46500000,0.448842,0.0,12400000,0.0,0.0,26200000.000000004,83400000,-6100000.0,0.0,10500000,0.101351,20300000,0.195946,-1200000.0,15300000,0.147683,5200000.0,11400000,0.110039,0.53271,0.53271,21400000,21400000,,
0,2001-12-31,CKH,,,Q4,109800000,58300000,51500000,0.469035,0.0,13200000,0.0,0.0,29299999.999999996,87600000,1400000.0,0.0,29300000,0.266849,22200000,0.202186,2600000.0,27300000,0.248634,9200000.0,18700000,0.17031,0.87793,0.87793,21300000,21300000,,
0,2001-09-30,CKH,2001-11-14 00:00:00,2001-11-14 00:00:00,Q3,119400000,60500000,58800000,0.492462,0.0,13100000,0.0,0.0,28700000.000000004,89200000,-700000.0,0.0,33900000,0.28392,30200000,0.252931,700000.0,34400000,0.288107,12100000,22500000,0.188442,1.05634,1.05634,21300000,21300000,https://www.sec.gov/Archives/edgar/data/859598/000090951801500437/0000909518-01-500437-index.html,https://www.sec.gov/Archives/edgar/data/859598/000090951801500437/smitq.txt
0,2001-06-30,CKH,2001-08-14 00:00:00,2001-08-14 00:00:00,Q2,112400000,59300000,53200000,0.47331,0.0,12200000,0.0,0.0,26799999.999999996,86100000,-2000000.0,0.0,25000000,0.22242,26300000,0.233986,1300000.0,27500000,0.244662,9600000.0,17400000,0.154804,0.82075,0.82075,21200000,21200000,https://www.sec.gov/Archives/edgar/data/859598/000090951801500241/0000909518-01-500241-index.html,https://www.sec.gov/Archives/edgar/data/859598/000090951801500241/mv-10q.txt
0,2001-03-31,CKH,2001-04-02 00:00:00,2001-04-02 00:00:00,Q1,93200000,56400000,36800000,0.39485,0.0,11400000,0.0,0.0,23600000,80000000,-1800000.0,0.0,15400000,0.165236,13200000,0.141631,1200000.0,14600000,0.156652,5100000.0,12100000,0.129828,0.56279,0.56279,21500000,21500000,https://www.sec.gov/Archives/edgar/data/859598/000090951801000365/0000909518-01-000365-index.html,https://www.sec.gov/Archives/edgar/data/859598/000090951801000365/0000909518-01-000365-0001.txt
0,2000-12-31,CKH,2001-04-02 00:00:00,2001-04-02 00:00:00,Q4,88300000,50900000,37400000,0.423556,0.0,10300000,0.0,0.0,22800000.000000004,73700000,-1300000.0,0.0,16100000,0.182333,14600000,0.165345,3900000.0,18000000,0.203851,6300000.0,11100000,0.125708,0.45868,0.45868,24200000,24200000,https://www.sec.gov/Archives/edgar/data/859598/000090951801000365/0000909518-01-000365-index.html,https://www.sec.gov/Archives/edgar/data/859598/000090951801000365/0000909518-01-000365-0001.txt
0,2000-09-30,CKH,2000-11-14 00:00:00,2000-11-14 00:00:00,Q3,93600000,56900000,36600000,0.391026,0.0,10200000,0.0,0.0,24000000.000000007,80900000,4200000.0,0.0,23600000,0.252137,12600000,0.134615,1500000.0,24100000,0.257479,7900000.0,11500000,0.122863,0.53991,0.53991,21300000,21300000,https://www.sec.gov/Archives/edgar/data/859598/000090951800000741/0000909518-00-000741-index.html,https://www.sec.gov/Archives/edgar/data/859598/000090951800000741/0000909518-00-000741-0001.txt
0,2000-06-30,CKH,2000-08-14 00:00:00,2000-08-14 00:00:00,Q2,85100000,51100000,34100000,0.400705,0.0,9600000.0,0.0,0.0,22600000,73700000,-4000000.0,0.0,4000000.0,0.047004,11400000,0.13396,-100000.0,9900000.0,0.116334,3000000.0,5000000.0,0.058754,0.2924,0.2924,17100000,17100000,https://www.sec.gov/Archives/edgar/data/859598/000090951800000520/0000909518-00-000520-index.html,https://www.sec.gov/Archives/edgar/data/859598/000090951800000520/0000909518-00-000520-0001.txt
0,2000-03-31,CKH,2000-05-15 00:00:00,2000-05-15 00:00:00,Q1,72900000,42500000,30400000,0.41701,0.0,9400000.0,0.0,0.0,21400000,63900000,-3400000.0,0.0,6500000.0,0.089163,9100000.0,0.124829,1400000.0,9600000.0,0.131687,3400000.0,6500000.0,0.089163,0.30806,0.30806,21100000,21100000,https://www.sec.gov/Archives/edgar/data/859598/000090951800000340/0000909518-00-000340-index.html,https://www.sec.gov/Archives/edgar/data/859598/0000909518-00-000340.txt
0,1999-12-31,CKH,,,Q4,71300000,41800000,29500000,0.413745,0.0,9500000.0,0.0,0.0,20900000.000000007,62700000.00000001,-1600000.0,0.0,7100000.0,0.099579,8600000.0,0.120617,-400000.0,6600000.0,0.092567,2500000.0,6200000.0,0.086957,0.21017,0.21017,29500000,29500000,,
0,1999-09-30,CKH,,,Q3,71900000,42100000,29800000,0.414465,0.0,8700000.0,0.0,0.0,19500000,61600000,-500000.0,0.0,7900000.0,0.109875,10300000,0.143255,-800000.0,9900000.0,0.137691,3400000.0,5000000.0,0.069541,0.27473,0.27473,18200000,18200000,,
0,1999-06-30,CKH,,,Q2,68500000,41200000,27300000,0.39854,0.0,8400000.0,0.0,0.0,18199999.999999996,59399999.99999999,-300000.0,0.0,9000000.0,0.131387,9100000.0,0.132847,-500000.0,8900000.0,0.129927,3100000.0,6200000.0,0.090511,0.3388,0.3388,18300000,18300000,,
0,1999-03-31,CKH,,,Q1,77700000,41700000,36000000,0.46332,0.0,8200000.0,0.0,0.0,17500000,59200000,600000.0,0.0,20300000,0.261261,18500000,0.238095,-1300000.0,18100000,0.232947,6200000.0,13500000,0.173745,0.58696,0.58696,23000000,23000000,,
0,1998-12-31,CKH,,,Q4,92800000,47600000,45200000,0.487069,0.0,8800000.0,0.0,0.0,18800000.000000004,66400000.00000001,700000.0,0.0,43100000,0.46444,26400000,0.284483,6200000.0,37300000,0.40194,13200000,29200000,0.314655,1.25322,1.25322,23300000,23300000,,
0,1998-09-30,CKH,,,Q3,100000000,49300000,50800000,0.508,0.0,9700000.0,0.0,0.0,18000000,67300000,800000.0,0.0,40200000,0.402,32700000,0.327,300000.0,37600000,0.376,13000000,26400000,0.264,1.09544,1.09544,24100000,24100000,,
0,1998-06-30,CKH,,,Q2,95700000,45000000,50800000,0.530825,0.0,9100000.0,0.0,0.0,17700000.000000004,62700000,-100000.0,0.0,53400000,0.557994,33100000,0.345873,0.0,50800000,0.530825,17400000,36100000,0.37722,1.49174,1.49174,24200000,24200000,,
0,1998-03-31,CKH,,,Q1,97200000,45900000,51300000,0.527778,0.0,8500000.0,0.0,0.0,18000000,63900000,1200000.0,0.0,52100000,0.536008,33300000,0.342593,-100000.0,47200000,0.485597,16600000,34300000,0.352881,1.372,1.372,25000000,25000000,,
0,1997-12-31,CKH,,,Q4,94300000,43500000,50700000,0.537646,0.0,8000000.0,0.0,0.0,18400000,61900000,-5600000.0,0.0,32100000,0.340403,32400000,0.343584,9900000.0,36700000,0.389183,12900000,24800000,0.26299,1.0,1.0,24800000,24800000,,
0,1997-09-30,CKH,,,Q3,88300000,45000000,43300000,0.490374,0.0,6200000.0,0.0,0.0,14700000.000000004,59700000,-3000000.0,0.0,37800000,0.428086,28500000,0.322763,13300000,38900000,0.440544,13300000,27500000,0.311438,1.09127,1.09127,25200000,25200000,,
0,1997-06-30,CKH,,,Q2,85200000,43100000,42100000,0.494131,0.0,7600000.0,0.0,0.0,16400000,59500000,-2800000.0,0.0,55600000,0.652582,25700000,0.301643,34100000,57000000,0.669014,20300000,38100000,0.447183,1.5119,1.5119,25200000,25200000,,
0,1997-03-31,CKH,,,Q1,79200000,35800000,43300000,0.546717,0.0,6500000.0,0.0,0.0,15400000.000000006,51200000.00000001,-2800000.0,0.0,40900000,0.516414,28000000,0.353535,17900000,43100000,0.544192,14900000,28800000,0.363636,1.13386,1.13386,25400000,25400000,,
0,1996-12-31,CKH,,,Q4,64200000,35400000,28800000,0.448598,0.0,5400000.0,0.0,0.0,12600000.000000002,48000000,-1700000.0,0.0,15900000,0.247664,16200000,0.252336,2500000.0,17000000,0.264798,6100000.0,11500000,0.179128,0.47718,0.47718,24100000,24100000,,
0,1996-09-30,CKH,1996-11-14 00:00:00,1996-11-14 00:00:00,Q3,57500000,31100000,26400000,0.45913,0.0,5800000.0,0.0,0.0,12000000,43100000,-600000.0,0.0,14000000,0.243478,14400000,0.250435,1300000.0,15100000,0.262609,5200000.0,9400000.0,0.163478,0.47,0.47,20000000,20000000,https://www.sec.gov/Archives/edgar/data/859598/000090951896000390/0000909518-96-000390-index.html,https://www.sec.gov/Archives/edgar/data/859598/0000909518-96-000390.txt
0,1996-06-30,CKH,1996-08-14 00:00:00,1996-08-14 00:00:00,Q2,52700000,29500000,23200000,0.440228,0.0,5600000.0,0.0,0.0,11399999.999999998,40900000,-1600000.0,0.0,9200000.0,0.174573,11800000,0.223909,200000.0,10300000,0.195446,3900000.0,6900000.0,0.13093,0.37097,0.37097,18600000,18600000,https://www.sec.gov/Archives/edgar/data/859598/000090951896000271/0000909518-96-000271-index.html,https://www.sec.gov/Archives/edgar/data/859598/0000909518-96-000271.txt
