,date,symbol,fillingDate,acceptedDate,period,revenue,costOfRevenue,grossProfit,grossProfitRatio,researchAndDevelopmentExpenses,generalAndAdministrativeExpenses,sellingAndMarketingExpenses,otherExpenses,operatingExpenses,costAndExpenses,interestExpense,depreciationAndAmortization,ebitda,ebitdaratio,operatingIncome,operatingIncomeRatio,totalOtherIncomeExpensesNet,incomeBeforeTax,incomeBeforeTaxRatio,incomeTaxExpense,netIncome,netIncomeRatio,eps,epsdiluted,weightedAverageShsOut,weightedAverageShsOutDil,link,finalLink
0,2020-09-30,PPR.TO,2020-09-30,2020-09-30,Q3,13904000,17134000,-3230000.0,-0.232307249712313,0.0,1328000.0,0.0,480000.0,949000.0,19411000,3408000.0,0.0,1261000.0,0.09069332566168009,-5507000.0,-0.5963751438434983,1011000.0,-8292000.0,-0.5963751438434983,-16000.0,-8276000.0,-0.5952243958573072,-0.05,-0.05,172065000,172065000,https://www.sedar.com/ModifyCompanyDocumentSearchForm.do?lang=EN&company_search=Prairie Provident Resources Inc&document_selection=0&industry_group=A&FromDate=13&FromMonth=05&FromYear=2000&ToDate=13&ToMonth=11&ToYear=2020&Variable=Issuer,https://www.sedar.com/ModifyCompanyDocumentSearchForm.do?lang=EN&company_search=Prairie Provident Resources Inc&document_selection=0&industry_group=A&FromDate=13&FromMonth=05&FromYear=2000&ToDate=13&ToMonth=11&ToYear=2020&Variable=Issuer
0,2020-06-30,PPR.TO,2020-06-30,2020-06-30,Q2,8333000.0,16120000,-7787000.0,-0.9344773790951638,0.0,1473000.0,0.0,0.0,1302000.0,18895000,3624000.0,0.0,-3870000.0,-0.46441857674306974,-10562000,-2.107164286571463,-3008000.0,-17559000,-2.107164286571463,0.0,-17559000,-2.107164286571463,-0.1,-0.1,172064000,172064000,https://www.sedar.com/ModifyCompanyDocumentSearchForm.do?lang=EN&company_search=Prairie Provident Resources Inc&document_selection=0&industry_group=A&FromDate=13&FromMonth=05&FromYear=2000&ToDate=13&ToMonth=11&ToYear=2020&Variable=Issuer,https://www.sedar.com/ModifyCompanyDocumentSearchForm.do?lang=EN&company_search=Prairie Provident Resources Inc&document_selection=0&industry_group=A&FromDate=13&FromMonth=05&FromYear=2000&ToDate=13&ToMonth=11&ToYear=2020&Variable=Issuer
0,2020-03-31,PPR.TO,2020-03-31,2020-03-31,Q1,15272000,21642000,-6370000.0,-0.4171031953902567,0.0,2017000.0,0.0,0.0,1641000.0,25300000,3214000.0,0.0,-818000.0,-0.0535620743844945,-10028000,-4.46110529072813,-54529000,-68130000,-4.46110529072813,-62000.0,-68068000,-4.457045573598743,-0.4,-0.4,171812000,171812000,https://www.sedar.com/ModifyCompanyDocumentSearchForm.do?lang=EN&company_search=Prairie Provident Resources Inc&document_selection=0&industry_group=A&FromDate=13&FromMonth=05&FromYear=2000&ToDate=13&ToMonth=11&ToYear=2020&Variable=Issuer,https://www.sedar.com/ModifyCompanyDocumentSearchForm.do?lang=EN&company_search=Prairie Provident Resources Inc&document_selection=0&industry_group=A&FromDate=13&FromMonth=05&FromYear=2000&ToDate=13&ToMonth=11&ToYear=2020&Variable=Issuer
0,2019-12-31,PPR.TO,2019-12-31,2019-12-31,Q4,23076000,24259000,-1183000.0,-0.05126538394869128,0.0,1975000.0,0.0,0.0,1271000.0,27505000,3207000.0,0.0,5752000.0,0.24926330386548795,-4429000.0,-0.5518287398162594,-4772000.0,-12734000,-0.5518287398162594,0.0,-12734000,-0.5518287398162594,-0.07400691599104989,-0.07400691599104989,172065000,172065000,https://www.sedar.com/ModifyCompanyDocumentSearchForm.do?lang=EN&company_search=Prairie Provident Resources Inc&document_selection=0&industry_group=A&FromDate=13&FromMonth=05&FromYear=2000&ToDate=13&ToMonth=11&ToYear=2020&Variable=Issuer,https://www.sedar.com/ModifyCompanyDocumentSearchForm.do?lang=EN&company_search=Prairie Provident Resources Inc&document_selection=0&industry_group=A&FromDate=13&FromMonth=05&FromYear=2000&ToDate=13&ToMonth=11&ToYear=2020&Variable=Issuer
0,2019-09-30,PPR.TO,2019-09-30,2019-09-30,Q3,24589000,24497000,92000.0,0.0037415104314937574,0.0,1954000.0,0.0,0.0,1032000.0,27483000,3231000.0,0.0,7600000.0,0.3090812965147017,-2894000.0,-0.10224083939973158,4027000.0,-2514000.0,-0.10224083939973158,-194000.0,-2320000.0,-0.09435113262027736,-0.01,-0.01,171313000,171313000,https://www.sedar.com/ModifyCompanyDocumentSearchForm.do?lang=EN&company_search=Prairie Provident Resources Inc&document_selection=0&industry_group=A&FromDate=13&FromMonth=05&FromYear=2000&ToDate=13&ToMonth=11&ToYear=2020&Variable=Issuer,https://www.sedar.com/ModifyCompanyDocumentSearchForm.do?lang=EN&company_search=Prairie Provident Resources Inc&document_selection=0&industry_group=A&FromDate=13&FromMonth=05&FromYear=2000&ToDate=13&ToMonth=11&ToYear=2020&Variable=Issuer
0,2019-06-30,PPR.TO,2019-06-30,2019-06-30,Q2,27331000,26149000,1182000.0,0.04324759430683107,0.0,2235000.0,0.0,3283000.0,1043000.0,29427000,3224000.0,0.0,11922000,0.4362079689729611,-2096000.0,0.1158757454904687,8924000.0,3167000.0,0.1158757454904687,-68000.0,3235000.0,0.11836376276023564,0.02,0.01,170901000,176532000,https://www.sedar.com/ModifyCompanyDocumentSearchForm.do?lang=EN&company_search=Prairie Provident Resources Inc&document_selection=0&industry_group=A&FromDate=13&FromMonth=05&FromYear=2000&ToDate=13&ToMonth=11&ToYear=2020&Variable=Issuer,https://www.sedar.com/ModifyCompanyDocumentSearchForm.do?lang=EN&company_search=Prairie Provident Resources Inc&document_selection=0&industry_group=A&FromDate=13&FromMonth=05&FromYear=2000&ToDate=13&ToMonth=11&ToYear=2020&Variable=Issuer
0,2019-03-31,PPR.TO,2019-03-31,2019-03-31,Q1,22895000,24376000,-1481000.0,-0.06468661279755406,0.0,2113000.0,0.0,0.0,934000.0,27423000,3432000.0,686000.0,5421000.0,0.23677658877484167,-4528000.0,-0.9308145883380651,-13320000,-21311000,-0.9308145883380651,-51000.0,-21260000,-0.9285870277353134,-0.12,-0.12,171444000,171444000,https://www.sedar.com/ModifyCompanyDocumentSearchForm.do?lang=EN&company_search=Prairie Provident Resources Inc&document_selection=0&industry_group=A&FromDate=13&FromMonth=05&FromYear=2000&ToDate=13&ToMonth=11&ToYear=2020&Variable=Issuer,https://www.sedar.com/ModifyCompanyDocumentSearchForm.do?lang=EN&company_search=Prairie Provident Resources Inc&document_selection=0&industry_group=A&FromDate=13&FromMonth=05&FromYear=2000&ToDate=13&ToMonth=11&ToYear=2020&Variable=Issuer
0,2018-12-31,PPR.TO,2018-12-31,2018-12-31,Q4,13542000,17392000,-3850000.0,-0.28430069413675974,0.0,2458000.0,0.0,0.0,894000.0,20744000,2402000.0,0.0,-2126000.0,-0.1569930586324029,-7202000.0,-0.2968542312804608,5616000.0,-4020000.0,-0.2968542312804608,-488000.0,-3532000.0,-0.26081819524442473,-0.020527126376659984,-0.020527126376659984,172065000,172065000,https://www.sedar.com/ModifyCompanyDocumentSearchForm.do?lang=EN&company_search=Prairie Provident Resources Inc&document_selection=0&industry_group=A&FromDate=13&FromMonth=05&FromYear=2000&ToDate=13&ToMonth=11&ToYear=2020&Variable=Issuer,https://www.sedar.com/ModifyCompanyDocumentSearchForm.do?lang=EN&company_search=Prairie Provident Resources Inc&document_selection=0&industry_group=A&FromDate=13&FromMonth=05&FromYear=2000&ToDate=13&ToMonth=11&ToYear=2020&Variable=Issuer
0,2018-09-30,PPR.TO,2018-09-30,2018-09-30,Q3,27810000,23703000,4107000.0,0.147680690399137,0.0,2170000.0,0.0,-783000.0,572000.0,26445000,1852000.0,0.0,10237000,0.3681049982020856,1365000.0,-0.0978784609852571,-2204000.0,-2722000.0,-0.0978784609852571,-95000.0,-2627000.0,-0.09446242358863718,-0.02,-0.02,115849000,115849000,https://www.sedar.com/ModifyCompanyDocumentSearchForm.do?lang=EN&company_search=Prairie Provident Resources Inc&document_selection=0&industry_group=A&FromDate=13&FromMonth=05&FromYear=2000&ToDate=13&ToMonth=11&ToYear=2020&Variable=Issuer,https://www.sedar.com/ModifyCompanyDocumentSearchForm.do?lang=EN&company_search=Prairie Provident Resources Inc&document_selection=0&industry_group=A&FromDate=13&FromMonth=05&FromYear=2000&ToDate=13&ToMonth=11&ToYear=2020&Variable=Issuer
0,2018-06-30,PPR.TO,2018-06-30,2018-06-30,Q2,24187000,21273000,2914000.0,0.12047794269648986,0.0,2200000.0,0.0,-46000.0,635000.0,24108000,1762000.0,0.0,8306000.0,0.3434076156613057,79000.0,-0.6286434861702568,-13490000,-15205000,-0.6286434861702568,-141000.0,-15064000,-0.622813908297846,-0.13,-0.13,115881000,115881000,https://www.sedar.com/ModifyCompanyDocumentSearchForm.do?lang=EN&company_search=Prairie Provident Resources Inc&document_selection=0&industry_group=A&FromDate=13&FromMonth=05&FromYear=2000&ToDate=13&ToMonth=11&ToYear=2020&Variable=Issuer,https://www.sedar.com/ModifyCompanyDocumentSearchForm.do?lang=EN&company_search=Prairie Provident Resources Inc&document_selection=0&industry_group=A&FromDate=13&FromMonth=05&FromYear=2000&ToDate=13&ToMonth=11&ToYear=2020&Variable=Issuer
0,2018-03-31,PPR.TO,2018-03-31,2018-03-31,Q1,19283000,10877000,8406000.0,0.4359280194990406,0.0,2968000.0,0.0,-32000.0,-485000.0,20776000,1600000.0,0.0,5327000.0,0.2762536949644765,-1493000.0,-0.6103822019395322,-8113000.0,-11770000,-0.6103822019395322,-28000.0,-11742000,-0.608930145724213,-0.1,-0.1,115888000,115888000,https://www.sedar.com/ModifyCompanyDocumentSearchForm.do?lang=EN&company_search=Prairie Provident Resources Inc&document_selection=0&industry_group=A&FromDate=13&FromMonth=05&FromYear=2000&ToDate=13&ToMonth=11&ToYear=2020&Variable=Issuer,https://www.sedar.com/ModifyCompanyDocumentSearchForm.do?lang=EN&company_search=Prairie Provident Resources Inc&document_selection=0&industry_group=A&FromDate=13&FromMonth=05&FromYear=2000&ToDate=13&ToMonth=11&ToYear=2020&Variable=Issuer
0,2017-12-31,PPR.TO,2017-12-31,2017-12-31,Q4,21361000,368000.0,20993000,0.9827723421188147,0.0,5086000.0,0.0,0.0,8879000.0,27011000,1561000.0,0.0,1579000.0,0.07391976031084688,-5650000.0,-2.0706895744581244,-36511000,-44232000,-2.0706895744581244,-87000.0,-44145000,-2.066616731426431,-0.2565600209223259,-0.2565600209223259,172065000,172065000,https://www.sedar.com/ModifyCompanyDocumentSearchForm.do?lang=EN&company_search=Prairie Provident Resources Inc&document_selection=0&industry_group=A&FromDate=13&FromMonth=05&FromYear=2000&ToDate=13&ToMonth=11&ToYear=2020&Variable=Issuer,https://www.sedar.com/ModifyCompanyDocumentSearchForm.do?lang=EN&company_search=Prairie Provident Resources Inc&document_selection=0&industry_group=A&FromDate=13&FromMonth=05&FromYear=2000&ToDate=13&ToMonth=11&ToYear=2020&Variable=Issuer
0,2017-09-30,PPR.TO,2017-09-30,2017-09-30,Q3,19833000,12770000,7063000.0,0.35612363232995514,0.0,2388000.0,0.0,0.0,1100000.0,24894000,633000.0,0.0,3022000.0,0.1523723087782988,-5061000.0,-0.610447234407301,-5860000.0,-12107000,-0.610447234407301,-122000.0,-11985000,-0.6042958705188323,-0.1,-0.1,115888000,115888000,https://www.sedar.com/ModifyCompanyDocumentSearchForm.do?lang=EN&company_search=Prairie Provident Resources Inc&document_selection=0&industry_group=A&FromDate=13&FromMonth=05&FromYear=2000&ToDate=13&ToMonth=11&ToYear=2020&Variable=Issuer,https://www.sedar.com/ModifyCompanyDocumentSearchForm.do?lang=EN&company_search=Prairie Provident Resources Inc&document_selection=0&industry_group=A&FromDate=13&FromMonth=05&FromYear=2000&ToDate=13&ToMonth=11&ToYear=2020&Variable=Issuer
0,2017-06-30,PPR.TO,2017-06-30,2017-06-30,Q2,22832000,13108000,9724000.0,0.4258934828311142,0.0,2567000.0,0.0,0.0,58000.0,24957000,525000.0,0.0,6546000.0,0.28670287316047655,-2125000.0,0.039812543798177995,4112000.0,909000.0,0.039812543798177995,-157000.0,1066000.0,0.04668885774351787,0.01,0.01,115824000,116364000,https://www.sedar.com/ModifyCompanyDocumentSearchForm.do?lang=EN&company_search=Prairie Provident Resources Inc&document_selection=0&industry_group=A&FromDate=13&FromMonth=05&FromYear=2000&ToDate=13&ToMonth=11&ToYear=2020&Variable=Issuer,https://www.sedar.com/ModifyCompanyDocumentSearchForm.do?lang=EN&company_search=Prairie Provident Resources Inc&document_selection=0&industry_group=A&FromDate=13&FromMonth=05&FromYear=2000&ToDate=13&ToMonth=11&ToYear=2020&Variable=Issuer
0,2017-03-31,PPR.TO,2017-03-31,2017-03-31,Q1,19911000,11662000,8249000.0,0.4142936065491437,0.0,2260000.0,0.0,0.0,8000.0,22131000,309000.0,0.0,5511000.0,0.2767816784691879,-2220000.0,0.3594997739942745,10157000,7158000.0,0.3594997739942745,-104000.0,7262000.0,0.3647230174275526,0.07,0.07,105662000,106027000,https://www.sedar.com/ModifyCompanyDocumentSearchForm.do?lang=EN&company_search=Prairie Provident Resources Inc&document_selection=0&industry_group=A&FromDate=13&FromMonth=05&FromYear=2000&ToDate=13&ToMonth=11&ToYear=2020&Variable=Issuer,https://www.sedar.com/ModifyCompanyDocumentSearchForm.do?lang=EN&company_search=Prairie Provident Resources Inc&document_selection=0&industry_group=A&FromDate=13&FromMonth=05&FromYear=2000&ToDate=13&ToMonth=11&ToYear=2020&Variable=Issuer
0,2016-12-31,PPR.TO,2016-12-31,2016-12-31,Q4,26803000,8474000.0,18329000,0.6838413610416745,0.0,3253000.0,0.0,0.0,9000.0,19145000,230000.0,0.0,14616000,0.5453120919300078,7658000.0,-0.3281722195276648,-15773000,-8796000.0,-0.3281722195276648,0.0,-8782000.0,-0.32764988993769356,-0.05103885159678029,-0.05103885159678029,172065000,172065000,https://www.sedar.com/ModifyCompanyDocumentSearchForm.do?lang=EN&company_search=Prairie Provident Resources Inc&document_selection=0&industry_group=A&FromDate=13&FromMonth=05&FromYear=2000&ToDate=13&ToMonth=11&ToYear=2020&Variable=Issuer,https://www.sedar.com/ModifyCompanyDocumentSearchForm.do?lang=EN&company_search=Prairie Provident Resources Inc&document_selection=0&industry_group=A&FromDate=13&FromMonth=05&FromYear=2000&ToDate=13&ToMonth=11&ToYear=2020&Variable=Issuer
0,2016-09-30,PPR.TO,2016-09-30,2016-09-30,Q3,9334000.0,6807000.0,2527000.0,0.2707306620955646,0.0,4444000.0,0.0,0.0,15000.0,15500000,138000.0,0.0,-5408000.0,-0.5793871866295265,-6166000.0,-1.2414827512320548,-1808000.0,-11588000,-1.2414827512320548,0.0,-11588000,-1.2414827512320548,-0.12,-0.12,97409000,97409000,https://www.sedar.com/ModifyCompanyDocumentSearchForm.do?lang=EN&company_search=Prairie Provident Resources Inc&document_selection=0&industry_group=A&FromDate=13&FromMonth=05&FromYear=2000&ToDate=13&ToMonth=11&ToYear=2020&Variable=Issuer,https://www.sedar.com/ModifyCompanyDocumentSearchForm.do?lang=EN&company_search=Prairie Provident Resources Inc&document_selection=0&industry_group=A&FromDate=13&FromMonth=05&FromYear=2000&ToDate=13&ToMonth=11&ToYear=2020&Variable=Issuer
0,2016-06-30,PPR.TO,2016-06-30,2016-06-30,Q2,5698000.0,3646000.0,2052000.0,0.3601263601263601,0.0,1032000.0,0.0,0.0,370000.0,6881000.0,1240000.0,0.0,650000.0,0.11407511407511407,-1183000.0,-0.31993681993681994,600000.0,-1823000.0,-0.31993681993681994,0.0,-2839000.0,-0.49824499824499824,-0.14,-0.14,19423000,19423000,https://www.sedar.com/ModifyCompanyDocumentSearchForm.do?lang=EN&company_search=Prairie Provident Resources Inc&document_selection=0&industry_group=A&FromDate=13&FromMonth=05&FromYear=2000&ToDate=13&ToMonth=11&ToYear=2020&Variable=Issuer,https://www.sedar.com/ModifyCompanyDocumentSearchForm.do?lang=EN&company_search=Prairie Provident Resources Inc&document_selection=0&industry_group=A&FromDate=13&FromMonth=05&FromYear=2000&ToDate=13&ToMonth=11&ToYear=2020&Variable=Issuer
0,2016-03-31,PPR.TO,2016-03-31,2016-03-31,Q1,7570000.0,6099000.0,1471000.0,0.1943196829590489,0.0,1359000.0,0.0,0.0,390000.0,12317000,612000.0,0.0,-278000.0,-0.03672391017173052,-4747000.0,-0.8952443857331572,-1418000.0,-6777000.0,-0.8952443857331572,-998000.0,-5779000.0,-0.7634081902245706,-0.3,-0.3,19423000,19423000,https://www.sedar.com/ModifyCompanyDocumentSearchForm.do?lang=EN&company_search=Prairie Provident Resources Inc&document_selection=0&industry_group=A&FromDate=13&FromMonth=05&FromYear=2000&ToDate=13&ToMonth=11&ToYear=2020&Variable=Issuer,https://www.sedar.com/ModifyCompanyDocumentSearchForm.do?lang=EN&company_search=Prairie Provident Resources Inc&document_selection=0&industry_group=A&FromDate=13&FromMonth=05&FromYear=2000&ToDate=13&ToMonth=11&ToYear=2020&Variable=Issuer
0,2015-12-31,PPR.TO,2015-12-31,2015-12-31,Q4,11529000,7732000.0,3797000.0,0.3293433949171654,0.0,7467000.0,0.0,0.0,-5614000.0,15130000,560000.0,0.0,1944000.0,0.1686182669789227,-3601000.0,-3.4153005464480874,-35214000,-39375000,-3.4153005464480874,-12876000,-26499000,-2.2984647410876917,-0.15400575363961294,-0.15400575363961294,172065000,172065000,https://www.sedar.com/ModifyCompanyDocumentSearchForm.do?lang=EN&company_search=Prairie Provident Resources Inc&document_selection=0&industry_group=A&FromDate=13&FromMonth=05&FromYear=2000&ToDate=13&ToMonth=11&ToYear=2020&Variable=Issuer,https://www.sedar.com/ModifyCompanyDocumentSearchForm.do?lang=EN&company_search=Prairie Provident Resources Inc&document_selection=0&industry_group=A&FromDate=13&FromMonth=05&FromYear=2000&ToDate=13&ToMonth=11&ToYear=2020&Variable=Issuer
0,2015-09-30,PPR.TO,2015-09-30,2015-09-30,Q3,13382000,7905000.0,5477000.0,0.4092811238977731,0.0,-1027000.0,0.0,0.0,2516000.0,16248000,540000.0,0.0,3988000.0,0.2980122552682708,-2866000.0,-1.51322672246301,-16844000,-20250000,-1.51322672246301,-6664000.0,-13586000,-1.0152443580929607,-0.71,-0.71,19156000,19156000,https://www.sedar.com/ModifyCompanyDocumentSearchForm.do?lang=EN&company_search=Prairie Provident Resources Inc&document_selection=0&industry_group=A&FromDate=13&FromMonth=05&FromYear=2000&ToDate=13&ToMonth=11&ToYear=2020&Variable=Issuer,https://www.sedar.com/ModifyCompanyDocumentSearchForm.do?lang=EN&company_search=Prairie Provident Resources Inc&document_selection=0&industry_group=A&FromDate=13&FromMonth=05&FromYear=2000&ToDate=13&ToMonth=11&ToYear=2020&Variable=Issuer
0,2015-06-30,PPR.TO,2015-06-30,2015-06-30,Q2,16305000,8191000.0,8114000.0,0.497638761116222,0.0,1148000.0,0.0,0.0,1363000.0,17568000,523000.0,0.0,5603000.0,0.3436369211898191,-1263000.0,-0.24722477767555964,-2245000.0,-4031000.0,-0.24722477767555964,-602000.0,-3429000.0,-0.21030358785648573,-0.19,-0.19,17907000,17907000,https://www.sedar.com/ModifyCompanyDocumentSearchForm.do?lang=EN&company_search=Prairie Provident Resources Inc&document_selection=0&industry_group=A&FromDate=13&FromMonth=05&FromYear=2000&ToDate=13&ToMonth=11&ToYear=2020&Variable=Issuer,https://www.sedar.com/ModifyCompanyDocumentSearchForm.do?lang=EN&company_search=Prairie Provident Resources Inc&document_selection=0&industry_group=A&FromDate=13&FromMonth=05&FromYear=2000&ToDate=13&ToMonth=11&ToYear=2020&Variable=Issuer
0,2015-03-31,PPR.TO,2015-03-31,2015-03-31,Q1,13866000,9566000.0,4300000.0,0.3101110630318765,0.0,113000.0,0.0,0.0,1956000.0,19077000,536000.0,0.0,2231000.0,0.1608971585172364,-5211000.0,-0.11502956872926583,4152000.0,-1595000.0,-0.11502956872926583,-1129000.0,-466000.0,-0.033607384970431274,-0.03,-0.03,17884000,17884000,https://www.sedar.com/ModifyCompanyDocumentSearchForm.do?lang=EN&company_search=Prairie Provident Resources Inc&document_selection=0&industry_group=A&FromDate=13&FromMonth=05&FromYear=2000&ToDate=13&ToMonth=11&ToYear=2020&Variable=Issuer,https://www.sedar.com/ModifyCompanyDocumentSearchForm.do?lang=EN&company_search=Prairie Provident Resources Inc&document_selection=0&industry_group=A&FromDate=13&FromMonth=05&FromYear=2000&ToDate=13&ToMonth=11&ToYear=2020&Variable=Issuer
0,2014-12-31,PPR.TO,2014-12-31,2014-12-31,Q4,25284000,12989000,12295000,0.48627590571112167,0.0,-316000.0,0.0,0.0,1346000.0,22214000,682000.0,0.0,11265000,0.4455386805885145,3070000.0,0.6041370036386647,12887000,15275000,0.6041370036386647,-92000.0,15367000,0.6077756684068977,0.08930927265858832,0.08930927265858832,172065000,172065000,https://www.sedar.com/ModifyCompanyDocumentSearchForm.do?lang=EN&company_search=Prairie Provident Resources Inc&document_selection=0&industry_group=A&FromDate=13&FromMonth=05&FromYear=2000&ToDate=13&ToMonth=11&ToYear=2020&Variable=Issuer,https://www.sedar.com/ModifyCompanyDocumentSearchForm.do?lang=EN&company_search=Prairie Provident Resources Inc&document_selection=0&industry_group=A&FromDate=13&FromMonth=05&FromYear=2000&ToDate=13&ToMonth=11&ToYear=2020&Variable=Issuer
0,2014-09-30,PPR.TO,2014-09-30,2014-09-30,Q3,33322000,14790000,18532000,0.5561490906908348,0.0,2267000.0,0.0,0.0,1730000.0,27276000,727000.0,0.0,14535000,0.4361983074245243,6046000.0,0.35832182942200347,6621000.0,11940000,0.35832182942200347,2318000.0,9622000.0,0.2887581777804453,0.57,0.57,16881000,16881000,https://www.sedar.com/ModifyCompanyDocumentSearchForm.do?lang=EN&company_search=Prairie Provident Resources Inc&document_selection=0&industry_group=A&FromDate=13&FromMonth=05&FromYear=2000&ToDate=13&ToMonth=11&ToYear=2020&Variable=Issuer,https://www.sedar.com/ModifyCompanyDocumentSearchForm.do?lang=EN&company_search=Prairie Provident Resources Inc&document_selection=0&industry_group=A&FromDate=13&FromMonth=05&FromYear=2000&ToDate=13&ToMonth=11&ToYear=2020&Variable=Issuer
0,2014-06-30,PPR.TO,2014-06-30,2014-06-30,Q2,30902000,15010000,15892000,0.5142709209759886,0.0,1149000.0,0.0,0.0,2553000.0,26119000,703000.0,0.0,12190000,0.3944728496537441,4783000.0,0.028056436476603455,-3213000.0,867000.0,0.028056436476603455,1243000.0,-376000.0,-0.012167497249368973,-0.02,-0.02,16085000,16085000,https://www.sedar.com/ModifyCompanyDocumentSearchForm.do?lang=EN&company_search=Prairie Provident Resources Inc&document_selection=0&industry_group=A&FromDate=13&FromMonth=05&FromYear=2000&ToDate=13&ToMonth=11&ToYear=2020&Variable=Issuer,https://www.sedar.com/ModifyCompanyDocumentSearchForm.do?lang=EN&company_search=Prairie Provident Resources Inc&document_selection=0&industry_group=A&FromDate=13&FromMonth=05&FromYear=2000&ToDate=13&ToMonth=11&ToYear=2020&Variable=Issuer
0,2014-03-31,PPR.TO,2014-03-31,2014-03-31,Q1,27606000,13295000,14311000,0.51840179671086,0.0,1907000.0,0.0,0.0,950000.0,22914000,663000.0,0.0,11454000,0.4149098022169094,4692000.0,0.07918568427153518,-1843000.0,2186000.0,0.07918568427153518,1158000.0,1028000.0,0.03723828153300007,0.06,0.06,16090000,16119000,https://www.sedar.com/ModifyCompanyDocumentSearchForm.do?lang=EN&company_search=Prairie Provident Resources Inc&document_selection=0&industry_group=A&FromDate=13&FromMonth=05&FromYear=2000&ToDate=13&ToMonth=11&ToYear=2020&Variable=Issuer,https://www.sedar.com/ModifyCompanyDocumentSearchForm.do?lang=EN&company_search=Prairie Provident Resources Inc&document_selection=0&industry_group=A&FromDate=13&FromMonth=05&FromYear=2000&ToDate=13&ToMonth=11&ToYear=2020&Variable=Issuer
0,2013-12-31,PPR.TO,2013-12-31,2013-12-31,Q4,24112000,12866000,11246000,0.4664067684140677,0.0,757000.0,0.0,0.0,-1270000.0,19170000,693000.0,0.0,11759000,0.4876824817518248,4942000.0,0.02749668214996682,-3586000.0,663000.0,0.02749668214996682,1060000.0,-397000.0,-0.01646483078964831,-0.0023072676023595732,-0.0023072676023595732,172065000,172065000,https://www.sedar.com/ModifyCompanyDocumentSearchForm.do?lang=EN&company_search=Prairie Provident Resources Inc&document_selection=0&industry_group=A&FromDate=13&FromMonth=05&FromYear=2000&ToDate=13&ToMonth=11&ToYear=2020&Variable=Issuer,https://www.sedar.com/ModifyCompanyDocumentSearchForm.do?lang=EN&company_search=Prairie Provident Resources Inc&document_selection=0&industry_group=A&FromDate=13&FromMonth=05&FromYear=2000&ToDate=13&ToMonth=11&ToYear=2020&Variable=Issuer
0,2013-09-30,PPR.TO,2013-09-30,2013-09-30,Q3,30177000,14535000,15642000,0.5183417834774828,0.0,1435000.0,0.0,0.0,301000.0,23244000,625000.0,0.0,14250000,0.4722139377671737,6933000.0,0.028664214467972297,-5443000.0,865000.0,0.028664214467972297,1492000.0,-627000.0,-0.020777413261755643,-0.04,-0.04,16070000,16070000,https://www.sedar.com/ModifyCompanyDocumentSearchForm.do?lang=EN&company_search=Prairie Provident Resources Inc&document_selection=0&industry_group=A&FromDate=13&FromMonth=05&FromYear=2000&ToDate=13&ToMonth=11&ToYear=2020&Variable=Issuer,https://www.sedar.com/ModifyCompanyDocumentSearchForm.do?lang=EN&company_search=Prairie Provident Resources Inc&document_selection=0&industry_group=A&FromDate=13&FromMonth=05&FromYear=2000&ToDate=13&ToMonth=11&ToYear=2020&Variable=Issuer
0,2013-06-30,PPR.TO,2013-06-30,2013-06-30,Q2,22405000,4096000.0,18309000,0.8171836643606338,0.0,7283000.0,0.0,0.0,1372000.0,18722000,545000.0,0.0,9999000.0,0.44628431153760323,3683000.0,0.1952242802945771,1236000.0,4374000.0,0.1952242802945771,1417000.0,2957000.0,0.13197946886855613,0.2,0.2,15897600,15964400,https://www.sedar.com/ModifyCompanyDocumentSearchForm.do?lang=EN&company_search=Prairie Provident Resources Inc&document_selection=0&industry_group=A&FromDate=13&FromMonth=05&FromYear=2000&ToDate=13&ToMonth=11&ToYear=2020&Variable=Issuer,https://www.sedar.com/ModifyCompanyDocumentSearchForm.do?lang=EN&company_search=Prairie Provident Resources Inc&document_selection=0&industry_group=A&FromDate=13&FromMonth=05&FromYear=2000&ToDate=13&ToMonth=11&ToYear=2020&Variable=Issuer
0,2013-03-31,PPR.TO,2013-03-31,2013-03-31,Q1,21117000,4572000.0,16545000,0.7834919732916608,0.0,8867000.0,0.0,0.0,0.0,19584000,714000.0,0.0,7904000.0,0.3742955912298148,1533000.0,-0.09807264289435053,-2890000.0,-2071000.0,-0.09807264289435053,2577000.0,-4648000.0,-0.2201070227778567,-0.3,-0.3,15570600,15570600,https://www.sedar.com/ModifyCompanyDocumentSearchForm.do?lang=EN&company_search=Prairie Provident Resources Inc&document_selection=0&industry_group=A&FromDate=13&FromMonth=05&FromYear=2000&ToDate=13&ToMonth=11&ToYear=2020&Variable=Issuer,https://www.sedar.com/ModifyCompanyDocumentSearchForm.do?lang=EN&company_search=Prairie Provident Resources Inc&document_selection=0&industry_group=A&FromDate=13&FromMonth=05&FromYear=2000&ToDate=13&ToMonth=11&ToYear=2020&Variable=Issuer
0,2012-12-31,PPR.TO,2012-12-31,2012-12-31,Q4,26437000,11333000,15104000,0.5713204977871922,0.0,1202000.0,0.0,0.0,0.0,20042000,590000.0,0.0,14634000,0.553542383780308,6395000.0,0.0020047660475848244,-5752000.0,53000.0,0.0020047660475848244,949000.0,-896000.0,-0.03389189393652835,-0.005207334437567199,-0.005207334437567199,172065000,172065000,https://www.sedar.com/ModifyCompanyDocumentSearchForm.do?lang=EN&company_search=Prairie Provident Resources Inc&document_selection=0&industry_group=A&FromDate=13&FromMonth=05&FromYear=2000&ToDate=13&ToMonth=11&ToYear=2020&Variable=Issuer,https://www.sedar.com/ModifyCompanyDocumentSearchForm.do?lang=EN&company_search=Prairie Provident Resources Inc&document_selection=0&industry_group=A&FromDate=13&FromMonth=05&FromYear=2000&ToDate=13&ToMonth=11&ToYear=2020&Variable=Issuer
0,2012-09-30,PPR.TO,2012-09-30,2012-09-30,Q3,20175000,10942000,9233000.0,0.4576456009913259,0.0,1381000.0,0.0,-225000.0,0.0,18543000,594000.0,0.0,7852000.0,0.38919454770755885,1632000.0,-0.032961586121437424,-1703000.0,-665000.0,-0.032961586121437424,809000.0,-1474000.0,-0.07306071871127633,-0.1,-0.1,15638300,15638300,https://www.sedar.com/ModifyCompanyDocumentSearchForm.do?lang=EN&company_search=Prairie Provident Resources Inc&document_selection=0&industry_group=A&FromDate=13&FromMonth=05&FromYear=2000&ToDate=13&ToMonth=11&ToYear=2020&Variable=Issuer,https://www.sedar.com/ModifyCompanyDocumentSearchForm.do?lang=EN&company_search=Prairie Provident Resources Inc&document_selection=0&industry_group=A&FromDate=13&FromMonth=05&FromYear=2000&ToDate=13&ToMonth=11&ToYear=2020&Variable=Issuer
0,2012-06-30,PPR.TO,2012-06-30,2012-06-30,Q2,27349000,10291000,17058000,0.6237156751617975,0.0,1404000.0,0.0,-225000.0,0.0,17464000,570000.0,0.0,15654000,0.5723792460419028,9885000.0,0.2847270466927493,-1528000.0,7787000.0,0.2847270466927493,757000.0,7030000.0,0.25704778968152403,0.4,0.4,15622700,15772100,https://www.sedar.com/ModifyCompanyDocumentSearchForm.do?lang=EN&company_search=Prairie Provident Resources Inc&document_selection=0&industry_group=A&FromDate=13&FromMonth=05&FromYear=2000&ToDate=13&ToMonth=11&ToYear=2020&Variable=Issuer,https://www.sedar.com/ModifyCompanyDocumentSearchForm.do?lang=EN&company_search=Prairie Provident Resources Inc&document_selection=0&industry_group=A&FromDate=13&FromMonth=05&FromYear=2000&ToDate=13&ToMonth=11&ToYear=2020&Variable=Issuer
0,2012-03-31,PPR.TO,2012-03-31,2012-03-31,Q1,17865000,12248000,5617000.0,0.3144136579904842,-122000.0,1225000.0,0.0,-451000.0,-870000.0,18439000,528000.0,0.0,4933000.0,0.2761265043380912,-574000.0,-0.19608172404142177,-2401000.0,-3503000.0,-0.19608172404142177,1270000.0,-4773000.0,-0.2671704450041982,-0.3,-0.3,15664800,15664800,https://www.sedar.com/ModifyCompanyDocumentSearchForm.do?lang=EN&company_search=Prairie Provident Resources Inc&document_selection=0&industry_group=A&FromDate=13&FromMonth=05&FromYear=2000&ToDate=13&ToMonth=11&ToYear=2020&Variable=Issuer,https://www.sedar.com/ModifyCompanyDocumentSearchForm.do?lang=EN&company_search=Prairie Provident Resources Inc&document_selection=0&industry_group=A&FromDate=13&FromMonth=05&FromYear=2000&ToDate=13&ToMonth=11&ToYear=2020&Variable=Issuer
0,2011-12-31,PPR.TO,2011-12-31,2011-12-31,Q4,14966832,10104193,4862639.0,0.32489433969727194,0.0,1144785.0,0.0,0.0,299821.0,16106745,380726.0,0.0,2430412.0,0.1623865357745714,-1139913.0,-0.23440231038873155,-1987621.0,-3508260.0,-0.23440231038873155,542929.0,-4051189.0,-0.27067778939457593,-0.02354452677767123,-0.02354452677767123,172065000,172065000,https://www.sedar.com/ModifyCompanyDocumentSearchForm.do?lang=EN&company_search=Prairie Provident Resources Inc&document_selection=0&industry_group=A&FromDate=13&FromMonth=05&FromYear=2000&ToDate=13&ToMonth=11&ToYear=2020&Variable=Issuer,https://www.sedar.com/ModifyCompanyDocumentSearchForm.do?lang=EN&company_search=Prairie Provident Resources Inc&document_selection=0&industry_group=A&FromDate=13&FromMonth=05&FromYear=2000&ToDate=13&ToMonth=11&ToYear=2020&Variable=Issuer
0,2011-09-30,PPR.TO,2011-09-30,2011-09-30,Q3,21030708,7317142.0,13713566,0.6520734347127067,0.0,1291381.0,0.0,0.0,-842358.0,10715150,102913.0,0.0,13264543,0.6307226081023996,10315558,0.39050730008709167,-2000000.0,8212645.0,0.39050730008709167,1778741.0,6433904.0,0.3059290253090861,0.4,0.4,16136353,16356328,https://www.sedar.com/ModifyCompanyDocumentSearchForm.do?lang=EN&company_search=Prairie Provident Resources Inc&document_selection=0&industry_group=A&FromDate=13&FromMonth=05&FromYear=2000&ToDate=13&ToMonth=11&ToYear=2020&Variable=Issuer,https://www.sedar.com/ModifyCompanyDocumentSearchForm.do?lang=EN&company_search=Prairie Provident Resources Inc&document_selection=0&industry_group=A&FromDate=13&FromMonth=05&FromYear=2000&ToDate=13&ToMonth=11&ToYear=2020&Variable=Issuer
0,2011-06-30,PPR.TO,2011-06-30,2011-06-30,Q2,15069668,6331042.0,8738626.0,0.5798817863804299,0.0,1595797.0,0.0,0.0,25062.0,10551032,493115.0,0.0,7117767.0,0.4723240750891128,4518636.0,0.2671273846245319,0.0,4025521.0,0.2671273846245319,1013594.0,3011927.0,0.19986684510899644,0.2,0.2,16112837,16362470,https://www.sedar.com/ModifyCompanyDocumentSearchForm.do?lang=EN&company_search=Prairie Provident Resources Inc&document_selection=0&industry_group=A&FromDate=13&FromMonth=05&FromYear=2000&ToDate=13&ToMonth=11&ToYear=2020&Variable=Issuer,https://www.sedar.com/ModifyCompanyDocumentSearchForm.do?lang=EN&company_search=Prairie Provident Resources Inc&document_selection=0&industry_group=A&FromDate=13&FromMonth=05&FromYear=2000&ToDate=13&ToMonth=11&ToYear=2020&Variable=Issuer
0,2011-03-31,PPR.TO,2011-03-31,2011-03-31,Q1,8406984.0,9515104.0,-1108120.0,-0.13180945747012246,0.0,1351421.0,0.0,0.0,144750.0,13799069,298820.0,0.0,-2604291.0,-0.3097770853376193,-5392085.0,-0.9742976791677015,-2500000.0,-8190905.0,-0.9742976791677015,-251050.0,-7939855.0,-0.9444356025894661,-0.5,-0.5,15190374,15190374,https://www.sedar.com/ModifyCompanyDocumentSearchForm.do?lang=EN&company_search=Prairie Provident Resources Inc&document_selection=0&industry_group=A&FromDate=13&FromMonth=05&FromYear=2000&ToDate=13&ToMonth=11&ToYear=2020&Variable=Issuer,https://www.sedar.com/ModifyCompanyDocumentSearchForm.do?lang=EN&company_search=Prairie Provident Resources Inc&document_selection=0&industry_group=A&FromDate=13&FromMonth=05&FromYear=2000&ToDate=13&ToMonth=11&ToYear=2020&Variable=Issuer
0,2010-12-31,PPR.TO,2010-12-31,2010-12-31,Q4,10018263,5507697.0,4510566.0,0.4502343370302816,0.0,1027417.0,0.0,0.0,0.0,12980752,161977.0,0.0,3451135.0,0.3444843681983593,-2962489.0,-0.3164528621378776,116135.0,-3170308.0,-0.3164528621378776,-2936629.0,-233679.0,-0.023325301002778624,-0.0013580856071833318,-0.0013580856071833318,172065000,172065000,https://www.sedar.com/ModifyCompanyDocumentSearchForm.do?lang=EN&company_search=Prairie Provident Resources Inc&document_selection=0&industry_group=A&FromDate=13&FromMonth=05&FromYear=2000&ToDate=13&ToMonth=11&ToYear=2020&Variable=Issuer,https://www.sedar.com/ModifyCompanyDocumentSearchForm.do?lang=EN&company_search=Prairie Provident Resources Inc&document_selection=0&industry_group=A&FromDate=13&FromMonth=05&FromYear=2000&ToDate=13&ToMonth=11&ToYear=2020&Variable=Issuer
0,2010-09-30,PPR.TO,2010-09-30,2010-09-30,Q3,9245382.0,5352264.0,3893118.0,0.4210878468839903,0.0,1256852.0,0.0,-30498.0,0.0,13968640,242071.0,0.0,2605768.0,0.28184535803928923,-4723258.0,-0.5403591760729843,-30498.0,-4995827.0,-0.5403591760729843,-1167557.0,-3828270.0,-0.4140737505491931,-0.3,-0.3,13400673,13400673,https://www.sedar.com/ModifyCompanyDocumentSearchForm.do?lang=EN&company_search=Prairie Provident Resources Inc&document_selection=0&industry_group=A&FromDate=13&FromMonth=05&FromYear=2000&ToDate=13&ToMonth=11&ToYear=2020&Variable=Issuer,https://www.sedar.com/ModifyCompanyDocumentSearchForm.do?lang=EN&company_search=Prairie Provident Resources Inc&document_selection=0&industry_group=A&FromDate=13&FromMonth=05&FromYear=2000&ToDate=13&ToMonth=11&ToYear=2020&Variable=Issuer
0,2010-06-30,PPR.TO,2010-06-30,2010-06-30,Q2,12525511,6197743.0,6327768.0,0.5051904070021574,0.0,1198533.0,0.0,-93986.0,0.0,14295836,357052.0,0.0,5035249.0,0.40199948728638696,-1770325.0,-0.17734709585900327,-93986.0,-2221363.0,-0.17734709585900327,-368251.0,-1853112.0,-0.1479470178901284,-0.1,-0.1,13476626,13476626,https://www.sedar.com/ModifyCompanyDocumentSearchForm.do?lang=EN&company_search=Prairie Provident Resources Inc&document_selection=0&industry_group=A&FromDate=13&FromMonth=05&FromYear=2000&ToDate=13&ToMonth=11&ToYear=2020&Variable=Issuer,https://www.sedar.com/ModifyCompanyDocumentSearchForm.do?lang=EN&company_search=Prairie Provident Resources Inc&document_selection=0&industry_group=A&FromDate=13&FromMonth=05&FromYear=2000&ToDate=13&ToMonth=11&ToYear=2020&Variable=Issuer
0,2010-03-31,PPR.TO,2010-03-31,2010-03-31,Q1,12260804,5630358.0,6630446.0,0.5407839485893421,0.0,920561.0,0.0,0.0,-170326.0,14243595,258655.0,0.0,5880211.0,0.4795942419436768,-1982791.0,-0.18281394923204058,258655.0,-2241446.0,-0.18281394923204058,-481430.0,-1760016.0,-0.14354817188171345,-0.1,-0.1,12586909,12586909,https://www.sedar.com/ModifyCompanyDocumentSearchForm.do?lang=EN&company_search=Prairie Provident Resources Inc&document_selection=0&industry_group=A&FromDate=13&FromMonth=05&FromYear=2000&ToDate=13&ToMonth=11&ToYear=2020&Variable=Issuer,https://www.sedar.com/ModifyCompanyDocumentSearchForm.do?lang=EN&company_search=Prairie Provident Resources Inc&document_selection=0&industry_group=A&FromDate=13&FromMonth=05&FromYear=2000&ToDate=13&ToMonth=11&ToYear=2020&Variable=Issuer
0,2009-12-31,PPR.TO,2009-12-31,2009-12-31,Q4,15533787,11631307,3902480.0,0.2512252807380454,0.0,1202802.0,0.0,0.0,864034.0,20486826,415499.0,0.0,1835644.0,0.11817105513291769,-4953039.0,-0.34560394062310756,415499.0,-5368538.0,-0.34560394062310756,-2523154.0,-2845384.0,-0.18317387768996704,-0.01653668090547177,-0.01653668090547177,172065000,172065000,https://www.sedar.com/ModifyCompanyDocumentSearchForm.do?lang=EN&company_search=Prairie Provident Resources Inc&document_selection=0&industry_group=A&FromDate=13&FromMonth=05&FromYear=2000&ToDate=13&ToMonth=11&ToYear=2020&Variable=Issuer,https://www.sedar.com/ModifyCompanyDocumentSearchForm.do?lang=EN&company_search=Prairie Provident Resources Inc&document_selection=0&industry_group=A&FromDate=13&FromMonth=05&FromYear=2000&ToDate=13&ToMonth=11&ToYear=2020&Variable=Issuer
0,2009-09-30,PPR.TO,2009-09-30,2009-09-30,Q3,8973194.0,3412693.0,5560501.0,0.6196791242895228,0.0,1153797.0,0.0,0.0,-595132.0,9881092.0,409864.0,0.0,5001836.0,0.5574197994604819,-907898.0,-0.14685540065220923,409864.0,-1317762.0,-0.14685540065220923,579999.0,-1897761.0,-0.21149225125412424,-0.2,-0.2,9488805.0,9488805.0,https://www.sedar.com/ModifyCompanyDocumentSearchForm.do?lang=EN&company_search=Prairie Provident Resources Inc&document_selection=0&industry_group=A&FromDate=13&FromMonth=05&FromYear=2000&ToDate=13&ToMonth=11&ToYear=2020&Variable=Issuer,https://www.sedar.com/ModifyCompanyDocumentSearchForm.do?lang=EN&company_search=Prairie Provident Resources Inc&document_selection=0&industry_group=A&FromDate=13&FromMonth=05&FromYear=2000&ToDate=13&ToMonth=11&ToYear=2020&Variable=Issuer
0,2009-06-30,PPR.TO,2009-06-30,2009-06-30,Q2,8921871.0,3605497.0,5316374.0,0.595881065754033,0.0,1354552.0,0.0,0.0,1479868.0,13181769,537964.0,0.0,2481954.0,0.2781876133380543,-4259898.0,-0.5377641079993198,537964.0,-4797862.0,-0.5377641079993198,-1562202.0,-3235660.0,-0.3626660820359317,-0.3,-0.3,10124964,10124964,https://www.sedar.com/ModifyCompanyDocumentSearchForm.do?lang=EN&company_search=Prairie Provident Resources Inc&document_selection=0&industry_group=A&FromDate=13&FromMonth=05&FromYear=2000&ToDate=13&ToMonth=11&ToYear=2020&Variable=Issuer,https://www.sedar.com/ModifyCompanyDocumentSearchForm.do?lang=EN&company_search=Prairie Provident Resources Inc&document_selection=0&industry_group=A&FromDate=13&FromMonth=05&FromYear=2000&ToDate=13&ToMonth=11&ToYear=2020&Variable=Issuer
0,2009-03-31,PPR.TO,2009-03-31,2009-03-31,Q1,8265920.0,5666336.0,2599584.0,0.3144942123804731,0.0,1229141.0,0.0,0.0,-187158.0,13291567,261172.0,0.0,1557601.0,0.18843649587704697,-5025647.0,-0.6395923260810654,261172.0,-5286819.0,-0.6395923260810654,-2215108.0,-3071711.0,-0.37161150845882857,-0.3,-0.3,10124964,10124964,https://www.sedar.com/ModifyCompanyDocumentSearchForm.do?lang=EN&company_search=Prairie Provident Resources Inc&document_selection=0&industry_group=A&FromDate=13&FromMonth=05&FromYear=2000&ToDate=13&ToMonth=11&ToYear=2020&Variable=Issuer,https://www.sedar.com/ModifyCompanyDocumentSearchForm.do?lang=EN&company_search=Prairie Provident Resources Inc&document_selection=0&industry_group=A&FromDate=13&FromMonth=05&FromYear=2000&ToDate=13&ToMonth=11&ToYear=2020&Variable=Issuer
0,2008-12-31,PPR.TO,2008-12-31,2008-12-31,Q4,27203027,7481242.0,19721785,0.7249849437711472,0.0,2155477.0,0.0,0.0,0.0,16790011,-271990.0,0.0,18053593,0.6636611800591162,10413016,0.39985520728998286,-501498.0,10877272,0.39985520728998286,3902409.0,6974803.0,0.25639804717320613,0.04053586144770872,0.04053586144770872,172065000,172065000,https://www.sedar.com/ModifyCompanyDocumentSearchForm.do?lang=EN&company_search=Prairie Provident Resources Inc&document_selection=0&industry_group=A&FromDate=13&FromMonth=05&FromYear=2000&ToDate=13&ToMonth=11&ToYear=2020&Variable=Issuer,https://www.sedar.com/ModifyCompanyDocumentSearchForm.do?lang=EN&company_search=Prairie Provident Resources Inc&document_selection=0&industry_group=A&FromDate=13&FromMonth=05&FromYear=2000&ToDate=13&ToMonth=11&ToYear=2020&Variable=Issuer
0,2008-09-30,PPR.TO,2008-09-30,2008-09-30,Q3,15766815,6495891.0,9270924.0,0.5880023327476095,0.0,1661703.0,0.0,0.0,0.0,12209918,150388.0,0.0,7609221.0,0.4826098993360422,3556897.0,0.8174114429578834,9481466.0,12887975,0.8174114429578834,2859782.0,10028193,0.6360316271865941,1.1,1.1,9116539.0,9116539.0,https://www.sedar.com/ModifyCompanyDocumentSearchForm.do?lang=EN&company_search=Prairie Provident Resources Inc&document_selection=0&industry_group=A&FromDate=13&FromMonth=05&FromYear=2000&ToDate=13&ToMonth=11&ToYear=2020&Variable=Issuer,https://www.sedar.com/ModifyCompanyDocumentSearchForm.do?lang=EN&company_search=Prairie Provident Resources Inc&document_selection=0&industry_group=A&FromDate=13&FromMonth=05&FromYear=2000&ToDate=13&ToMonth=11&ToYear=2020&Variable=Issuer
0,2008-06-30,PPR.TO,2008-06-30,2008-06-30,Q2,6392032.0,3761566.0,2630466.0,0.4115226582094708,0.0,647413.0,0.0,0.0,0.0,8338090.0,187842.0,0.0,1983053.0,0.31023827790599295,-1946058.0,-0.47196102898108144,-882890.0,-3016790.0,-0.47196102898108144,-1090937.0,-1925853.0,-0.30128963684787563,-0.2,-0.2,9007348.0,9045310.0,https://www.sedar.com/ModifyCompanyDocumentSearchForm.do?lang=EN&company_search=Prairie Provident Resources Inc&document_selection=0&industry_group=A&FromDate=13&FromMonth=05&FromYear=2000&ToDate=13&ToMonth=11&ToYear=2020&Variable=Issuer,https://www.sedar.com/ModifyCompanyDocumentSearchForm.do?lang=EN&company_search=Prairie Provident Resources Inc&document_selection=0&industry_group=A&FromDate=13&FromMonth=05&FromYear=2000&ToDate=13&ToMonth=11&ToYear=2020&Variable=Issuer
0,2008-03-31,PPR.TO,2008-03-31,2008-03-31,Q1,11309151,2076783.0,9232368.0,0.8163626075909677,0.0,4936927.0,0.0,0.0,0.0,10479758,212160.0,0.0,4295441.0,0.37981993520114815,829393.0,-0.03575290488207293,-1021568.0,-404335.0,-0.03575290488207293,83691.0,-488026.0,-0.04315319514258851,-0.1,-0.1,8918154.0,8918154.0,https://www.sedar.com/ModifyCompanyDocumentSearchForm.do?lang=EN&company_search=Prairie Provident Resources Inc&document_selection=0&industry_group=A&FromDate=13&FromMonth=05&FromYear=2000&ToDate=13&ToMonth=11&ToYear=2020&Variable=Issuer,https://www.sedar.com/ModifyCompanyDocumentSearchForm.do?lang=EN&company_search=Prairie Provident Resources Inc&document_selection=0&industry_group=A&FromDate=13&FromMonth=05&FromYear=2000&ToDate=13&ToMonth=11&ToYear=2020&Variable=Issuer
0,2007-12-31,PPR.TO,2007-12-31,2007-12-31,Q4,8358574.0,-8437464.0,16796038,2.0094382127860566,0.0,15613887,0.0,0.0,0.0,435348.0,1891724.0,0.0,1182151.0,0.14142974627011737,7923226.0,-0.701563209226837,-11895568,-5864068.0,-0.701563209226837,-2919873.0,-2944193.0,-0.35223627858053297,-0.017110934821143172,-0.017110934821143172,172065000,172065000,https://www.sedar.com/ModifyCompanyDocumentSearchForm.do?lang=EN&company_search=Prairie Provident Resources Inc&document_selection=0&industry_group=A&FromDate=13&FromMonth=05&FromYear=2000&ToDate=13&ToMonth=11&ToYear=2020&Variable=Issuer,https://www.sedar.com/ModifyCompanyDocumentSearchForm.do?lang=EN&company_search=Prairie Provident Resources Inc&document_selection=0&industry_group=A&FromDate=13&FromMonth=05&FromYear=2000&ToDate=13&ToMonth=11&ToYear=2020&Variable=Issuer
0,2007-09-30,PPR.TO,2007-09-30,2007-09-30,Q3,7927973.0,5420940.0,2507033.0,0.31622622831838604,0.0,1133203.0,0.0,0.0,0.0,11382346,339144.0,0.0,1373831.0,0.17328906140321113,-3454373.0,-0.4543364363122831,191549.0,-3601967.0,-0.4543364363122831,-572636.0,-3029331.0,-0.3821066242279079,-0.4,-0.4,7391717.0,7391717.0,https://www.sedar.com/ModifyCompanyDocumentSearchForm.do?lang=EN&company_search=Prairie Provident Resources Inc&document_selection=0&industry_group=A&FromDate=13&FromMonth=05&FromYear=2000&ToDate=13&ToMonth=11&ToYear=2020&Variable=Issuer,https://www.sedar.com/ModifyCompanyDocumentSearchForm.do?lang=EN&company_search=Prairie Provident Resources Inc&document_selection=0&industry_group=A&FromDate=13&FromMonth=05&FromYear=2000&ToDate=13&ToMonth=11&ToYear=2020&Variable=Issuer
0,2007-06-30,PPR.TO,2007-06-30,2007-06-30,Q2,8226026.0,5612283.0,2613743.0,0.31774066845886456,0.0,899885.0,0.0,0.0,0.0,18837165,69410.0,0.0,1713858.0,0.20834580391552374,-10611139,-1.3910055718277574,-761899.0,-11442448,-1.3910055718277574,-2035999.0,-9406449.0,-1.1434985739164938,-1.3,-1.3,7379800.0,7379800.0,https://www.sedar.com/ModifyCompanyDocumentSearchForm.do?lang=EN&company_search=Prairie Provident Resources Inc&document_selection=0&industry_group=A&FromDate=13&FromMonth=05&FromYear=2000&ToDate=13&ToMonth=11&ToYear=2020&Variable=Issuer,https://www.sedar.com/ModifyCompanyDocumentSearchForm.do?lang=EN&company_search=Prairie Provident Resources Inc&document_selection=0&industry_group=A&FromDate=13&FromMonth=05&FromYear=2000&ToDate=13&ToMonth=11&ToYear=2020&Variable=Issuer
0,2007-03-31,PPR.TO,2007-03-31,2007-03-31,Q1,8383719.0,5008290.0,3375429.0,0.40261714401448806,0.0,1498914.0,0.0,0.0,0.0,12851905,0.0,0.0,1876515.0,0.223828470396014,-4468186.0,-1.1501080844909044,-4816534.0,-9642183.0,-1.1501080844909044,-1643156.0,-7999026.0,-0.9541142779236756,-1.1,-1.1,7364217.0,7364217.0,https://www.sedar.com/ModifyCompanyDocumentSearchForm.do?lang=EN&company_search=Prairie Provident Resources Inc&document_selection=0&industry_group=A&FromDate=13&FromMonth=05&FromYear=2000&ToDate=13&ToMonth=11&ToYear=2020&Variable=Issuer,https://www.sedar.com/ModifyCompanyDocumentSearchForm.do?lang=EN&company_search=Prairie Provident Resources Inc&document_selection=0&industry_group=A&FromDate=13&FromMonth=05&FromYear=2000&ToDate=13&ToMonth=11&ToYear=2020&Variable=Issuer
0,2006-12-31,PPR.TO,2006-12-31,2006-12-31,Q4,9306129.0,5388303.0,3917826.0,0.4209941641685818,0.0,943745.0,0.0,0.0,0.0,11062712,428066.0,0.0,2974081.0,0.3195830403812369,-1756583.0,-3.208323998087712,-27672428,-29857077,-3.208323998087712,-4061757.0,-25795319,-2.7718634676136555,-0.14991613053206637,-0.14991613053206637,172065000,172065000,https://www.sedar.com/ModifyCompanyDocumentSearchForm.do?lang=EN&company_search=Prairie Provident Resources Inc&document_selection=0&industry_group=A&FromDate=13&FromMonth=05&FromYear=2000&ToDate=13&ToMonth=11&ToYear=2020&Variable=Issuer,https://www.sedar.com/ModifyCompanyDocumentSearchForm.do?lang=EN&company_search=Prairie Provident Resources Inc&document_selection=0&industry_group=A&FromDate=13&FromMonth=05&FromYear=2000&ToDate=13&ToMonth=11&ToYear=2020&Variable=Issuer
0,2006-09-30,PPR.TO,2006-09-30,2006-09-30,Q3,8396468.0,5315974.0,3080494.0,0.3668797403860766,0.0,1012129.0,0.0,0.0,0.0,10307874,386722.0,0.0,2068365.0,0.24633750762820747,-1911406.0,-0.28120490663455155,-60000.0,-2361128.0,-0.28120490663455155,-1160499.0,-1200629.0,-0.1429921486034366,-0.2,-0.2,6535240.0,6535240.0,https://www.sedar.com/ModifyCompanyDocumentSearchForm.do?lang=EN&company_search=Prairie Provident Resources Inc&document_selection=0&industry_group=A&FromDate=13&FromMonth=05&FromYear=2000&ToDate=13&ToMonth=11&ToYear=2020&Variable=Issuer,https://www.sedar.com/ModifyCompanyDocumentSearchForm.do?lang=EN&company_search=Prairie Provident Resources Inc&document_selection=0&industry_group=A&FromDate=13&FromMonth=05&FromYear=2000&ToDate=13&ToMonth=11&ToYear=2020&Variable=Issuer
0,2006-06-30,PPR.TO,2006-06-30,2006-06-30,Q2,7839810.0,4210672.0,3629138.0,0.4629114736198964,0.0,1329850.0,0.0,0.0,0.0,8866315.0,438647.0,0.0,2299288.0,0.2932836382514372,-1026505.0,-0.1945395360346743,-60000.0,-1525153.0,-0.1945395360346743,-2313138.0,787985.0,0.10051072666301862,0.1,0.1,4223124.0,4223124.0,https://www.sedar.com/ModifyCompanyDocumentSearchForm.do?lang=EN&company_search=Prairie Provident Resources Inc&document_selection=0&industry_group=A&FromDate=13&FromMonth=05&FromYear=2000&ToDate=13&ToMonth=11&ToYear=2020&Variable=Issuer,https://www.sedar.com/ModifyCompanyDocumentSearchForm.do?lang=EN&company_search=Prairie Provident Resources Inc&document_selection=0&industry_group=A&FromDate=13&FromMonth=05&FromYear=2000&ToDate=13&ToMonth=11&ToYear=2020&Variable=Issuer
0,2006-03-31,PPR.TO,2006-03-31,2006-03-31,Q1,5281327.0,3058952.0,2222375.0,0.42079859853404267,0.0,1396439.0,0.0,0.0,0.0,6278359.0,78286.0,0.0,825936.0,0.1563879684026382,-997032.0,-0.20360735095554583,1.0,-1075317.0,-0.20360735095554583,-226859.0,-848458.0,-0.1606524269373966,-0.2,-0.2,4646636.0,4759840.0,https://www.sedar.com/ModifyCompanyDocumentSearchForm.do?lang=EN&company_search=Prairie Provident Resources Inc&document_selection=0&industry_group=A&FromDate=13&FromMonth=05&FromYear=2000&ToDate=13&ToMonth=11&ToYear=2020&Variable=Issuer,https://www.sedar.com/ModifyCompanyDocumentSearchForm.do?lang=EN&company_search=Prairie Provident Resources Inc&document_selection=0&industry_group=A&FromDate=13&FromMonth=05&FromYear=2000&ToDate=13&ToMonth=11&ToYear=2020&Variable=Issuer
0,2005-12-31,PPR.TO,2005-12-31,2005-12-31,Q4,6021176.0,6722411.0,-701235.0,-0.11646146865662123,0.0,1139365.0,0.0,0.0,0.0,9584778.0,120625.0,0.0,-1840600.0,-0.30568779255082396,-3563602.0,-0.10073945687686259,3077657.0,-606570.0,-0.10073945687686259,-20251.0,-586319.0,-0.09737616040454555,-0.0034075436608258505,-0.0034075436608258505,172065000,172065000,https://www.sedar.com/ModifyCompanyDocumentSearchForm.do?lang=EN&company_search=Prairie Provident Resources Inc&document_selection=0&industry_group=A&FromDate=13&FromMonth=05&FromYear=2000&ToDate=13&ToMonth=11&ToYear=2020&Variable=Issuer,https://www.sedar.com/ModifyCompanyDocumentSearchForm.do?lang=EN&company_search=Prairie Provident Resources Inc&document_selection=0&industry_group=A&FromDate=13&FromMonth=05&FromYear=2000&ToDate=13&ToMonth=11&ToYear=2020&Variable=Issuer
0,2005-09-30,PPR.TO,2005-09-30,2005-09-30,Q3,5968709.0,1968431.0,4000278.0,0.670208247713199,0.0,685807.0,0.0,0.0,0.0,4095104.0,0.0,0.0,3314471.0,0.5553078563555368,1873605.0,0.026935137900004843,-1602450.0,160768.0,0.026935137900004843,361205.0,-200436.0,-0.033581131196042564,-0.1,-0.1,3094260.0,3202883.0,https://www.sedar.com/ModifyCompanyDocumentSearchForm.do?lang=EN&company_search=Prairie Provident Resources Inc&document_selection=0&industry_group=A&FromDate=13&FromMonth=05&FromYear=2000&ToDate=13&ToMonth=11&ToYear=2020&Variable=Issuer,https://www.sedar.com/ModifyCompanyDocumentSearchForm.do?lang=EN&company_search=Prairie Provident Resources Inc&document_selection=0&industry_group=A&FromDate=13&FromMonth=05&FromYear=2000&ToDate=13&ToMonth=11&ToYear=2020&Variable=Issuer
0,2005-06-30,PPR.TO,2005-06-30,2005-06-30,Q2,3290840.0,1757315.0,1533525.0,0.4659980430528376,0.0,836910.0,0.0,0.0,0.0,3241589.0,127455.0,0.0,696615.0,0.2116830353344435,49251.0,-0.03437329070997071,-34913.0,-113117.0,-0.03437329070997071,44291.0,-157408.0,-0.04783216443218145,-0.1,-0.1,2660130.0,2781712.0,https://www.sedar.com/ModifyCompanyDocumentSearchForm.do?lang=EN&company_search=Prairie Provident Resources Inc&document_selection=0&industry_group=A&FromDate=13&FromMonth=05&FromYear=2000&ToDate=13&ToMonth=11&ToYear=2020&Variable=Issuer,https://www.sedar.com/ModifyCompanyDocumentSearchForm.do?lang=EN&company_search=Prairie Provident Resources Inc&document_selection=0&industry_group=A&FromDate=13&FromMonth=05&FromYear=2000&ToDate=13&ToMonth=11&ToYear=2020&Variable=Issuer
0,2005-03-31,PPR.TO,2005-03-31,2005-03-31,Q1,2653858.0,864897.0,1788961.0,0.6740982373585926,0.0,693044.0,0.0,0.0,0.0,2071564.0,64730.0,0.0,1095917.0,0.4129523885603525,582294.0,-0.04508417556628878,-637211.0,-119647.0,-0.04508417556628878,36614.0,-156261.0,-0.05888069369197598,-0.1,-0.1,2640730.0,2640730.0,https://www.sedar.com/ModifyCompanyDocumentSearchForm.do?lang=EN&company_search=Prairie Provident Resources Inc&document_selection=0&industry_group=A&FromDate=13&FromMonth=05&FromYear=2000&ToDate=13&ToMonth=11&ToYear=2020&Variable=Issuer,https://www.sedar.com/ModifyCompanyDocumentSearchForm.do?lang=EN&company_search=Prairie Provident Resources Inc&document_selection=0&industry_group=A&FromDate=13&FromMonth=05&FromYear=2000&ToDate=13&ToMonth=11&ToYear=2020&Variable=Issuer
0,2004-12-31,PPR.TO,2004-12-31,2004-12-31,Q4,1104376.0,784873.0,319503.0,0.2893063594283106,0.0,408392.0,0.0,0.0,0.0,1422175.0,37655.0,0.0,-88889.0,-0.08048798597579085,-317799.0,-0.16502260099821076,173207.0,-182247.0,-0.16502260099821076,-228093.0,45846.0,0.04151303541547444,0.00026644581989364487,0.00026644581989364487,172065000,172065000,https://www.sedar.com/ModifyCompanyDocumentSearchForm.do?lang=EN&company_search=Prairie Provident Resources Inc&document_selection=0&industry_group=A&FromDate=13&FromMonth=05&FromYear=2000&ToDate=13&ToMonth=11&ToYear=2020&Variable=Issuer,https://www.sedar.com/ModifyCompanyDocumentSearchForm.do?lang=EN&company_search=Prairie Provident Resources Inc&document_selection=0&industry_group=A&FromDate=13&FromMonth=05&FromYear=2000&ToDate=13&ToMonth=11&ToYear=2020&Variable=Issuer
0,2004-09-30,PPR.TO,2004-09-30,2004-09-30,Q3,894574.0,268595.0,625979.0,0.6997509429069032,0.0,266788.0,0.0,0.0,0.0,698488.0,0.0,0.0,359191.0,0.4015218416810683,196086.0,0.0,-178388.0,0.0,0.0,0.0,-38913.0,-0.04349891680285812,-0.028636,-0.028636,1358866.0,1358866.0,https://www.sedar.com/ModifyCompanyDocumentSearchForm.do?lang=EN&company_search=Prairie Provident Resources Inc&document_selection=0&industry_group=A&FromDate=13&FromMonth=05&FromYear=2000&ToDate=13&ToMonth=11&ToYear=2020&Variable=Issuer,https://www.sedar.com/ModifyCompanyDocumentSearchForm.do?lang=EN&company_search=Prairie Provident Resources Inc&document_selection=0&industry_group=A&FromDate=13&FromMonth=05&FromYear=2000&ToDate=13&ToMonth=11&ToYear=2020&Variable=Issuer
0,2004-06-30,PPR.TO,2004-06-30,2004-06-30,Q2,138709.0,23749.0,114960.0,0.8287854429056514,0.0,150175.0,0.0,0.0,0.0,217404.0,0.0,0.0,-35215.0,-0.25387682125889455,-78695.0,-0.5673388172360841,7935.0,-78695.0,-0.5673388172360841,-1430.0,-77265.0,-0.5570294645625014,-0.1,-0.1,1159187.0,1159187.0,https://www.sedar.com/ModifyCompanyDocumentSearchForm.do?lang=EN&company_search=Prairie Provident Resources Inc&document_selection=0&industry_group=A&FromDate=13&FromMonth=05&FromYear=2000&ToDate=13&ToMonth=11&ToYear=2020&Variable=Issuer,https://www.sedar.com/ModifyCompanyDocumentSearchForm.do?lang=EN&company_search=Prairie Provident Resources Inc&document_selection=0&industry_group=A&FromDate=13&FromMonth=05&FromYear=2000&ToDate=13&ToMonth=11&ToYear=2020&Variable=Issuer
0,2004-03-31,PPR.TO,2004-03-31,2004-03-31,Q1,195042.0,63947.0,131095.0,0.6721372832518124,0.0,101960.0,0.0,0.0,0.0,237870.0,0.0,0.0,29135.0,0.14937808266937377,-42828.0,-0.21958347432860614,22740.0,-42828.0,-0.21958347432860614,1430.0,-44258.0,-0.22691522851488397,-0.03,-0.03,1126583.0,1126583.0,https://www.sedar.com/ModifyCompanyDocumentSearchForm.do?lang=EN&company_search=Prairie Provident Resources Inc&document_selection=0&industry_group=A&FromDate=13&FromMonth=05&FromYear=2000&ToDate=13&ToMonth=11&ToYear=2020&Variable=Issuer,https://www.sedar.com/ModifyCompanyDocumentSearchForm.do?lang=EN&company_search=Prairie Provident Resources Inc&document_selection=0&industry_group=A&FromDate=13&FromMonth=05&FromYear=2000&ToDate=13&ToMonth=11&ToYear=2020&Variable=Issuer
0,2003-12-31,PPR.TO,2003-12-31,2003-12-31,Q4,179436.0,80767.0,98669.0,0.5498840812323057,0.0,216967.0,0.0,0.0,0.0,476578.0,0.0,0.0,-117298.0,-0.653703827548541,-297142.0,0.0,24439.0,0.0,0.0,0.0,55297.0,0.3081711585189148,0.00032137273704704617,0.00032137273704704617,172065000,172065000,https://www.sedar.com/ModifyCompanyDocumentSearchForm.do?lang=EN&company_search=Prairie Provident Resources Inc&document_selection=0&industry_group=A&FromDate=13&FromMonth=05&FromYear=2000&ToDate=13&ToMonth=11&ToYear=2020&Variable=Issuer,https://www.sedar.com/ModifyCompanyDocumentSearchForm.do?lang=EN&company_search=Prairie Provident Resources Inc&document_selection=0&industry_group=A&FromDate=13&FromMonth=05&FromYear=2000&ToDate=13&ToMonth=11&ToYear=2020&Variable=Issuer
0,2003-09-30,PPR.TO,2003-09-30,2003-09-30,Q3,181523.0,85940.0,95583.0,0.526561372388072,0.0,50250.0,0.0,0.0,0.0,174990.0,0.0,0.0,45333.0,0.24973694793497242,6533.0,0.0,-7343.0,0.0,0.0,0.0,-810.0,-0.004462244453870859,-0.001358,-0.001358,596583.0,596583.0,https://www.sedar.com/ModifyCompanyDocumentSearchForm.do?lang=EN&company_search=Prairie Provident Resources Inc&document_selection=0&industry_group=A&FromDate=13&FromMonth=05&FromYear=2000&ToDate=13&ToMonth=11&ToYear=2020&Variable=Issuer,https://www.sedar.com/ModifyCompanyDocumentSearchForm.do?lang=EN&company_search=Prairie Provident Resources Inc&document_selection=0&industry_group=A&FromDate=13&FromMonth=05&FromYear=2000&ToDate=13&ToMonth=11&ToYear=2020&Variable=Issuer
0,2003-06-30,PPR.TO,2003-06-30,2003-06-30,Q2,132048.0,36000.0,96048.0,0.7273718647764449,0.0,108871.0,0.0,0.0,0.0,175871.0,0.0,0.0,-12823.0,-0.09710862716587908,-43823.0,0.0,11451.0,0.0,0.0,0.0,-43823.0,-0.33187174360838484,-0.094,-0.094,596583.0,596583.0,https://www.sedar.com/ModifyCompanyDocumentSearchForm.do?lang=EN&company_search=Prairie Provident Resources Inc&document_selection=0&industry_group=A&FromDate=13&FromMonth=05&FromYear=2000&ToDate=13&ToMonth=11&ToYear=2020&Variable=Issuer,https://www.sedar.com/ModifyCompanyDocumentSearchForm.do?lang=EN&company_search=Prairie Provident Resources Inc&document_selection=0&industry_group=A&FromDate=13&FromMonth=05&FromYear=2000&ToDate=13&ToMonth=11&ToYear=2020&Variable=Issuer
0,2003-03-31,PPR.TO,2003-03-31,2003-03-31,Q1,284038.0,49486.0,234552.0,0.8257768326773178,0.0,79417.0,0.0,0.0,0.0,190103.0,0.0,0.0,155135.0,0.5461769199895788,93935.0,0.0,11024.0,0.0,0.0,0.0,93935.0,0.33071279195037284,0.19432,0.19432,479827.0,479827.0,https://www.sedar.com/ModifyCompanyDocumentSearchForm.do?lang=EN&company_search=Prairie Provident Resources Inc&document_selection=0&industry_group=A&FromDate=13&FromMonth=05&FromYear=2000&ToDate=13&ToMonth=11&ToYear=2020&Variable=Issuer,https://www.sedar.com/ModifyCompanyDocumentSearchForm.do?lang=EN&company_search=Prairie Provident Resources Inc&document_selection=0&industry_group=A&FromDate=13&FromMonth=05&FromYear=2000&ToDate=13&ToMonth=11&ToYear=2020&Variable=Issuer
0,2002-12-31,PPR.TO,2002-12-31,2002-12-31,Q4,51043.0,0.0,27790.0,0.5444429206747252,0.0,-3541.0,0.0,0.0,0.0,42212.0,0.0,0.0,8831.0,0.17301099073330328,8831.0,0.0,0.0,0.0,0.0,0.0,-848.0,-0.016613443567188448,-4.928370092697527e-06,-4.928370092697527e-06,172065000,172065000,https://www.sedar.com/ModifyCompanyDocumentSearchForm.do?lang=EN&company_search=Prairie Provident Resources Inc&document_selection=0&industry_group=A&FromDate=13&FromMonth=05&FromYear=2000&ToDate=13&ToMonth=11&ToYear=2020&Variable=Issuer,https://www.sedar.com/ModifyCompanyDocumentSearchForm.do?lang=EN&company_search=Prairie Provident Resources Inc&document_selection=0&industry_group=A&FromDate=13&FromMonth=05&FromYear=2000&ToDate=13&ToMonth=11&ToYear=2020&Variable=Issuer
0,2002-09-30,PPR.TO,2002-09-30,2002-09-30,Q3,972.0,0.0,972.0,1.0,0.0,71767.0,0.0,0.0,0.0,71767.0,0.0,0.0,-70795.0,-72.8343621399177,-70795.0,0.0,0.0,0.0,0.0,0.0,-70795.0,-72.8343621399177,-0.262037,-0.262037,270172.0,270172.0,https://www.sedar.com/ModifyCompanyDocumentSearchForm.do?lang=EN&company_search=Prairie Provident Resources Inc&document_selection=0&industry_group=A&FromDate=13&FromMonth=05&FromYear=2000&ToDate=13&ToMonth=11&ToYear=2020&Variable=Issuer,https://www.sedar.com/ModifyCompanyDocumentSearchForm.do?lang=EN&company_search=Prairie Provident Resources Inc&document_selection=0&industry_group=A&FromDate=13&FromMonth=05&FromYear=2000&ToDate=13&ToMonth=11&ToYear=2020&Variable=Issuer
0,2002-06-30,PPR.TO,2002-06-30,2002-06-30,Q2,2456.0,0.0,2456.0,1.0,0.0,51052.0,0.0,0.0,0.0,51052.0,0.0,0.0,-48596.0,-19.786644951140065,-48596.0,0.0,0.0,0.0,0.0,0.0,-49780.0,-20.26872964169381,-0.184253,-0.184253,270172.0,270172.0,https://www.sedar.com/ModifyCompanyDocumentSearchForm.do?lang=EN&company_search=Prairie Provident Resources Inc&document_selection=0&industry_group=A&FromDate=13&FromMonth=05&FromYear=2000&ToDate=13&ToMonth=11&ToYear=2020&Variable=Issuer,https://www.sedar.com/ModifyCompanyDocumentSearchForm.do?lang=EN&company_search=Prairie Provident Resources Inc&document_selection=0&industry_group=A&FromDate=13&FromMonth=05&FromYear=2000&ToDate=13&ToMonth=11&ToYear=2020&Variable=Issuer
0,2002-03-31,PPR.TO,,,Q1,0.0,0.0,0.0,0.0,0.0,30673.0,0.0,0.0,0.0,30673.0,0.0,0.0,-30673.0,0.0,-30673.0,0.0,0.0,0.0,0.0,0.0,-29489.0,0.0,-0.109149,-0.109149,270172.0,270172.0,https://www.sedar.com/ModifyCompanyDocumentSearchForm.do?lang=EN&company_search=Prairie Provident Resources Inc&document_selection=0&industry_group=A&FromDate=13&FromMonth=05&FromYear=2000&ToDate=13&ToMonth=11&ToYear=2020&Variable=Issuer,https://www.sedar.com/ModifyCompanyDocumentSearchForm.do?lang=EN&company_search=Prairie Provident Resources Inc&document_selection=0&industry_group=A&FromDate=13&FromMonth=05&FromYear=2000&ToDate=13&ToMonth=11&ToYear=2020&Variable=Issuer
0,2001-12-31,PPR.TO,2001-12-31,2001-12-31,Q4,1694.0,0.0,1694.0,1.0,0.0,40434.0,0.0,0.0,0.0,40434.0,0.0,0.0,-38740.0,-22.868949232585596,-38740.0,0.0,0.0,0.0,0.0,0.0,-38740.0,-22.868949232585596,-0.0002251474733385639,-0.0002251474733385639,172065000,172065000,https://www.sedar.com/ModifyCompanyDocumentSearchForm.do?lang=EN&company_search=Prairie Provident Resources Inc&document_selection=0&industry_group=A&FromDate=13&FromMonth=05&FromYear=2000&ToDate=13&ToMonth=11&ToYear=2020&Variable=Issuer,https://www.sedar.com/ModifyCompanyDocumentSearchForm.do?lang=EN&company_search=Prairie Provident Resources Inc&document_selection=0&industry_group=A&FromDate=13&FromMonth=05&FromYear=2000&ToDate=13&ToMonth=11&ToYear=2020&Variable=Issuer
0,2001-09-30,PPR.TO,2001-09-30,2001-09-30,Q3,4965.0,0.0,4965.0,1.0,0.0,7212.0,0.0,0.0,0.0,7212.0,0.0,0.0,-2247.0,-0.4525679758308157,-2247.0,0.0,0.0,0.0,0.0,0.0,-2247.0,-0.4525679758308157,-0.01388,-0.01388,270172.0,270172.0,https://www.sedar.com/ModifyCompanyDocumentSearchForm.do?lang=EN&company_search=Prairie Provident Resources Inc&document_selection=0&industry_group=A&FromDate=13&FromMonth=05&FromYear=2000&ToDate=13&ToMonth=11&ToYear=2020&Variable=Issuer,https://www.sedar.com/ModifyCompanyDocumentSearchForm.do?lang=EN&company_search=Prairie Provident Resources Inc&document_selection=0&industry_group=A&FromDate=13&FromMonth=05&FromYear=2000&ToDate=13&ToMonth=11&ToYear=2020&Variable=Issuer
0,2001-06-30,PPR.TO,2001-06-30,2001-06-30,Q2,4663.0,0.0,4663.0,1.0,0.0,12008.0,0.0,0.0,0.0,12008.0,0.0,0.0,-7345.0,-1.5751662020158697,-7345.0,0.0,0.0,0.0,0.0,0.0,-7345.0,-1.5751662020158697,-0.02776,-0.02776,270172.0,270172.0,https://www.sedar.com/ModifyCompanyDocumentSearchForm.do?lang=EN&company_search=Prairie Provident Resources Inc&document_selection=0&industry_group=A&FromDate=13&FromMonth=05&FromYear=2000&ToDate=13&ToMonth=11&ToYear=2020&Variable=Issuer,https://www.sedar.com/ModifyCompanyDocumentSearchForm.do?lang=EN&company_search=Prairie Provident Resources Inc&document_selection=0&industry_group=A&FromDate=13&FromMonth=05&FromYear=2000&ToDate=13&ToMonth=11&ToYear=2020&Variable=Issuer
0,2001-03-31,PPR.TO,2001-03-31,2001-03-31,Q1,5484.0,0.0,5484.0,1.0,0.0,6365.0,0.0,0.0,0.0,6365.0,0.0,0.0,-881.0,-0.16064916119620715,-881.0,0.0,0.0,0.0,0.0,0.0,-881.0,-0.16064916119620715,-0.003261,-0.003261,270172.0,270172.0,https://www.sedar.com/ModifyCompanyDocumentSearchForm.do?lang=EN&company_search=Prairie Provident Resources Inc&document_selection=0&industry_group=A&FromDate=13&FromMonth=05&FromYear=2000&ToDate=13&ToMonth=11&ToYear=2020&Variable=Issuer,https://www.sedar.com/ModifyCompanyDocumentSearchForm.do?lang=EN&company_search=Prairie Provident Resources Inc&document_selection=0&industry_group=A&FromDate=13&FromMonth=05&FromYear=2000&ToDate=13&ToMonth=11&ToYear=2020&Variable=Issuer
