,date,symbol,fillingDate,acceptedDate,period,revenue,costOfRevenue,grossProfit,grossProfitRatio,researchAndDevelopmentExpenses,generalAndAdministrativeExpenses,sellingAndMarketingExpenses,otherExpenses,operatingExpenses,costAndExpenses,interestExpense,depreciationAndAmortization,ebitda,ebitdaratio,operatingIncome,operatingIncomeRatio,totalOtherIncomeExpensesNet,incomeBeforeTax,incomeBeforeTaxRatio,incomeTaxExpense,netIncome,netIncomeRatio,eps,epsdiluted,weightedAverageShsOut,weightedAverageShsOutDil,link,finalLink
0,2020-09-30,DKL,2020-11-09,2020-11-06 19:55:10,Q3,142268000,144009000,-1741000.0,-0.012237467315207917,0.0,6122000.0,0.0,84381000,90503000,90503000,-10360000,9459000.0,61224000,0.43034273343267637,51765000,0.36385554024798267,0.0,46160000,0.3244580650603087,-168000.0,46328000,0.3256389349678072,1.5741460577032853,1.5741460577032853,29430560,29430560,https://www.sec.gov/Archives/edgar/data/1552797/000155279720000100/0001552797-20-000100-index.htm,https://www.sec.gov/Archives/edgar/data/1552797/000155279720000100/dkl-20200930.htm
0,2020-06-30,DKL,2020-08-07,2020-08-06 19:00:53,Q2,117637000,63738000,53899000,0.45818067444766525,0.0,4721000.0,0.0,826000.0,6018000.000000001,69756000,10670000,10495999.999999998,64841000,0.551196,47881000,0.407023,2000.0,43675000,0.371269,-740000.0,44415000,0.37756,1.50915,1.50915,29430560,29430560,https://www.sec.gov/Archives/edgar/data/1552797/000155279720000068/0001552797-20-000068-index.htm,https://www.sec.gov/Archives/edgar/data/1552797/000155279720000068/dkl-10qx063020.htm
0,2020-03-31,DKL,2020-05-08,2020-05-08 17:21:57,Q1,163401000,121050000,42351000,0.25918446031542036,0.0,6130000.0,0.0,790000.0,7309000.000000012,128359000.00000001,-6271000.0,8102000.0,30602000,0.187282,35042000,0.214454,-107000.0,28771000,0.176076,975000.0,27796000,0.170109,1.13521,1.13521,24485340,24485340,https://www.sec.gov/Archives/edgar/data/1552797/000155279720000031/0001552797-20-000031-index.htm,https://www.sec.gov/Archives/edgar/data/1552797/000155279720000009/dkl-10kx123119q4.htm
0,2019-12-31,DKL,2020-02-28,2020-02-27 19:04:20,Q4,138610000,102226000,36384000,0.26249188370247456,0.0,5769000.0,0.0,314000.0,6668999.999999997,108895000,12164000,8703000.000000004,43251000,0.312034,29715000,0.214378,-139000.0,22384000,0.161489,747000.0,21637000,0.1561,0.88596,0.88596,24422170,24422170,https://www.sec.gov/Archives/edgar/data/1552797/000155279720000009/0001552797-20-000009-index.htm,https://www.sec.gov/Archives/edgar/data/1552797/000155279720000009/dkl-10kx123119q4.htm
0,2019-09-30,DKL,2019-11-08,2019-11-07 17:35:43,Q3,137556000,96222000,41334000,0.3004885283084707,0.0,5280000.0,0.0,945000.0,6605000.000000004,102827000,12509000,8391000.0,51514000,0.374495,34729000,0.252472,0.0,30614000,0.222557,84000.0,30530000,0.221946,1.25018,1.25018,24420580,24420580,https://www.sec.gov/Archives/edgar/data/1552797/000155279719000061/0001552797-19-000061-index.htm,https://www.sec.gov/Archives/edgar/data/1552797/000155279719000061/dkl-10qx093019.htm
0,2019-06-30,DKL,2019-08-08,2019-08-07 20:36:03,Q2,155342000,116563000,38779000,0.24963628638745478,0.0,5293000.0,0.0,806000.0,6522999.999999996,123086000,11354000,8440999.999999998,44751000,0.28808,32256000,0.207645,-461000.0,24956000,0.160652,71000.0,24885000,0.160195,1.01928,1.01928,24414340,24414340,https://www.sec.gov/Archives/edgar/data/1552797/000155279719000048/0001552797-19-000048-index.htm,https://www.sec.gov/Archives/edgar/data/1552797/000155279719000048/dkl-10qx063019.htm
0,2019-03-31,DKL,2019-05-09,2019-05-08 19:30:35,Q1,152483000,118710000,33773000,0.22148698543444187,0.0,4473000.0,0.0,751000.0,4662000.000000006,123372000,11301000,8376999.999999999,39439000,0.258645,29111000,0.190913,0.0,19761000,0.129595,65000.0,19696000,0.129168,0.80668,0.80668,24416060,24416060,https://www.sec.gov/Archives/edgar/data/1552797/000155279719000022/0001552797-19-000022-index.htm,https://www.sec.gov/Archives/edgar/data/1552797/000155279719000011/dkl-10kx123118.htm
0,2018-12-31,DKL,2019-03-01,2019-03-01 16:55:55,Q4,159298000,117043000,42255000,0.2652575675777474,0.0,7368000.0,0.0,432000.0,11108999.99999998,128151999.99999999,11167000,8070999.999999998,40766000,0.25591,31146000,0.19552,0.0,21528000,0.135143,249000.0,21279000,0.13358,0.87209,0.87209,24399880,24399880,https://www.sec.gov/Archives/edgar/data/1552797/000155279719000011/0001552797-19-000011-index.htm,https://www.sec.gov/Archives/edgar/data/1552797/000155279719000011/dkl-10kx123118.htm
0,2018-09-30,DKL,2018-11-09,2018-11-09 13:52:37,Q3,164110000,126370000,37740000,0.22996770458838584,0.0,3076000.0,-262744000,906000.0,5115999.999999985,131485999.99999999,11108000,8528000.0,43068000,0.262434,32624000,0.198793,8000.0,23432000,0.142782,106000.0,23326000,0.142136,0.95591,0.95591,24401910,24401910,https://www.sec.gov/Archives/edgar/data/1552797/000155279718000088/0001552797-18-000088-index.htm,https://www.sec.gov/Archives/edgar/data/1552797/000155279718000088/dkl-10qx093018.htm
0,2018-06-30,DKL,2018-08-09,2018-08-09 14:01:22,Q2,166300000,106900000,59400000,0.3571858087793145,0.0,3700000.0,128536000,14900000,24699999.99999999,131599999.99999999,10926000,8800000.0,45426000,0.273157,34700000,0.208659,0.0,25700000,0.15454,100000.0,25600000,0.153939,1.04918,1.04918,24400000,24400000,https://www.sec.gov/Archives/edgar/data/1552797/000155279718000075/0001552797-18-000075-index.htm,https://www.sec.gov/Archives/edgar/data/1552797/000155279718000075/dkl-10qx063018.htm
0,2018-03-31,DKL,2018-05-10,2018-05-10 16:30:14,Q1,167900000,117400000,50500000,0.30077427039904703,0.0,3000000.0,134208000,12600000,23199999.99999999,140600000,8062000.0,6600000.0,34762000,0.20704,27300000,0.162597,0.0,20100000,0.119714,100000.0,20000000,0.119119,0.81967,0.81967,24400000,24400000,https://www.sec.gov/Archives/edgar/data/1552797/000155279718000050/0001552797-18-000050-index.htm,https://www.sec.gov/Archives/edgar/data/1552797/000155279718000019/dkl-10kx123117q417.htm
0,2017-12-31,DKL,2018-03-01,2018-02-28 21:21:25,Q4,151200000,107300000,43900000,0.29034391534391535,0.0,3600000.0,416346000,12300000,20200000.000000004,127500000,7287000.0,5500000.0,31087000,0.205602,23700000,0.156746,-1000.0,18400000,0.121693,-600000.0,18900000,0.125,0.77459,0.77459,24400000,24400000,https://www.sec.gov/Archives/edgar/data/1552797/000155279718000019/0001552797-18-000019-index.htm,https://www.sec.gov/Archives/edgar/data/1552797/000155279718000019/dkl-10kx123117q417.htm
0,2017-09-30,DKL,2017-11-09,2017-11-09 16:10:12,Q3,130600000,90600000,40000000,0.30627871362940273,0.0,2800000.0,296986000,10700000,17400000.000000007,108000000,7124000.0,5499999.999999998,29723999.999999996,0.227596,22600000,0.173047,-1000.0,17100000,0.130934,200000.0,16900000,0.129403,0.69262,0.69262,24400000,24400000,https://www.sec.gov/Archives/edgar/data/1552797/000155279717000079/0001552797-17-000079-index.htm,https://www.sec.gov/Archives/edgar/data/1552797/000155279717000079/dkl-10qx093017.htm
0,2017-06-30,DKL,2017-08-07,2017-08-04 18:49:40,Q2,126800000,84400000,42400000,0.334384858044164,0.0,2700000.0,197342000,10000000,19000000,103400000,5462000.0,5700000.0,30262000,0.238659,23400000,0.184543,0.0,19100000,0.150631,100000.0,19000000,0.149842,0.77869,0.77869,24400000,24400000,https://www.sec.gov/Archives/edgar/data/1552797/000155279717000063/0001552797-17-000063-index.htm,https://www.sec.gov/Archives/edgar/data/1552797/000155279717000063/dkl-10qx063017.htm
0,2017-03-31,DKL,2017-05-09,2017-05-08 18:13:36,Q1,129500000,92100000,37400000,0.2888030888030888,0.0,2800000.0,100796000,10400000,18900000.000000007,111000000,4071000.0,5200000.0,23971000,0.185104,18500000,0.142857,0.0,14600000,0.112741,100000.0,14600000,0.112741,0.59836,0.59836,24400000,24400000,https://www.sec.gov/Archives/edgar/data/1552797/000155279717000017/0001552797-17-000017-index.htm,https://www.sec.gov/Archives/edgar/data/1552797/000155279717000009/dkl-10kx123116q416.htm
0,2016-12-31,DKL,2017-02-28,2017-02-27 20:59:04,Q4,124700000,89200000,35500000,0.2846832397754611,0.0,2300000.0,325887000,8800000.0,16299999.999999996,105500000,3695000.0,5600000.000000001,24295000,0.194828,19200000,0.15397,0.0,15000000,0.120289,-300000.0,15300000,0.122694,0.62963,0.62963,24300000,24300000,https://www.sec.gov/Archives/edgar/data/1552797/000155279717000009/0001552797-17-000009-index.htm,https://www.sec.gov/Archives/edgar/data/1552797/000155279717000009/dkl-10kx123116q416.htm
0,2016-09-30,DKL,2016-11-03,2016-11-03 16:32:30,Q3,107500000,73800000,33700000,0.31348837209302327,0.0,2300000.0,229960000,9300000.0,16700000.000000004,90500000,3409000.0,5399999.999999999,22109000,0.205665,17000000,0.15814,0.0,13300000,0.123721,100000.0,13200000,0.122791,0.54098,0.54098,24400000,24400000,https://www.sec.gov/Archives/edgar/data/1552797/000155279716000180/0001552797-16-000180-index.htm,https://www.sec.gov/Archives/edgar/data/1552797/000155279716000180/dkl-10qx093016.htm
0,2016-06-30,DKL,2016-08-05,2016-08-05 14:37:57,Q2,111900000,74400000,37500000,0.3351206434316354,0.0,2700000.0,151116000,8700000.0,14899999.99999999,89299999.99999999,3284000.0,4800000.000000001,27084000,0.242038,22500000,0.201072,0.0,19000000,0.169794,100000.0,18900000,0.168901,0.77459,0.77459,24400000,24400000,https://www.sec.gov/Archives/edgar/data/1552797/000155279716000163/0001552797-16-000163-index.htm,https://www.sec.gov/Archives/edgar/data/1552797/000155279716000163/dkl-10qx063016.htm
0,2016-03-31,DKL,2016-05-06,2016-05-06 16:20:31,Q1,104100000,66900000,37200000,0.3573487031700288,0.0,2900000.0,71273000,10500000,18199999.99999999,85099999.99999999,3199000.0,5000000.0,23699000,0.227656,19000000,0.182517,0.0,15500000,0.148895,100000.0,15400000,0.147935,0.63115,0.63115,24400000,24400000,https://www.sec.gov/Archives/edgar/data/1552797/000155279716000122/0001552797-16-000122-index.htm,https://www.sec.gov/Archives/edgar/data/1552797/000155279716000106/dkl-10kx123115q415.htm
0,2015-12-31,DKL,2016-02-29,2016-02-29 15:42:51,Q4,108900000,70600000,38300000,0.3516988062442608,0.0,2300000.0,458290000,11700000,20500000,91100000,3042000.0,5899999.999999999,23642000,0.217098,17900000,0.164371,0.0,14700000,0.134986,-600000.0,15300000,0.140496,0.62963,0.62963,24300000,24300000,https://www.sec.gov/Archives/edgar/data/1552797/000155279716000106/0001552797-16-000106-index.htm,https://www.sec.gov/Archives/edgar/data/1552797/000155279716000106/dkl-10kx123115q415.htm
0,2015-09-30,DKL,2015-11-06,2015-11-05 18:28:51,Q3,165100000,124500000,40600000,0.24591156874621442,0.0,2700000.0,382063000,11600000,18699999.99999999,143200000,2843000.0,4600000.000000001,26143000,0.158346,21800000,0.132041,0.0,18700000,0.113265,100000.0,18600000,0.112659,0.7623,0.7623,24400000,24400000,https://www.sec.gov/Archives/edgar/data/1552797/000155279715000075/0001552797-15-000075-index.htm,https://www.sec.gov/Archives/edgar/data/1552797/000155279715000075/dkl-10qx093015.htm
0,2015-06-30,DKL,2015-08-06,2015-08-05 18:17:29,Q2,172100000,132500000,39600000,0.23009877977919815,0.0,3000000.0,250910000,10800000,18500000,151000000,2616000.0,4699999.999999999,25716000,0.149425,21100000,0.122603,0.0,18400000,0.106915,100000.0,18300000,0.106334,0.75,0.75,24400000,24400000,https://www.sec.gov/Archives/edgar/data/1552797/000155279715000062/0001552797-15-000062-index.htm,https://www.sec.gov/Archives/edgar/data/1552797/000155279715000062/dkl-10qx063015.htm
0,2015-03-31,DKL,2015-05-08,2015-05-07 18:06:54,Q1,143500000,108100000,35400000,0.24668989547038328,0.0,3400000.0,112510000,10800000,19000000,127100000,2157000.0,4500000.0,20957000,0.146042,16400000,0.114286,0.0,14300000,0.099652,300000.0,14000000,0.097561,0.57377,0.57377,24400000,24400000,https://www.sec.gov/Archives/edgar/data/1552797/000155279715000018/0001552797-15-000018-index.htm,https://www.sec.gov/Archives/edgar/data/1552797/000155279715000008/dkl-10kx123114q414.htm
0,2014-12-31,DKL,2015-02-26,2015-02-26 17:09:22,Q4,173300000,131200000,42100000,0.24293133294864397,0.0,3300000.0,749905000,9900000.0,20300000.00000001,151500000,2105000.0,4100000.0,25905000,0.149481,21800000,0.125793,0.0,19700000,0.113676,-500000.0,20200000,0.116561,0.83128,0.83128,24300000,24300000,https://www.sec.gov/Archives/edgar/data/1552797/000155279715000008/0001552797-15-000008-index.htm,https://www.sec.gov/Archives/edgar/data/1552797/000155279715000008/dkl-10kx123114q414.htm
0,2014-09-30,DKL,2014-11-06,2014-11-06 16:29:22,Q3,228000000,194100000,33900000,0.14868421052631578,0.0,2500000.0,601949000,10400000,16700000.000000017,210800000.00000003,2226000.0,3800000.000000001,21026000,0.092219,17200000,0.075439,0.0,15000000,0.065789,200000.0,14800000,0.064912,0.60905,0.60905,24300000,24300000,https://www.sec.gov/Archives/edgar/data/1552797/000155279714000033/0001552797-14-000033-index.htm,https://www.sec.gov/Archives/edgar/data/1552797/000155279714000033/dkl-10qx93014.htm
0,2014-06-30,DKL,2014-08-08,2014-08-07 18:04:53,Q2,236300000,196600000,39700000,0.16800677105374523,0.0,2200000.0,396536000,9700000.0,15599999.999999994,212200000,4325000.0,3599999.9999999995,29725000,0.125793,24100000,0.101989,0.0,21800000,0.092256,300000.0,21500000,0.090986,0.88477,0.88477,24300000,24300000,https://www.sec.gov/Archives/edgar/data/1552797/000155279714000025/0001552797-14-000025-index.htm,https://www.sec.gov/Archives/edgar/data/1552797/000155279714000025/dkl-10qx63014.htm
0,2014-03-31,DKL,2014-05-08,2014-05-08 16:57:37,Q1,203500000,172200000,31300000,0.1538083538083538,0.0,2700000.0,183259000,9500000.0,15600000.000000022,187800000.00000003,-2000000.0,3500000.0,15200000,0.074693,15700000,0.07715,0.0,13700000,0.067322,100000.0,13600000,0.06683,0.55967,0.55967,24300000,24300000,https://www.sec.gov/Archives/edgar/data/1552797/000155279714000013/0001552797-14-000013-index.htm,https://www.sec.gov/Archives/edgar/data/1552797/000155279714000007/logistics-123113x10k.htm
0,2013-12-31,DKL,2014-03-05,2014-03-04 19:46:59,Q4,223100000,197900000,25200000,0.11295383236216944,0.0,1800000.0,205868000,7900000.0,13099999.999999994,211000000,4570000.0,3699999.999999999,18570000,0.083236,12100000,0.054236,0.0,10300000,0.046168,200000.0,10100000,0.045271,0.41909,0.41909,24100000,24100000,https://www.sec.gov/Archives/edgar/data/1552797/000155279714000007/0001552797-14-000007-index.htm,https://www.sec.gov/Archives/edgar/data/1552797/000155279714000007/logistics-123113x10k.htm
0,2013-09-30,DKL,2013-11-07,2013-11-07 17:30:40,Q3,243300000,218200000,25100000,0.10316481709823264,0.0,2000000.0,641323000,9000000.0,14100000.000000022,232300000.00000003,-1200000.0,3200000.0,11800000,0.0485,11000000,0.045212,0.0,9800000.0,0.040279,300000.0,9500000.0,0.039046,0.39256,0.39256,24200000,24200000,https://www.sec.gov/Archives/edgar/data/1552797/000155279713000036/0001552797-13-000036-index.htm,https://www.sec.gov/Archives/edgar/data/1552797/000155279713000036/logistics-9302013x10q.htm
0,2013-06-30,DKL,2013-08-08,2013-08-08 17:17:56,Q2,230100000,208000000,22100000,0.096045197740113,0.0,1500000.0,413771000,9900000.0,14699999.999999989,222700000,-817000.0,3300000.0,9183000.0,0.039909,7400000.0,0.03216,0.0,6700000.0,0.029118,100000.0,6600000.0,0.028683,0.26829,0.26829,24600000,24600000,https://www.sec.gov/Archives/edgar/data/1552797/000155279713000028/0001552797-13-000028-index.htm,https://www.sec.gov/Archives/edgar/data/1552797/000155279713000028/logistics-6302013x10q.htm
0,2013-03-31,DKL,2013-05-09,2013-05-09 15:53:01,Q1,210900000,187900000,23000000,0.10905642484589853,0.0,2200000.0,197357000,9100000.0,14799999.999999983,202699999.99999997,817000.0,3500000.0,11717000,0.055557,8200000.0,0.038881,0.0,7400000.0,0.035088,100000.0,7300000.0,0.034614,0.30417,0.30417,24000000,24000000,https://www.sec.gov/Archives/edgar/data/1552797/000155279713000015/0001552797-13-000015-index.htm,https://www.sec.gov/Archives/edgar/data/1552797/000155279713000009/logistics-123112x10k.htm
0,2012-12-31,DKL,2013-03-12,2013-03-11 17:48:08,Q4,249200000,230000000,19200000,0.07704654895666131,0.0,2200000.0,237118000,9800000.0,14099999.999999994,244100000,905000.0,2399999.9999999995,7604999.999999999,0.030518,5200000.0,0.020867,0.0,4300000.0,0.017255,-19200000,23500000,0.094302,0.97917,0.97917,24000000,24000000,https://www.sec.gov/Archives/edgar/data/1552797/000155279713000009/0001552797-13-000009-index.htm,https://www.sec.gov/Archives/edgar/data/1552797/000155279713000009/logistics-123112x10k.htm
