,date,symbol,fillingDate,acceptedDate,period,revenue,costOfRevenue,grossProfit,grossProfitRatio,researchAndDevelopmentExpenses,generalAndAdministrativeExpenses,sellingAndMarketingExpenses,otherExpenses,operatingExpenses,costAndExpenses,interestExpense,depreciationAndAmortization,ebitda,ebitdaratio,operatingIncome,operatingIncomeRatio,totalOtherIncomeExpensesNet,incomeBeforeTax,incomeBeforeTaxRatio,incomeTaxExpense,netIncome,netIncomeRatio,eps,epsdiluted,weightedAverageShsOut,weightedAverageShsOutDil,link,finalLink
0,2020-09-30,ETRN,2020-11-03,2020-11-03 16:16:30,Q3,350000000,0.0,350000000,1.0,0.0,31626000,0.0,117865000,149491000,149491000,-86411000,66772000,263651000,0.7532885714285714,196879000,0.5625114285714286,21864000,196879000,0.5625114285714286,28440000,168439000,0.4812542857142857,0.15,0.15,260883000,260883000,https://www.sec.gov/Archives/edgar/data/1747009/000174700920000029/0001747009-20-000029-index.htm,https://www.sec.gov/Archives/edgar/data/1747009/000174700920000029/etrn-20200930.htm
0,2020-06-30,ETRN,2020-08-04,2020-08-04 16:21:18,Q2,340590000,41663000,298927000,0.8776740362312457,0.0,32821000,0.0,-66795000,123630000.00000001,165293000,-10551000,79356000,159566000,0.468499,175297000,0.514686,12979000,177725000,0.521815,34267000,56494000,0.165871,0.21655,0.21655,260883000,260883000,https://www.sec.gov/Archives/edgar/data/1747009/000174700920000020/0001747009-20-000020-index.htm,https://www.sec.gov/Archives/edgar/data/1747009/000174700920000020/etrn-20200630.htm
0,2020-03-31,ETRN,2020-05-14 00:00:00,2020-05-14 16:31:18,Q1,453113000,38422000,414691000,0.915204,0.0,29739000,0.0,181292000,197473000,235895000,-66754000,75929000,98046000,0.216383,217218000,0.47939,4163000.0,208699000,0.460589,19139000,69732000,0.153895,0.28051,0.28051,248591000,248591000,https://www.sec.gov/Archives/edgar/data/1747009/000174700920000010/0001747009-20-000010-index.htm,https://www.sec.gov/Archives/edgar/data/1747009/000174700920000010/etrn331202010q.htm
0,2019-12-31,ETRN,2020-02-27 00:00:00,2020-02-27 16:34:51,Q4,425859000,47907000,377952000,0.887505,0.0,29362000,0.0,708260000,689714999.9999999,737621999.9999999,-16941000,75215000.00000001,-205627999.99999997,-0.482855,-311763000,-0.73208,24000.0,-328680000,-0.771805,4836000.0,-268738000,-0.631049,-1.05416,-1.05416,254932000,254932000,https://www.sec.gov/Archives/edgar/data/1747009/000174700920000005/0001747009-20-000005-index.html,https://www.sec.gov/Archives/edgar/data/1747009/000174700920000005/etrn1231201910k.htm
0,2019-09-30,ETRN,2019-11-05 00:00:00,2019-11-05 16:22:18,Q3,408434000,43021000,365413000,0.894668,0.0,24151000,0.0,422736000,403866000,446887000,-21158000,74000000,-11035000,-0.027018,-38453000,-0.094147,70000.0,-59541000,-0.145779,1948000.0,-65825000,-0.161164,-0.25822,-0.25822,254915000,254915000,https://www.sec.gov/Archives/edgar/data/1747009/000174700919000032/0001747009-19-000032-index.html,https://www.sec.gov/Archives/edgar/data/1747009/000174700919000032/etrn930201910q.htm
0,2019-06-30,ETRN,2019-07-30 00:00:00,2019-07-30 16:54:10,Q2,406167000,46556000,359611000,0.885377,0.0,27224000,0.0,212768000,193435999.99999997,239991999.99999997,-24931000,70508999.99999999,131568999.99999999,0.323928,166175000,0.40913,706000.0,141950000,0.349487,11470000,74521000,0.183474,0.29228,0.29228,254967000,254967000,https://www.sec.gov/Archives/edgar/data/1747009/000174700919000026/0001747009-19-000026-index.html,https://www.sec.gov/Archives/edgar/data/1747009/000174700919000026/etrn630201910q.htm
0,2019-03-31,ETRN,2019-04-30 00:00:00,2019-04-30 16:29:02,Q1,389782000,27883000,361899000,0.928465,0.0,32178000,0.0,97563000,101858000.00000001,129741000.00000001,-29886000,60898000,119761000,0.307251,260041000,0.667145,1861000.0,232016000,0.595246,32450000,56299000,0.144437,0.2766,0.2766,203540800,203540800,https://www.sec.gov/Archives/edgar/data/1747009/000174700919000019/0001747009-19-000019-index.html,https://www.sec.gov/Archives/edgar/data/1747009/000174700919000019/etrn331201910q.htm
0,2018-12-31,ETRN,2019-02-14 00:00:00,2019-02-14 16:17:23,Q4,384791000,44658000,340133000,0.883942,0.0,41216000,0.0,-326433000,399579000,444237000,-20664000,58973000,22391000,0.05819,-59446000,-0.154489,1818000.0,-78292000,-0.203466,32305000,-48223000,-0.125323,-0.23692,-0.23692,203540800,203540800,https://www.sec.gov/Archives/edgar/data/1747009/000174700919000010/0001747009-19-000010-index.html,https://www.sec.gov/Archives/edgar/data/1747009/000174700919000010/etrn1231201810k.htm
0,2018-09-30,ETRN,2018-12-03 00:00:00,2018-12-03 06:35:54,Q3,364584000,48092000,316492000,0.868091,0.0,27380000,0.0,-68848000,98170000,146262000,-1680000000,54095000,-1530154000,-4.196986,218322000,0.598825,1345000.0,198892000,0.545531,12926000,82825000,0.227177,0.40692,0.40692,203540800,203540800,https://www.sec.gov/Archives/edgar/data/1747009/000174700918000008/0001747009-18-000008-index.html,https://www.sec.gov/Archives/edgar/data/1747009/000174700918000008/etrn930201810q.htm
