,date,symbol,fillingDate,acceptedDate,period,revenue,costOfRevenue,grossProfit,grossProfitRatio,researchAndDevelopmentExpenses,generalAndAdministrativeExpenses,sellingAndMarketingExpenses,otherExpenses,operatingExpenses,costAndExpenses,interestExpense,depreciationAndAmortization,ebitda,ebitdaratio,operatingIncome,operatingIncomeRatio,totalOtherIncomeExpensesNet,incomeBeforeTax,incomeBeforeTaxRatio,incomeTaxExpense,netIncome,netIncomeRatio,eps,epsdiluted,weightedAverageShsOut,weightedAverageShsOutDil,link,finalLink
0,2019-12-31,ETX.TO,2019-12-31,2019-12-31,FY,21876000,14487000,7389000.0,0.3377674163466813,0.0,5465000.0,0.0,-90000.0,0.0,20094000,5475000.0,142000.0,10114000,0.46233315048454926,1782000.0,-0.1071950996525873,2224000.0,-2345000.0,-0.1071950996525873,2343000.0,-4883000.0,-0.22321265313585664,-0.01,-0.01,334094000,334094000,https://www.sedar.com/ModifyCompanyDocumentSearchForm.do?lang=EN&company_search=Etrion Corp&document_selection=0&industry_group=A&FromDate=13&FromMonth=05&FromYear=2000&ToDate=13&ToMonth=11&ToYear=2020&Variable=Issuer,https://www.sedar.com/ModifyCompanyDocumentSearchForm.do?lang=EN&company_search=Etrion Corp&document_selection=0&industry_group=A&FromDate=13&FromMonth=05&FromYear=2000&ToDate=13&ToMonth=11&ToYear=2020&Variable=Issuer
0,2018-12-31,ETX.TO,2018-12-31,2018-12-31,FY,19500000,12913000,6587000.0,0.3377948717948718,388000.0,5970000.0,0.0,-59000.0,0.0,19317000,6763000.0,158000.0,6600000.0,0.3384615384615385,183000.0,-0.3797948717948718,610000.0,-7406000.0,-0.3797948717948718,1212000.0,-8878000.0,-0.4552820512820513,-0.03,-0.03,334094000,334094000,https://www.sedar.com/ModifyCompanyDocumentSearchForm.do?lang=EN&company_search=Etrion Corp&document_selection=0&industry_group=A&FromDate=13&FromMonth=05&FromYear=2000&ToDate=13&ToMonth=11&ToYear=2020&Variable=Issuer,https://www.sedar.com/ModifyCompanyDocumentSearchForm.do?lang=EN&company_search=Etrion Corp&document_selection=0&industry_group=A&FromDate=13&FromMonth=05&FromYear=2000&ToDate=13&ToMonth=11&ToYear=2020&Variable=Issuer
0,2017-12-31,ETX.TO,2017-12-31,2017-12-31,FY,21848000,19456000,2392000.0,0.10948370560234347,0.0,8784000.0,636000.0,0.0,-534000.0,27890000,14259000,184000.0,3378000.0,0.15461369461735627,-6042000.0,0.8070303917978763,38790000,17632000,0.8070303917978763,1125000.0,19551000,0.8948645184913951,0.06,0.06,334094000,334094000,https://www.sedar.com/ModifyCompanyDocumentSearchForm.do?lang=EN&company_search=Etrion Corp&document_selection=0&industry_group=A&FromDate=13&FromMonth=05&FromYear=2000&ToDate=13&ToMonth=11&ToYear=2020&Variable=Issuer,https://www.sedar.com/ModifyCompanyDocumentSearchForm.do?lang=EN&company_search=Etrion Corp&document_selection=0&industry_group=A&FromDate=13&FromMonth=05&FromYear=2000&ToDate=13&ToMonth=11&ToYear=2020&Variable=Issuer
0,2016-12-31,ETX.TO,2016-12-31,2016-12-31,FY,15233000,18799000,-3566000.0,-0.23409702619313333,0.0,7890000.0,332000.0,0.0,-300000.0,26605000,19924000,216000.0,-1715000.0,-0.11258452044902514,-11372000,-6.756909341561085,-70332000,-102928000,-6.756909341561085,7450000.0,-43153000,-2.8328628635199893,-0.13,-0.13,334094000,334094000,https://www.sedar.com/ModifyCompanyDocumentSearchForm.do?lang=EN&company_search=Etrion Corp&document_selection=0&industry_group=A&FromDate=13&FromMonth=05&FromYear=2000&ToDate=13&ToMonth=11&ToYear=2020&Variable=Issuer,https://www.sedar.com/ModifyCompanyDocumentSearchForm.do?lang=EN&company_search=Etrion Corp&document_selection=0&industry_group=A&FromDate=13&FromMonth=05&FromYear=2000&ToDate=13&ToMonth=11&ToYear=2020&Variable=Issuer
0,2015-12-31,ETX.TO,2015-12-31,2015-12-31,FY,50448000,33497000,16951000,0.3360093561687282,0.0,10497000,439000.0,0.0,-685000.0,43636000,33374000,327000.0,22678000,0.44953219156359026,6812000.0,-0.6523549000951475,1213000.0,-32910000,-0.6523549000951475,-14173000,-15317000,-0.3036195686647637,-0.05,-0.05,334090744,334090744,https://www.sedar.com/ModifyCompanyDocumentSearchForm.do?lang=EN&company_search=Etrion Corp&document_selection=0&industry_group=A&FromDate=13&FromMonth=05&FromYear=2000&ToDate=13&ToMonth=11&ToYear=2020&Variable=Issuer,https://www.sedar.com/ModifyCompanyDocumentSearchForm.do?lang=EN&company_search=Etrion Corp&document_selection=0&industry_group=A&FromDate=13&FromMonth=05&FromYear=2000&ToDate=13&ToMonth=11&ToYear=2020&Variable=Issuer
0,2014-12-31,ETX.TO,2014-12-31,2014-12-31,FY,49628000,23766000,25862000,0.5211171113081325,0.0,10236000,0.0,508000.0,0.0,34354000,26098000,352000.0,29337000,0.5911380672201176,15274000,-0.27913677762553396,160000.0,-13853000,-0.27913677762553396,2602000.0,-16386000,-0.33017651325864433,-0.05,-0.05,324092976,324092976,https://www.sedar.com/ModifyCompanyDocumentSearchForm.do?lang=EN&company_search=Etrion Corp&document_selection=0&industry_group=A&FromDate=13&FromMonth=05&FromYear=2000&ToDate=13&ToMonth=11&ToYear=2020&Variable=Issuer,https://www.sedar.com/ModifyCompanyDocumentSearchForm.do?lang=EN&company_search=Etrion Corp&document_selection=0&industry_group=A&FromDate=13&FromMonth=05&FromYear=2000&ToDate=13&ToMonth=11&ToYear=2020&Variable=Issuer
0,2013-12-31,ETX.TO,2013-12-31,2013-12-31,FY,53911000,28480000,25431000,0.4717219120402144,0.0,8261000.0,0.0,-109000.0,0.0,37111000,26463000,370000.0,35694000,0.6620912244254419,16800000,-0.15098959396041625,3011000.0,-8140000.0,-0.15098959396041625,2164000.0,-10296000,-0.1909814323607427,-0.05,-0.05,206469666,206469666,https://www.sedar.com/ModifyCompanyDocumentSearchForm.do?lang=EN&company_search=Etrion Corp&document_selection=0&industry_group=A&FromDate=13&FromMonth=05&FromYear=2000&ToDate=13&ToMonth=11&ToYear=2020&Variable=Issuer,https://www.sedar.com/ModifyCompanyDocumentSearchForm.do?lang=EN&company_search=Etrion Corp&document_selection=0&industry_group=A&FromDate=13&FromMonth=05&FromYear=2000&ToDate=13&ToMonth=11&ToYear=2020&Variable=Issuer
0,2012-12-31,ETX.TO,2012-12-31,2012-12-31,FY,55662000,25926000,29736000,0.5342244259997844,0.0,8162000.0,0.0,1668000.0,0.0,34378000,26470000,290000.0,41844000,0.7517516438503826,21284000,-0.07928209550501239,1777000.0,-4413000.0,-0.07928209550501239,4045000.0,-8458000.0,-0.15195285832345226,-0.04,-0.04,201268477,201268477,https://www.sedar.com/ModifyCompanyDocumentSearchForm.do?lang=EN&company_search=Etrion Corp&document_selection=0&industry_group=A&FromDate=13&FromMonth=05&FromYear=2000&ToDate=13&ToMonth=11&ToYear=2020&Variable=Issuer,https://www.sedar.com/ModifyCompanyDocumentSearchForm.do?lang=EN&company_search=Etrion Corp&document_selection=0&industry_group=A&FromDate=13&FromMonth=05&FromYear=2000&ToDate=13&ToMonth=11&ToYear=2020&Variable=Issuer
0,2011-12-31,ETX.TO,2011-12-31,2011-12-31,FY,51910000,20772000,31138000,0.5998458871123098,0.0,14809000,0.0,0.0,-3187000.0,32728000,32096000,334000.0,39979000,0.7701598921209786,19182000,-0.40032748988634176,-9672000.0,-20781000,-0.40032748988634176,5508000.0,-26289000,-0.5064342130610673,-0.14,-0.14,184511956,184511956,https://www.sedar.com/ModifyCompanyDocumentSearchForm.do?lang=EN&company_search=Etrion Corp&document_selection=0&industry_group=A&FromDate=13&FromMonth=05&FromYear=2000&ToDate=13&ToMonth=11&ToYear=2020&Variable=Issuer,https://www.sedar.com/ModifyCompanyDocumentSearchForm.do?lang=EN&company_search=Etrion Corp&document_selection=0&industry_group=A&FromDate=13&FromMonth=05&FromYear=2000&ToDate=13&ToMonth=11&ToYear=2020&Variable=Issuer
0,2010-12-31,ETX.TO,2010-12-31,2010-12-31,FY,11564512,6501469.0,5063043.0,0.4378086165676511,0.0,18645863,372993.0,0.0,225962.0,25614290,10120487,240996.0,-2597995.0,-0.22465236751883694,-14049778,-1.617765021126702,0.0,-18708663,-1.617765021126702,-587451.0,-18121212,-1.5669672875085434,-0.11,-0.11,166139572,166139572,https://www.sedar.com/ModifyCompanyDocumentSearchForm.do?lang=EN&company_search=Etrion Corp&document_selection=0&industry_group=A&FromDate=13&FromMonth=05&FromYear=2000&ToDate=13&ToMonth=11&ToYear=2020&Variable=Issuer,https://www.sedar.com/ModifyCompanyDocumentSearchForm.do?lang=EN&company_search=Etrion Corp&document_selection=0&industry_group=A&FromDate=13&FromMonth=05&FromYear=2000&ToDate=13&ToMonth=11&ToYear=2020&Variable=Issuer
0,2009-12-31,ETX.TO,2009-12-31,2009-12-31,FY,0.0,0.0,0.0,0.0,0.0,14268790,0.0,-265664.0,0.0,14488811,0.0,0.0,30245294,0.0,-14488811,0.0,-44779748,-58964450,0.0,92628.0,-59057078,0.0,-0.37,-0.37,158501120,158501120,https://www.sedar.com/ModifyCompanyDocumentSearchForm.do?lang=EN&company_search=Etrion Corp&document_selection=0&industry_group=A&FromDate=13&FromMonth=05&FromYear=2000&ToDate=13&ToMonth=11&ToYear=2020&Variable=Issuer,https://www.sedar.com/ModifyCompanyDocumentSearchForm.do?lang=EN&company_search=Etrion Corp&document_selection=0&industry_group=A&FromDate=13&FromMonth=05&FromYear=2000&ToDate=13&ToMonth=11&ToYear=2020&Variable=Issuer
0,2008-12-31,ETX.TO,,,FY,0.0,0.0,0.0,0.0,0.0,9015178.0,0.0,0.0,0.0,9128142.0,0.0,112964.0,-9015178.0,0.0,-9128142.0,0.0,-14952292,-23190057,0.0,0.0,-23190057,0.0,-0.15,-0.15,150945412,150945412,https://www.sedar.com/ModifyCompanyDocumentSearchForm.do?lang=EN&company_search=Etrion Corp&document_selection=0&industry_group=A&FromDate=13&FromMonth=05&FromYear=2000&ToDate=13&ToMonth=11&ToYear=2020&Variable=Issuer,https://www.sedar.com/ModifyCompanyDocumentSearchForm.do?lang=EN&company_search=Etrion Corp&document_selection=0&industry_group=A&FromDate=13&FromMonth=05&FromYear=2000&ToDate=13&ToMonth=11&ToYear=2020&Variable=Issuer
0,2007-12-31,ETX.TO,,,FY,0.0,0.0,0.0,0.0,0.0,7112034.0,0.0,0.0,0.0,7235972.0,0.0,123938.0,-7112034.0,0.0,-7235972.0,0.0,4865382.0,-3505369.0,0.0,81927.0,-3587296.0,0.0,-0.04,-0.04,86456336,86456336,https://www.sedar.com/ModifyCompanyDocumentSearchForm.do?lang=EN&company_search=Etrion Corp&document_selection=0&industry_group=A&FromDate=13&FromMonth=05&FromYear=2000&ToDate=13&ToMonth=11&ToYear=2020&Variable=Issuer,https://www.sedar.com/ModifyCompanyDocumentSearchForm.do?lang=EN&company_search=Etrion Corp&document_selection=0&industry_group=A&FromDate=13&FromMonth=05&FromYear=2000&ToDate=13&ToMonth=11&ToYear=2020&Variable=Issuer
0,2006-12-31,ETX.TO,2006-12-31,2006-12-31,FY,11132030,7013636.0,4118394.0,0.36995893830684967,0.0,5761048.0,0.0,0.0,1299410.0,15770856,2186973.0,1696762.0,-2942064.0,-0.2642881846347881,-4638826.0,-0.47939243785724617,1161167.0,-5336611.0,-0.47939243785724617,1359060.0,-6695671.0,-0.601477987393135,-0.08,-0.08,81981372,81981372,https://www.sedar.com/ModifyCompanyDocumentSearchForm.do?lang=EN&company_search=Etrion Corp&document_selection=0&industry_group=A&FromDate=13&FromMonth=05&FromYear=2000&ToDate=13&ToMonth=11&ToYear=2020&Variable=Issuer,https://www.sedar.com/ModifyCompanyDocumentSearchForm.do?lang=EN&company_search=Etrion Corp&document_selection=0&industry_group=A&FromDate=13&FromMonth=05&FromYear=2000&ToDate=13&ToMonth=11&ToYear=2020&Variable=Issuer
0,2005-12-31,ETX.TO,2005-12-31,2005-12-31,FY,11325144,3096612.0,8228532.0,0.7265719535221804,0.0,5724895.0,0.0,0.0,-1.0,10541367,1392568.0,1719861.0,2503638.0,0.22106897713618476,783777.0,0.1953298783662265,2560607.0,2212139.0,0.1953298783662265,1202536.0,1009603.0,0.08914703424521578,0.01,0.01,76404818,76404818,https://www.sedar.com/ModifyCompanyDocumentSearchForm.do?lang=EN&company_search=Etrion Corp&document_selection=0&industry_group=A&FromDate=13&FromMonth=05&FromYear=2000&ToDate=13&ToMonth=11&ToYear=2020&Variable=Issuer,https://www.sedar.com/ModifyCompanyDocumentSearchForm.do?lang=EN&company_search=Etrion Corp&document_selection=0&industry_group=A&FromDate=13&FromMonth=05&FromYear=2000&ToDate=13&ToMonth=11&ToYear=2020&Variable=Issuer
0,2004-12-31,ETX.TO,2004-12-31,2004-12-31,FY,7996259.0,2546642.0,5449617.0,0.6815208211740015,0.0,3373011.0,0.0,0.0,0.0,7204592.0,0.0,1284939.0,2076606.0,0.2596971908988941,791667.0,0.297454472147538,1695470.0,2378523.0,0.297454472147538,265473.0,2113050.0,0.26425482216121315,0.03,0.03,68377996,68377996,https://www.sedar.com/ModifyCompanyDocumentSearchForm.do?lang=EN&company_search=Etrion Corp&document_selection=0&industry_group=A&FromDate=13&FromMonth=05&FromYear=2000&ToDate=13&ToMonth=11&ToYear=2020&Variable=Issuer,https://www.sedar.com/ModifyCompanyDocumentSearchForm.do?lang=EN&company_search=Etrion Corp&document_selection=0&industry_group=A&FromDate=13&FromMonth=05&FromYear=2000&ToDate=13&ToMonth=11&ToYear=2020&Variable=Issuer
0,2003-12-31,ETX.TO,2003-12-31,2003-12-31,FY,3243507.0,1400316.0,1843191.0,0.5682710103600824,0.0,1989724.0,0.0,0.0,0.0,4031857.0,622617.0,641817.0,-146533.0,-0.045177334286622475,-788350.0,0.0,1968181.0,0.0,0.0,0.0,644751.0,0.19878205904904783,0.01,0.01,46366963,46366963,https://www.sedar.com/ModifyCompanyDocumentSearchForm.do?lang=EN&company_search=Etrion Corp&document_selection=0&industry_group=A&FromDate=13&FromMonth=05&FromYear=2000&ToDate=13&ToMonth=11&ToYear=2020&Variable=Issuer,https://www.sedar.com/ModifyCompanyDocumentSearchForm.do?lang=EN&company_search=Etrion Corp&document_selection=0&industry_group=A&FromDate=13&FromMonth=05&FromYear=2000&ToDate=13&ToMonth=11&ToYear=2020&Variable=Issuer
0,2002-12-31,ETX.TO,2002-12-31,2002-12-31,FY,52864.0,0.0,0.0,0.0,87697.0,1353806.0,0.0,0.0,0.0,1454847.0,0.0,13344.0,-1388639.0,-26.26814088983051,-1401983.0,0.0,-27287.0,0.0,0.0,0.0,-1429270.0,-27.036735774818403,-0.09495,-0.09495,14719478,14719478,https://www.sedar.com/ModifyCompanyDocumentSearchForm.do?lang=EN&company_search=Etrion Corp&document_selection=0&industry_group=A&FromDate=13&FromMonth=05&FromYear=2000&ToDate=13&ToMonth=11&ToYear=2020&Variable=Issuer,https://www.sedar.com/ModifyCompanyDocumentSearchForm.do?lang=EN&company_search=Etrion Corp&document_selection=0&industry_group=A&FromDate=13&FromMonth=05&FromYear=2000&ToDate=13&ToMonth=11&ToYear=2020&Variable=Issuer
0,2001-12-31,ETX.TO,2001-12-31,2001-12-31,FY,215761.0,0.0,0.0,0.0,348509.0,2246706.0,0.0,0.0,-1.0,4015503.0,0.0,1420289.0,-2379453.0,-11.028188597568606,-3799742.0,0.0,-1331332.0,0.0,0.0,0.0,-5131074.0,-23.78128577453757,-0.30069,-0.30069,21024444,21024444,https://www.sedar.com/ModifyCompanyDocumentSearchForm.do?lang=EN&company_search=Etrion Corp&document_selection=0&industry_group=A&FromDate=13&FromMonth=05&FromYear=2000&ToDate=13&ToMonth=11&ToYear=2020&Variable=Issuer,https://www.sedar.com/ModifyCompanyDocumentSearchForm.do?lang=EN&company_search=Etrion Corp&document_selection=0&industry_group=A&FromDate=13&FromMonth=05&FromYear=2000&ToDate=13&ToMonth=11&ToYear=2020&Variable=Issuer
0,2000-12-31,ETX.TO,2000-12-31,2000-12-31,FY,1.33351,0.0,1.33351,1.0,347168.0,1197528.0,0.0,0.0,0.0,1693838.0,0.0,149142.0,-1544694.66649,-1158367.5161716072,-1693836.66649,0.0,0.0,0.0,0.0,0.0,-1369172.0,-1026742.9565582561,-0.08655,-0.08655,16784444,16784444,https://www.sedar.com/ModifyCompanyDocumentSearchForm.do?lang=EN&company_search=Etrion Corp&document_selection=0&industry_group=A&FromDate=13&FromMonth=05&FromYear=2000&ToDate=13&ToMonth=11&ToYear=2020&Variable=Issuer,https://www.sedar.com/ModifyCompanyDocumentSearchForm.do?lang=EN&company_search=Etrion Corp&document_selection=0&industry_group=A&FromDate=13&FromMonth=05&FromYear=2000&ToDate=13&ToMonth=11&ToYear=2020&Variable=Issuer
0,1999-12-31,ETX.TO,1999-12-31,1999-12-31,FY,69123.0,0.0,0.0,0.0,207368.0,691228.0,0.0,0.0,1.0,967720.0,0.0,69123.0,-829474.0,-11.999971066070628,-898597.0,0.0,0.0,0.0,0.0,0.0,-898597.0,-12.999971066070628,-0.06201,-0.06201,14491163,14491163,https://www.sedar.com/ModifyCompanyDocumentSearchForm.do?lang=EN&company_search=Etrion Corp&document_selection=0&industry_group=A&FromDate=13&FromMonth=05&FromYear=2000&ToDate=13&ToMonth=11&ToYear=2020&Variable=Issuer,https://www.sedar.com/ModifyCompanyDocumentSearchForm.do?lang=EN&company_search=Etrion Corp&document_selection=0&industry_group=A&FromDate=13&FromMonth=05&FromYear=2000&ToDate=13&ToMonth=11&ToYear=2020&Variable=Issuer
0,1998-12-31,ETX.TO,1998-12-31,1998-12-31,FY,64604.0,0.0,0.0,0.0,193811.0,516829.0,0.0,0.0,0.0,775244.0,0.0,64604.0,-646036.0,-9.999938084329143,-710640.0,0.0,0.0,0.0,0.0,0.0,-710640.0,-10.999938084329143,-0.05209,-0.05209,13642542,13642542,https://www.sedar.com/ModifyCompanyDocumentSearchForm.do?lang=EN&company_search=Etrion Corp&document_selection=0&industry_group=A&FromDate=13&FromMonth=05&FromYear=2000&ToDate=13&ToMonth=11&ToYear=2020&Variable=Issuer,https://www.sedar.com/ModifyCompanyDocumentSearchForm.do?lang=EN&company_search=Etrion Corp&document_selection=0&industry_group=A&FromDate=13&FromMonth=05&FromYear=2000&ToDate=13&ToMonth=11&ToYear=2020&Variable=Issuer
0,1997-12-31,ETX.TO,1997-12-31,1997-12-31,FY,69955.0,0.0,0.0,0.0,279818.0,629591.0,0.0,0.0,-1.0,979363.0,0.0,69955.0,-839453.0,-11.999899935672932,-909408.0,0.0,0.0,0.0,0.0,0.0,-909409.0,-12.999914230576799,-0.06289,-0.06289,14460312,14460312,https://www.sedar.com/ModifyCompanyDocumentSearchForm.do?lang=EN&company_search=Etrion Corp&document_selection=0&industry_group=A&FromDate=13&FromMonth=05&FromYear=2000&ToDate=13&ToMonth=11&ToYear=2020&Variable=Issuer,https://www.sedar.com/ModifyCompanyDocumentSearchForm.do?lang=EN&company_search=Etrion Corp&document_selection=0&industry_group=A&FromDate=13&FromMonth=05&FromYear=2000&ToDate=13&ToMonth=11&ToYear=2020&Variable=Issuer
