,date,symbol,fillingDate,acceptedDate,period,revenue,costOfRevenue,grossProfit,grossProfitRatio,researchAndDevelopmentExpenses,generalAndAdministrativeExpenses,sellingAndMarketingExpenses,otherExpenses,operatingExpenses,costAndExpenses,interestExpense,depreciationAndAmortization,ebitda,ebitdaratio,operatingIncome,operatingIncomeRatio,totalOtherIncomeExpensesNet,incomeBeforeTax,incomeBeforeTaxRatio,incomeTaxExpense,netIncome,netIncomeRatio,eps,epsdiluted,weightedAverageShsOut,weightedAverageShsOutDil,link,finalLink
0,2020-09-30,UGI,2020-11-20,2020-11-20 17:06:33,FY,6559000000,3149000000,3410000000,0.5198963256593992,0.0,0.0,0.0,1911000000,1911000000,5060000000,322000000,484000000,463000000,0.07059002896783047,-21000000,-0.0032017075773745998,-21000000,667000000,0.10169233114804085,-135000000,802000000,0.12227473700259185,3.8377796387127647,3.8377796387127647,208975000,208975000,https://www.sec.gov/Archives/edgar/data/884614/000088461420000052/0000884614-20-000052-index.htm,https://www.sec.gov/Archives/edgar/data/884614/000088461420000052/ugi-20200930.htm
0,2019-09-30,UGI,2019-11-26 00:00:00,2019-11-26 16:22:43,FY,7320400000,4323100000,2997300000,0.409445,0.0,1963500000,0.0,-7600000.0,2386299999.9999995,6709399999.999999,257800000,448100000,1054700000,0.144077,611000000,0.083465,500000.0,400500000,0.05471,92600000,256200000,0.034998,1.4146,1.4146,181111000,181111000,https://www.sec.gov/Archives/edgar/data/884614/000088461419000059/0000884614-19-000059-index.html,https://www.sec.gov/Archives/edgar/data/884614/000088461419000059/ugi-9302019x10k.htm
0,2018-09-30,UGI,2018-11-20 00:00:00,2018-11-20 17:17:24,FY,7651200000,4190300000,3460900000,0.452334,0.0,2012500000,0.0,-6400000.0,2396200000,6586500000,230100000,455100000,1602300000,0.209418,1064700000,0.139155,-600000.0,854500000,0.111682,198400000,718700000,0.093933,4.06263,4.06263,176905000,176905000,https://www.sec.gov/Archives/edgar/data/884614/000088461418000033/0000884614-18-000033-index.html,https://www.sec.gov/Archives/edgar/data/884614/000088461418000033/ugi-9302018x10k.htm
0,2017-09-30,UGI,2017-11-21 00:00:00,2017-11-21 17:04:42,FY,6120700000,3003300000,3117400000,0.509321,0.0,1867400000,0.0,-11900000,2167099999.9999995,5170399999.999999,223500000,416300000,1254000000,0.204879,950300000,0.15526,-5900000.0,701400000,0.114595,177600000,436600000,0.071332,2.46445,2.46445,177159000,177159000,https://www.sec.gov/Archives/edgar/data/884614/000088461417000029/0000884614-17-000029-index.html,https://www.sec.gov/Archives/edgar/data/884614/000088461417000029/ugi-9302017x10k.htm
0,2016-09-30,UGI,2016-11-22 00:00:00,2016-11-22 16:59:20,FY,5685700000,2437500000,3248200000,0.571293,0.0,1865800000,0.0,12100000,2309100000.0000005,4746600000,228900000,400900000,1215700000,0.213817,939100000,0.165169,0.0,710000000,0.124875,221200000,364700000,0.064143,2.07721,2.07721,175572000,175572000,https://www.sec.gov/Archives/edgar/data/884614/000088461416000067/0000884614-16-000067-index.html,https://www.sec.gov/Archives/edgar/data/884614/000088461416000067/ugi-9302016x10k.htm
0,2015-09-30,UGI,2015-11-30 00:00:00,2015-11-30 15:33:28,FY,6691100000,3736500000,2954600000,0.441572,0.0,1773900000,0.0,-3700000.0,2119700000,5856200000,241900000,374100000,1074800000,0.160631,834900000,0.124778,0.0,591800000,0.088446,177800000,281000000,0.041996,1.59962,1.59962,175667000,175667000,https://www.sec.gov/Archives/edgar/data/884614/000088461415000034/0000884614-15-000034-index.html,https://www.sec.gov/Archives/edgar/data/884614/000088461415000034/ugi-9302015x10k.htm
0,2014-09-30,UGI,2014-11-28 00:00:00,2014-11-28 17:07:56,FY,8277300000,5175700000,3101600000,0.374712,0.0,1752600000,0.0,7000000.0,2096000000,7271700000,237700000,362900000,1173000000,0.141713,1005600000,0.121489,0.0,767800000,0.09276,235200000,337200000,0.040738,1.92466,1.92466,175200000,175200000,https://www.sec.gov/Archives/edgar/data/884614/000088461414000028/0000884614-14-000028-index.html,https://www.sec.gov/Archives/edgar/data/884614/000088461414000028/ugi-9302014x10k.htm
0,2013-09-30,UGI,2013-12-16 00:00:00,2013-12-16 13:42:58,FY,7194700000,4324400000,2870300000,0.398946,0.0,1692000000,0.0,1000000.0,2039200000.0000007,6363600000.000001,240300000,363100000,1044300000,0.145149,831100000,0.115516,0.0,590400000,0.08206,162800000,278100000,0.038653,1.60473,1.60473,173300000,173300000,https://www.sec.gov/Archives/edgar/data/884614/000088461413000028/0000884614-13-000028-index.html,https://www.sec.gov/Archives/edgar/data/884614/000088461413000028/ugi-9302013x10k.htm
0,2012-09-30,UGI,2012-11-21 00:00:00,2012-11-20 17:54:34,FY,6519200000,4111200000,2408000000,0.36937,0.0,1591700000,0.0,700000.0,1900000000,6011200000,221500000,316000000,836500000,0.128313,508000000,0.077924,0.0,286200000,0.043901,99600000,199400000,0.030587,1.17225,1.17225,170100000,170100000,https://www.sec.gov/Archives/edgar/data/884614/000088461412000008/0000884614-12-000008-index.html,https://www.sec.gov/Archives/edgar/data/884614/000088461412000008/ugi-9302012x10k.htm
0,2011-09-30,UGI,2011-11-21 00:00:00,2011-11-21 17:09:55,FY,6091300000,4010900000,2080400000,0.341536,0.0,1266400000,0.0,-18600000,1502499999.9999995,5513399999.999999,-138900000,227900000,452700000,0.074319,577900000,0.094873,0.0,439000000,0.07207,130800000,232900000,0.038235,1.37485,1.37485,169400000,169400000,https://www.sec.gov/Archives/edgar/data/884614/000095012311099809/0000950123-11-099809-index.html,https://www.sec.gov/Archives/edgar/data/884614/000095012311099809/c22189e10vk.htm
0,2010-09-30,UGI,2010-11-19 00:00:00,2010-11-19 16:53:39,FY,5591400000,3584000000,2007400000,0.359016,0.0,1177400000,0.0,-900000.0,1348199999.9999998,4932200000,-135900000,210200000,502900000,0.089942,659200000,0.117895,0.0,523300000,0.09359,167600000,261000000,0.046679,1.57419,1.57419,165800000,165800000,https://www.sec.gov/Archives/edgar/data/884614/000095012310107459/0000950123-10-107459-index.html,https://www.sec.gov/Archives/edgar/data/884614/000095012310107459/c06632e10vk.htm
0,2009-09-30,UGI,2009-11-20 00:00:00,2009-11-20 16:44:01,FY,5737800000,3670600000,2067200000,0.360277,0.0,1220000000,0.0,17600000,1381900000,5052500000,141000000,200900000,759500000,0.132368,685300000,0.119436,0.0,541100000,0.094304,159100000,258500000,0.045052,1.57622,1.57622,164000000,164000000,https://www.sec.gov/Archives/edgar/data/884614/000095012309064771/0000950123-09-064771-index.html,https://www.sec.gov/Archives/edgar/data/884614/000095012309064771/c91704e10vk.htm
0,2008-09-30,UGI,2008-11-21 00:00:00,2008-11-21 17:08:18,FY,6648200000,4744600000,1903600000,0.286333,0.0,1157300000,0.0,300000.0,1330199999.9999998,6074800000,142000000,184400000,676400000,0.101742,573400000,0.086249,0.0,439800000,0.066153,134500000,215500000,0.032415,1.32371,1.32371,162800000,162800000,https://www.sec.gov/Archives/edgar/data/884614/000136231008007608/0001362310-08-007608-index.html,https://www.sec.gov/Archives/edgar/data/884614/000136231008007608/c76121e10vk.htm
0,2007-09-30,UGI,2007-11-29 00:00:00,2007-11-29 16:48:48,FY,5476900000,3730800000,1746100000,0.318812,0.0,1055800000,0.0,-37400000,1176800000.0000002,4907600000,139000000,169200000,639200000,0.116708,569300000,0.103946,0.0,437900000,0.079954,126700000,204300000,0.037302,1.26189,1.26189,161900000,161900000,https://www.sec.gov/Archives/edgar/data/884614/000136231007003198/0001362310-07-003198-index.html,https://www.sec.gov/Archives/edgar/data/884614/000136231007003198/c71616e10vk.htm
0,2006-09-30,UGI,2006-12-11,2006-12-11 16:44:12,FY,5221000000,3657900000,1563100000,0.299387,0.0,969200000,0.0,1600000.0,1129600000,4787500000,5000000.0,148700000,428400000,0.082053,433500000,0.08303,0.0,323400000,0.061942,98500000,176200000,0.033748,1.10056,1.10056,160100000,160100000,https://www.sec.gov/Archives/edgar/data/884614/000136231006000398/c70098e10vk.htm,https://www.sec.gov/Archives/edgar/data/884614/000136231006000398/c70098e10vk.htm
0,2005-09-30,UGI,,,FY,4888700000,3306000000,1582700000,0.323747,0.0,966600000,0.0,-16000000,1123000000,4429000000,-126500000,146400000,326600000,0.066807,459700000,0.094033,0.0,336600000,0.068853,119200000,187500000,0.038354,1.18222,1.18222,158600000,158600000,,
0,2004-09-30,UGI,,,FY,3784700000,2526900000,1257800000,0.332338,0.0,790500000,0.0,13500000,929799999.9999996,3456699999.9999995,-104600000,132300000,203700000,0.053822,328000000,0.086665,0.0,223500000,0.059054,64400000,111600000,0.029487,0.76966,0.76966,145000000,145000000,,
0,2003-09-30,UGI,,,FY,3026100000,1984300000,1041800000,0.344272,0.0,643300000,0.0,1400000.0,750700000,2735000000,-97300000,103000000,166500000,0.055021,291100000,0.096196,0.0,195400000,0.064572,60700000,100100000,0.033079,0.77178,0.77178,129700000,129700000,,
0,2002-09-30,UGI,,,FY,2213700000,632100000,1581600000,0.71446,0.0,597500000,0.0,-800000.0,1333699999.9999998,1965799999.9999998,-97500000,93500000,120000000,0.054208,247900000,0.111984,0.0,152000000,0.068663,46900000,77100000,0.034829,0.61337,0.61337,125700000,125700000,,
0,2001-09-30,UGI,,,FY,2468100000,836000000,1632100000,0.661278,0.0,517800000,0.0,-5200000.0,1411699999.9999998,2247700000,-100200000,105200000,108500000,0.043961,220400000,0.089299,0.0,122600000,0.049674,45400000,58100000,0.02354,0.47159,0.47159,123200000,123200000,,
0,2000-09-30,UGI,2000-12-22 00:00:00,2000-12-22 00:00:00,FY,1761700000,628300000,1133400000,0.643356,0.0,461200000,0.0,4000000.0,956000000,1584300000,-90100000,97500000,92000000,0.052222,177400000,0.100698,0.0,90900000,0.051598,40100000,44500000,0.02526,0.36297,0.36297,122600000,122600000,https://www.sec.gov/Archives/edgar/data/884614/000089322000001436/0000893220-00-001436-index.html,https://www.sec.gov/Archives/edgar/data/884614/000089322000001436/w43405e10-k.txt
0,1999-09-30,UGI,,,FY,1383600000,390800000,992800000,0.717548,0.0,454400000,0.0,-7400000.0,826300000,1217100000,-77400000,89700000,112800000,0.081526,166500000,0.120338,19900000,111200000,0.08037,43200000,57300000,0.041414,0.39764,0.39764,144100000,144100000,,
0,1998-09-30,UGI,,,FY,1439700000,443800000,995900000,0.691741,0.0,437700000,0.0,-3800000.0,834600000.0000001,1278400000,-77500000,87800000,87200000,0.060568,161300000,0.112037,0.0,85800000,0.059596,34400000,42500000,0.02952,0.28504,0.28504,149100000,149100000,,
0,1997-09-30,UGI,,,FY,1642000000,600400000,1041600000,0.634348,0.0,439800000,0.0,-15200000,849100000,1449500000,-76800000,86100000,107800000,0.065652,192500000,0.117235,0.0,116800000,0.071133,43600000,54900000,0.033435,0.36821,0.36821,149100000,149100000,,
0,1996-09-30,UGI,,,FY,1557600000,569700000,987900000,0.634245,0.0,437500000,0.0,-4600000.0,834099999.9999999,1403800000,-75500000,86000000,86400000,0.05547,153800000,0.098742,0.0,80200000,0.051489,33600000,42300000,0.027157,0.2837,0.2837,149100000,149100000,,
