,date,symbol,fillingDate,acceptedDate,period,revenue,costOfRevenue,grossProfit,grossProfitRatio,researchAndDevelopmentExpenses,generalAndAdministrativeExpenses,sellingAndMarketingExpenses,otherExpenses,operatingExpenses,costAndExpenses,interestExpense,depreciationAndAmortization,ebitda,ebitdaratio,operatingIncome,operatingIncomeRatio,totalOtherIncomeExpensesNet,incomeBeforeTax,incomeBeforeTaxRatio,incomeTaxExpense,netIncome,netIncomeRatio,eps,epsdiluted,weightedAverageShsOut,weightedAverageShsOutDil,link,finalLink
0,2019-12-31,IDA,2020-02-20 00:00:00,2020-02-20 08:16:47,FY,1346383000,282813000,1063570000,0.789946,0.0,0.0,0.0,78892000,765244000,1048057000,86475000,173800000,517636000,0.384464,298326000,0.221576,-1679000.0,257835000,0.191502,24507000,232854000,0.172948,4.60759,4.60759,50537000,50537000,https://www.sec.gov/Archives/edgar/data/1057877/000105787720000040/0001057877-20-000040-index.html,https://www.sec.gov/Archives/edgar/data/49648/000105787720000040/ida12311910k.htm
0,2018-12-31,IDA,2019-02-21 00:00:00,2019-02-21 08:08:15,FY,1370752000,301588000,1069164000,0.779984,0.0,0.0,0.0,75066000,772242000,1073830000,85948000,169120000,499255000,0.36422,296922000,0.216612,-8472000.0,244909000,0.178668,17386000,226801000,0.165457,4.49022,4.49022,50510000,50510000,https://www.sec.gov/Archives/edgar/data/1057877/000105787719000024/0001057877-19-000024-index.html,https://www.sec.gov/Archives/edgar/data/49648/000105787719000024/ida12311810k.htm
0,2017-12-31,IDA,2018-02-22 00:00:00,2018-02-22 09:06:30,FY,1349486000,249047000,1100439000,0.81545,0.0,0.0,0.0,78352000,784894000,1033941000,83746000,165933000,510758000,0.378483,315545000,0.233826,-5981000.0,261848000,0.194035,48660000,212419000,0.157407,4.21266,4.21266,50424000,50424000,https://www.sec.gov/Archives/edgar/data/1057877/000105787718000027/0001057877-18-000027-index.html,https://www.sec.gov/Archives/edgar/data/49648/000105787718000027/ida12311710k.htm
0,2016-12-31,IDA,2017-02-23 00:00:00,2017-02-23 08:06:55,FY,1262020000,246436000,1015584000,0.804729,0.0,0.0,0.0,65562000,732002000,978438000,82035000,147294000,464046000,0.367701,283582000,0.224705,-6398000.0,234517000,0.185827,36429000,198288000,0.15712,3.93639,3.93639,50373000,50373000,https://www.sec.gov/Archives/edgar/data/1057877/000105787717000035/0001057877-17-000035-index.html,https://www.sec.gov/Archives/edgar/data/49648/000105787717000035/ida12311610k.htm
0,2015-12-31,IDA,2016-02-18 00:00:00,2016-02-18 08:31:56,FY,1270289000,227212000,1043077000,0.821134,0.0,0.0,0.0,78469000,760980000,988192000,81934000,142581000,464954000,0.366022,282097000,0.222073,4270000.0,240235000,0.189118,45760000,194679000,0.153256,3.87097,3.87097,50292000,50292000,https://www.sec.gov/Archives/edgar/data/1057877/000105787716000209/0001057877-16-000209-index.html,https://www.sec.gov/Archives/edgar/data/49648/000105787716000209/ida12311510k.htm
0,2014-12-31,IDA,2015-02-19,2015-02-19 08:13:12,FY,1282524000,242933000,1039591000,0.810582,0.0,0.0,0.0,73170000,785895000,1028828000,79801000,137088000,427141000,0.333047,253696000,0.19781,3673000.0,210526000,0.16415,16772000,193480000,0.150859,3.85426,3.85426,50199000,50199000,https://www.sec.gov/Archives/edgar/data/1057877/000105787715000043/ida12311410k.htm,https://www.sec.gov/Archives/edgar/data/1057877/000105787715000043/ida12311410k.htm
0,2013-12-31,IDA,2014-02-20,2014-02-20 08:27:09,FY,1246300000,221300000,1025000000,0.822434,0.0,0.0,0.0,80300000,733200000,954500000,81032000,133800000,469458000,0.376681,291700000,0.234053,14600000,254500000,0.204204,72226000,182400000,0.146353,3.64072,3.64072,50100000,50100000,https://www.sec.gov/Archives/edgar/data/1057877/000105787714000036/ida12311310k.htm,https://www.sec.gov/Archives/edgar/data/1057877/000105787714000036/ida12311310k.htm
0,2012-12-31,IDA,2013-02-21 00:00:00,2013-02-21 08:18:29,FY,1080600000,196900000,883700000,0.817786,0.0,0.0,0.0,69800000,641200000,838100000,73869000,128600000,397382000,0.367742,242600000,0.224505,13900000,195000000,0.180455,26113000,168800000,0.15621,3.376,3.376,50000000,50000000,https://www.sec.gov/Archives/edgar/data/1057877/000105787713000040/0001057877-13-000040-index.html,https://www.sec.gov/Archives/edgar/data/49648/000105787713000040/ida12311210k.htm
0,2011-12-31,IDA,2012-02-22 00:00:00,2012-02-22 08:31:07,FY,1026700000,163300000,863400000,0.840947,0.0,0.0,0.0,70700000,699200000,862500000,71526000,124700000,310793000,0.302711,164200000,0.15993,-6600000.0,114700000,0.111717,-52133000,166700000,0.162365,3.36089,3.36089,49600000,49600000,https://www.sec.gov/Archives/edgar/data/1057877/000105787712000044/0001057877-12-000044-index.html,https://www.sec.gov/Archives/edgar/data/49648/000105787712000044/ida12311110k.htm
0,2010-12-31,IDA,2011-02-23,2011-02-23 08:47:37,FY,1036100000,143800000,892300000,0.86121,0.0,0.0,0.0,72800000,693599999.9999999,837399999.9999999,-69100000,121800000,194769000,0.187983,198700000,0.191777,-4400000.0,141700000,0.136763,-731000.0,142800000,0.137825,2.95652,2.95652,48300000,48300000,https://www.sec.gov/Archives/edgar/data/1057877/000105787711000047/esa10k.htm,https://www.sec.gov/Archives/edgar/data/1057877/000105787711000047/esa10k.htm
0,2009-12-31,IDA,2010-02-23 00:00:00,2010-02-23 08:58:38,FY,1049800000,160600000,889200000,0.847018,0.0,0.0,0.0,59000000,685600000,846200000,561000.0,118600000,265923000,0.253308,203600000,0.193942,4400000.0,146700000,0.139741,22362000,124400000,0.118499,2.63559,2.63559,47200000,47200000,https://www.sec.gov/Archives/edgar/data/1057877/000105787710000022/0001057877-10-000022-index.html,https://www.sec.gov/Archives/edgar/data/49648/000105787710000022/esa10k.htm
0,2008-12-31,IDA,2009-02-26 00:00:00,2009-02-26 12:57:50,FY,960400000,231100000,729300000,0.759371,0.0,0.0,0.0,40500000,538600000,769700000,-73056000,122400000,166944000,0.173828,190700000,0.198563,6100000.0,117600000,0.122449,19200000,98400000,0.102457,2.17219,2.17219,45300000,45300000,https://www.sec.gov/Archives/edgar/data/1057877/000105787709000032/0001057877-09-000032-index.html,https://www.sec.gov/Archives/edgar/data/49648/000105787709000032/esa10k.htm
0,2007-12-31,IDA,2008-02-28,2008-02-28 14:16:22,FY,879400000,289500000,589900000,0.670798,0.0,0.0,0.0,35100000,437799999.99999994,727300000,-63341000,120400000,153090000,0.174085,152100000,0.172959,-800000.0,96000000,0.109165,13731000,82300000,0.093587,1.85779,1.85779,44300000,44300000,https://www.sec.gov/Archives/edgar/data/1057877/000105787708000038/b10k1.htm,https://www.sec.gov/Archives/edgar/data/1057877/000105787708000038/b10k1.htm
0,2006-12-31,IDA,2007-03-01,2007-03-01 13:26:40,FY,926300000,283400000,642900000,0.694052,0.0,0.0,0.0,23000000,473200000.00000006,756600000,-60975000,122600000,184402000,0.199074,169700000,0.183202,-4900000.0,115500000,0.12469,15377000,107400000,0.115945,2.5035,2.5035,42900000,42900000,https://www.sec.gov/Archives/edgar/data/1057877/000105787707000038/a10k1.htm,https://www.sec.gov/Archives/edgar/data/1057877/000105787707000038/a10k1.htm
0,2005-12-31,IDA,2006-03-07,2006-03-07 15:46:36,FY,859500000,222300000,637200000,0.741361,0.0,0.0,0.0,56300000,509400000.00000006,731700000,-60171000,124100000,140549000,0.163524,127700000,0.148575,9700000.0,76600000,0.089122,12920000,63700000,0.074113,1.50591,1.50591,42300000,42300000,https://www.sec.gov/Archives/edgar/data/1057877/000105787706000035/a10k1.htm,https://www.sec.gov/Archives/edgar/data/1057877/000105787706000035/a10k1.htm
0,2004-12-31,IDA,2005-03-09 00:00:00,2005-03-09 10:19:25,FY,844500000,195600000,648900000,0.768384,0.0,0.0,-131000.0,56400000,555600000,751200000,-63139000,124200000,109261000,0.12938,93300000,0.11048,17100000,48200000,0.057075,-24800000,73000000,0.086442,1.90104,1.90104,38400000,38400000,https://www.sec.gov/Archives/edgar/data/1057877/000105787705000043/0001057877-05-000043-index.html,https://www.sec.gov/Archives/edgar/data/49648/000105787705000043/a10k1.htm
0,2003-12-31,IDA,2004-03-04 00:00:00,2004-03-04 09:15:10,FY,823000000,152200000,670800000,0.815067,0.0,24300000,19916000,61000000,586700000,738900000,-64932000,129100000,93049000,0.113061,84100000,0.102187,3900000.0,28900000,0.035115,-21119000,50000000,0.060753,1.3089,1.3089,38200000,38200000,https://www.sec.gov/Archives/edgar/data/1057877/000105787704000036/0001057877-04-000036-index.html,https://www.sec.gov/Archives/edgar/data/49648/000105787704000036/a10k1.htm
0,2002-12-31,IDA,2003-03-07 00:00:00,2003-03-07 13:29:38,FY,928800000,184200000,744600000,0.80168,0.0,28000000,46410000,56100000,658500000,842700000,-68579000,122800000,69374000,0.074692,86100000,0.0927,-7000000.0,15100000,0.016258,-51147000,66300000,0.071382,1.75862,1.75862,37700000,37700000,https://www.sec.gov/Archives/edgar/data/1057877/000105787703000012/0001057877-03-000012-index.html,https://www.sec.gov/Archives/edgar/data/49648/000105787703000012/a10k1.htm
0,2001-12-31,IDA,2002-03-22 00:00:00,2002-03-22 00:00:00,FY,5648000000,5062000000,586000000,0.103754,0.0,66000000,0.0,57000000,343000000,5405000000,-71000000,111000000,235000000,0.041608,243000000,0.043024,23000000,195000000,0.034525,65000000,130000000,0.023017,3.47594,3.47594,37400000,37400000,https://www.sec.gov/Archives/edgar/data/1057877/000105787702000005/0001057877-02-000005-index.html,https://www.sec.gov/Archives/edgar/data/1057877/000105787702000005/a10k.txt
0,2000-12-31,IDA,2001-03-16 00:00:00,2001-03-16 00:00:00,FY,1019400000,449500000,569900000,0.559054,0.0,0.0,0.0,61000000,308200000.00000006,757700000,-61000000,104000000,259600000,0.25466,261700000,0.25672,-600000.0,216600000,0.212478,70800000,145800000,0.143025,3.87766,3.87766,37600000,37600000,https://www.sec.gov/Archives/edgar/data/1057877/000105787701500004/0001057877-01-500004-index.html,https://www.sec.gov/Archives/edgar/data/49648/000105787701500004/a10k.txt
0,1999-12-31,IDA,,,FY,658300000,106300000,552000000,0.838523,0.0,0.0,0.0,21700000,379599999.99999994,485899999.99999994,-61600000,95400000,176400000,0.267963,172500000,0.262039,30100000,142600000,0.216619,45700000,96900000,0.147197,2.57713,2.57713,37600000,37600000,,
