,date,symbol,fillingDate,acceptedDate,period,revenue,costOfRevenue,grossProfit,grossProfitRatio,researchAndDevelopmentExpenses,generalAndAdministrativeExpenses,sellingAndMarketingExpenses,otherExpenses,operatingExpenses,costAndExpenses,interestExpense,depreciationAndAmortization,ebitda,ebitdaratio,operatingIncome,operatingIncomeRatio,totalOtherIncomeExpensesNet,incomeBeforeTax,incomeBeforeTaxRatio,incomeTaxExpense,netIncome,netIncomeRatio,eps,epsdiluted,weightedAverageShsOut,weightedAverageShsOutDil,link,finalLink
0,2019-12-31,ATP.TO,2019-12-31,2019-12-31,FY,281600000,149300000,132300000,0.4698153409090909,0.0,23900000,0.0,-2200000.0,0.0,237700000,45100000,64500000,103200000,0.3664772727272727,43900000,-0.12073863636363637,-32800000,-34000000,-0.12073863636363637,9800000.0,-43800000,-0.15553977272727273,-0.39,-0.39,109300000,109300000,https://www.sedar.com/ModifyCompanyDocumentSearchForm.do?lang=EN&company_search=Atlantic Power Corp&document_selection=0&industry_group=A&FromDate=13&FromMonth=05&FromYear=2000&ToDate=13&ToMonth=11&ToYear=2020&Variable=Issuer,https://www.sedar.com/ModifyCompanyDocumentSearchForm.do?lang=EN&company_search=Atlantic Power Corp&document_selection=0&industry_group=A&FromDate=13&FromMonth=05&FromYear=2000&ToDate=13&ToMonth=11&ToYear=2020&Variable=Issuer
0,2018-12-31,ATP.TO,2018-12-31,2018-12-31,FY,282300000,158100000,124200000,0.4399574920297556,0.0,23900000,0.0,7100000.0,0.0,265700000,54500000,83700000,150600000,0.5334750265674814,16600000,0.13248317392844491,75300000,37400000,0.13248317392844491,200000.0,37200000,0.13177470775770456,0.33,0.29,112000000,141800000,https://www.sedar.com/ModifyCompanyDocumentSearchForm.do?lang=EN&company_search=Atlantic Power Corp&document_selection=0&industry_group=A&FromDate=13&FromMonth=05&FromYear=2000&ToDate=13&ToMonth=11&ToYear=2020&Variable=Issuer,https://www.sedar.com/ModifyCompanyDocumentSearchForm.do?lang=EN&company_search=Atlantic Power Corp&document_selection=0&industry_group=A&FromDate=13&FromMonth=05&FromYear=2000&ToDate=13&ToMonth=11&ToYear=2020&Variable=Issuer
0,2017-12-31,ATP.TO,2017-12-31,2017-12-31,FY,431000000,194100000,236900000,0.5496519721577726,0.0,23600000,0.0,500000.0,0.0,330800000,81700000,113100000,159000000,0.3689095127610209,100200000,-0.3505800464037123,-169600000,-151100000,-0.3505800464037123,-58100000,-93000000,-0.21577726218097448,-0.86,-0.86,115100000,115100000,https://www.sedar.com/ModifyCompanyDocumentSearchForm.do?lang=EN&company_search=Atlantic Power Corp&document_selection=0&industry_group=A&FromDate=13&FromMonth=05&FromYear=2000&ToDate=13&ToMonth=11&ToYear=2020&Variable=Issuer,https://www.sedar.com/ModifyCompanyDocumentSearchForm.do?lang=EN&company_search=Atlantic Power Corp&document_selection=0&industry_group=A&FromDate=13&FromMonth=05&FromYear=2000&ToDate=13&ToMonth=11&ToYear=2020&Variable=Issuer
0,2016-12-31,ATP.TO,2016-12-31,2016-12-31,FY,399200000,254700000,144500000,0.36197394789579157,0.0,22600000,0.0,4300000.0,0.0,390800000,115200000,113500000,162100000,0.40606212424849697,8400000.0,-0.3218937875751503,-21700000,-128500000,-0.3218937875751503,-14600000,-113900000,-0.2853206412825651,-1.02,-1.02,119500000,119500000,https://www.sedar.com/ModifyCompanyDocumentSearchForm.do?lang=EN&company_search=Atlantic Power Corp&document_selection=0&industry_group=A&FromDate=13&FromMonth=05&FromYear=2000&ToDate=13&ToMonth=11&ToYear=2020&Variable=Issuer,https://www.sedar.com/ModifyCompanyDocumentSearchForm.do?lang=EN&company_search=Atlantic Power Corp&document_selection=0&industry_group=A&FromDate=13&FromMonth=05&FromYear=2000&ToDate=13&ToMonth=11&ToYear=2020&Variable=Issuer
0,2015-12-31,ATP.TO,2015-12-31,2015-12-31,FY,420200000,268600000,151600000,0.36078058067586866,1100000.0,29400000,0.0,5100000.0,0.0,409100000,115300000,110000000,173200000,0.4121846739647787,11100000,-0.27248929081389817,-10300000,-114500000,-0.27248929081389817,-30400000,-53600000,-0.1275583055687768,-0.51,-0.51,121900000,121900000,https://www.sedar.com/ModifyCompanyDocumentSearchForm.do?lang=EN&company_search=Atlantic Power Corp&document_selection=0&industry_group=A&FromDate=13&FromMonth=05&FromYear=2000&ToDate=13&ToMonth=11&ToYear=2020&Variable=Issuer,https://www.sedar.com/ModifyCompanyDocumentSearchForm.do?lang=EN&company_search=Atlantic Power Corp&document_selection=0&industry_group=A&FromDate=13&FromMonth=05&FromYear=2000&ToDate=13&ToMonth=11&ToYear=2020&Variable=Issuer
0,2014-12-31,ATP.TO,2014-12-31,2014-12-31,FY,569200000,340600000,228600000,0.4016163035839775,3700000.0,37900000,0.0,2800000.0,0.0,544800000,178600000,162600000,215600000,0.3787772312016866,24400000,-0.3408292340126493,-39800000,-194000000,-0.3408292340126493,-11900000,-165800000,-0.29128601546029514,-1.47,-1.47,120680272,120680272,https://www.sedar.com/ModifyCompanyDocumentSearchForm.do?lang=EN&company_search=Atlantic Power Corp&document_selection=0&industry_group=A&FromDate=13&FromMonth=05&FromYear=2000&ToDate=13&ToMonth=11&ToYear=2020&Variable=Issuer,https://www.sedar.com/ModifyCompanyDocumentSearchForm.do?lang=EN&company_search=Atlantic Power Corp&document_selection=0&industry_group=A&FromDate=13&FromMonth=05&FromYear=2000&ToDate=13&ToMonth=11&ToYear=2020&Variable=Issuer
0,2013-12-31,ATP.TO,2013-12-31,2013-12-31,FY,551700000,351100000,200600000,0.36360340764908466,7200000.0,35200000,0.0,11000000,0.0,560600000,138500000,167100000,205400000,0.37230378829073774,-8900000.0,-0.06724669204277688,110300000,-37100000,-0.06724669204277688,-19500000,-20400000,-0.036976617727025554,-0.28,-0.28,119900000,119900000,https://www.sedar.com/ModifyCompanyDocumentSearchForm.do?lang=EN&company_search=Atlantic Power Corp&document_selection=0&industry_group=A&FromDate=13&FromMonth=05&FromYear=2000&ToDate=13&ToMonth=11&ToYear=2020&Variable=Issuer,https://www.sedar.com/ModifyCompanyDocumentSearchForm.do?lang=EN&company_search=Atlantic Power Corp&document_selection=0&industry_group=A&FromDate=13&FromMonth=05&FromYear=2000&ToDate=13&ToMonth=11&ToYear=2020&Variable=Issuer
0,2012-12-31,ATP.TO,2012-12-31,2012-12-31,FY,440377000,293852000,146525000,0.33272627771205127,0.0,28267000,0.0,5212000.0,0.0,440150000,106306000,118031000,177892000,0.4039538849667444,227000.0,-0.32894996786844,-38783000,-144862000,-0.32894996786844,-28083000,-99727000,-0.22645823919051178,-0.97,-0.97,116426000,116426000,https://www.sedar.com/ModifyCompanyDocumentSearchForm.do?lang=EN&company_search=Atlantic Power Corp&document_selection=0&industry_group=A&FromDate=13&FromMonth=05&FromYear=2000&ToDate=13&ToMonth=11&ToYear=2020&Variable=Issuer,https://www.sedar.com/ModifyCompanyDocumentSearchForm.do?lang=EN&company_search=Atlantic Power Corp&document_selection=0&industry_group=A&FromDate=13&FromMonth=05&FromYear=2000&ToDate=13&ToMonth=11&ToYear=2020&Variable=Issuer
0,2011-12-31,ATP.TO,2011-12-31,2011-12-31,FY,284895000,93993000,190902000,0.6700784499552467,0.0,38108000,0.0,0.0,0.0,252571000,46051000,63638000,95962000,0.33683286824970604,32324000,-0.1543200126362344,-30238000,-43965000,-0.1543200126362344,-8324000.0,-35161000,-0.12341739939275874,-0.5,-0.5,77466000,77466000,https://www.sedar.com/ModifyCompanyDocumentSearchForm.do?lang=EN&company_search=Atlantic Power Corp&document_selection=0&industry_group=A&FromDate=13&FromMonth=05&FromYear=2000&ToDate=13&ToMonth=11&ToYear=2020&Variable=Issuer,https://www.sedar.com/ModifyCompanyDocumentSearchForm.do?lang=EN&company_search=Atlantic Power Corp&document_selection=0&industry_group=A&FromDate=13&FromMonth=05&FromYear=2000&ToDate=13&ToMonth=11&ToYear=2020&Variable=Issuer
0,2010-12-31,ATP.TO,2010-12-31,2010-12-31,FY,195256000,65553000,129703000,0.6642715204654402,0.0,20880000,0.0,0.0,0.0,153326000,29361000,40387000,96094000,0.49214364731429505,41930000,0.07717560535911829,2500000.0,15069000,0.07717560535911829,18924000,-3752000.0,-0.01921579874626132,-0.06,-0.06,61706000,74587000,https://www.sedar.com/ModifyCompanyDocumentSearchForm.do?lang=EN&company_search=Atlantic Power Corp&document_selection=0&industry_group=A&FromDate=13&FromMonth=05&FromYear=2000&ToDate=13&ToMonth=11&ToYear=2020&Variable=Issuer,https://www.sedar.com/ModifyCompanyDocumentSearchForm.do?lang=EN&company_search=Atlantic Power Corp&document_selection=0&industry_group=A&FromDate=13&FromMonth=05&FromYear=2000&ToDate=13&ToMonth=11&ToYear=2020&Variable=Issuer
0,2009-12-31,ATP.TO,2009-12-31,2009-12-31,FY,288281000,113458000,174823000,0.6064326126244879,0.0,34384000,0.0,0.0,0.0,250600000,79026000,55847000,96047000,0.3331714542408275,37681000,-0.2465927341725608,-29743000,-71088000,-0.2465927341725608,-46551000,-18273000,-0.06338607122911326,-0.3,-0.3,60632000,66203000,https://www.sedar.com/ModifyCompanyDocumentSearchForm.do?lang=EN&company_search=Atlantic Power Corp&document_selection=0&industry_group=A&FromDate=13&FromMonth=05&FromYear=2000&ToDate=13&ToMonth=11&ToYear=2020&Variable=Issuer,https://www.sedar.com/ModifyCompanyDocumentSearchForm.do?lang=EN&company_search=Atlantic Power Corp&document_selection=0&industry_group=A&FromDate=13&FromMonth=05&FromYear=2000&ToDate=13&ToMonth=11&ToYear=2020&Variable=Issuer
0,2008-12-31,ATP.TO,2008-12-31,2008-12-31,FY,334221000,133362000,200859000,0.6009765993160214,0.0,23379000,0.0,0.0,0.0,247395000,69748000,49267000,156227000,0.46743621735318847,86826000,0.36865128163700067,106133000,123211000,0.36865128163700067,12523000,110688000,0.3311820621684454,1.81,1.67,61290000,66350000,https://www.sedar.com/ModifyCompanyDocumentSearchForm.do?lang=EN&company_search=Atlantic Power Corp&document_selection=0&industry_group=A&FromDate=13&FromMonth=05&FromYear=2000&ToDate=13&ToMonth=11&ToYear=2020&Variable=Issuer,https://www.sedar.com/ModifyCompanyDocumentSearchForm.do?lang=EN&company_search=Atlantic Power Corp&document_selection=0&industry_group=A&FromDate=13&FromMonth=05&FromYear=2000&ToDate=13&ToMonth=11&ToYear=2020&Variable=Issuer
0,2007-12-31,ATP.TO,2007-12-31,2007-12-31,FY,306192730,109216595,196976135,0.6433076807538833,0.0,8185480.0,0.0,0.0,80658544,284716545,0.0,0.0,216862350,0.7082544056483641,21476185,-0.6433142583104439,-147197664,-196978149,-0.6433142583104439,-47773638,-149204511,-0.48728952839605305,-2.43,-2.43,61470500,61470500,https://www.sedar.com/ModifyCompanyDocumentSearchForm.do?lang=EN&company_search=Atlantic Power Corp&document_selection=0&industry_group=A&FromDate=13&FromMonth=05&FromYear=2000&ToDate=13&ToMonth=11&ToYear=2020&Variable=Issuer,https://www.sedar.com/ModifyCompanyDocumentSearchForm.do?lang=EN&company_search=Atlantic Power Corp&document_selection=0&industry_group=A&FromDate=13&FromMonth=05&FromYear=2000&ToDate=13&ToMonth=11&ToYear=2020&Variable=Issuer
0,2006-12-31,ATP.TO,2006-12-31,2006-12-31,FY,242857756,92150399,150707357,0.6205581385673349,0.0,6367070.0,0.0,0.0,6750795.0,189149283,0.0,0.0,87462443,0.3601385619325248,53708473,-0.007539631552883162,7950897.0,-1831058.0,-0.007539631552883162,576874.0,-2407932.0,-0.009914989085215792,-0.05,-0.05,46398368,46398368,https://www.sedar.com/ModifyCompanyDocumentSearchForm.do?lang=EN&company_search=Atlantic Power Corp&document_selection=0&industry_group=A&FromDate=13&FromMonth=05&FromYear=2000&ToDate=13&ToMonth=11&ToYear=2020&Variable=Issuer,https://www.sedar.com/ModifyCompanyDocumentSearchForm.do?lang=EN&company_search=Atlantic Power Corp&document_selection=0&industry_group=A&FromDate=13&FromMonth=05&FromYear=2000&ToDate=13&ToMonth=11&ToYear=2020&Variable=Issuer
0,2005-12-31,ATP.TO,2005-12-31,2005-12-31,FY,184700318,71345773,113354545,0.6137214392884802,0.0,5095021.0,0.0,0.0,6408977.0,149287986,0.0,0.0,56076190,0.3036063532927973,35412332,0.010992233375580869,16605899,2030269.0,0.010992233375580869,2539341.0,-509072.0,-0.0027562053249957047,0.01168,0.01168,36800000,36800000,https://www.sedar.com/ModifyCompanyDocumentSearchForm.do?lang=EN&company_search=Atlantic Power Corp&document_selection=0&industry_group=A&FromDate=13&FromMonth=05&FromYear=2000&ToDate=13&ToMonth=11&ToYear=2020&Variable=Issuer,https://www.sedar.com/ModifyCompanyDocumentSearchForm.do?lang=EN&company_search=Atlantic Power Corp&document_selection=0&industry_group=A&FromDate=13&FromMonth=05&FromYear=2000&ToDate=13&ToMonth=11&ToYear=2020&Variable=Issuer
0,2004-12-31,ATP.TO,2004-12-31,2004-12-31,FY,18490000,0.0,0.0,0.0,0.0,0.0,0.0,0.0,10997000,14576000,0.0,3579000.0,7609000.0,0.4115197404002163,3914000.0,0.0,0.0,0.0,0.0,0.0,-19894000,-1.0759329367225527,-0.57,-0.57,34901754,34901754,https://www.sedar.com/ModifyCompanyDocumentSearchForm.do?lang=EN&company_search=Atlantic Power Corp&document_selection=0&industry_group=A&FromDate=13&FromMonth=05&FromYear=2000&ToDate=13&ToMonth=11&ToYear=2020&Variable=Issuer,https://www.sedar.com/ModifyCompanyDocumentSearchForm.do?lang=EN&company_search=Atlantic Power Corp&document_selection=0&industry_group=A&FromDate=13&FromMonth=05&FromYear=2000&ToDate=13&ToMonth=11&ToYear=2020&Variable=Issuer
0,2002-12-31,ATP.TO,2002-12-31,2002-12-31,FY,155865.109159,133595.035285,22270.073874,0.1428804303552119,0.0,0.0,0.0,0.0,-666.323659,145433.872617,14144.609384,12505.160991,22973.23907,0.14739180047386166,10431.236542,-0.06484228543214296,-6430.118592,-10106.649897,-0.06484228543214296,-2214.303409,-7892.346488,-0.050635748632806045,-0.1588,-0.1588,49700.0,49700.0,https://www.sedar.com/ModifyCompanyDocumentSearchForm.do?lang=EN&company_search=Atlantic Power Corp&document_selection=0&industry_group=A&FromDate=13&FromMonth=05&FromYear=2000&ToDate=13&ToMonth=11&ToYear=2020&Variable=Issuer,https://www.sedar.com/ModifyCompanyDocumentSearchForm.do?lang=EN&company_search=Atlantic Power Corp&document_selection=0&industry_group=A&FromDate=13&FromMonth=05&FromYear=2000&ToDate=13&ToMonth=11&ToYear=2020&Variable=Issuer
0,2001-12-31,ATP.TO,2001-12-31,2001-12-31,FY,154259.475622,134730.335808,19529.139813,0.12659928820745206,0.0,0.0,0.0,0.0,-910.187314,150955.414013,13891.506175,17135.265518,22116.483875,0.14337196328343943,3304.061609,-0.13497137365499143,-10233.168758,-20820.613324,-0.13497137365499143,-3926.556866,-18995.841656,-0.12314213813709395,-0.483674,-0.483674,39288722,39288722,https://www.sedar.com/ModifyCompanyDocumentSearchForm.do?lang=EN&company_search=Atlantic Power Corp&document_selection=0&industry_group=A&FromDate=13&FromMonth=05&FromYear=2000&ToDate=13&ToMonth=11&ToYear=2020&Variable=Issuer,https://www.sedar.com/ModifyCompanyDocumentSearchForm.do?lang=EN&company_search=Atlantic Power Corp&document_selection=0&industry_group=A&FromDate=13&FromMonth=05&FromYear=2000&ToDate=13&ToMonth=11&ToYear=2020&Variable=Issuer
0,2000-12-31,ATP.TO,2000-12-31,2000-12-31,FY,168621540.513505,139610536.845615,29011003.667889,0.17204802885527837,0.0,0.0,0.0,0.0,0.0,153994664.888296,13682560.853618,14384128.042681,33387129.043014,0.1980003796747427,14626875.625208,-0.011481206100106446,-2880293.431144,-1935978.659553,-0.011481206100106446,401467.155719,-17144381.460487,-0.10167373283553827,-0.546849,-0.546849,31351220,31351220,https://www.sedar.com/ModifyCompanyDocumentSearchForm.do?lang=EN&company_search=Atlantic Power Corp&document_selection=0&industry_group=A&FromDate=13&FromMonth=05&FromYear=2000&ToDate=13&ToMonth=11&ToYear=2020&Variable=Issuer,https://www.sedar.com/ModifyCompanyDocumentSearchForm.do?lang=EN&company_search=Atlantic Power Corp&document_selection=0&industry_group=A&FromDate=13&FromMonth=05&FromYear=2000&ToDate=13&ToMonth=11&ToYear=2020&Variable=Issuer
0,1999-12-31,ATP.TO,1999-12-31,1999-12-31,FY,154331540.463845,128797994.932094,25533545.53175,0.1654460614791291,0.0,0.0,0.0,0.0,137399.625776,141982835.403534,11951696.09136,13047440.845664,27557946.048207,0.17856327984144596,12348705.060311,-0.024270433020316395,-4142702.2847,-3745693.31575,-0.024270433020316395,-838897.212652,-1721983.249674,-0.011157688470539216,-0.089759,-0.089759,19184615,19184615,https://www.sedar.com/ModifyCompanyDocumentSearchForm.do?lang=EN&company_search=Atlantic Power Corp&document_selection=0&industry_group=A&FromDate=13&FromMonth=05&FromYear=2000&ToDate=13&ToMonth=11&ToYear=2020&Variable=Issuer,https://www.sedar.com/ModifyCompanyDocumentSearchForm.do?lang=EN&company_search=Atlantic Power Corp&document_selection=0&industry_group=A&FromDate=13&FromMonth=05&FromYear=2000&ToDate=13&ToMonth=11&ToYear=2020&Variable=Issuer
