,date,symbol,fillingDate,acceptedDate,period,revenue,costOfRevenue,grossProfit,grossProfitRatio,researchAndDevelopmentExpenses,generalAndAdministrativeExpenses,sellingAndMarketingExpenses,otherExpenses,operatingExpenses,costAndExpenses,interestExpense,depreciationAndAmortization,ebitda,ebitdaratio,operatingIncome,operatingIncomeRatio,totalOtherIncomeExpensesNet,incomeBeforeTax,incomeBeforeTaxRatio,incomeTaxExpense,netIncome,netIncomeRatio,eps,epsdiluted,weightedAverageShsOut,weightedAverageShsOutDil,link,finalLink
0,2020-09-30,ATO,2020-11-13,2020-11-13 13:00:52,FY,2821137000,658854000,2162283000,0.7664579919372934,0.0,0.0,0.0,-7526000.0,0.0,1997038000,84474000,429828000,1249333000,0.44284733424856715,824099000,0.2647145459437099,4239000.0,746796000,0.2647145459437099,145353000,601443000,0.2131917024944198,0.0,0.0,0.0,0.0,https://www.sec.gov/Archives/edgar/data/731802/000073180220000040/0000731802-20-000040-index.htm,https://www.sec.gov/Archives/edgar/data/731802/000073180220000040/ato202093010-k.htm
0,2019-09-30,ATO,2019-11-12,2019-11-12 12:40:29,FY,2901848000,858837000,2043011000,0.704037909635515,0.0,0.0,0.0,-1801000.0,0.0,2155790000,103153000,391456000,1139873000,0.3928093408062724,746058000,0.22410167589756597,3244000.0,650309000,0.22410167589756597,138903000,511406000,0.17623459257686827,4.36,4.35,117200000,117461000,https://www.sec.gov/Archives/edgar/data/731802/000073180219000037/0000731802-19-000037-index.htm,https://www.sec.gov/Archives/edgar/data/731802/000073180219000037/ato201993010-k.htm
0,2018-09-30,ATO,2018-11-13,2018-11-13 07:30:41,FY,3115546000,1167848000,1947698000,0.6251546277923677,0.0,0.0,0.0,-5344000.0,0.0,2392412000,106646000,361083000,1078873000,0.34628697505990924,723134000,0.1961595174649965,-5344000.0,611144000,0.1961595174649965,8080000.0,603064000,0.19356607156498412,5.43,5.43,111012000,111012000,https://www.sec.gov/Archives/edgar/data/731802/000073180218000039/0000731802-18-000039-index.htm,https://www.sec.gov/Archives/edgar/data/731802/000073180218000039/ato201893010-k.htm
0,2017-09-30,ATO,2017-11-13,2017-11-13 12:51:18,FY,2759735000,925536000,1834199000,0.6646286690569928,0.0,0.0,0.0,-3270000.0,0.0,2032189000,120182000,319448000,1043909000,0.3782642173976849,727546000,0.2188956548364245,-3270000.0,604094000,0.2188956548364245,221383000,396421000,0.14364458906380503,3.73,3.73,106100000,106100000,https://www.sec.gov/Archives/edgar/data/731802/000073180217000041/0000731802-17-000041-index.htm,https://www.sec.gov/Archives/edgar/data/731802/000073180217000041/ato2017093010-k.htm
0,2016-09-30,ATO,2016-11-14,2016-11-14 15:32:24,FY,3349949000,1605053000,1744896000,0.5208724073112755,0.0,0.0,0.0,-1593000.0,0.0,2681931000,115948000,293096000,959521000,0.28642853965836496,668018000,0.16432399418618016,-1593000.0,550477000,0.16432399418618016,200373000,350104000,0.10451024776795109,3.38,3.38,103524000,103524000,https://www.sec.gov/Archives/edgar/data/731802/000073180216000066/0000731802-16-000066-index.htm,https://www.sec.gov/Archives/edgar/data/731802/000073180216000066/ato2016093010-k.htm
0,2015-09-30,ATO,2015-11-06,2015-11-06 15:32:20,FY,4142136000,2462119000,1680017000,0.4055919457980134,0.0,0.0,0.0,-4389000.0,0.0,3510741000,116241000,274796000,903011000,0.21800612051366736,631395000,0.12330956781718418,-4389000.0,510765000,0.12330956781718418,195690000,315075000,0.07606582690669741,3.09,3.09,101892000,101892000,https://www.sec.gov/Archives/edgar/data/731802/000073180215000030/0000731802-15-000030-index.htm,https://www.sec.gov/Archives/edgar/data/731802/000073180215000030/ato2015093010-k.htm
0,2014-09-30,ATO,2014-11-06,2014-11-06 15:28:29,FY,4940916000,3358490000,1582426000,0.3202697637442126,0.0,0.0,0.0,-5235000.0,0.0,4329567000,129295000,253987000,861070000,0.17427335336200817,611349000,0.09650417048174872,-5235000.0,476819000,0.09650417048174872,187002000,289817000,0.0586565325134044,2.96,2.96,97606000,97608000,https://www.sec.gov/Archives/edgar/data/731802/000073180214000034/0000731802-14-000034-index.htm,https://www.sec.gov/Archives/edgar/data/731802/000073180214000034/ato2014093010-k.htm
0,2013-09-30,ATO,2013-11-13,2013-11-13 09:26:25,FY,3886257000,2474207000,1412050000,0.3633444725863472,0.0,0.0,0.0,-197000.0,0.0,3384378000,128385000,235079000,739289000,0.1902316290456344,501879000,0.09605566487239521,-197000.0,373297000,0.09605566487239521,142599000,243194000,0.06257795096927454,2.68,2.64,90533000,91711000,https://www.sec.gov/Archives/edgar/data/731802/000073180213000017/0000731802-13-000017-index.htm,https://www.sec.gov/Archives/edgar/data/731802/000073180213000017/ato0930201310-k.htm
0,2012-09-30,ATO,2012-11-13,2012-11-13 12:21:41,FY,3438483000,2114744000,1323739000,0.38497761949092085,0.0,0.0,0.0,-14644000,0.0,2986955000,141174000,237525000,683461000,0.19876817771092659,451528000,0.08446224686874997,-19932000,290422000,0.08446224686874997,98226000,216717000,0.06302692204672816,2.39,2.37,90150000,91172000,https://www.sec.gov/Archives/edgar/data/731802/000119312512466518/0001193125-12-466518-index.htm,https://www.sec.gov/Archives/edgar/data/731802/000119312512466518/d434993d10k.htm
0,2011-09-30,ATO,2011-11-22,2011-11-22 17:26:01,FY,4347634000,3020393000,1327241000,0.3052789172225629,0.0,449290000,0.0,0.0,0.0,3875465000,150825000,227099000,705552000,0.16228412971285072,472169000,0.071894966319612,-8771000.0,312573000,0.071894966319612,113689000,207601000,0.04775033961000397,2.28,2.27,90201000,90652000,https://www.sec.gov/Archives/edgar/data/731802/000095012311100074/0000950123-11-100074-index.htm,https://www.sec.gov/Archives/edgar/data/731802/000095012311100074/d85572e10vk.htm
0,2010-09-30,ATO,2010-11-12,2010-11-12 17:06:47,FY,4789690000,3424749000,1364941000,0.28497481047833995,0.0,0.0,0.0,0.0,0.0,4300254000,154471000,216960000,706569000,0.14751873294513843,489436000,0.06986381164543008,-339000.0,334626000,0.06986381164543008,128787000,205839000,0.04297543264804194,2.22,2.2,91852000,92422000,https://www.sec.gov/Archives/edgar/data/731802/000095012310105040/0000950123-10-105040-index.htm,https://www.sec.gov/Archives/edgar/data/731802/000095012310105040/d77592e10vk.htm
0,2009-09-30,ATO,2009-11-16,2009-11-16 17:24:06,FY,4969080000,3622378000,1346702000,0.27101636520241174,0.0,0.0,0.0,0.0,0.0,4516296000,152830000,217208000,670086000,0.13485111932188654,452784000,0.058616283094657363,-8685000.0,291269000,0.058616283094657363,100291000,190978000,0.038433271350028574,2.1,2.08,91117000,92024000,https://www.sec.gov/Archives/edgar/data/731802/000095012309063189/0000950123-09-063189-index.htm,https://www.sec.gov/Archives/edgar/data/731802/000095012309063189/d70086e10vk.htm
0,2008-09-30,ATO,2008-11-19,2008-11-19 15:35:56,FY,7221305000,5896583000,1324722000,0.18344634383951378,0.0,0.0,0.0,0.0,3396000.0,6793410000,0.0,0.0,625753000,0.08665372810039183,427895000,0.0405333938948708,2731000.0,292704000,0.0405333938948708,112373000,180331000,0.02497207914635928,2.02,2.0,89385000,90272000,https://www.sec.gov/Archives/edgar/data/731802/000095013408020908/0000950134-08-020908-index.htm,https://www.sec.gov/Archives/edgar/data/731802/000095013408020908/d65248e10vk.htm
0,2007-09-30,ATO,2007-11-29,2007-11-29 12:40:21,FY,5898431000,4647557000,1250874000,0.21206893833292279,0.0,0.0,0.0,0.0,7136000.0,5499795000,0.0,0.0,588507000,0.09977348213448627,398636000,0.044517601375687874,9184000.0,262584000,0.044517601375687874,94092000,168492000,0.028565562604699453,1.94,1.92,86975000,87745000,https://www.sec.gov/Archives/edgar/data/731802/000095013407024659/0000950134-07-024659-index.htm,https://www.sec.gov/Archives/edgar/data/731802/000095013407024659/d51644e10vk.htm
0,2006-09-30,ATO,2006-11-22,2006-11-22 14:39:03,FY,6152363000,4934955000,1217408000,0.1978764907077167,0.0,0.0,0.0,0.0,23785000,5769747000,0.0,0.0,567702000,0.09227381414263106,382616000,0.038503904922385104,881000.0,236890000,0.038503904922385104,89153000,147737000,0.024013049945199916,1.83,1.82,80731000,81390000,https://www.sec.gov/Archives/edgar/data/731802/000095013406022105/0000950134-06-022105-index.htm,https://www.sec.gov/Archives/edgar/data/731802/000095013406022105/d41478e10vk.htm
0,2005-09-30,ATO,2005-11-18,2005-11-18 16:24:58,FY,4973326000,3844236000,1129090000,0.22702915513682392,0.0,0.0,0.0,0.0,0.0,4624671000,0.0,0.0,524639000,0.10549057109869733,348655000,0.04383746410349935,2021000.0,218018000,0.04383746410349935,82233000,135785000,0.027302654199624157,1.73,1.72,78508000,79012000,https://www.sec.gov/Archives/edgar/data/731802/000095013405021927/0000950134-05-021927-index.htm,https://www.sec.gov/Archives/edgar/data/731802/000095013405021927/d30531e10vk.htm
0,2004-09-30,ATO,2004-11-19,2004-11-19 15:10:47,FY,2920037000,2357846000,562191000,0.19252872480725416,0.0,0.0,0.0,0.0,0.0,2726342000,0.0,0.0,282300000,0.09667685717680975,193695000,0.0471791967019596,9507000.0,137765000,0.0471791967019596,51538000,86227000,0.02952942034638602,1.6,1.58,54021000,54416000,https://www.sec.gov/Archives/edgar/data/731802/000095013404017924/0000950134-04-017924-index.htm,https://www.sec.gov/Archives/edgar/data/731802/000095013404017924/d20385e10vk.htm
0,2003-09-30,ATO,,,FY,2799916000,2264940000,534976000,0.19106858920053316,0.0,0.0,0.0,0.0,0.0,2612076000,0.0,0.0,274843000,0.0981611591204879,187840000,0.04513385401562047,2191000.0,126371000,0.04513385401562047,46910000,71688000,0.025603625251614692,1.55,1.54,46319000,46496000,,
0,2002-09-30,ATO,,,FY,950849000,558247000,392602000,0.41289626428591714,0.0,0.0,0.0,0.0,-38538000,795518000,0.0,0.0,240573000,0.2530086270270043,155331000,0.09973823393619807,-1321000.0,94836000,0.09973823393619807,35180000,59656000,0.06273971997656831,1.45,1.45,41171000,41250000,,
0,2001-09-30,ATO,,,FY,1442275000,1067555000,374720000,0.2598117557331299,0.0,0.0,0.0,0.0,-488000.0,1311994000,0.0,0.0,194563000,0.13490007106827756,130281000,0.06202561924736961,6188000.0,89458000,0.06202561924736961,33368000,56090000,0.038889948172158566,1.47,1.47,38156000,38247000,,
0,2000-09-30,ATO,,,FY,850152000,524446000,325706000,0.38311501943181925,0.0,0.0,0.0,0.0,0.0,764836000,0.0,0.0,134427000,0.15812113598509442,85316000,0.06614934741081595,14744000,56237000,0.06614934741081595,20319000,35918000,0.0422489154880539,1.14,1.14,31461000,31594000,,
0,1999-09-30,ATO,,,FY,690200000,390400000,299800000,0.4343668501883512,0.0,0.0,0.0,0.0,3300000.0,636100000,0.0,0.0,108800000,0.15763546798029557,54100000,0.03955375253549696,2200000.0,27300000,0.03955375253549696,9600000.0,17700000,0.025644740654882644,0.58,0.58,30566000,30819000,,
0,1998-09-30,ATO,,,FY,848200000,516400000,331800000,0.3911813251591606,0.0,0.0,0.0,0.0,0.0,735400000,0.0,0.0,156100000,0.18403678377741098,112800000,0.10268804527234143,4300000.0,87100000,0.10268804527234143,31800000,55300000,0.06519688752652676,1.85,1.84,29822000,30031000,,
0,1997-09-30,ATO,1997-12-22 00:00:00,1997-12-22 00:00:00,FY,906800000,577200000,329600000,0.3634759594177327,0.0,0.0,0.0,0.0,5300000.0,840300000,0.0,0.0,106800000,0.11777679752977503,66500000,0.04201588001764446,-300000.0,38100000,0.04201588001764446,14300000,23800000,0.026246140273489194,0.81,0.81,29409000,29409000,https://www.sec.gov/Archives/edgar/data/731802/000093066197002911/0000930661-97-002911-index.html,https://www.sec.gov/Archives/edgar/data/731802/0000930661-97-002911.txt
0,1996-09-30,ATO,,,FY,483700000,306700000,177000000,0.3659292950175729,0.0,0.0,0.0,0.0,0.0,431400000,0.0,0.0,73500000,0.15195369030390737,52300000,0.07690717386810006,-400000.0,37200000,0.07690717386810006,13300000,23900000,0.0494107918131073,1.51,1.51,15892000,15892000,,
0,1995-09-30,ATO,,,FY,435800000,268800000,167000000,0.38320330426801286,0.0,0.0,0.0,0.0,0.0,393800000,0.0,0.0,62900000,0.14433226250573658,42000000,0.06539697108765488,-200000.0,28500000,0.06539697108765488,9600000.0,18900000,0.04336851766865535,1.22,1.22,15416000,15416000,,
0,1994-09-30,ATO,1994-12-15 00:00:00,1994-12-15 00:00:00,FY,499800000,331600000,168200000,0.33653461384553823,0.0,0.0,0.0,0.0,0.0,465200000,0.0,0.0,53100000,0.10624249699879952,34600000,0.04561824729891957,300000.0,22800000,0.04561824729891957,8100000.0,14700000,0.029411764705882353,0.97,0.97,15195000,15195000,https://www.sec.gov/Archives/edgar/data/731802/000073180294000018/0000731802-94-000018-index.html,https://www.sec.gov/Archives/edgar/data/731802/0000731802-94-000018.txt
