,date,symbol,fillingDate,acceptedDate,period,revenue,costOfRevenue,grossProfit,grossProfitRatio,researchAndDevelopmentExpenses,generalAndAdministrativeExpenses,sellingAndMarketingExpenses,otherExpenses,operatingExpenses,costAndExpenses,interestExpense,depreciationAndAmortization,ebitda,ebitdaratio,operatingIncome,operatingIncomeRatio,totalOtherIncomeExpensesNet,incomeBeforeTax,incomeBeforeTaxRatio,incomeTaxExpense,netIncome,netIncomeRatio,eps,epsdiluted,weightedAverageShsOut,weightedAverageShsOutDil,link,finalLink
0,2019-12-31,DTE,2020-02-05 00:00:00,2020-02-05 15:13:51,FY,12669000000,0.0,0.0,0.45923119425369013,0.0,0.0,0.0,414000000,10962000000,10962000000,641000000,1263000000,3225000000,0.254558,1707000000,0.134738,69000000,1324000000,0.104507,152000000,1169000000,0.092272,6.31892,6.31892,185000000,185000000,https://www.sec.gov/Archives/edgar/data/28385/000093634020000127/0000936340-20-000127-index.html,https://www.sec.gov/Archives/edgar/data/28385/000093634020000127/dteenergy2019123110k.htm
0,2018-12-31,DTE,2019-02-07,2019-02-07 12:52:11,FY,14212000000,0.0,0.0,1.0,0.0,0.0,0.0,405000000,12618000000,12618000000,559000000,1124000000,2880000000,0.202646,1594000000,0.112159,3000000.0,1216000000,0.085561,77000000,1120000000,0.078807,6.18785,6.18785,181000000,181000000,https://www.sec.gov/Archives/edgar/data/936340/000093634019000086/dteenergy2018123110k.htm,https://www.sec.gov/Archives/edgar/data/936340/000093634019000086/dteenergy2018123110k.htm
0,2017-12-31,DTE,2018-02-16,2018-02-16 11:02:58,FY,12607000000,0.0,0.0,1.0,0.0,0.0,0.0,391000000,10896000000,10896000000,536000000,1030000000,2980000000,0.236377,1711000000,0.135718,-51000000,1287000000,0.102086,280000000,1134000000,0.08995,6.3352,6.3352,179000000,179000000,https://www.sec.gov/Archives/edgar/data/936340/000093634018000082/dteenergy2017123110k.htm,https://www.sec.gov/Archives/edgar/data/936340/000093634018000082/dteenergy2017123110k.htm
0,2016-12-31,DTE,2017-02-09,2017-02-09 14:04:11,FY,10630000000,0.0,0.0,1.0,0.0,0.0,0.0,370000000,9144000000,9144000000,472000000,976000000,2587000000,0.243368,1486000000,0.139793,71000000,1105000000,0.103951,271000000,868000000,0.081656,4.84916,4.84916,179000000,179000000,https://www.sec.gov/Archives/edgar/data/936340/000093634017000064/dteenergy2016123110k.htm,https://www.sec.gov/Archives/edgar/data/936340/000093634017000064/dteenergy2016123110k.htm
0,2015-12-31,DTE,2016-02-10,2016-02-10 15:39:15,FY,10337000000,0.0,0.0,1.0,0.0,0.0,0.0,364000000,9098000000,9098000000,450000000,852000000,2259000000,0.218535,1239000000,0.119861,148000000,950000000,0.091903,230000000,727000000,0.07033,4.06145,4.06145,179000000,179000000,https://www.sec.gov/Archives/edgar/data/936340/000093634016000243/dteenergy2015123110k.htm,https://www.sec.gov/Archives/edgar/data/936340/000093634016000243/dteenergy2015123110k.htm
0,2014-12-31,DTE,2015-02-13,2015-02-13 15:27:38,FY,12301000000,0.0,0.0,1.0,0.0,0.0,0.0,352000000,10711000000,10711000000,429000000,1145000000,2843000000,0.231119,1590000000,0.129258,104000000,1275000000,0.10365,364000000,905000000,0.073571,5.11299,5.11299,177000000,177000000,https://www.sec.gov/Archives/edgar/data/936340/000093634015000014/dteenergy2014123110k.htm,https://www.sec.gov/Archives/edgar/data/936340/000093634015000014/dteenergy2014123110k.htm
0,2013-12-31,DTE,2014-02-14,2014-02-14 15:54:03,FY,9661000000,0.0,0.0,1.0,0.0,0.0,0.0,340000000,8458000000,8458000000,436000000,1094000000,2445000000,0.253079,1203000000,0.124521,146000000,922000000,0.095435,254000000,661000000,0.068419,3.77714,3.77714,175000000,175000000,https://www.sec.gov/Archives/edgar/data/936340/000093634014000014/dteenergy2013123110k.htm,https://www.sec.gov/Archives/edgar/data/936340/000093634014000014/dteenergy2013123110k.htm
0,2012-12-31,DTE,2013-02-20 00:00:00,2013-02-20 17:30:10,FY,8791000000,0.0,0.0,1.0,0.0,0.0,0.0,332000000,7512000000,7512000000,440000000,1018000000,2354000000,0.267774,1279000000,0.14549,111000000,960000000,0.109203,286000000,610000000,0.069389,3.54651,3.54651,172000000,172000000,https://www.sec.gov/Archives/edgar/data/936340/000093634013000028/0000936340-13-000028-index.html,https://www.sec.gov/Archives/edgar/data/936340/000093634013000028/dteenergy2012123110k.htm
0,2011-12-31,DTE,2012-02-16 00:00:00,2012-02-16 17:18:05,FY,8897000000,0.0,0.0,0.6024502641339777,0.0,0.0,0.0,313000000,7474000000,7474000000,494000000,995000000,2467000000,0.277284,1423000000,0.159942,48000000,987000000,0.110936,267000000,711000000,0.079915,4.18235,4.18235,170000000,170000000,https://www.sec.gov/Archives/edgar/data/936340/000093634012000004/0000936340-12-000004-index.html,https://www.sec.gov/Archives/edgar/data/936340/000093634012000004/dteenergy2011123110k.htm
0,2010-12-31,DTE,2011-02-18,2011-02-18 17:12:00,FY,8557000000,0.0,0.0,0.6272057964239803,0.0,0.0,0.0,308000000,7093000000,7093000000,549000000,1027000000,2517000000,0.294145,1464000000,0.171088,23000000,950000000,0.11102,311000000,630000000,0.073624,3.72781,3.72781,169000000,169000000,https://www.sec.gov/Archives/edgar/data/936340/000095012311015771/k49859e10vk.htm,https://www.sec.gov/Archives/edgar/data/936340/000095012311015771/k49859e10vk.htm
0,2009-12-31,DTE,2010-02-23 00:00:00,2010-02-23 17:23:23,FY,8014000000,0.0,0.0,0.6109308709757924,0.0,0.0,0.0,275000000,6765000000,6765000000,545000000,1020000000,2344000000,0.292488,1249000000,0.155852,59000000,782000000,0.097579,247000000,532000000,0.066384,3.2439,3.2439,164000000,164000000,https://www.sec.gov/Archives/edgar/data/936340/000095012310015829/0000950123-10-015829-index.html,https://www.sec.gov/Archives/edgar/data/936340/000095012310015829/k48696e10vk.htm
0,2008-12-31,DTE,2009-02-27 00:00:00,2009-02-27 16:38:46,FY,9329000000,0.0,0.0,0.5384285561153392,0.0,0.0,0.0,304000000,8066000000,8066000000,503000000,899000000,2236000000,0.239683,1263000000,0.135384,40000000,819000000,0.087791,288000000,546000000,0.058527,3.34969,3.34969,163000000,163000000,https://www.sec.gov/Archives/edgar/data/936340/000095015209001957/0000950152-09-001957-index.html,https://www.sec.gov/Archives/edgar/data/936340/000095015209001957/k47322e10vk.htm
0,2007-12-31,DTE,2008-03-07,2008-03-07 16:47:25,FY,8506000000,0.0,0.0,0.5822948506936281,0.0,0.0,0.0,357000000,6871000000,6871000000,533000000,926000000,2794000000,0.328474,1635000000,0.192217,28000000,1155000000,0.135787,364000000,971000000,0.114155,5.71176,5.71176,170000000,170000000,https://www.sec.gov/Archives/edgar/data/936340/000095012408001093/k23278e10vk.htm,https://www.sec.gov/Archives/edgar/data/936340/000095012408001093/k23278e10vk.htm
0,2006-12-31,DTE,2007-03-01,2007-03-01 17:20:45,FY,9022000000,0.0,0.0,0.6612724451341166,0.0,0.0,0.0,321000000,8194000000,8194000000,526000000,1014000000,2110000000,0.233873,828000000,0.091776,-25000000,324000000,0.035912,137000000,433000000,0.047994,2.43258,2.43258,178000000,178000000,https://www.sec.gov/Archives/edgar/data/936340/000095012407001240/k12582e10vk.htm,https://www.sec.gov/Archives/edgar/data/936340/000095012407001240/k12582e10vk.htm
0,2005-12-31,DTE,2006-03-08,2006-03-08 09:20:35,FY,9022000000,0.0,0.0,0.608734205275992,0.0,0.0,0.0,274000000,8076000000,8076000000,519000000,872000000,2130000000,0.23609,946000000,0.104855,13000000,497000000,0.055088,202000000,537000000,0.059521,3.05114,3.05114,176000000,176000000,https://www.sec.gov/Archives/edgar/data/936340/000095012406001039/k01978e10vk.htm,https://www.sec.gov/Archives/edgar/data/936340/000095012406001039/k01978e10vk.htm
0,2004-12-31,DTE,2005-03-15,2005-03-15 17:27:54,FY,7114000000,0.0,0.0,1.0,0.0,0.0,0.0,312000000,6268000000,6268000000,518000000,744000000,1858000000,0.261175,846000000,0.11892,13000000,396000000,0.055665,165000000,431000000,0.060585,2.49133,2.49133,173000000,173000000,https://www.sec.gov/Archives/edgar/data/936340/000095012405001542/k91838e10vk.htm,https://www.sec.gov/Archives/edgar/data/936340/000095012405001542/k91838e10vk.htm
0,2003-12-31,DTE,2004-03-03,2004-03-02 21:46:08,FY,7041000000,0.0,0.0,0.6817213463996591,0.0,0.0,0.0,334000000,6294000000,6294000000,546000000,691000000,1635000000,0.232211,747000000,0.106093,28000000,357000000,0.050703,-123000000,521000000,0.073995,3.10119,3.10119,168000000,168000000,https://www.sec.gov/Archives/edgar/data/936340/000095012404000639/k81862e10vk.htm,https://www.sec.gov/Archives/edgar/data/936340/000095012404000639/k81862e10vk.htm
0,2002-12-31,DTE,2003-03-24,2003-03-24 15:48:08,FY,6749000000,0.0,0.0,0.0,0.0,0.0,0.0,370000000,5644000000,5644000000,115000000,759000000,1447000000,0.214402,1105000000,0.163728,-13000000,573000000,0.084901,-59000000,632000000,0.093644,3.8303,3.8303,165000000,165000000,https://www.sec.gov/Archives/edgar/data/936340/000095012403000824/k74326e10vk.htm,https://www.sec.gov/Archives/edgar/data/936340/000095012403000824/k74326e10vk.htm
0,2001-12-31,DTE,2002-03-29,2002-03-29 00:00:00,FY,7849000000,0.0,0.0,0.0,0.0,0.0,0.0,312000000,7153000000,7153000000,115000000,795000000,1132000000,0.144222,696000000,0.088674,-9000000.0,219000000,0.027902,-110000000,332000000,0.042298,2.15584,2.15584,154000000,154000000,https://www.sec.gov/Archives/edgar/data/936340/000095012402001121/k68272e10-k405.htm,https://www.sec.gov/Archives/edgar/data/936340/000095012402001121/k68272e10-k405.htm
0,2000-12-31,DTE,,,FY,5597000000,0.0,0.0,0.0,0.0,0.0,0.0,296000000,4767000000,4767000000,-336000000,758000000,899000000,0.160622,830000000,0.148294,-17000000,477000000,0.085224,9000000.0,468000000,0.083616,3.27273,3.27273,143000000,143000000,,
0,1999-12-31,DTE,,,FY,4728000000,0.0,0.0,0.0,0.0,0.0,0.0,277000000,3827000000,3827000000,-340000000,735000000,938000000,0.198393,901000000,0.190567,-18000000,543000000,0.114848,60000000,483000000,0.102157,3.33103,3.33103,145000000,145000000,,
0,1998-12-31,DTE,,,FY,4221000000,0.0,0.0,0.0,0.0,0.0,0.0,272000000,3284000000,3284000000,-319000000,661000000,945000000,0.223881,937000000,0.221985,-15000000,603000000,0.142857,154000000,449000000,0.106373,3.09655,3.09655,145000000,145000000,,
0,1997-12-31,DTE,,,FY,3764000000,0.0,0.0,0.0,0.0,0.0,0.0,287000000,2763000000,2763000000,-297000000,660000000,1049000000,0.278693,1001000000,0.26594,-18000000,686000000,0.182253,257000000,429000000,0.113974,2.95862,2.95862,145000000,145000000,,
0,1996-12-31,DTE,,,FY,3645000000,0.0,0.0,0.0,0.0,0.0,0.0,260000000,2809000000,2809000000,-287000000,526600000,787600000,0.216077,837000000,0.22963,-2000000.0,548000000,0.150343,223000000,325000000,0.089163,2.24138,2.24138,145000000,145000000,,
