,date,symbol,reportedCurrency,fillingDate,acceptedDate,period,revenue,costOfRevenue,grossProfit,grossProfitRatio,researchAndDevelopmentExpenses,generalAndAdministrativeExpenses,sellingAndMarketingExpenses,otherExpenses,operatingExpenses,costAndExpenses,interestExpense,depreciationAndAmortization,ebitda,ebitdaratio,operatingIncome,operatingIncomeRatio,totalOtherIncomeExpensesNet,incomeBeforeTax,incomeBeforeTaxRatio,incomeTaxExpense,netIncome,netIncomeRatio,eps,epsdiluted,weightedAverageShsOut,weightedAverageShsOutDil,link,finalLink,timestamp,est_time,est_date
0,2020-12-31,TGR.DE,USD,2020-12-31,2020-12-31,FY,5652000000,2965000000,2687000000,0.4754069355980184,0.0,1064000000.0,0.0,-168000000.0,0.0,4029000000,543000000.0,146000000,1769000000,0.31298655343241333,1623000000,0.28715498938428874,-60000000.0,1020000000,0.18046709129511676,116000000,904000000,0.1599433828733192,2.99,2.94,302000000,307000000,,,1620598763,18:19:23,20210509
1,2019-12-31,TGR.DE,USD,2019-12-31,2019-12-31,FY,5597000000,2783000000,2814000000,0.5027693407182419,0.0,917000000.0,1368000000.0,-4000000.0,0.0,3700000000,486000000.0,112000000,2009000000,0.3589422905127747,1897000000,0.338931570484188,-38000000.0,1373000000,0.2453099874933,79000000,1294000000,0.23119528318742183,4.23,4.14,306000000,313000000,https://www.bundesanzeiger.de/pub/de/suche;wwwsid=627BFD7A56A5CB624C47FDDEAB2FC509.web07-pub?0,https://www.bundesanzeiger.de/pub/de/suche;wwwsid=627BFD7A56A5CB624C47FDDEAB2FC509.web07-pub?0,1620598763,18:19:23,20210509
2,2018-12-31,TGR.DE,USD,2018-12-31,2018-12-31,FY,5688000000,3030000000,2658000000,0.46729957805907174,0.0,895000000.0,1208000000.0,-14000000.0,895000000.0,3925000000,452000000.0,137000000,1900000000,0.3340365682137834,1763000000,0.3099507735583685,528000000.0,1839000000,0.32331223628691985,297000000,1542000000,0.27109704641350213,4.8,4.69,322000000,329000000,https://www.bundesanzeiger.de/pub/de/suche;wwwsid=627BFD7A56A5CB624C47FDDEAB2FC509.web07-pub?0,https://www.bundesanzeiger.de/pub/de/suche;wwwsid=627BFD7A56A5CB624C47FDDEAB2FC509.web07-pub?0,1620598763,18:19:23,20210509
3,2017-12-31,TGR.DE,USD,2017-12-31,2017-12-31,FY,5878000000,3191000000,2687000000,0.4571282749234433,0.0,999000000.0,0.0,-47000000.0,999000000.0,4190000000,440000000.0,253000000,1941000000,0.3302143586253828,1688000000,0.2871725076556652,1026000000.0,2274000000,0.3868662810479755,934000000,1340000000,0.22796869683565837,3.86,3.77,347000000,355000000,https://www.bundesanzeiger.de/pub/de/suche;wwwsid=627BFD7A56A5CB624C47FDDEAB2FC509.web07-pub?0,https://www.bundesanzeiger.de/pub/de/suche;wwwsid=627BFD7A56A5CB624C47FDDEAB2FC509.web07-pub?0,1620598763,18:19:23,20210509
4,2016-12-31,TGR.DE,USD,2016-12-31,2016-12-31,FY,6366000000,3700000000,2666000000,0.4187873075714735,0.0,1161000000.0,0.0,-35000000.0,1161000000.0,4861000000,307000000.0,309000000,1814000000,0.2849513038014452,1505000000,0.23641218975808986,120000000.0,1318000000,0.20703738611372918,324000000,1619000000,0.25431982406534714,4.17,4.1,394000000,400000000,https://www.bundesanzeiger.de/pub/de/suche;wwwsid=627BFD7A56A5CB624C47FDDEAB2FC509.web07-pub?0,https://www.bundesanzeiger.de/pub/de/suche;wwwsid=627BFD7A56A5CB624C47FDDEAB2FC509.web07-pub?0,1620598763,18:19:23,20210509
5,2015-12-31,TGR.DE,USD,2015-12-31,2015-12-31,FY,13105000000,9601000000,3504000000,0.2673788630293781,0.0,1504000000.0,0.0,10000000.0,1504000000.0,11105000000,134000000.0,747000000,2747000000,0.20961465089660436,2000000000,0.15261350629530712,-79000000.0,1787000000,0.1363601678748569,489000000,1293000000,0.09866463181991607,2.97,2.92,436000000,443000000,https://www.bundesanzeiger.de/pub/de/suche;wwwsid=627BFD7A56A5CB624C47FDDEAB2FC509.web07-pub?0,https://www.bundesanzeiger.de/pub/de/suche;wwwsid=627BFD7A56A5CB624C47FDDEAB2FC509.web07-pub?0,1620598763,18:19:23,20210509
6,2014-12-31,TGR.DE,USD,2014-12-31,2014-12-31,FY,13279000000,9842000000,3437000000,0.2588297311544544,0.0,1419000000.0,0.0,41000000.0,1419000000.0,11261000000,130000000.0,739000000,2757000000,0.20762105580239476,2018000000,0.15196927479478878,-461000000.0,1427000000,0.10746291136380752,406000000,1051000000,0.07914752616913924,2.37,2.32,444000000,453000000,https://www.bundesanzeiger.de/pub/de/suche;wwwsid=627BFD7A56A5CB624C47FDDEAB2FC509.web07-pub?0,https://www.bundesanzeiger.de/pub/de/suche;wwwsid=627BFD7A56A5CB624C47FDDEAB2FC509.web07-pub?0,1620598763,18:19:23,20210509
7,2013-12-31,TGR.DE,USD,2013-12-31,2013-12-31,FY,13084000000,9659000000,3425000000,0.26177010088657904,0.0,1412000000.0,0.0,0.0,1412000000.0,11071000000,270000000.0,721000000,2734000000,0.20895750535004587,2013000000,0.15385203301742587,-215000000.0,1551000000,0.11854173035768878,487000000,1091000000,0.08338428615102415,2.41,2.36,443000000,443000000,https://www.bundesanzeiger.de/pub/de/suche;wwwsid=627BFD7A56A5CB624C47FDDEAB2FC509.web07-pub?0,https://www.bundesanzeiger.de/pub/de/suche;wwwsid=627BFD7A56A5CB624C47FDDEAB2FC509.web07-pub?0,1620598763,18:19:23,20210509
8,2012-12-31,TGR.DE,USD,2012-12-31,2012-12-31,FY,13633000000,9985000000,3648000000,0.26758600454778847,0.0,1510000000.0,0.0,115000000.0,1510000000.0,11495000000,169000000.0,645000000,2783000000,0.20413702046504806,2138000000,0.15682535025306243,156000000.0,2145000000,0.15733881023985916,537000000,1597000000,0.1171422284163427,3.46,3.38,461000000,473000000,https://www.bundesanzeiger.de/pub/de/suche;wwwsid=627BFD7A56A5CB624C47FDDEAB2FC509.web07-pub?0,https://www.bundesanzeiger.de/pub/de/suche;wwwsid=627BFD7A56A5CB624C47FDDEAB2FC509.web07-pub?0,1620598763,18:19:23,20210509
9,2011-12-31,TGR.DE,USD,2011-12-31,2011-12-31,FY,12626000000,9285000000,3341000000,0.264612703944242,0.0,0.0,0.0,0.0,1372000000.0,10657000000,184000000.0,628000000,2597000000,0.2056866782829083,1969000000,0.15594804371930937,-154000000.0,1659000000,0.13139553302708695,324000000,1319000000,0.1044669729130366,2.81,2.74,469000000,481000000,https://www.bundesanzeiger.de/pub/de/suche;wwwsid=627BFD7A56A5CB624C47FDDEAB2FC509.web07-pub?0,https://www.bundesanzeiger.de/pub/de/suche;wwwsid=627BFD7A56A5CB624C47FDDEAB2FC509.web07-pub?0,1620598763,18:19:23,20210509
10,2010-12-31,TGR.DE,USD,2010-12-31,2010-12-31,FY,11343000000,8230000000,3113000000,0.2744423873754739,0.0,0.0,0.0,0.0,1277000000.0,9507000000,195000000.0,589000000,2425000000,0.21378823944282818,1836000000,0.16186194128537423,-67000000.0,1594000000,0.14052719739046107,416000000,1158000000,0.10208939434012167,2.44,2.38,474000000,486000000,https://www.bundesanzeiger.de/pub/de/suche;wwwsid=627BFD7A56A5CB624C47FDDEAB2FC509.web07-pub?0,https://www.bundesanzeiger.de/pub/de/suche;wwwsid=627BFD7A56A5CB624C47FDDEAB2FC509.web07-pub?0,1620598763,18:19:23,20210509
11,2009-12-31,TGR.DE,USD,2009-12-31,2009-12-31,FY,10836000000,8052000000,2784000000,0.25692137320044295,0.0,0.0,0.0,0.0,1194000000.0,9246000000,212000000.0,580000000,2170000000,0.20025839793281655,1590000000,0.14673311184939092,0.0,1396000000,0.1288298265042451,313000000,1071000000,0.09883720930232558,2.28,2.22,471000000,483000000,https://www.bundesanzeiger.de/pub/de/suche;wwwsid=627BFD7A56A5CB624C47FDDEAB2FC509.web07-pub?0,https://www.bundesanzeiger.de/pub/de/suche;wwwsid=627BFD7A56A5CB624C47FDDEAB2FC509.web07-pub?0,1620598763,18:19:23,20210509
12,2008-12-31,TGR.DE,USD,2008-12-31,2008-12-31,FY,11279000000,8539000000,2740000000,0.24292933770724354,0.0,0.0,0.0,0.0,1191000000.0,9730000000,253000000.0,556000000,2105000000,0.1866300203918787,1549000000,0.13733487011259862,-43000000.0,1280000000,0.11348523805301888,316000000,964000000,0.08546856990867985,2.03,1.96,475000000,491000000,https://www.bundesanzeiger.de/pub/de/suche;wwwsid=627BFD7A56A5CB624C47FDDEAB2FC509.web07-pub?0,https://www.bundesanzeiger.de/pub/de/suche;wwwsid=627BFD7A56A5CB624C47FDDEAB2FC509.web07-pub?0,1620598763,18:19:23,20210509
13,2007-12-31,TGR.DE,USD,2007-12-31,2007-12-31,FY,10416000000,7813000000,2603000000,0.24990399385560677,0.0,0.0,0.0,0.0,1222000000.0,9035000000,0.0,542000000,1923000000,0.18461981566820276,1381000000,0.13258448540706605,47000000.0,1191000000,0.11434331797235023,282000000,909000000,0.08726958525345622,1.74,1.68,522413793,541071429,https://www.bundesanzeiger.de/pub/de/suche;wwwsid=627BFD7A56A5CB624C47FDDEAB2FC509.web07-pub?0,https://www.bundesanzeiger.de/pub/de/suche;wwwsid=627BFD7A56A5CB624C47FDDEAB2FC509.web07-pub?0,1620598763,18:19:23,20210509
14,2006-12-31,TGR.DE,USD,2006-12-31,2006-12-31,FY,9561000000,7094000000,2467000000,0.2580274029913189,0.0,0.0,0.0,0.0,1146000000.0,8240000000,0.0,479000000,1800000000,0.1882648258550361,1321000000,0.1381654638636126,17000000.0,1108000000,0.11588745947076666,284000000,824000000,0.08618345361363874,1.51,1.46,545695364,564383562,https://www.bundesanzeiger.de/pub/de/suche;wwwsid=627BFD7A56A5CB624C47FDDEAB2FC509.web07-pub?0,https://www.bundesanzeiger.de/pub/de/suche;wwwsid=627BFD7A56A5CB624C47FDDEAB2FC509.web07-pub?0,1620598763,18:19:23,20210509
15,2005-12-31,TGR.DE,USD,2005-12-31,2005-12-31,FY,9349000000,7122000000,2227000000,0.23820729489785003,0.0,0.0,0.0,0.0,1074000000.0,8196000000,0.0,469000000,1622000000,0.17349449138945341,1153000000,0.12332869825649802,84000000.0,1026000000,0.10974435768531393,264000000,762000000,0.0815060434271045,1.33,1.275,572932331,597647059,https://www.bundesanzeiger.de/pub/de/suche;wwwsid=627BFD7A56A5CB624C47FDDEAB2FC509.web07-pub?0,https://www.bundesanzeiger.de/pub/de/suche;wwwsid=627BFD7A56A5CB624C47FDDEAB2FC509.web07-pub?0,1620598763,18:19:23,20210509
16,2004-12-31,TGR.DE,USD,2004-12-31,2004-12-31,FY,9011000000,4721000000,4290000000,0.476084785262457,0.0,0.0,0.0,0.0,3135000000.0,7856000000,0.0,448000000,1603000000,0.1778936854955055,1155000000,0.12817667295527688,85000000.0,1026000000,0.11386083675507713,286000000,740000000,0.08212185107091333,1.27,1.21,582677165,611570248,https://www.bundesanzeiger.de/pub/de/suche;wwwsid=627BFD7A56A5CB624C47FDDEAB2FC509.web07-pub?0,https://www.bundesanzeiger.de/pub/de/suche;wwwsid=627BFD7A56A5CB624C47FDDEAB2FC509.web07-pub?0,1620598763,18:19:23,20210509
17,2003-12-31,TGR.DE,USD,2003-12-31,2003-12-31,FY,8380000000,4341000000,4039000000,0.48198090692124107,0.0,0.0,0.0,0.0,2980000000.0,7321000000,0.0,401000000,1460000000,0.17422434367541767,1059000000,0.12637231503579952,25000000.0,886000000,0.10572792362768496,268000000,617000000,0.07362768496420048,1.05,1.01,587619048,610891089,https://www.bundesanzeiger.de/pub/de/suche;wwwsid=627BFD7A56A5CB624C47FDDEAB2FC509.web07-pub?0,https://www.bundesanzeiger.de/pub/de/suche;wwwsid=627BFD7A56A5CB624C47FDDEAB2FC509.web07-pub?0,1620598763,18:19:23,20210509
18,2002-12-31,TGR.DE,USD,2002-12-31,2002-12-31,FY,7757000000,3915000000,3842000000,0.4952945726440634,0.0,0.0,0.0,0.0,2837000000.0,6752000000,0.0,370000000,1375000000,0.17725924970993942,1005000000,0.12956039706071934,25000000.0,858000000,0.1106097718190022,275000000,583000000,0.07515792187701431,0.985,0.94,591878173,620212766,https://www.bundesanzeiger.de/pub/de/suche;wwwsid=627BFD7A56A5CB624C47FDDEAB2FC509.web07-pub?0,https://www.bundesanzeiger.de/pub/de/suche;wwwsid=627BFD7A56A5CB624C47FDDEAB2FC509.web07-pub?0,1620598763,18:19:23,20210509
19,2001-12-31,TGR.DE,USD,2001-12-31,2001-12-31,FY,6953000000,3566000000,3387000000,0.48712785847835466,0.0,2521000000.0,0.0,0.0,2521000000.0,6087000000,0.0,354000000,1220000000,0.17546382856321013,866000000,0.12455055371781965,25000000.0,733000000,0.10542211994822379,241000000,492000000,0.0707608226664749,0.84,0.81,585714286,607407407,https://www.bundesanzeiger.de/pub/de/suche;wwwsid=627BFD7A56A5CB624C47FDDEAB2FC509.web07-pub?0,https://www.bundesanzeiger.de/pub/de/suche;wwwsid=627BFD7A56A5CB624C47FDDEAB2FC509.web07-pub?0,1620598763,18:19:23,20210509
20,2000-12-31,TGR.DE,USD,2000-12-31,2000-12-31,FY,7093000000,3253000000,3840000000,0.5413788241928662,0.0,2623000000.0,0.0,0.0,2977000000.0,6230000000,0.0,354000000,1217000000,0.1715776117298745,863000000,0.12166925137459467,-3000000.0,684000000,0.09643310305935429,271000000,413000000,0.05822642041449316,0.7025,0.6925,587900356,596389892,https://www.bundesanzeiger.de/pub/de/suche;wwwsid=627BFD7A56A5CB624C47FDDEAB2FC509.web07-pub?0,https://www.bundesanzeiger.de/pub/de/suche;wwwsid=627BFD7A56A5CB624C47FDDEAB2FC509.web07-pub?0,1620598763,18:19:23,20210509
21,1999-12-31,TGR.DE,USD,1999-12-31,1999-12-31,FY,7822000000,3666000000,4156000000,0.5313219125543339,0.0,2860000000.0,0.0,0.0,3246000000.0,6912000000,0.0,386000000,1296000000,0.16568652518537458,910000000,0.11633853234466889,330000000.0,1038000000,0.1327026335975454,411000000,627000000,0.08015852723088725,1.0225,0.98,613202934,639795918,https://www.bundesanzeiger.de/pub/de/suche;wwwsid=627BFD7A56A5CB624C47FDDEAB2FC509.web07-pub?0,https://www.bundesanzeiger.de/pub/de/suche;wwwsid=627BFD7A56A5CB624C47FDDEAB2FC509.web07-pub?0,1620598763,18:19:23,20210509
22,1998-12-31,TGR.DE,USD,1998-12-31,1998-12-31,FY,8468000000,4134000000,4334000000,0.5118091639111951,0.0,3149000000.0,0.0,0.0,3566000000.0,7700000000,0.0,417000000,1185000000,0.1399385923476618,768000000,0.09069437883797828,260000000.0,756000000,0.08927727916863486,311000000,445000000,0.052550779404818136,0.73,0.71,609589041,626760563,https://www.bundesanzeiger.de/pub/de/suche;wwwsid=627BFD7A56A5CB624C47FDDEAB2FC509.web07-pub?0,https://www.bundesanzeiger.de/pub/de/suche;wwwsid=627BFD7A56A5CB624C47FDDEAB2FC509.web07-pub?0,1620598763,18:19:23,20210509
23,1997-12-31,TGR.DE,USD,1997-12-31,1997-12-31,FY,9681000000,4907000000,4774000000,0.49313087490961677,0.0,3576000000.0,0.0,0.0,4112000000.0,9019000000,0.0,536000000,1198000000,0.12374754674103915,662000000,0.06838136556140895,-421000000.0,-35000000,-0.0036153289949385392,76000000,-111000000,-0.011465757669662225,-0.1925,-0.1925,576623377,576623377,https://www.bundesanzeiger.de/pub/de/suche;wwwsid=627BFD7A56A5CB624C47FDDEAB2FC509.web07-pub?0,https://www.bundesanzeiger.de/pub/de/suche;wwwsid=627BFD7A56A5CB624C47FDDEAB2FC509.web07-pub?0,1620598763,18:19:23,20210509
