,date,symbol,reportedCurrency,fillingDate,acceptedDate,period,revenue,costOfRevenue,grossProfit,grossProfitRatio,researchAndDevelopmentExpenses,generalAndAdministrativeExpenses,sellingAndMarketingExpenses,otherExpenses,operatingExpenses,costAndExpenses,interestExpense,depreciationAndAmortization,ebitda,ebitdaratio,operatingIncome,operatingIncomeRatio,totalOtherIncomeExpensesNet,incomeBeforeTax,incomeBeforeTaxRatio,incomeTaxExpense,netIncome,netIncomeRatio,eps,epsdiluted,weightedAverageShsOut,weightedAverageShsOutDil,link,finalLink,timestamp,est_time,est_date
0,2020-04-30,REDD.L,GBP,2020-04-30,2020-04-30,FY,779349000,621446000.0,157903000.0,0.20260884404804522,0.0,84034000.0,0.0,-25000.0,88871000,710317000,14594000.0,3178000.0,72210000.0,0.09265425374254667,69032000.0,0.08857649140500597,0.0,13479000.0,0.017295204074169596,5803000.0,7676000.0,0.00984924597324177,0.05761356247879365,0.05761356247879365,133232518,133232518,https://find-and-update.company-information.service.gov.uk/search/companies?q=Redde+Northgate+PLC,https://find-and-update.company-information.service.gov.uk/search/companies?q=Redde+Northgate+PLC,1620597164,17:52:44,20210509
1,2019-04-30,REDD.L,GBP,2019-04-30,2019-04-30,FY,745470000,592598000.0,152872000.0,0.20506794371336204,0.0,76672000.0,0.0,-25000.0,77381000,669979000,14148000.0,709000.0,76200000.0,0.10221739305404644,75491000.0,0.10126631521053832,0.0,60406000.0,0.08103075911840853,8988000.0,51418000.0,0.06897393590620682,0.386,0.378,133232518,135893215,https://find-and-update.company-information.service.gov.uk/search/companies?q=Redde+Northgate+PLC,https://find-and-update.company-information.service.gov.uk/search/companies?q=Redde+Northgate+PLC,1620597164,17:52:44,20210509
2,2018-04-30,REDD.L,GBP,2018-04-30,2018-04-30,FY,701672000,563232000.0,138440000.0,0.1973001630391408,0.0,70097000.0,0.0,-25000.0,71864000,635096000,10679000.0,1767000.0,68343000.0,0.09740020978462871,66576000.0,0.094881939139655,0.0,52738000.0,0.07516047383962877,9506000.0,43232000.0,0.06161283334663489,0.324,0.32,133232518,135310321,https://find-and-update.company-information.service.gov.uk/search/companies?q=Redde+Northgate+PLC,https://find-and-update.company-information.service.gov.uk/search/companies?q=Redde+Northgate+PLC,1620597164,17:52:44,20210509
3,2017-04-30,REDD.L,GBP,2017-04-30,2017-04-30,FY,667429000,514446000.0,152983000.0,0.2292123956256021,0.0,68378000.0,0.0,-25000.0,70208000,584654000,8940000.0,1830000.0,84605000.0,0.12676254702747408,82775000.0,0.12402068234973308,0.0,72222000.0,0.10820926270809329,11321000.0,60901000.0,0.09124715887382778,0.457,0.451,133232518,134933367,https://find-and-update.company-information.service.gov.uk/search/companies?q=Redde+Northgate+PLC,https://find-and-update.company-information.service.gov.uk/search/companies?q=Redde+Northgate+PLC,1620597164,17:52:44,20210509
4,2016-04-30,REDD.L,GBP,2016-04-30,2016-04-30,FY,618288000,459286000.0,159002000.0,0.2571649457857827,0.0,64683000.0,0.0,-25000.0,66662000,525948000,10096000.0,1979000.0,94319000.0,0.15254865046709623,92340000.0,0.14934787671764616,0.0,77632000.0,0.1255596097611469,16153000.0,61479000.0,0.09943424423569598,0.461,0.455,133232518,135222767,https://find-and-update.company-information.service.gov.uk/search/companies?q=Redde+Northgate+PLC,https://find-and-update.company-information.service.gov.uk/search/companies?q=Redde+Northgate+PLC,1620597164,17:52:44,20210509
5,2015-04-30,REDD.L,GBP,2015-04-30,2015-04-30,FY,614260000,445221000.0,169039000.0,0.2751912870771335,0.0,71267000.0,0.0,-25000.0,73277000,518498000,12338000.0,2010000.0,97772000.0,0.15917038387653437,95762000.0,0.15589815387620878,0.0,82963000.0,0.13506170025722006,16161000.0,66802000.0,0.10875199426952756,0.501,0.492,133232518,135881578,https://find-and-update.company-information.service.gov.uk/search/companies?q=Redde+Northgate+PLC,https://find-and-update.company-information.service.gov.uk/search/companies?q=Redde+Northgate+PLC,1620597164,17:52:44,20210509
6,2014-04-30,REDD.L,GBP,2014-04-30,2014-04-30,FY,571478000,434777000.0,136701000.0,0.23920605867592454,0.0,64065000.0,0.0,-25000.0,66965000,501742000,12361000.0,2900000.0,72636000.0,0.12710200567650898,69736000.0,0.12202744462603984,0.0,51177000.0,0.08955200375167548,11294000.0,39883000.0,0.06978921323305534,0.299,0.293,133232518,136304782,https://find-and-update.company-information.service.gov.uk/search/companies?q=Redde+Northgate+PLC,https://find-and-update.company-information.service.gov.uk/search/companies?q=Redde+Northgate+PLC,1620597164,17:52:44,20210509
7,2013-04-30,REDD.L,GBP,2013-04-30,2013-04-30,FY,609880000,466405000.0,143475000.0,0.23525119695677837,0.0,57071000.0,0.0,-25000.0,60660000,527065000,30535000.0,3589000.0,86404000.0,0.14167377188955205,82815000.0,0.13578900767364072,0.0,-11382000.0,-0.018662687741850856,-4025000.0,-7357000.0,-0.012063028792549354,-0.055,-0.055,133232518,133232518,https://find-and-update.company-information.service.gov.uk/search/companies?q=Redde+Northgate+PLC,https://find-and-update.company-information.service.gov.uk/search/companies?q=Redde+Northgate+PLC,1620597164,17:52:44,20210509
8,2012-04-30,REDD.L,GBP,2012-04-30,2012-04-30,FY,706698000,540915000.0,165783000.0,0.2345881833541343,0.0,60607000.0,0.0,-25000.0,64603000,605518000,38991000.0,3996000.0,105176000.0,0.14882736331502283,101180000.0,0.14317289705079114,0.0,45987000.0,0.06507305808138696,5519000.0,40468000.0,0.057263498693925836,0.304,0.297,133232518,136306760,https://find-and-update.company-information.service.gov.uk/search/companies?q=Redde+Northgate+PLC,https://find-and-update.company-information.service.gov.uk/search/companies?q=Redde+Northgate+PLC,1620597164,17:52:44,20210509
9,2011-04-30,REDD.L,GBP,2011-04-30,2011-04-30,FY,715502000,553083000.0,162419000.0,0.2270000642905261,0.0,56772000.0,0.0,0.0,58656000,611739000,53018000.0,220548000.0,324311000.0,0.4532635827712571,103763000.0,0.1450212578022144,0.0,26540000.0,0.03709283831491736,-2853000.0,29393000.0,0.041080248552764355,0.221,0.217,133029317,135335626,https://find-and-update.company-information.service.gov.uk/search/companies?q=Redde+Northgate+PLC,https://find-and-update.company-information.service.gov.uk/search/companies?q=Redde+Northgate+PLC,1620597164,17:52:44,20210509
10,2010-04-30,REDD.L,GBP,2010-04-30,2010-04-30,FY,749573000,599045000.0,150528000.0,0.2008183325706769,0.0,67709000.0,0.0,0.0,62063000,661108000,47175000.0,247110000.0,335575000.0,0.44768821715830215,88465000.0,0.11802052635300364,0.0,9615000.0,0.012827303011181032,-14741000.0,24356000.0,0.03249316610923819,0.231,0.228,105374935,106980561,https://find-and-update.company-information.service.gov.uk/search/companies?q=Redde+Northgate+PLC,https://find-and-update.company-information.service.gov.uk/search/companies?q=Redde+Northgate+PLC,1620597164,17:52:44,20210509
11,2009-04-30,REDD.L,GBP,2009-04-30,2009-04-30,FY,770532000,642592000.0,127940000.0,0.1660411248332321,0.0,56173000.0,0.0,0.0,60317000,702909000,49714000.0,299913000.0,367536000.0,0.4769899238448241,67623000.0,0.08776144274345517,0.0,-195614000.0,-0.25386875561300504,-9912000.0,-185702000.0,-0.2410049160839524,-5.726486934005925,-5.599652216191529,32428608,33163131,https://find-and-update.company-information.service.gov.uk/search/companies?q=Redde+Northgate+PLC,https://find-and-update.company-information.service.gov.uk/search/companies?q=Redde+Northgate+PLC,1620597164,17:52:44,20210509
12,2008-04-30,REDD.L,GBP,2008-04-30,2008-04-30,FY,578462000,400668000.0,177794000.0,0.30735640370499706,0.0,55993000.0,0.0,-6278000.0,62563000,463231000,41176000.0,221429000.0,336660000.0,0.5819915569216301,115231000.0,0.19920236765768537,0.0,79492000.0,0.13741957120778894,18158000.0,61334000.0,0.10602943667864095,1.886148,1.866569,32524507,32863629,https://find-and-update.company-information.service.gov.uk/search/companies?q=Redde+Northgate+PLC,https://find-and-update.company-information.service.gov.uk/search/companies?q=Redde+Northgate+PLC,1620597164,17:52:44,20210509
13,2007-04-30,REDD.L,GBP,2007-04-30,2007-04-30,FY,526465000,356923000.0,169542000.0,0.322038502084659,0.0,58564000.0,0.0,-7528000.0,62476000,419399000,35427000.0,197807000.0,304873000.0,0.57909452670168,107066000.0,0.20336774524422327,0.0,75368000.0,0.14315861453277995,20885000.0,54483000.0,0.10348836104964243,1.655546,1.64902,32905144,33020075,https://find-and-update.company-information.service.gov.uk/search/companies?q=Redde+Northgate+PLC,https://find-and-update.company-information.service.gov.uk/search/companies?q=Redde+Northgate+PLC,1620597164,17:52:44,20210509
14,2006-04-30,REDD.L,GBP,2006-04-30,2006-04-30,FY,372609000,248051000.0,124558000.0,0.3342860746788188,0.0,48126000.0,0.0,-11178000.0,49562000,297613000,21565000.0,137436000.0,212432000.0,0.5701204211385125,74996000.0,0.20127264773529357,0.0,56062000.0,0.15045798679044253,15468000.0,40594000.0,0.10894530191165538,1.329223,1.318346,30559351,30772664,https://find-and-update.company-information.service.gov.uk/search/companies?q=Redde+Northgate+PLC,https://find-and-update.company-information.service.gov.uk/search/companies?q=Redde+Northgate+PLC,1620597164,17:52:44,20210509
15,2005-04-30,REDD.L,GBP,2005-04-30,2005-04-30,FY,339382000,215097000.0,124285000.0,0.36620975773612036,0.0,47193000.0,0.0,-3628000.0,48009000,263106000,23038000.0,121686000.0,197962000.0,0.5833014125675493,76276000.0,0.22474969208738235,0.0,54988000.0,0.16202391405554803,15757000.0,39231000.0,0.11559540576695287,1.320521,1.311819,29693986,29908049,https://find-and-update.company-information.service.gov.uk/search/companies?q=Redde+Northgate+PLC,https://find-and-update.company-information.service.gov.uk/search/companies?q=Redde+Northgate+PLC,1620597164,17:52:44,20210509
16,2004-04-30,REDD.L,GBP,2004-04-30,2004-04-30,FY,355624000,261255000.0,94369000.0,0.26536173036690436,0.0,38693000.0,0.0,216000.0,39188000,300443000,15502000.0,98547000.0,153728000.0,0.4322767867185567,55181000.0,0.1551666929116145,0.0,44592000.0,0.12539086225901513,13303000.0,31289000.0,0.08798337570017771,1.102972,1.100797,28337219,28415594,https://find-and-update.company-information.service.gov.uk/search/companies?q=Redde+Northgate+PLC,https://find-and-update.company-information.service.gov.uk/search/companies?q=Redde+Northgate+PLC,1620597164,17:52:44,20210509
17,2003-04-30,REDD.L,GBP,2003-04-30,2003-04-30,FY,337875000,250213000.0,87662000.0,0.25945098039215686,0.0,38999000.0,0.0,214000.0,40160000,290373000,15290000.0,99691000.0,147193000.0,0.43564335923048464,47502000.0,0.1405904550499445,0.0,36603000.0,0.10833296337402885,11497000.0,25106000.0,0.0743055863854976,0.900652,0.896301,27877370,27990708,https://find-and-update.company-information.service.gov.uk/search/companies?q=Redde+Northgate+PLC,https://find-and-update.company-information.service.gov.uk/search/companies?q=Redde+Northgate+PLC,1620597164,17:52:44,20210509
18,2002-04-30,REDD.L,GBP,2002-04-30,2002-04-30,FY,277829000,202315000.0,75514000.0,0.27180028002836276,0.0,0.0,0.0,13381000.0,30445000,232760000,15006000.0,86912000.0,131981000.0,0.4750440018860522,45069000.0,0.16221848691101362,0.0,31674000.0,0.11400537740840588,9953000.0,21721000.0,0.07818118338978293,0.778825,0.774474,27837606,27982953,https://find-and-update.company-information.service.gov.uk/search/companies?q=Redde+Northgate+PLC,https://find-and-update.company-information.service.gov.uk/search/companies?q=Redde+Northgate+PLC,1620597164,17:52:44,20210509
19,2001-04-30,REDD.L,GBP,2001-04-30,2001-04-30,FY,261801000,0.0,0.0,0.0,0.0,0.0,0.0,0.0,219232000,219232000,16703000.0,76193000.0,118762000.0,0.4536346308837629,42569000.0,0.16260060122001063,0.0,27110000.0,0.10355193448458944,8054000.0,19056000.0,0.07278811005305556,0.683103,0.680928,27845707,27945455,https://find-and-update.company-information.service.gov.uk/search/companies?q=Redde+Northgate+PLC,https://find-and-update.company-information.service.gov.uk/search/companies?q=Redde+Northgate+PLC,1620597164,17:52:44,20210509
20,2000-04-30,REDD.L,GBP,2000-04-30,2000-04-30,FY,260794000,0.0,0.0,0.0,0.0,0.0,0.0,0.0,222905000,222905000,15114000.0,109179000.0,147068000.0,0.5639240166568249,37889000.0,0.14528325038152717,0.0,24325000.0,0.09327285136927997,7429000.0,16896000.0,0.06478676656671549,0.606961,0.604786,27766644,27931205,https://find-and-update.company-information.service.gov.uk/search/companies?q=Redde+Northgate+PLC,https://find-and-update.company-information.service.gov.uk/search/companies?q=Redde+Northgate+PLC,1620597164,17:52:44,20210509
21,1999-04-30,REDD.L,GBP,1999-04-30,1999-04-30,FY,218623000,0.0,0.0,0.0,0.0,0.0,0.0,0.0,190557000,190557000,15227000.0,83950000.0,112016000.0,0.5123706105944937,28066000.0,0.12837624586617144,0.0,16610000.0,0.0759755377979444,5167000.0,11443000.0,0.052341244974225036,0.411167,0.408992,27752395,27930286,https://find-and-update.company-information.service.gov.uk/search/companies?q=Redde+Northgate+PLC,https://find-and-update.company-information.service.gov.uk/search/companies?q=Redde+Northgate+PLC,1620597164,17:52:44,20210509
22,1998-04-30,REDD.L,GBP,1998-04-30,1998-04-30,FY,202385000,0.0,0.0,0.0,0.0,0.0,0.0,0.0,167749000,167749000,14205000.0,67324000.0,101960000.0,0.5037922770956346,34636000.0,0.17113916545198507,0.0,31460000.0,0.1554463028386491,8919000.0,22541000.0,0.11137683128690368,0.841914,0.835387,26725958,26954872,https://find-and-update.company-information.service.gov.uk/search/companies?q=Redde+Northgate+PLC,https://find-and-update.company-information.service.gov.uk/search/companies?q=Redde+Northgate+PLC,1620597164,17:52:44,20210509
23,1997-04-30,REDD.L,GBP,1997-04-30,1997-04-30,FY,139029000,0.0,0.0,0.0,0.0,0.0,0.0,0.0,108736000,108736000,9128000.0,48183000.0,78476000.0,0.5644577749965835,30293000.0,0.2178897927770465,0.0,25513000.0,0.18350847664875675,8339000.0,17174000.0,0.12352818476720684,0.687454,0.687454,24958998,24958998,https://find-and-update.company-information.service.gov.uk/search/companies?q=Redde+Northgate+PLC,https://find-and-update.company-information.service.gov.uk/search/companies?q=Redde+Northgate+PLC,1620597164,17:52:44,20210509
24,1996-04-30,REDD.L,GBP,1996-04-30,1996-04-30,FY,104922000,0.0,0.0,0.0,0.0,0.0,0.0,0.0,80608000,80608000,6823000.0,34247000.0,58561000.0,0.5581384266407426,24314000.0,0.23173405005623224,0.0,21268000.0,0.20270296029431387,6961000.0,14307000.0,0.1363584376965746,0.574329,0.574329,24873500,24873500,https://find-and-update.company-information.service.gov.uk/search/companies?q=Redde+Northgate+PLC,https://find-and-update.company-information.service.gov.uk/search/companies?q=Redde+Northgate+PLC,1620597164,17:52:44,20210509
25,1995-04-30,REDD.L,GBP,1995-04-30,1995-04-30,FY,83272000,0.0,0.0,0.0,0.0,0.0,0.0,0.0,62191000,62191000,4935000.0,25553000.0,46634000.0,0.5600201748486886,21081000.0,0.2531583245268518,0.0,14180000.0,0.17028533000288212,4253000.0,9927000.0,0.11921173984052262,0.40029,0.40029,24745713,24745713,https://find-and-update.company-information.service.gov.uk/search/companies?q=Redde+Northgate+PLC,https://find-and-update.company-information.service.gov.uk/search/companies?q=Redde+Northgate+PLC,1620597164,17:52:44,20210509
26,1994-04-30,REDD.L,GBP,1994-04-30,1994-04-30,FY,100764000,0.0,0.0,0.0,0.0,0.0,0.0,0.0,91141000,91141000,3702000.0,18966000.0,28589000.0,0.283722361160732,9623000.0,0.09550037711881228,0.0,10613000.0,0.10532531459648287,2916000.0,7697000.0,0.07638640784407129,0.315446,0.315446,24394987,24394987,https://find-and-update.company-information.service.gov.uk/search/companies?q=Redde+Northgate+PLC,https://find-and-update.company-information.service.gov.uk/search/companies?q=Redde+Northgate+PLC,1620597164,17:52:44,20210509
27,1993-04-30,REDD.L,GBP,1993-04-30,1993-04-30,FY,173489000,0.0,0.0,0.0,0.0,0.0,0.0,0.0,149503000,149503000,4449000.0,16914000.0,40900000.0,0.23574981699127898,23986000.0,0.13825660416510557,0.0,-15358000.0,-0.08852434448293552,1106000.0,-16464000.0,-0.09489938843384883,-0.678752,-0.678752,24310408,24310408,https://find-and-update.company-information.service.gov.uk/search/companies?q=Redde+Northgate+PLC,https://find-and-update.company-information.service.gov.uk/search/companies?q=Redde+Northgate+PLC,1620597164,17:52:44,20210509
28,1992-04-30,REDD.L,GBP,1992-04-30,1992-04-30,FY,178156000,0.0,0.0,0.0,0.0,0.0,0.0,0.0,170473000,170473000,5663000.0,16390000.0,24073000.0,0.13512315049731696,7683000.0,0.04312512629380992,0.0,-1476000.0,-0.00828487393071241,1852000.0,-3328000.0,-0.0186802577516334,-0.137056,-0.137056,24310408,24310408,https://find-and-update.company-information.service.gov.uk/search/companies?q=Redde+Northgate+PLC,https://find-and-update.company-information.service.gov.uk/search/companies?q=Redde+Northgate+PLC,1620597164,17:52:44,20210509
29,1991-04-30,REDD.L,GBP,1991-04-30,1991-04-30,FY,241200000,0.0,0.0,0.0,0.0,0.0,0.0,35456000.0,312112000,312112000,9297000.0,15009000.0,-55903000.0,-0.23177031509121063,-70912000.0,-0.2939966832504146,0.0,7369000.0,0.030551409618573798,2166000.0,3902000.0,0.016177446102819237,0.158811,0.158811,24310408,24310408,https://find-and-update.company-information.service.gov.uk/search/companies?q=Redde+Northgate+PLC,https://find-and-update.company-information.service.gov.uk/search/companies?q=Redde+Northgate+PLC,1620597164,17:52:44,20210509
30,1990-04-30,REDD.L,GBP,1990-04-30,1990-04-30,FY,257844000,0.0,0.0,0.0,0.0,0.0,0.0,25485000.0,308814000,308814000,7276000.0,9312000.0,-41658000.0,-0.16156280541722903,-50970000.0,-0.19767766556522548,0.0,13502000.0,0.05236499588898714,4195000.0,8576000.0,0.03326042102976994,0.358956,0.358956,23846604,23846604,https://find-and-update.company-information.service.gov.uk/search/companies?q=Redde+Northgate+PLC,https://find-and-update.company-information.service.gov.uk/search/companies?q=Redde+Northgate+PLC,1620597164,17:52:44,20210509
31,1989-04-30,REDD.L,GBP,1989-04-30,1989-04-30,FY,235426000,0.0,0.0,0.0,0.0,0.0,0.0,0.0,235426000,235426000,4416000.0,3281000.0,18969000.0,0.08057308878373672,0.0,0.047879163728730044,0.0,11272000.0,0.047879163728730044,3001000.0,7059000.0,0.029983943999388342,0.307874,0.307874,22928189,22928189,https://find-and-update.company-information.service.gov.uk/search/companies?q=Redde+Northgate+PLC,https://find-and-update.company-information.service.gov.uk/search/companies?q=Redde+Northgate+PLC,1620597164,17:52:44,20210509
32,1986-10-31,REDD.L,GBP,1986-10-31,1986-10-31,FY,59403000,0.0,0.0,0.0,0.0,0.0,0.0,0.0,59315000,59315000,1730000.0,189000.0,277000.0,0.004663064155009006,88000.0,0.00148140666296315,0.0,2860000.0,0.048145716546302376,573000.0,1571000.0,0.026446475767217145,0.142285,0.142285,11041201,11041201,https://find-and-update.company-information.service.gov.uk/search/companies?q=Redde+Northgate+PLC,https://find-and-update.company-information.service.gov.uk/search/companies?q=Redde+Northgate+PLC,1620597164,17:52:44,20210509
33,1985-10-31,REDD.L,GBP,1985-10-31,1985-10-31,FY,43822000,0.0,0.0,0.0,0.0,0.0,0.0,0.0,43363000,43363000,1903000.0,239000.0,698000.0,0.015928072657569257,459000.0,0.010474191045593537,0.0,2244000.0,0.051207156222901735,930000.0,5894000.0,0.13449865364428826,0.533819,0.533819,11041201,11041201,https://find-and-update.company-information.service.gov.uk/search/companies?q=Redde+Northgate+PLC,https://find-and-update.company-information.service.gov.uk/search/companies?q=Redde+Northgate+PLC,1620597164,17:52:44,20210509
