,date,symbol,reportedCurrency,fillingDate,acceptedDate,period,revenue,costOfRevenue,grossProfit,grossProfitRatio,researchAndDevelopmentExpenses,generalAndAdministrativeExpenses,sellingAndMarketingExpenses,otherExpenses,operatingExpenses,costAndExpenses,interestExpense,depreciationAndAmortization,ebitda,ebitdaratio,operatingIncome,operatingIncomeRatio,totalOtherIncomeExpensesNet,incomeBeforeTax,incomeBeforeTaxRatio,incomeTaxExpense,netIncome,netIncomeRatio,eps,epsdiluted,weightedAverageShsOut,weightedAverageShsOutDil,link,finalLink,timestamp,est_time,est_date
0,2020-12-31,1062.HK,HKD,2020-12-31,2020-12-31,FY,74203207.0,0.0,0.0,0.0,0.0,10336023.0,0.0,0.0,0.0,0.0,13879700.0,0.0,0.0,0.0,0.0,0.7492850679620896,0.0,55599355.0,0.7492850679620896,2441749.0,53157606.0,0.7163788217401439,0.01831621689163688,0.01831621689163688,2902215360,2902215360,https://www1.hkexnews.hk/search/titlesearch.xhtml,https://www1.hkexnews.hk/search/titlesearch.xhtml,1620585055,14:30:55,20210509
1,2019-12-31,1062.HK,HKD,2019-12-31,2019-12-31,FY,194006303.0,0.0,0.0,0.0,0.0,11172931.0,0.0,0.0,17905183.0,0.0,21437575.0,0.0,0.0,0.0,0.0,0.9077082407987539,0.0,176101120.0,0.9077082407987539,54866.0,176046254.0,0.9074254355540191,0.0607,0.0607,2902215360,2902215360,https://www1.hkexnews.hk/search/titlesearch.xhtml,https://www1.hkexnews.hk/search/titlesearch.xhtml,1620585055,14:30:55,20210509
2,2018-12-31,1062.HK,HKD,2018-12-31,2018-12-31,FY,154899339.0,0.0,0.0,0.0,0.0,15161023.0,0.0,0.0,15161023.0,0.0,20231731.0,0.0,0.0,0.0,0.0,0.9021233847873296,0.0,139738316.0,0.9021233847873296,158497.0,139579819.0,0.9011001589877669,0.0481,0.0481,2902215360,2902215360,https://www1.hkexnews.hk/search/titlesearch.xhtml,https://www1.hkexnews.hk/search/titlesearch.xhtml,1620585055,14:30:55,20210509
3,2017-12-31,1062.HK,HKD,2017-12-31,2017-12-31,FY,190537871.0,0.0,0.0,0.0,0.0,13990708.0,0.0,0.0,13990708.0,0.0,4361727.0,0.0,0.0,0.0,0.0,0.9265725604753923,0.0,176547163.0,0.9265725604753923,-414008.0,176961171.0,0.928745398860891,0.061,0.061,2902215360,2902215360,https://www1.hkexnews.hk/search/titlesearch.xhtml,https://www1.hkexnews.hk/search/titlesearch.xhtml,1620585055,14:30:55,20210509
4,2016-12-31,1062.HK,HKD,2016-12-31,2016-12-31,FY,100418673.0,0.0,0.0,0.0,0.0,15346143.0,0.0,0.0,15346143.0,0.0,0.0,0.0,0.0,0.0,0.0,0.8471783928074811,0.0,85072530.0,0.8471783928074811,-4719978.0,89792508.0,0.8941813839742734,0.0309,0.0309,2902215360,2902215360,https://www1.hkexnews.hk/search/titlesearch.xhtml,https://www1.hkexnews.hk/search/titlesearch.xhtml,1620585055,14:30:55,20210509
5,2013-12-31,1062.HK,HKD,2013-12-31,2013-12-31,FY,59063880.0,0.0,0.0,0.0,0.0,38605051.0,0.0,0.0,38605051.0,0.0,0.0,22305.0,0.0,0.0,0.0,0.346384778649828,0.0,20458829.0,0.346384778649828,2274903.0,18183926.0,0.3078688023881939,0.0063,0.0063,2902215360,2902215360,https://www1.hkexnews.hk/search/titlesearch.xhtml,https://www1.hkexnews.hk/search/titlesearch.xhtml,1620585055,14:30:55,20210509
6,2012-12-31,1062.HK,HKD,2012-12-31,2012-12-31,FY,12934408.0,0.0,12934408.0,1.0,0.0,22593057.0,0.0,0.0,22593057.0,22593057.0,0.0,35319.0,-9623330.0,-0.7440100853475474,-9658649.0,-0.746740708967894,0.0,-8264546.0,-0.6389581958447577,404495.0,-8669041.0,-0.6702309838996884,-0.0035,-0.0035,2482543229,2482543229,https://www1.hkexnews.hk/search/titlesearch.xhtml,https://www1.hkexnews.hk/search/titlesearch.xhtml,1620585055,14:30:55,20210509
7,2011-12-31,1062.HK,HKD,2011-12-31,2011-12-31,FY,700708.0,0.0,700708.0,1.0,0.0,0.0,0.0,2612789.0,21396252.0,21396252.0,0.0,53653.0,-20641891.0,-29.4586204239141,-20695544.0,-29.5351901219909,0.0,-16257587.0,-23.20165746644822,263000.0,-16520587.0,-23.576992127962004,-0.0168,-0.0168,982215000,982215000,https://www1.hkexnews.hk/search/titlesearch.xhtml,https://www1.hkexnews.hk/search/titlesearch.xhtml,1620585055,14:30:55,20210509
8,2010-12-31,1062.HK,HKD,2010-12-31,2010-12-31,FY,499657.0,0.0,0.0,0.0,0.0,0.0,0.0,14999560.0,19710373.0,19710373.0,0.0,45987.0,-19164729.0,-38.355770058259964,-19210716.0,-38.447807195736274,0.0,-7426497.0,-14.86319014844183,0.0,-7426497.0,-14.86319014844183,-0.0092,-0.0092,811337000,811337000,https://www1.hkexnews.hk/search/titlesearch.xhtml,https://www1.hkexnews.hk/search/titlesearch.xhtml,1620585055,14:30:55,20210509
9,2009-12-31,1062.HK,HKD,2009-12-31,2009-12-31,FY,169238.0,0.0,0.0,0.0,0.0,0.0,0.0,6797850.0,11234902.0,11234902.0,0.0,39659.0,-11026005.0,-65.15088218957918,-11065664.0,-65.38522081329252,0.0,-10167725.0,-60.07944433283305,522000.0,-10689725.0,-63.1638579987946,-0.0157,-0.0157,682094000,682094000,https://www1.hkexnews.hk/search/titlesearch.xhtml,https://www1.hkexnews.hk/search/titlesearch.xhtml,1620585055,14:30:55,20210509
10,2008-12-31,1062.HK,HKD,2008-12-31,2008-12-31,FY,1681717.0,0.0,0.0,0.0,0.0,6053093.0,0.0,0.0,12001492.0,12001492.0,0.0,188852.0,-10130923.0,-6.024154480212783,-10319775.0,-6.136451614629572,0.0,-33641826.0,-20.00445140294116,315000.0,-33956826.0,-20.191759969126792,-0.0498,-0.0498,682094000,682094000,https://www1.hkexnews.hk/search/titlesearch.xhtml,https://www1.hkexnews.hk/search/titlesearch.xhtml,1620585055,14:30:55,20210509
11,2007-12-31,1062.HK,HKD,2007-12-31,2007-12-31,FY,1055601.0,0.0,0.0,0.0,0.0,0.0,0.0,0.0,29071466.0,29071466.0,0.0,190725.0,-27825140.0,-26.359524100488727,-28015865.0,-26.54020316388484,0.0,0.0,0.0,0.0,35414291.0,33.54893657736209,0.0559,0.0559,633529356,633529356,https://www1.hkexnews.hk/search/titlesearch.xhtml,https://www1.hkexnews.hk/search/titlesearch.xhtml,1620585055,14:30:55,20210509
12,2006-12-31,1062.HK,HKD,2006-12-31,2006-12-31,FY,1298316.0,0.0,0.0,0.0,0.0,0.0,0.0,0.0,9902629.0,9902629.0,0.0,177787.0,-8426526.0,-6.490350577209246,-8604313.0,-6.6272871935645865,0.0,0.0,0.0,0.0,25860547.0,19.918530619664242,0.0413,0.0413,626163366,626163366,https://www1.hkexnews.hk/search/titlesearch.xhtml,https://www1.hkexnews.hk/search/titlesearch.xhtml,1620585055,14:30:55,20210509
13,2005-12-31,1062.HK,HKD,2005-12-31,2005-12-31,FY,1621862.0,0.0,0.0,0.0,0.0,0.0,0.0,0.0,9348015.0,9348015.0,0.0,14229.0,-7711924.0,-4.754981619891211,-7726153.0,-4.763754869403192,0.0,-12726109.0,-7.846604088387298,0.0,-12726109.0,-7.846604088387298,-0.0197,-0.0197,645995381,645995381,https://www1.hkexnews.hk/search/titlesearch.xhtml,https://www1.hkexnews.hk/search/titlesearch.xhtml,1620585055,14:30:55,20210509
14,2004-12-31,1062.HK,HKD,2004-12-31,2004-12-31,FY,1095902.0,0.0,0.0,0.0,0.0,0.0,0.0,0.0,10775647.0,10775647.0,0.0,0.0,0.0,0.0,-9679745.0,-8.832673906973433,0.0,1370367.0,1.250446664026528,-4880920.0,6251287.0,5.704239065171886,0.0116,0.0116,538904052,538904052,https://www1.hkexnews.hk/search/titlesearch.xhtml,https://www1.hkexnews.hk/search/titlesearch.xhtml,1620585055,14:30:55,20210509
15,2003-12-31,1062.HK,HKD,2003-12-31,2003-12-31,FY,2432851.0,0.0,0.0,0.0,0.0,0.0,0.0,0.0,7846444.0,7846444.0,0.0,0.0,0.0,0.0,-5413593.0,-2.225205324945917,0.0,8375261.0,3.442570465679978,193962.0,8181299.0,3.3628442514564187,0.0152,0.0152,538243355,538243355,https://www1.hkexnews.hk/search/titlesearch.xhtml,https://www1.hkexnews.hk/search/titlesearch.xhtml,1620585055,14:30:55,20210509
16,2002-12-31,1062.HK,HKD,2002-12-31,2002-12-31,FY,7323994.0,0.0,0.0,0.0,0.0,0.0,0.0,0.0,15579297.0,15579297.0,0.0,0.0,0.0,0.0,-8255303.0,-1.1271586241059182,0.0,-19869266.0,-2.7129003655655644,121150.0,-19990416.0,-2.7294418864898033,-0.0371,-0.0371,538825229,538825229,https://www1.hkexnews.hk/search/titlesearch.xhtml,https://www1.hkexnews.hk/search/titlesearch.xhtml,1620585055,14:30:55,20210509
17,2001-12-31,1062.HK,HKD,2001-12-31,2001-12-31,FY,1073971.0,0.0,0.0,0.0,0.0,0.0,0.0,0.0,15567997.0,15567997.0,0.0,0.0,0.0,0.0,-14494026.0,-13.495733125009894,0.0,-207881125.0,-193.56307106988922,-723989.0,-207157136.0,-192.88894765314893,-0.3844,-0.3844,538910343,538910343,https://www1.hkexnews.hk/search/titlesearch.xhtml,https://www1.hkexnews.hk/search/titlesearch.xhtml,1620585055,14:30:55,20210509
