,date,symbol,reportedCurrency,fillingDate,acceptedDate,period,revenue,costOfRevenue,grossProfit,grossProfitRatio,researchAndDevelopmentExpenses,generalAndAdministrativeExpenses,sellingAndMarketingExpenses,otherExpenses,operatingExpenses,costAndExpenses,interestExpense,depreciationAndAmortization,ebitda,ebitdaratio,operatingIncome,operatingIncomeRatio,totalOtherIncomeExpensesNet,incomeBeforeTax,incomeBeforeTaxRatio,incomeTaxExpense,netIncome,netIncomeRatio,eps,epsdiluted,weightedAverageShsOut,weightedAverageShsOutDil,link,finalLink,timestamp,est_time,est_date
0,2020-12-31,0099.HK,HKD,2020-12-31,2020-12-31,FY,3224636000,2381183000,843453000,0.26156533636664725,0.0,0.0,0.0,158000.0,0.0,3043679000,55650000.0,70921000,251878000,0.07811052162166521,180957000,-0.22812807399036666,0.0,-735630000,-0.22812807399036666,26048000.0,-761674000,-0.2362046444932079,-1.5918484212638249,-1.5918484212638249,478484000,478484000,https://www1.hkexnews.hk/search/titlesearch.xhtml,https://www1.hkexnews.hk/search/titlesearch.xhtml,1620584525,14:22:05,20210509
1,2019-12-31,0099.HK,HKD,2019-12-31,2019-12-31,FY,3781156000,2874238000,906918000,0.23985204524753806,0.0,3281000.0,0.0,0.0,0.0,3573178000,65461000.0,69204000,277182000,0.07330615293312416,207978000,0.05500381364852442,0.0,304569000,0.08054917596629178,38242000.0,266327000,0.07043533776442971,0.56,0.56,478484000,478484000,https://www1.hkexnews.hk/search/titlesearch.xhtml,https://www1.hkexnews.hk/search/titlesearch.xhtml,1620584525,14:22:05,20210509
2,2018-12-31,0099.HK,HKD,2018-12-31,2018-12-31,FY,4013546000,3027421000,986125000,0.24569918969410093,0.0,3221000.0,0.0,2614000.0,0.0,3754935000,64064000.0,55930000,314541000,0.07836985050127743,258611000,0.0644345424220876,0.0,1473119000,0.36703677994471723,51370000.0,1421749000,0.35423762428535766,2.97,2.97,478484000,478484000,https://www1.hkexnews.hk/search/titlesearch.xhtml,https://www1.hkexnews.hk/search/titlesearch.xhtml,1620584525,14:22:05,20210509
3,2017-12-31,0099.HK,HKD,2017-12-31,2017-12-31,FY,3817543000,2864199000,953344000,0.24972711505803602,0.0,3141000.0,0.0,753000.0,0.0,3580803000,42572000.0,46706000,283446000,0.07424827958715854,236740000,0.06201370881742524,0.0,513190000,0.13442939608014892,33283000.0,479907000,0.12571096121248668,1.0,1.0,478484000,478484000,https://www1.hkexnews.hk/search/titlesearch.xhtml,https://www1.hkexnews.hk/search/titlesearch.xhtml,1620584525,14:22:05,20210509
4,2016-12-31,0099.HK,HKD,2016-12-31,2016-12-31,FY,3529374000,2656388000,872986000,0.24734867996420895,0.0,3614000.0,0.0,2282000.0,0.0,3296928000,20654000.0,41289000,273735000,0.07755907988215474,232446000,0.06586040470633035,0.0,518482000,0.14690480521474913,50257000.0,468225000,0.13266516951731383,0.98,0.98,478484000,478484000,https://www1.hkexnews.hk/search/titlesearch.xhtml,https://www1.hkexnews.hk/search/titlesearch.xhtml,1620584525,14:22:05,20210509
5,2015-12-31,0099.HK,HKD,2015-12-31,2015-12-31,FY,3800911000,2892190000,908721000,0.23907978902952476,0.0,3050000.0,0.0,916000.0,0.0,3592056000,18997000.0,43237000,252092000,0.0663240996697897,208855000,0.0549486688849068,0.0,642878000,0.16913787247320444,44645000.0,598233000,0.15739200418005053,1.25,1.25,478484000,478484000,https://www1.hkexnews.hk/search/titlesearch.xhtml,https://www1.hkexnews.hk/search/titlesearch.xhtml,1620584525,14:22:05,20210509
6,2014-12-31,0099.HK,HKD,2014-12-31,2014-12-31,FY,4124106000,3166530000,957576000,0.2321899582600447,0.0,3235000.0,0.0,2502000.0,0.0,3874530000,20795000.0,36487000,286063000,0.06936363905292443,249576000,0.06051638827905975,0.0,670556000,0.16259426891549345,53961000.0,616595000,0.14950997864749355,1.29,1.29,478484000,478484000,https://www1.hkexnews.hk/search/titlesearch.xhtml,https://www1.hkexnews.hk/search/titlesearch.xhtml,1620584525,14:22:05,20210509
7,2013-12-31,0099.HK,HKD,2013-12-31,2013-12-31,FY,3687724000,2872049000,815675000,0.2211865638534771,0.0,3310000.0,0.0,7262000.0,0.0,3582396000,13938000.0,39996000,145324000,0.03940750446616938,105328000,0.02856179041598558,0.0,99611000,0.02701151170749221,20300000.0,77912000,0.021127394566404643,0.16296172348880988,0.16285408514765393,478100000,478416000,https://www1.hkexnews.hk/search/titlesearch.xhtml,https://www1.hkexnews.hk/search/titlesearch.xhtml,1620584525,14:22:05,20210509
8,2012-12-31,0099.HK,HKD,2012-12-31,2012-12-31,FY,3342947000,2599960000,742987000,0.22225509408315477,0.0,2997000.0,0.0,1386000.0,0.0,3240662000,6272000.0,38420000,140705000,0.042090107919748654,102285000,0.030597254458416483,0.0,123283000,0.036878538606804116,23696000.0,100332000,0.0300130393930864,0.21112969918878824,0.21052101496257783,475215000,476589000,https://www1.hkexnews.hk/search/titlesearch.xhtml,https://www1.hkexnews.hk/search/titlesearch.xhtml,1620584525,14:22:05,20210509
9,2011-12-31,0099.HK,HKD,2011-12-31,2011-12-31,FY,3917124000,3108232000,808892000,0.20650150467536896,0.0,0.0,0.0,25947000.0,0.0,3745632000,7288000.0,42729000,214221000,0.054688337668146327,171492000,0.043780079466465706,0.0,208036000,0.05310937310128554,33209000.0,175481000,0.044798428643055464,0.37,0.37,472240000,472240000,https://www1.hkexnews.hk/search/titlesearch.xhtml,https://www1.hkexnews.hk/search/titlesearch.xhtml,1620584525,14:22:05,20210509
10,2010-12-31,0099.HK,HKD,2010-12-31,2010-12-31,FY,3944019000,3140915000,803104000,0.20362579389196656,0.0,0.0,0.0,0.0,0.0,3720250000,5343000.0,53928000,277697000,0.07040965066344762,223769000,0.056736288542220514,0.0,226825000,0.057511132679634654,29884000.0,196941000,0.049934090074109684,0.42,0.42,468196000,468196000,https://www1.hkexnews.hk/search/titlesearch.xhtml,https://www1.hkexnews.hk/search/titlesearch.xhtml,1620584525,14:22:05,20210509
11,2009-12-31,0099.HK,HKD,2009-12-31,2009-12-31,FY,2409050000,1883454000,525596000,0.21817562939748034,0.0,0.0,0.0,0.0,0.0,2345455000,6357000.0,59913000,123508000,0.05126834229260497,63595000,0.026398372802557024,0.0,58950000,0.024470226852908825,6591000.0,52359000,0.021734293601212096,0.11213650245651308,0.11098981231425385,466922000,471746000,https://www1.hkexnews.hk/search/titlesearch.xhtml,https://www1.hkexnews.hk/search/titlesearch.xhtml,1620584525,14:22:05,20210509
12,2008-12-31,0099.HK,HKD,2008-12-31,2008-12-31,FY,3276001000,2675780000,600221000,0.18321758754041895,0.0,0.0,0.0,0.0,0.0,2709192000,10921000.0,79972000,646781000,0.1974300374145185,566809000,0.17301856745464975,0.0,290068000,0.08854331851547054,421000.0,289647000,0.08841480817618798,0.6203327322336493,0.6201574122050127,466922000,467054000,https://www1.hkexnews.hk/search/titlesearch.xhtml,https://www1.hkexnews.hk/search/titlesearch.xhtml,1620584525,14:22:05,20210509
13,2007-12-31,0099.HK,HKD,2007-12-31,2007-12-31,FY,3363777000,2727070000,636707000,0.1892833561796754,0.0,0.0,0.0,0.0,0.0,2805677000,0.0,78607000,636707000,0.1892833561796754,558100000,0.16591468459413333,0.0,81949000,0.024362197612980883,11081000.0,70868000,0.02106798399537187,0.15,0.15,472453333,472453333,https://www1.hkexnews.hk/search/titlesearch.xhtml,https://www1.hkexnews.hk/search/titlesearch.xhtml,1620584525,14:22:05,20210509
14,2006-12-31,0099.HK,HKD,2006-12-31,2006-12-31,FY,3713784000,3056421000,657363000,0.1770062556142199,0.0,0.0,0.0,0.0,0.0,3616915000,0.0,74155000,171024000,0.04605114352369443,96869000,0.026083638682271235,0.0,78263000,0.021073654256682672,16320000.0,61943000,0.016679214515437624,0.1376,0.1376,450167151,450167151,https://www1.hkexnews.hk/search/titlesearch.xhtml,https://www1.hkexnews.hk/search/titlesearch.xhtml,1620584525,14:22:05,20210509
15,2005-12-31,0099.HK,HKD,2005-12-31,2005-12-31,FY,2763674000,2228514000,535160000,0.1936407839709025,0.0,0.0,0.0,0.0,0.0,2703201000,0.0,76073000,136546000,0.04940741925422463,60473000,0.021881379641737773,0.0,50221000,0.018171824896858313,18770000.0,31451000,0.011380141073078807,0.07,0.07,449357143,449357143,https://www1.hkexnews.hk/search/titlesearch.xhtml,https://www1.hkexnews.hk/search/titlesearch.xhtml,1620584525,14:22:05,20210509
16,2004-12-31,0099.HK,HKD,2004-12-31,2004-12-31,FY,2522163000,2064114000,458049000,0.18160959462175918,0.0,0.0,0.0,0.0,0.0,2482297000,0.0,79180000,119046000,0.04719996288899647,39866000,0.015806274217804322,0.0,34410000,0.01364305161878911,5885000.0,28576000,0.011329957659358257,0.06,0.06,476266667,476266667,https://www1.hkexnews.hk/search/titlesearch.xhtml,https://www1.hkexnews.hk/search/titlesearch.xhtml,1620584525,14:22:05,20210509
17,2003-12-31,0099.HK,HKD,2003-12-31,2003-12-31,FY,2220387000,1754384000,466003000,0.20987467500034904,0.0,0.0,0.0,0.0,0.0,2172412000,0.0,74195000,122170000,0.055021939869040845,47975000,0.02160659380549427,0.0,32292000,0.014543410675706532,9157000.0,24903000,0.011215612413511699,0.05,0.05,498060000,498060000,https://www1.hkexnews.hk/search/titlesearch.xhtml,https://www1.hkexnews.hk/search/titlesearch.xhtml,1620584525,14:22:05,20210509
18,2002-12-31,0099.HK,HKD,2002-12-31,2002-12-31,FY,1808752000,1432169000,376583000,0.2082004608702575,0.0,0.0,0.0,0.0,0.0,1745129000,0.0,59708000,123331000,0.06818568825355825,63623000,0.03517508204552089,0.0,43845000,0.024240470777641156,10278000.0,33774000,0.0186725432784594,0.077,0.077,438623377,438623377,https://www1.hkexnews.hk/search/titlesearch.xhtml,https://www1.hkexnews.hk/search/titlesearch.xhtml,1620584525,14:22:05,20210509
19,2001-12-31,0099.HK,HKD,2001-12-31,2001-12-31,FY,2221624000,1778483000,443141000,0.19946714655585285,0.0,0.0,0.0,0.0,0.0,2104042000,0.0,72599000,190181000,0.08560449472998131,117582000,0.05292614771896595,0.0,121372000,0.05463210696319449,9838000.0,90034000,0.0405262096556393,0.19,0.19,473863158,473863158,https://www1.hkexnews.hk/search/titlesearch.xhtml,https://www1.hkexnews.hk/search/titlesearch.xhtml,1620584525,14:22:05,20210509
20,2000-12-31,0099.HK,HKD,2000-12-31,2000-12-31,FY,4020120000,3045301000,974819000,0.24248505019750655,0.0,0.0,0.0,0.0,0.0,3635767000,0.0,120245000,504598000,0.12551814373700287,384353000,0.09560734505437649,0.0,1116351000,0.2776909644488224,30522000.0,822404000,0.2045720028257863,1.78,1.76,462024719,467275000,https://www1.hkexnews.hk/search/titlesearch.xhtml,https://www1.hkexnews.hk/search/titlesearch.xhtml,1620584525,14:22:05,20210509
