,date,symbol,reportedCurrency,fillingDate,acceptedDate,period,revenue,costOfRevenue,grossProfit,grossProfitRatio,researchAndDevelopmentExpenses,generalAndAdministrativeExpenses,sellingAndMarketingExpenses,otherExpenses,operatingExpenses,costAndExpenses,interestExpense,depreciationAndAmortization,ebitda,ebitdaratio,operatingIncome,operatingIncomeRatio,totalOtherIncomeExpensesNet,incomeBeforeTax,incomeBeforeTaxRatio,incomeTaxExpense,netIncome,netIncomeRatio,eps,epsdiluted,weightedAverageShsOut,weightedAverageShsOutDil,link,finalLink,timestamp,est_time,est_date
0,2020-12-31,OMU.L,ZAR,2020-12-31,2020-12-31,FY,146533000000.0,0.0,0.0,0.0,0.0,168000000.0,0.0,0.0,0.0,149805000000.0,1660000000.0,1262000000.0,0.0,0.0,0.0,-0.022329441149775135,4927000000.0,-3272000000.0,-0.022329441149775135,2076000000.0,-5097000000.0,-0.03478397357591805,-1.1309074772575993,-1.1309074772575993,4507000000,4507000000,https://find-and-update.company-information.service.gov.uk/search/companies?q=Old+Mutual+Ltd,https://find-and-update.company-information.service.gov.uk/search/companies?q=Old+Mutual+Ltd,1620596120,17:35:20,20210509
1,2019-12-31,OMU.L,ZAR,2019-12-31,2019-12-31,FY,176183000000.0,0.0,0.0,0.0,0.0,10532000000.0,0.0,0.0,11879000000.0,162387000000.0,2079000000.0,1268000000.0,0.0,0.0,0.0,0.07830494429087936,4544000000.0,13796000000.0,0.07830494429087936,4245000000.0,9386000000.0,0.053274152443765856,2.083,2.052,4507000000,4575000000,https://find-and-update.company-information.service.gov.uk/search/companies?q=Old+Mutual+Ltd,https://find-and-update.company-information.service.gov.uk/search/companies?q=Old+Mutual+Ltd,1620596120,17:35:20,20210509
2,2018-12-31,OMU.L,ZAR,2018-12-31,2018-12-31,FY,109438000000.0,0.0,0.0,0.0,0.0,11372000000.0,428000000.0,0.0,10310000000.0,100988000000.0,1904000000.0,782000000.0,0.0,0.0,0.0,0.0772126683601674,4785000000.0,8450000000.0,0.0772126683601674,3453000000.0,36566000000.0,0.33412525813702737,7.881,7.781,4640000000,4687000000,https://find-and-update.company-information.service.gov.uk/search/companies?q=Old+Mutual+Ltd,https://find-and-update.company-information.service.gov.uk/search/companies?q=Old+Mutual+Ltd,1620596120,17:35:20,20210509
3,2017-12-31,OMU.L,ZAR,2017-12-31,2017-12-31,FY,171147994215.98172,0.0,0.0,0.0,0.0,11399822384.691273,1255487046.772166,0.0,12002456167.14191,160819520777.8694,2962949430.382313,987649810.127438,0.0,0.0,0.0,0.06034820031298905,4636932159.411868,10328473438.112356,0.06034820031298905,4017558549.670933,15216503006.878656,0.08890845070422536,3.230787,3.163827,4633000000,4705000000,https://find-and-update.company-information.service.gov.uk/search/companies?q=Old+Mutual+Ltd,https://find-and-update.company-information.service.gov.uk/search/companies?q=Old+Mutual+Ltd,1620596120,17:35:20,20210509
4,2016-12-31,OMU.L,ZAR,2016-12-31,2016-12-31,FY,315766481677.97656,0.0,0.0,0.0,0.0,22697301468.22949,1268478099.93831,0.0,17877084688.46391,295200223417.64343,42333342455.27452,4194434250.462677,0.0,0.0,0.0,0.06513122656668453,5090825441.08575,20566258260.33313,0.06513122656668453,8033694632.942628,9640433559.531155,0.03053026245313337,2.012652,1.961913,4686000000,4752000000,https://find-and-update.company-information.service.gov.uk/search/companies?q=Old+Mutual+Ltd,https://find-and-update.company-information.service.gov.uk/search/companies?q=Old+Mutual+Ltd,1620596120,17:35:20,20210509
5,2015-12-31,OMU.L,ZAR,2015-12-31,2015-12-31,FY,316347750500.0074,0.0,0.0,0.0,0.0,29713111838.693905,1476427917.450629,0.0,15156455340.079111,285919493888.79834,45930749744.44066,6090265159.483844,0.0,0.0,0.0,0.0961861007802815,5536604690.439858,30428256611.209057,0.0961861007802815,8627875642.602114,14164480333.041971,0.04477503099248888,2.929787,2.814441,4641000000,4779000000,https://find-and-update.company-information.service.gov.uk/search/companies?q=Old+Mutual+Ltd,https://find-and-update.company-information.service.gov.uk/search/companies?q=Old+Mutual+Ltd,1620596120,17:35:20,20210509
6,2014-12-31,OMU.L,ZAR,2014-12-31,2014-12-31,FY,278852408915.45264,0.0,0.0,0.0,0.0,23862499315.153778,0.0,0.0,10507429834.391731,254268988170.838,30999621466.81609,4559828041.339808,0.0,0.0,0.0,0.08815925542916235,6398177686.464948,24583420744.614616,0.08815925542916235,8326642510.272693,10489406798.65521,0.03761633919338159,2.234856,2.072649,4485000000,4766000000,https://find-and-update.company-information.service.gov.uk/search/companies?q=Old+Mutual+Ltd,https://find-and-update.company-information.service.gov.uk/search/companies?q=Old+Mutual+Ltd,1620596120,17:35:20,20210509
7,2013-12-31,OMU.L,ZAR,2013-12-31,2013-12-31,FY,340347330854.3443,0.0,0.0,0.0,0.0,23316175403.59151,0.0,0.0,16209473970.61491,313985426265.19135,28667710865.227646,4491159985.488845,0.0,0.0,0.0,0.07745588755751048,6160288409.214584,26361904589.152912,0.07745588755751048,9498545256.666061,12131294213.676764,0.03564386470499014,2.581126,2.391844,4442000000,4726000000,https://find-and-update.company-information.service.gov.uk/search/companies?q=Old+Mutual+Ltd,https://find-and-update.company-information.service.gov.uk/search/companies?q=Old+Mutual+Ltd,1620596120,17:35:20,20210509
8,2012-12-31,OMU.L,ZAR,2012-12-31,2012-12-31,FY,270338660574.32816,0.0,0.0,0.0,0.0,19712051308.155975,0.0,0.0,10095748307.234854,251229340508.39514,27985907451.39865,3958848386.419095,0.0,0.0,0.0,0.07068659741575879,4410896818.086327,19109320065.933,0.07068659741575879,6465662416.573746,16068266980.17162,0.059437547504433745,3.410911,3.164339,4587000000,4901000000,https://find-and-update.company-information.service.gov.uk/search/companies?q=Old+Mutual+Ltd,https://find-and-update.company-information.service.gov.uk/search/companies?q=Old+Mutual+Ltd,1620596120,17:35:20,20210509
9,2011-12-31,OMU.L,ZAR,2011-12-31,2011-12-31,FY,120422197863.61943,0.0,0.0,0.0,0.0,48254062849.33549,0.0,0.0,3570199354.117501,107970344677.6798,26970663892.68414,0.0,0.0,0.0,0.0,0.10340164360761468,0.0,12451853185.939634,0.10340164360761468,2818578437.461185,8355519190.162713,0.0693852075314678,1.615985,1.465661,4935000000,5367000000,https://find-and-update.company-information.service.gov.uk/search/companies?q=Old+Mutual+Ltd,https://find-and-update.company-information.service.gov.uk/search/companies?q=Old+Mutual+Ltd,1620596120,17:35:20,20210509
10,2010-12-31,OMU.L,ZAR,2010-12-31,2010-12-31,FY,220763771761.94592,0.0,0.0,0.0,0.0,38047176256.32794,0.0,0.0,9629603037.412025,209034095721.69403,26614583714.03877,3042544789.480183,0.0,0.0,0.0,0.0531322505800464,1608348592.418817,11729676040.251883,0.0531322505800464,4671381898.999877,-2888880911.223608,-0.01308584686774942,-0.5945422743823026,-0.5459990382203002,4859000000,5291000000,https://find-and-update.company-information.service.gov.uk/search/companies?q=Old+Mutual+Ltd,https://find-and-update.company-information.service.gov.uk/search/companies?q=Old+Mutual+Ltd,1620596120,17:35:20,20210509
11,2009-12-31,OMU.L,ZAR,2009-12-31,2009-12-31,FY,260872411655.32074,0.0,0.0,0.0,0.0,37465274291.35068,0.0,0.0,11708644179.616125,257924363630.48364,32034659508.756042,3890945976.100771,0.0,0.0,0.0,0.011300727455735004,2446760506.443737,2948048024.837087,0.011300727455735004,4356427243.180311,-4058041815.565222,-0.01555565722651782,-0.930963,-0.930963,4758000000,4758000000,https://find-and-update.company-information.service.gov.uk/search/companies?q=Old+Mutual+Ltd,https://find-and-update.company-information.service.gov.uk/search/companies?q=Old+Mutual+Ltd,1620596120,17:35:20,20210509
12,2008-12-31,OMU.L,ZAR,2008-12-31,2008-12-31,FY,1290505044.884092,0.0,0.0,0.0,0.0,38907354225.54806,0.0,0.0,-6315237453.68811,-6878117313.690746,40390062149.457436,4956088523.437843,0.0,0.0,0.0,6.329787234042554,3789142472.212866,8168622358.574839,6.329787234042554,-1208132382.444682,6054390689.296645,4.691489361702128,1.180675,1.112031,4755000000,5051000000,https://find-and-update.company-information.service.gov.uk/search/companies?q=Old+Mutual+Ltd,https://find-and-update.company-information.service.gov.uk/search/companies?q=Old+Mutual+Ltd,1620596120,17:35:20,20210509
13,2007-12-31,OMU.L,ZAR,2007-12-31,2007-12-31,FY,229253508259.79178,0.0,0.0,0.0,0.0,37068116370.84779,0.0,0.0,4259295309.866138,206555410570.1537,29107452612.791275,4898870004.957858,0.0,0.0,0.0,0.09900872558912566,2884890114.030739,22698097689.638077,0.09900872558912566,6518218701.04115,13226949013.386217,0.057695732177835815,2.612731,2.463043,4894000000,5192000000,https://find-and-update.company-information.service.gov.uk/search/companies?q=Old+Mutual+Ltd,https://find-and-update.company-information.service.gov.uk/search/companies?q=Old+Mutual+Ltd,1620596120,17:35:20,20210509
14,2006-12-31,OMU.L,ZAR,2006-12-31,2006-12-31,FY,272730046433.25952,0.0,0.0,0.0,0.0,38749879900.47217,0.0,0.0,5498479065.849023,249227819204.1692,21075217766.109596,5196816872.710174,0.0,0.0,0.0,0.08617395676219207,4442661389.863051,23502227229.09034,0.08617395676219207,8515100997.237515,11463163339.276268,0.04203117144293615,2.331026,2.207619,4705000000,4992000000,https://find-and-update.company-information.service.gov.uk/search/companies?q=Old+Mutual+Ltd,https://find-and-update.company-information.service.gov.uk/search/companies?q=Old+Mutual+Ltd,1620596120,17:35:20,20210509
15,2005-12-31,OMU.L,ZAR,2005-12-31,2005-12-31,FY,156601232362.86047,0.0,0.0,0.0,0.0,23486370362.72283,0.0,0.0,2114318260.031661,139098164705.0726,14102720765.36582,1482202491.56859,0.0,0.0,0.0,0.11176839028464056,24521732397.274418,17503067657.787872,0.11176839028464056,5274897102.34703,9449040883.749743,0.06033822813000209,2.735535,2.648347,3456000000,3570000000,https://find-and-update.company-information.service.gov.uk/search/companies?q=Old+Mutual+Ltd,https://find-and-update.company-information.service.gov.uk/search/companies?q=Old+Mutual+Ltd,1620596120,17:35:20,20210509
16,2004-12-31,OMU.L,ZAR,2004-12-31,2004-12-31,FY,126711476139.32791,0.0,0.0,0.0,0.0,21234496087.156666,0.0,0.0,9889146079.484425,115453063679.60718,16518134110.787172,2510321697.09989,0.0,0.0,0.0,0.08885077186963979,24331646232.92926,11258412459.72073,0.08885077186963979,3738314561.914992,6074761163.111861,0.047941680960548884,1.771353,1.771353,3432000000,3432000000,https://find-and-update.company-information.service.gov.uk/search/companies?q=Old+Mutual+Ltd,https://find-and-update.company-information.service.gov.uk/search/companies?q=Old+Mutual+Ltd,1620596120,17:35:20,20210509
17,2003-12-31,OMU.L,ZAR,2003-12-31,2003-12-31,FY,1947617142.857143,0.0,0.0,0.0,0.0,0.0,0.0,0.0,-5986234285.714286,-3345600000.0,0.0,0.0,0.0,0.0,0.0,2.717791411042945,1457725714.285714,5293217142.857143,2.717791411042945,2879605714.285714,3261960000.0,1.674846625766871,0.955886,0.955886,3411000000,3411000000,https://find-and-update.company-information.service.gov.uk/search/companies?q=Old+Mutual+Ltd,https://find-and-update.company-information.service.gov.uk/search/companies?q=Old+Mutual+Ltd,1620596120,17:35:20,20210509
18,2002-12-31,OMU.L,ZAR,2002-12-31,2002-12-31,FY,0.0,0.0,0.0,0.0,0.0,0.0,0.0,0.0,0.0,-5868367963.276154,0.0,0.0,0.0,0.0,0.0,0.0,0.0,5868367963.276154,0.0,3092975114.76202,2167844165.257309,0.0,0.593741,0.593741,3670000000,3670000000,https://find-and-update.company-information.service.gov.uk/search/companies?q=Old+Mutual+Ltd,https://find-and-update.company-information.service.gov.uk/search/companies?q=Old+Mutual+Ltd,1620596120,17:35:20,20210509
19,2001-12-31,OMU.L,ZAR,2001-12-31,2001-12-31,FY,0.0,0.0,0.0,0.0,0.0,0.0,0.0,0.0,-16043936038.82423,-1409499803.844645,0.0,1287691178.821034,0.0,0.0,0.0,0.0,0.0,1409499803.844645,0.0,5550993054.647429,-4593925286.604769,0.0,-1.287691,-1.287691,3550000000,3550000000,https://find-and-update.company-information.service.gov.uk/search/companies?q=Old+Mutual+Ltd,https://find-and-update.company-information.service.gov.uk/search/companies?q=Old+Mutual+Ltd,1620596120,17:35:20,20210509
20,2000-12-31,OMU.L,ZAR,2000-12-31,2000-12-31,FY,0.0,0.0,0.0,0.0,0.0,0.0,0.0,0.0,-8903722069.542358,-11672011291.671644,0.0,768341498.386904,0.0,0.0,0.0,0.0,0.0,11672011291.671644,0.0,2101639980.881826,5717364679.173139,0.0,1.694871,1.683572,3373000000,3399000000,https://find-and-update.company-information.service.gov.uk/search/companies?q=Old+Mutual+Ltd,https://find-and-update.company-information.service.gov.uk/search/companies?q=Old+Mutual+Ltd,1620596120,17:35:20,20210509
21,1999-12-31,OMU.L,ZAR,1999-12-31,1999-12-31,FY,0.0,0.0,0.0,0.0,0.0,0.0,0.0,0.0,-12356630192.830336,-14804078685.130062,0.0,577040701.436521,0.0,0.0,0.0,0.0,0.0,14804078685.130062,0.0,1641581305.810793,10605610133.298822,0.0,3.392601,3.372703,3127000000,3140000000,https://find-and-update.company-information.service.gov.uk/search/companies?q=Old+Mutual+Ltd,https://find-and-update.company-information.service.gov.uk/search/companies?q=Old+Mutual+Ltd,1620596120,17:35:20,20210509
22,1998-12-31,OMU.L,ZAR,1998-12-31,1998-12-31,FY,0.0,0.0,0.0,0.0,0.0,0.0,0.0,0.0,-3368304639.389161,-556470246.493485,0.0,507657066.976513,0.0,0.0,0.0,0.0,0.0,556470246.493485,0.0,829824051.78853,-986026226.242842,0.0,-0.33193,-0.33193,2971000000,2971000000,https://find-and-update.company-information.service.gov.uk/search/companies?q=Old+Mutual+Ltd,https://find-and-update.company-information.service.gov.uk/search/companies?q=Old+Mutual+Ltd,1620596120,17:35:20,20210509
23,1998-06-30,OMU.L,ZAR,1998-06-30,1998-06-30,FY,0.0,0.0,0.0,0.0,0.0,0.0,0.0,0.0,-4498364291.19285,4920699803.248074,0.0,540196585.186914,0.0,0.0,0.0,0.0,0.0,-4920699803.248074,0.0,844671024.110448,-6403784973.488512,0.0,-2.160786,-2.160786,2971000000,2971000000,https://find-and-update.company-information.service.gov.uk/search/companies?q=Old+Mutual+Ltd,https://find-and-update.company-information.service.gov.uk/search/companies?q=Old+Mutual+Ltd,1620596120,17:35:20,20210509
24,1997-06-30,OMU.L,ZAR,1997-06-30,1997-06-30,FY,0.0,0.0,0.0,0.0,0.0,0.0,0.0,0.0,-6090135290.300035,-5893922753.066081,0.0,437704890.752667,0.0,0.0,0.0,0.0,0.0,5893922753.066081,0.0,588637611.701862,4241209458.672391,0.0,1.433861,1.433861,2971000000,2971000000,https://find-and-update.company-information.service.gov.uk/search/companies?q=Old+Mutual+Ltd,https://find-and-update.company-information.service.gov.uk/search/companies?q=Old+Mutual+Ltd,1620596120,17:35:20,20210509
25,1996-06-30,OMU.L,ZAR,1996-06-30,1996-06-30,FY,0.0,0.0,0.0,0.0,0.0,0.0,0.0,0.0,-8082703416.149068,-8351678571.428571,0.0,396738354.037267,0.0,0.0,0.0,0.0,0.0,8351678571.428571,0.0,726232919.254658,6166255434.782609,0.0,2.084557,2.084557,2971000000,2971000000,https://find-and-update.company-information.service.gov.uk/search/companies?q=Old+Mutual+Ltd,https://find-and-update.company-information.service.gov.uk/search/companies?q=Old+Mutual+Ltd,1620596120,17:35:20,20210509
