,date,symbol,reportedCurrency,fillingDate,acceptedDate,period,revenue,costOfRevenue,grossProfit,grossProfitRatio,researchAndDevelopmentExpenses,generalAndAdministrativeExpenses,sellingAndMarketingExpenses,otherExpenses,operatingExpenses,costAndExpenses,interestExpense,depreciationAndAmortization,ebitda,ebitdaratio,operatingIncome,operatingIncomeRatio,totalOtherIncomeExpensesNet,incomeBeforeTax,incomeBeforeTaxRatio,incomeTaxExpense,netIncome,netIncomeRatio,eps,epsdiluted,weightedAverageShsOut,weightedAverageShsOutDil,link,finalLink,timestamp,est_time,est_date
0,2019-09-30,DOX,USD,2019-12-16 00:00:00,2019-12-16 16:32:23,FY,4086669000,2653172000,1433497000,0.35077394327752015,273936000,492457000,0.0,0.0,863751000,3516923000,3911000.0,97358000,667104000,0.16323905850950982,569746000,0.13941574421613298,-7860000.0,567887000,0.1389608505117493,88441000,479446000.0,0.11731950887140603,3.49,3.47,137418000,138108000,https://www.sec.gov/Archives/edgar/data/1062579/000119312519315234/0001193125-19-315234-index.html,https://www.sec.gov/Archives/edgar/data/1062579/000119312519315234/d709976d20f.htm,1620591231,16:13:51,20210509
1,2018-09-30,DOX,USD,2018-12-10 00:00:00,2018-12-10 16:26:19,FY,3974837000,2595276000,1379561000,0.3470736032697693,276615000,481093000,0.0,0.0,866197000,3461473000,2764000.0,108489000,621853000,0.15644742161754055,513364000,0.12915347220527534,-91230000.0,421541000,0.10605239912982595,67145000,354396000.0,0.08915988253103209,2.49,2.47,142422000,143703000,https://www.sec.gov/Archives/edgar/data/1062579/000119312518346169/0001193125-18-346169-index.html,https://www.sec.gov/Archives/edgar/data/1062579/000119312518346169/d596048d20f.htm,1620591231,16:13:51,20210509
2,2017-09-30,DOX,USD,2017-12-11 00:00:00,2017-12-11 17:18:50,FY,3867155000,2507656000,1359499000,0.35155017060345395,259097000,472778000,0.0,0.0,842166000,3349822000,1600000.0,110291000,627624000,0.1622960548516933,517333000,0.13377612223973437,-8246000.0,512912000,0.13263290455127866,76086000,436826000.0,0.11295797556601687,2.99,2.96,146017000,147431000,https://www.sec.gov/Archives/edgar/data/1062579/000119312517366393/0001193125-17-366393-index.html,https://www.sec.gov/Archives/edgar/data/1062579/000119312517366393/d419646d20f.htm,1620591231,16:13:51,20210509
3,2016-09-30,DOX,USD,2016-12-12 00:00:00,2016-12-12 16:51:14,FY,3718229000,2408040000,1310189000,0.3523690982992172,252292000,464883000,0.0,0.0,827048000,3235088000,1667000.0,109873000,593014000,0.15948829402384845,483141000,0.12993847339687792,-1998000.0,484698000,0.1303572211394188,75367000,409331000.0,0.11008762504945231,2.74,2.71,149168000,151176000,https://www.sec.gov/Archives/edgar/data/1062579/000119312516790829/0001193125-16-790829-index.html,https://www.sec.gov/Archives/edgar/data/1062579/000119312516790829/d159244d20f.htm,1620591231,16:13:51,20210509
4,2015-09-30,DOX,USD,2015-12-10 00:00:00,2015-12-10 16:22:55,FY,3643538000,2349488000,1294050000,0.3551630310977956,254944000,440085000,0.0,0.0,765102000,3114590000,3142000.0,70073000,599021000,0.16440640937462433,528948000,0.1451742784074161,-21130000.0,513404000,0.14090809537323337,67241000,446163000.0,0.12245323089809959,2.89,2.85,154423000,156809000,https://www.sec.gov/Archives/edgar/data/1062579/000119312515400204/0001193125-15-400204-index.html,https://www.sec.gov/Archives/edgar/data/1062579/000119312515400204/d949903d20f.htm,1620591231,16:13:51,20210509
5,2014-09-30,DOX,USD,2014-12-08 00:00:00,2014-12-08 17:19:40,FY,3563637000,2306892000,1256745000,0.3526579727396477,257896000,445134000,0.0,0.0,761097000,3067989000,3483000.0,58067000,553715000,0.15537918143739107,495648000,0.13908487312259918,-3447000.0,489550000,0.13737369995877807,67428000,422122000.0,0.11845258088856973,2.65,2.62,159012000,161336000,https://www.sec.gov/Archives/edgar/data/1062579/000119312514436532/0001193125-14-436532-index.html,https://www.sec.gov/Archives/edgar/data/1062579/000119312514436532/d751483d20f.htm,1620591231,16:13:51,20210509
6,2013-09-30,DOX,USD,2013-12-09 00:00:00,2013-12-09 16:43:01,FY,3345854000,2167052000,1178802000,0.3523172260355652,240266000,418574000,0.0,0.0,697250000,2864302000,3557000.0,38410000,519962000,0.15540486823393967,481552000,0.14392498895648168,-4279000.0,475477000,0.14210930901348356,63038000,412439000.0,0.12326867819097904,2.56,2.53,161330000,163118000,https://www.sec.gov/Archives/edgar/data/1062579/000119312513466872/0001193125-13-466872-index.html,https://www.sec.gov/Archives/edgar/data/1062579/000119312513466872/d553357d20f.htm,1620591231,16:13:51,20210509
7,2012-09-30,DOX,USD,2012-12-11 00:00:00,2012-12-11 17:00:57,FY,3246903000,2085468000,1161435000,0.3577054811923855,242063000,424671000,0.0,0.0,718963000,2804431000,3175000.0,52229000,494701000,0.1523608805067475,442472000,0.13627509044772818,1794000.0,441524000,0.13598311991457707,50153000,391371000.0,0.12053670836486338,2.33,2.31,168275000,169437000,https://www.sec.gov/Archives/edgar/data/1062579/000119312512498666/0001193125-12-498666-index.html,https://www.sec.gov/Archives/edgar/data/1062579/000119312512498666/d365679d20f.htm,1620591231,16:13:51,20210509
8,2011-09-30,DOX,USD,2011-12-08 00:00:00,2011-12-08 16:50:15,FY,3177728000,2069367000,1108361000,0.3487903936397325,221886000,409465000,0.0,0.0,703997000,2773364000,2882000.0,72646000,477010000,0.1501103933376299,404364000,0.12724940586481914,-11955000.0,395707000,0.12452513242165472,49042000,346665000.0,0.10909209347055507,1.87,1.86,185213000,186559000,https://www.sec.gov/Archives/edgar/data/1062579/000095012311102503/0000950123-11-102503-index.html,https://www.sec.gov/Archives/edgar/data/1062579/000095012311102503/y92319e20vf.htm,1620591231,16:13:51,20210509
9,2010-09-30,DOX,USD,2010-12-07 00:00:00,2010-12-07 13:05:56,FY,2984223000,1905666000,1078557000,0.36141970623509034,207836000,373585000,0.0,0.0,668124000,2573790000,3135000.0,86703000,497136000,0.16658808674820882,410433000,0.13753429284607752,-29670000.0,385298000,0.1291116649124412,41392000,343906000.0,0.11524138779173004,1.7,1.69,202584000,204076000,https://www.sec.gov/Archives/edgar/data/1062579/000095012310111454/0000950123-10-111454-index.html,https://www.sec.gov/Archives/edgar/data/1062579/000095012310111454/y86844e20vf.htm,1620591231,16:13:51,20210509
10,2009-09-30,DOX,USD,2009-12-07 00:00:00,2009-12-07 16:44:41,FY,2862607000,1834633000,1027974000,0.35910413130408747,210387000,344335000,0.0,0.0,639875000,2474508000,17536000.0,85153000,473252000,0.16532202988394845,388099000,0.1355753688857744,-20780000.0,366154000,0.1279092798976597,39978000,326176000.0,0.11394368839313256,1.61,1.58,202867000,207606000,https://www.sec.gov/Archives/edgar/data/1062579/000095012309068873/0000950123-09-068873-index.html,https://www.sec.gov/Archives/edgar/data/1062579/000095012309068873/y78872e20vf.htm,1620591231,16:13:51,20210509
11,2008-09-30,DOX,USD,2008-12-08 00:00:00,2008-12-08 16:03:08,FY,3162096000,2026291000,1135805000,0.35919371201886346,225492000,404134000,0.0,0.0,716313000,2742604000,0.0,86687000,506179000,0.16007705015913495,419492000,0.132662638958463,-38008000.0,417551000,0.13204880560235996,38645000,378906000.0,0.11982748151858767,1.83,1.74,206590000,219606000,https://www.sec.gov/Archives/edgar/data/1062579/000095012308017141/0000950123-08-017141-index.html,https://www.sec.gov/Archives/edgar/data/1062579/000095012308017141/y72973e20vf.htm,1620591231,16:13:51,20210509
12,2007-09-30,DOX,USD,2007-12-03 00:00:00,2007-12-03 16:11:56,FY,2836173000,1796382000,1039791000,0.36661762170361256,230444000,370194000,0.0,0.0,675597000,2471979000,0.0,74959000,439153000,0.15483999036730128,364194000,0.12841036142717668,1207000.0,407999000,0.14385547002950808,43062000,364937000.0,0.12867233416297244,1.76,1.65,207846000,223256000,https://www.sec.gov/Archives/edgar/data/1062579/000095012307016212/0000950123-07-016212-index.html,https://www.sec.gov/Archives/edgar/data/1062579/000095012307016212/y43245e20vf.txt,1620591231,16:13:51,20210509
13,2006-09-30,DOX,USD,2006-09-30,2006-09-30,FY,2480050000,1583826000,896224000,0.36137335940807647,186760000,313997000,0.0,0.0,538367000,2122193000,0.0,37610000,395467000,0.15945928509505858,357857000,0.14429426826072056,-29513000.0,373873000,0.15075220257656097,55237000,318636000.0,0.1284796677486341,1.57,1.48,203194000,218534000,,,1620591231,16:13:51,20210509
14,2005-09-30,DOX,USD,2005-09-30,2005-09-30,FY,2038621000,1295655000,742966000,0.3644453775370704,144457000,232066000,0.0,0.0,391879000,1687534000,0.0,15356000,366443000,0.17975042933433924,351087000,0.17221788650268982,-16899000.0,360795000,0.17697992907951013,72159000,288636000.0,0.1415839432636081,1.44,1.35,201023000,217162000,,,1620591231,16:13:51,20210509
15,2004-09-30,DOX,USD,2004-12-30 00:00:00,2004-12-30 13:56:29,FY,1773732000,1122832000,650900000,0.3669663737250047,126407000,210384000,0.0,0.0,354700000,1477532000,0.0,17909000,314109000,0.1770893235280189,296200000,0.1669925332575609,-171000.0,301103000,0.16975676144986954,66243000,234860000.0,0.1324100822446683,1.13,1.1,208726000,214197000,https://www.sec.gov/Archives/edgar/data/1062579/000095012304015384/0000950123-04-015384-index.html,https://www.sec.gov/Archives/edgar/data/1062579/000095012304015384/y04146e20vf.txt,1620591231,16:13:51,20210509
16,2003-09-30,DOX,USD,2003-12-24 00:00:00,2003-12-24 11:22:17,FY,1483327000,913359000,569968000,0.3842497305044673,119256000,206265000,0.0,0.0,345461000,1258820000,0.0,19940000,244447000,0.1647964339623023,224507000,0.1513536799370604,-14485000.0,225177000,0.15180536725887145,56294000,168883000.0,0.11385419398419903,0.78,0.77,215849000,219876000,https://www.sec.gov/Archives/edgar/data/1062579/000095012303014173/0000950123-03-014173-index.html,https://www.sec.gov/Archives/edgar/data/1062579/000095012303014173/y92765e20vf.txt,1620591231,16:13:51,20210509
17,2002-09-30,DOX,USD,2002-09-30,2002-09-30,FY,1613565000,933337000,680228000,0.4215683904893822,124082000,223551000,0.0,0.0,579437000,1512774000,0.0,231804000,332595000,0.20612432718855453,100791000,0.062464790696377274,-48184000.0,68459000,0.04242717213127454,73520000,-5061000.0,-0.0031365330804770802,-0.02,-0.02,220361000,220361000,,,1620591231,16:13:51,20210509
18,2001-09-30,DOX,USD,2001-12-27 00:00:00,2001-12-27 00:00:00,FY,1533910000,853242000,680668000,0.4437470255751641,105807000,195592000,0.0,0.0,521387000,1374629000,0.0,219988000,379269000,0.24725635793495054,159281000,0.10383986022648004,-2078000.0,181567000,0.1183687439289137,115181000,66386000.0,0.043278940746197626,0.3,0.29,222002000,226832000,https://www.sec.gov/Archives/edgar/data/1062579/000095012301509586/0000950123-01-509586-index.html,https://www.sec.gov/Archives/edgar/data/1062579/000095012301509586/y55832e20-f.txt,1620591231,16:13:51,20210509
19,2000-09-30,DOX,USD,2000-09-30,2000-09-30,FY,1118320000,645524000,472796000,0.4227734458831104,74852000,137004000,0.0,0.0,398672000,1044196000,0.0,111199000,185323000,0.16571553759210245,74124000,0.06628156520495028,-64883000.0,84858000,0.07587989126546964,78880000,5978000.0,0.005345518277416124,0.028197448173392137,0.027556641390278195,212005000,216935000,,,1620591231,16:13:51,20210509
20,1999-09-30,DOX,USD,1999-12-07 00:00:00,1999-12-07 00:00:00,FY,626900000,363300000,263600000,0.420481735524007,40900000,75700000,0.0,0.0,116600000,479900000,0.0,30600000,177600000,0.28329877173392887,147000000,0.23448715903652895,0.0,140800000,0.22459722443770935,42200000,98500000.0,0.15712234806189185,0.5,0.49,197436000,200262000,https://www.sec.gov/Archives/edgar/data/1062579/000095012399010789/0000950123-99-010789-index.html,https://www.sec.gov/Archives/edgar/data/1062579/0000950123-99-010789.txt,1620591231,16:13:51,20210509
21,1998-09-30,DOX,USD,1998-09-30,1998-09-30,FY,403800000,242100000,161700000,0.40044576523031206,25600000,51200000,0.0,0.0,76800000,318900000,0.0,29100000,114000000,0.2823179791976226,84900000,0.21025260029717682,0.0,60800000,0.1505695889053987,30400000,30100000.0,0.0745418524021793,0.18987182075090836,0.18878338204488151,158528000,159442000,,,1620591231,16:13:51,20210509
