,date,symbol,reportedCurrency,fillingDate,acceptedDate,period,revenue,costOfRevenue,grossProfit,grossProfitRatio,researchAndDevelopmentExpenses,generalAndAdministrativeExpenses,sellingAndMarketingExpenses,otherExpenses,operatingExpenses,costAndExpenses,interestExpense,depreciationAndAmortization,ebitda,ebitdaratio,operatingIncome,operatingIncomeRatio,totalOtherIncomeExpensesNet,incomeBeforeTax,incomeBeforeTaxRatio,incomeTaxExpense,netIncome,netIncomeRatio,eps,epsdiluted,weightedAverageShsOut,weightedAverageShsOutDil,link,finalLink,timestamp,est_time,est_date
0,2020-12-31,0219.HK,HKD,2020-12-31,2020-12-31,FY,387911000,267728000,120183000,0.30982106720355956,0.0,43085000,0.0,12617000.0,0.0,317726000,16345000.0,6913000.0,77098000,0.198751775536141,70185000,0.18093067739765048,0.0,-220053000.0,-0.5672770300403959,15403000.0,-171635000.0,-0.44245973947632317,-0.3355,-0.3355,511613000.0,511613000.0,https://www1.hkexnews.hk/search/titlesearch.xhtml,https://www1.hkexnews.hk/search/titlesearch.xhtml,1620584602,14:23:22,20210509
1,2019-12-31,0219.HK,HKD,2019-12-31,2019-12-31,FY,617309000,414098000,203211000,0.329188461532231,0.0,43958000,0.0,785000.0,0.0,467362000,23204000.0,9306000.0,159253000,0.25797939119630525,149947000,0.24290428294419814,0.0,57782000.0,0.09360304158857234,33726000.0,17311000.0,0.028042682027963305,0.0338,0.0338,511613000.0,511613000.0,https://www1.hkexnews.hk/search/titlesearch.xhtml,https://www1.hkexnews.hk/search/titlesearch.xhtml,1620584602,14:23:22,20210509
2,2018-12-31,0219.HK,HKD,2018-12-31,2018-12-31,FY,787132000,407065000,380067000,0.4828503986624861,0.0,44457000,0.0,1300000.0,0.0,459976000,32769000.0,8454000.0,335610000,0.42637067226335607,327156000,0.4156304152289578,0.0,740171000.0,0.9403391044958151,56791000.0,604054000.0,0.7674113109364122,1.181,1.181,511613000.0,511613000.0,https://www1.hkexnews.hk/search/titlesearch.xhtml,https://www1.hkexnews.hk/search/titlesearch.xhtml,1620584602,14:23:22,20210509
3,2017-12-31,0219.HK,HKD,2017-12-31,2017-12-31,FY,671557000,356175000,315382000,0.4696280434870011,0.0,45546000,0.0,1492000.0,0.0,409809000,19994000.0,8088000.0,269836000,0.40180654806665705,261748000,0.38976289428894345,0.0,896114000.0,1.3343826361723576,48030000.0,793515000.0,1.1816048377129567,1.551,1.551,511613000.0,511613000.0,https://www1.hkexnews.hk/search/titlesearch.xhtml,https://www1.hkexnews.hk/search/titlesearch.xhtml,1620584602,14:23:22,20210509
4,2016-12-31,0219.HK,HKD,2016-12-31,2016-12-31,FY,590665000,323155000,267510000,0.45289631178417544,0.0,36857000,0.0,-15887000.0,0.0,351139000,10176000.0,7380000.0,246906000,0.4180135948464866,239526000,0.40551920293228816,0.0,461571000.0,0.7814429498954568,37371000.0,381389000.0,0.6456942598596497,0.745,0.745,511613000.0,511613000.0,https://www1.hkexnews.hk/search/titlesearch.xhtml,https://www1.hkexnews.hk/search/titlesearch.xhtml,1620584602,14:23:22,20210509
5,2015-12-31,0219.HK,HKD,2015-12-31,2015-12-31,FY,561827000,305348000,256479000,0.456508854149053,0.0,32877000,0.0,-20246000.0,0.0,326603000,8598000.0,5347000.0,240571000,0.4281940882157675,235224000,0.4186769236793533,0.0,249803000.0,0.4446261927604049,38625000.0,170245000.0,0.3030203247618929,0.348,0.348,488580000.0,488580000.0,https://www1.hkexnews.hk/search/titlesearch.xhtml,https://www1.hkexnews.hk/search/titlesearch.xhtml,1620584602,14:23:22,20210509
6,2014-12-31,0219.HK,HKD,2014-12-31,2014-12-31,FY,648423000,296095000,352328000,0.5433613551647613,0.0,32130000,0.0,-14906000.0,0.0,316261000,8571000.0,3666000.0,335828000,0.5179150030150071,332162000,0.51226128622828,0.0,961016000.0,1.4820819125786717,53941000.0,644500000.0,0.9939499370010009,1.374,1.374,468937000.0,468937000.0,https://www1.hkexnews.hk/search/titlesearch.xhtml,https://www1.hkexnews.hk/search/titlesearch.xhtml,1620584602,14:23:22,20210509
7,2013-12-31,0219.HK,HKD,2013-12-31,2013-12-31,FY,688736000,302728000,386008000,0.5604585791943503,0.0,28584000,0.0,0.0,0.0,332564000,17166000.0,3926000.0,360098000,0.522838939738884,356172000,0.5171386423825675,0.0,681025000.0,0.9888041281419876,62198000.0,439319000.0,0.6378626933977606,0.937,0.937,468937000.0,468937000.0,https://www1.hkexnews.hk/search/titlesearch.xhtml,https://www1.hkexnews.hk/search/titlesearch.xhtml,1620584602,14:23:22,20210509
8,2012-12-31,0219.HK,HKD,2012-12-31,2012-12-31,FY,520503000,195851000,324652000,0.6237274328870342,0.0,23142000,0.0,0.0,0.0,-91534000,11008000.0,3680000.0,615717000,1.182926899556775,612037000,1.1758568154266162,0.0,579958000.0,1.1142260467278766,48187000.0,377983000.0,0.7261879374374404,0.806,0.806,468937000.0,468937000.0,https://www1.hkexnews.hk/search/titlesearch.xhtml,https://www1.hkexnews.hk/search/titlesearch.xhtml,1620584602,14:23:22,20210509
9,2011-12-31,0219.HK,HKD,2011-12-31,2011-12-31,FY,401648000,148483000,253165000,0.630315599729116,0.0,18631000,0.0,0.0,0.0,-122962000,6469000.0,5578000.0,530188000,1.3200314703421903,524610000,1.3061436880054176,0.0,518322000.0,1.2904881886627095,85694000.0,298077000.0,0.7421349041947177,0.636,0.636,468937000.0,468937000.0,https://www1.hkexnews.hk/search/titlesearch.xhtml,https://www1.hkexnews.hk/search/titlesearch.xhtml,1620584602,14:23:22,20210509
10,2010-12-31,0219.HK,HKD,2010-12-31,2010-12-31,FY,304595000,122279000,182316000,0.5985521758400499,0.0,19353000,0.0,-12971000.0,0.0,130501000,5025000.0,4880000.0,178974000,0.587580229485054,174094000,0.5715589553341323,0.0,497138000.0,1.6321279075493689,83451000.0,234390000.0,0.7695136164415043,0.5,0.5,468937000.0,468937000.0,https://www1.hkexnews.hk/search/titlesearch.xhtml,https://www1.hkexnews.hk/search/titlesearch.xhtml,1620584602,14:23:22,20210509
11,2009-12-31,0219.HK,HKD,2009-12-31,2009-12-31,FY,249506000,123239000,126267000,0.5060679903489295,0.0,17627000,0.0,0.0,0.0,72734000,8423000.0,4956000.0,181728000,0.728351222014701,176772000,0.7084879722331326,0.0,168349000.0,0.6747292650276947,23961000.0,84129000.0,0.33718227216980756,0.184,0.184,457486000.0,457486000.0,https://www1.hkexnews.hk/search/titlesearch.xhtml,https://www1.hkexnews.hk/search/titlesearch.xhtml,1620584602,14:23:22,20210509
12,2008-12-31,0219.HK,HKD,2008-12-31,2008-12-31,FY,286191000,137948000,148243000,0.517986239958629,0.0,19378000,0.0,-11351000.0,0.0,162115000,17680000.0,4789000.0,128865000,0.45027621413671287,124076000,0.4335426341149792,0.0,135267000.0,0.47264589033198107,6866000.0,69754000.0,0.2437323326030518,0.153,0.153,456117000.0,456117000.0,https://www1.hkexnews.hk/search/titlesearch.xhtml,https://www1.hkexnews.hk/search/titlesearch.xhtml,1620584602,14:23:22,20210509
13,2007-12-31,0219.HK,HKD,2007-12-31,2007-12-31,FY,231427000,126084000,105343000,0.45518889325791717,0.0,19303000,0.0,0.0,0.0,149332000,22454000.0,3945000.0,86040000,0.3717803022119286,82095000,0.35473389016839,0.0,912721000.0,3.943882952291651,174649000.0,394749000.0,1.705717137585502,0.865,0.865,456117000.0,456117000.0,https://www1.hkexnews.hk/search/titlesearch.xhtml,https://www1.hkexnews.hk/search/titlesearch.xhtml,1620584602,14:23:22,20210509
14,2006-12-31,0219.HK,HKD,2006-12-31,2006-12-31,FY,188771000,121093000,67678000,0.35851905218492247,0.0,16592000,0.0,0.0,0.0,137685000,7279000.0,16632000.0,67718000,0.3587309491394335,51086000,0.2706241954537508,0.0,137749000.0,0.7297148396734668,23361000.0,82347000.0,0.43622696282797674,0.181,0.181,456117092.0,456117092.0,https://www1.hkexnews.hk/search/titlesearch.xhtml,https://www1.hkexnews.hk/search/titlesearch.xhtml,1620584602,14:23:22,20210509
15,2005-12-31,0219.HK,HKD,2005-12-31,2005-12-31,FY,232213000,74390000,157823000,0.679647564951144,0.0,21788000,3873000.0,0.0,0.0,126167000,0.0,26116000.0,132162000,0.5691412625477471,106046000,0.45667555218700073,0.0,63085000.0,0.2716686834931722,-7704000.0,70789000.0,0.3048451206435471,0.113,0.113,456044248.0,456044248.0,https://www1.hkexnews.hk/search/titlesearch.xhtml,https://www1.hkexnews.hk/search/titlesearch.xhtml,1620584602,14:23:22,20210509
16,2004-12-31,0219.HK,HKD,2004-12-31,2004-12-31,FY,187855000,93303000,94552000,0.5033243725213595,0.0,19300000,2459000.0,0.0,0.0,115062000,0.0,1629000.0,74422000,0.3961672566607224,72793000,0.3874956748556067,0.0,290380000.0,1.5457666817492215,11042000.0,253040000.0,1.3469963535705731,0.557,0.557,454290844.0,454290844.0,https://www1.hkexnews.hk/search/titlesearch.xhtml,https://www1.hkexnews.hk/search/titlesearch.xhtml,1620584602,14:23:22,20210509
17,2003-12-31,0219.HK,HKD,2003-12-31,2003-12-31,FY,71863000,12999000,58864000,0.819114147753364,0.0,19868000,0.0,0.0,0.0,32867000,0.0,1659000.0,40655000,0.565729234793983,38996000,0.5426436413731683,0.0,-223000.0,-0.0031031267829063633,8406000.0,-4459000.0,-0.06204862029138778,-0.98,-0.98,537077000.0,537077000.0,https://www1.hkexnews.hk/search/titlesearch.xhtml,https://www1.hkexnews.hk/search/titlesearch.xhtml,1620584602,14:23:22,20210509
18,2002-12-31,0219.HK,HKD,2002-12-31,2002-12-31,FY,195389000,91629000,103760000,0.5310432009990327,0.0,24024000,0.0,0.0,0.0,115653000,0.0,3207000.0,82943000,0.4245018910992942,79736000,0.4080884799041911,0.0,50529000.0,0.2586071887363158,9210000.0,24130000.0,0.1234972286054998,5.32,5.32,4535714.0,4535714.0,https://www1.hkexnews.hk/search/titlesearch.xhtml,https://www1.hkexnews.hk/search/titlesearch.xhtml,1620584602,14:23:22,20210509
