,date,symbol,reportedCurrency,fillingDate,acceptedDate,period,revenue,costOfRevenue,grossProfit,grossProfitRatio,researchAndDevelopmentExpenses,generalAndAdministrativeExpenses,sellingAndMarketingExpenses,otherExpenses,operatingExpenses,costAndExpenses,interestExpense,depreciationAndAmortization,ebitda,ebitdaratio,operatingIncome,operatingIncomeRatio,totalOtherIncomeExpensesNet,incomeBeforeTax,incomeBeforeTaxRatio,incomeTaxExpense,netIncome,netIncomeRatio,eps,epsdiluted,weightedAverageShsOut,weightedAverageShsOutDil,link,finalLink,timestamp,est_time,est_date
0,2020-12-31,CTIB,USD,2021-04-16,2021-04-15 21:55:58,FY,26472568.0,22920875.0,3551693.0,0.1341650345368836,0.0,4512388.0,145389.0,304014.0,4961791.0,27882666.0,1269347.0,472337.0,-937761.0,-0.035423877275525366,-1410098.0,-0.05326638503676712,0.0,-3847787.0,-0.145349971336366,403074.0,-4250861.0,-0.16057607255933765,-0.903335096427959,-0.903335096427959,4705741.0,4705741.0,https://www.sec.gov/Archives/edgar/data/1042187/000143774921009071/0001437749-21-009071-index.htm,https://www.sec.gov/Archives/edgar/data/1042187/000143774921009071/ctib20201231_10k.htm,1620590793,16:06:33,20210509
1,2019-12-31,CTIB,USD,2020-05-15,2020-05-14 21:02:56,FY,40537030.0,34215886.0,6321144.0,0.15593505493619045,0.0,5448557.0,1714471.0,-679932.0,7163028.0,41378914.0,2028014.0,1149896.0,308012.0,0.0075982872943577764,-841884.0,-0.020768270393760963,-1855919.0,-4725818.0,-0.11658027240772202,135094.0,-7127355.0,-0.17582331512693455,-2.1,-2.1,3835950.0,3835950.0,https://www.sec.gov/Archives/edgar/data/1042187/000143774920010831/ctib20191231_10k.htm,https://www.sec.gov/Archives/edgar/data/1042187/000143774920010831/ctib20191231_10k.htm,1620590793,16:06:33,20210509
2,2018-12-31,CTIB,USD,2019-04-16,2019-04-15 19:07:18,FY,55591102.0,44162124.0,11428978.0,0.20559006007831973,0.0,7149128.0,4918429.0,46919.0,12067557.0,56229681.0,2106227.0,1264424.0,625845.0,0.011258006722011016,-638579.0,-0.011487072157698907,-78975.0,-2802018.0,-0.05040407365912624,936706.0,-3585709.0,-0.06450149162360552,-1.0,-1.0,3578885.0,3578885.0,https://www.sec.gov/Archives/edgar/data/1042187/000143774919007201/ctib20181231_10k.htm,https://www.sec.gov/Archives/edgar/data/1042187/000143774919007201/ctib20181231_10k.htm,1620590793,16:06:33,20210509
3,2017-12-31,CTIB,USD,2018-04-02 00:00:00,2018-04-02 11:06:16,FY,56236560.0,42481710.0,13754850.0,0.24458910715733678,0.0,7657338.0,5609661.0,-144855.0,13265583.0,55747293.0,1576229.0,1546413.0,2035680.0,0.03619851569868427,489267.0,0.008700158757932562,15638.0,-1071324.0,-0.019050311754488538,711533.0,-1603103.0,-0.028506420022846347,-0.44918875222933774,-0.44330609328352844,3568885.0,3616244.0,https://www.sec.gov/Archives/edgar/data/1042187/000143774918006000/0001437749-18-006000-index.html,https://www.sec.gov/Archives/edgar/data/1042187/000143774918006000/ctib20171231_10k.htm,1620590793,16:06:33,20210509
4,2016-12-31,CTIB,USD,2017-03-31 00:00:00,2017-03-31 16:30:46,FY,64268367.0,47149360.0,17119007.0,0.26636754283798747,0.0,7378296.0,6937681.0,43263.0,14315977.0,61465337.0,1454589.0,1420789.0,4223819.0,0.06572158586198401,2803030.0,0.043614458105027,-23628.0,1324813.0,0.020613764777934997,702877.0,652538.0,0.01015333095362451,0.18296825930910723,0.17505730277757509,3566400.0,3727568.0,https://www.sec.gov/Archives/edgar/data/1042187/000114420417018227/0001144204-17-018227-index.html,https://www.sec.gov/Archives/edgar/data/1042187/000114420417018227/v462354_10k.htm,1620590793,16:06:33,20210509
5,2015-12-31,CTIB,USD,2016-03-30 00:00:00,2016-03-29 17:56:31,FY,59364701.0,43013345.0,16351356.0,0.2754390357326991,0.0,7134385.0,6400433.0,32470.0,13534818.0,56548163.0,1614574.0,1779524.0,4596062.0,0.07742078916560197,2816538.0,0.04744465907442202,32470.0,1307268.0,0.022020964950198268,369596.0,1047333.0,0.017642352818386133,0.32,0.3,3297448.0,3437140.0,https://www.sec.gov/Archives/edgar/data/1042187/000114420416091013/0001144204-16-091013-index.html,https://www.sec.gov/Archives/edgar/data/1042187/000114420416091013/v434780_10k.htm,1620590793,16:06:33,20210509
6,2014-12-31,CTIB,USD,2015-03-30,2015-03-30 17:29:14,FY,57828200.0,43623666.0,14204534.0,0.2456333415184979,0.0,7231243.0,5364109.0,39367.0,12595352.0,56219018.0,1131441.0,2074701.0,3683883.0,0.0637039195409852,1609182.0,0.027826942564354414,39367.0,539248.0,0.009325000605241041,189967.0,514318.0,0.00889389605763278,0.16,0.15,3288332.0,3439427.0,https://www.sec.gov/Archives/edgar/data/1042187/000114420415019510/v405139_10k.htm,https://www.sec.gov/Archives/edgar/data/1042187/000114420415019510/v405139_10k.htm,1620590793,16:06:33,20210509
7,2013-12-31,CTIB,USD,2014-04-01 00:00:00,2014-03-31 17:32:14,FY,56059477.0,43446618.0,12612859.0,0.2249906648255031,0.0,6564355.0,3958160.0,27232.0,10522515.0,53969133.0,1461855.0,1909845.0,4000189.0,0.07135615981576139,2090344.0,0.037287968276978396,27232.0,677864.0,0.012091871638402906,269836.0,375509.0,0.006698403554496237,0.12,0.11,3248646.0,3404804.0,https://www.sec.gov/Archives/edgar/data/1042187/000114420414019635/0001144204-14-019635-index.html,https://www.sec.gov/Archives/edgar/data/1042187/000114420414019635/v372349_10k.htm,1620590793,16:06:33,20210509
8,2012-12-31,CTIB,USD,2013-04-15,2013-04-15 14:53:53,FY,49542762.0,38636245.0,10906517.0,0.22014349946819678,0.0,6357249.0,3490355.0,24841.0,9847604.0,48483849.0,1013295.0,1727924.0,2786837.0,0.056251143204329224,1058913.0,0.02137371751700077,24841.0,92602.0,0.0018691327705952284,46272.0,101749.0,0.0020537611528400456,0.03163093501651975,0.030897578152661954,3216756.0,3293106.0,https://www.sec.gov/Archives/edgar/data/1042187/000114420413021793/v336876_10k.htm,https://www.sec.gov/Archives/edgar/data/1042187/000114420413021793/v336876_10k.htm,1620590793,16:06:33,20210509
9,2011-12-31,CTIB,USD,2012-03-29 00:00:00,2012-03-29 15:19:35,FY,47171498.0,37965245.0,9206253.0,0.1951655849470797,0.0,5278507.0,2490044.0,0.0,7768551.0,45733796.0,794152.0,1804049.0,3241751.0,0.06872266384247538,1437702.0,0.030478192572981254,38169.0,702760.0,0.014897979284015954,319444.0,483910.0,0.010258525179760032,0.15416262339285838,0.15212024009289862,3138958.0,3181102.0,https://www.sec.gov/Archives/edgar/data/1042187/000114420412018023/0001144204-12-018023-index.html,https://www.sec.gov/Archives/edgar/data/1042187/000114420412018023/v305441_10k.htm,1620590793,16:06:33,20210509
10,2010-12-31,CTIB,USD,2011-03-31,2011-03-31 16:44:41,FY,47747611.0,37145439.0,10602172.0,0.22204612498832665,0.0,4921457.0,2634207.0,0.0,7555664.0,44701103.0,936769.0,2000491.0,5046999.0,0.10570160253672169,3046508.0,0.063804406884357,-31382.0,2095956.0,0.04389656269923117,342688.0,1827518.0,0.03827454320175307,0.61,0.6,2981188.0,3039442.0,https://www.sec.gov/Archives/edgar/data/1042187/000114420411019129/v216760_10k.htm,https://www.sec.gov/Archives/edgar/data/1042187/000114420411019129/v216760_10k.htm,1620590793,16:06:33,20210509
11,2009-12-31,CTIB,USD,2010-03-30 00:00:00,2010-03-30 12:30:55,FY,41295152.0,32081779.0,9213373.0,0.2231102818074141,0.0,4539494.0,2447483.0,0.0,6986977.0,39068756.0,1102662.0,2046964.0,4273360.0,0.10348333383056685,2226396.0,0.05391422218278794,-19956.0,1121333.0,0.027154107581442006,114391.0,1003140.0,0.024291955627139962,0.36276293478013233,0.36148381549673486,2765277.0,2775062.0,https://www.sec.gov/Archives/edgar/data/1042187/000114420410016548/0001144204-10-016548-index.html,https://www.sec.gov/Archives/edgar/data/1042187/000114420410016548/v178675_10k.htm,1620590793,16:06:33,20210509
12,2008-12-31,CTIB,USD,2009-03-31 00:00:00,2009-03-31 16:17:27,FY,44980674.0,34658271.0,10322403.0,0.22948528961571363,0.0,5375526.0,2564291.0,0.0,7939817.0,42598088.0,1037136.0,1681559.0,4064145.0,0.09035313699390098,2382586.0,0.05296910402009539,50003.0,1401132.0,0.03114964440061525,246779.0,1154131.0,0.025658374972327005,0.42,0.4,2763017.0,2898681.0,https://www.sec.gov/Archives/edgar/data/1042187/000114420409017841/0001144204-09-017841-index.html,https://www.sec.gov/Archives/edgar/data/1042187/000114420409017841/v144282_10k.htm,1620590793,16:06:33,20210509
13,2007-12-31,CTIB,USD,2008-04-15,2008-04-15 16:02:26,FY,36509710.0,27825493.0,8684217.0,0.2378604760213105,0.0,5965041.0,1474289.0,0.0,7439330.0,35264823.0,1294726.0,1556808.0,2801695.0,0.07673835261907037,1244887.0,0.0340974223021766,173510.0,132433.0,0.0036273363990017996,50673.0,81898.0,0.0022431840734971602,0.03490775857733131,0.03162133778127848,2346126.0,2589960.0,https://www.sec.gov/Archives/edgar/data/1042187/000114420408022481/v108857_10k.htm,https://www.sec.gov/Archives/edgar/data/1042187/000114420408022481/v108857_10k.htm,1620590793,16:06:33,20210509
14,2006-12-31,CTIB,USD,2007-04-10,2007-04-10 17:18:11,FY,35428155.0,26531045.0,8897110.0,0.25113105664125046,0.0,5401568.0,1200782.0,0.0,6275484.0,32806529.0,1713801.0,1527324.0,4148950.0,0.1171088361784575,2621626.0,0.07399837784383635,518136.0,1122072.0,0.03167175936765547,-774195.0,1894749.0,0.053481447171042355,0.91,0.85,2087145.0,2234901.0,https://www.sec.gov/Archives/edgar/data/1042187/000114420407018091/v070812_10k.htm,https://www.sec.gov/Archives/edgar/data/1042187/000114420407018091/v070812_10k.htm,1620590793,16:06:33,20210509
15,2005-12-31,CTIB,USD,2006-04-14,2006-04-14 17:17:47,FY,29189974.0,22725825.0,6464149.0,0.22145100232018022,0.0,4911482.0,776571.0,0.0,5812053.0,28537878.0,1230964.0,1499336.0,2151432.0,0.07370448497144945,652096.0,0.022339725276905007,-78872.0,-533740.0,-0.018285045406343972,-200392.0,-333348.0,-0.011419948506977088,-0.17,-0.17,1977235.0,1977235.0,https://www.sec.gov/Archives/edgar/data/1042187/000114420406015359/v040312_10k.htm,https://www.sec.gov/Archives/edgar/data/1042187/000114420406015359/v040312_10k.htm,1620590793,16:06:33,20210509
16,2004-12-31,CTIB,USD,2004-12-31,2004-12-31,FY,37193109.0,30840989.0,6352120.0,0.17078755099499748,0.0,5905852.0,1014463.0,0.0,6920315.0,37761304.0,1350085.0,1902812.0,1334617.0,0.035883448194664234,-568195.0,-0.015276889060282645,726201.0,-1192079.0,-0.03205107161114173,1286232.0,-2479374.0,-0.0666621873422843,-1.28,-1.28,1930976.0,1930976.0,,,1620590793,16:06:33,20210509
17,2003-12-31,CTIB,USD,2003-12-31,2003-12-31,FY,36259638.0,29626450.0,6633188.0,0.18293585832268927,0.0,5496108.0,1816301.0,0.0,7312409.0,36938859.0,1103395.0,1856762.0,1177541.0,0.032475255268681946,-679221.0,-0.018732150607791508,420001.0,-1348998.0,-0.03720384632632019,-782468.0,-566047.0,-0.01561093908328594,-0.3,-0.3,1918260.0,1918260.0,,,1620590793,16:06:33,20210509
18,2002-12-31,CTIB,USD,2002-12-31,2002-12-31,FY,41236476.0,32344115.0,8892361.0,0.21564308744520264,0.0,5776315.0,1671106.0,0.0,7447421.0,39791536.0,831600.0,1615687.0,3060627.0,0.0742213519894377,1444940.0,0.03504033661848311,-281186.0,341577.0,0.008283370286054512,39065.0,302512.0,0.007336029393006328,0.18,0.16,1688384.0,1884405.0,,,1620590793,16:06:33,20210509
19,2001-12-31,CTIB,USD,2001-12-31,2001-12-31,FY,27446494.0,19835066.0,7611428.0,0.2773187715706057,0.0,5228527.0,1132977.0,0.0,6361504.0,26196570.0,1000949.0,1635712.0,2885636.0,0.10513677994719471,1249924.0,0.045540388510095314,-68916.0,244176.0,0.008896436827231922,276553.0,-32377.0,-0.0011796406491845553,-0.025199,-0.025199,1438057.0,1438057.0,,,1620590793,16:06:33,20210509
20,2000-12-31,CTIB,USD,2000-12-31,2000-12-31,FY,22978117.0,14623402.0,8354715.0,0.36359441463371434,0.0,6390403.0,0.0,0.0,8141721.0,22765123.0,1099194.0,1751318.0,1964312.0,0.08548620411324392,212994.0,0.009269427951820421,15069.0,-770050.0,-0.033512319569092626,106910.0,-876960.0,-0.03816500716747156,-0.613188,-0.613188,1438057.0,1438057.0,,,1620590793,16:06:33,20210509
21,1999-12-31,CTIB,USD,1999-12-31,1999-12-31,FY,3910000.0,2670000.0,1240000.0,0.3171355498721228,0.0,1210000.0,0.0,0.0,1210000.0,3880000.0,-230000.0,270000.0,290000.0,0.0741687979539642,20000.0,0.005115089514066497,30000.0,130000.0,0.03324808184143223,50000.0,90000.0,0.023017902813299233,0.06,0.06,1500000.0,1500000.0,,,1620590793,16:06:33,20210509
22,1999-10-31,CTIB,USD,1999-10-31,1999-10-31,FY,18600000.0,12300000.0,6300000.0,0.3387096774193548,0.0,6300000.0,0.0,0.0,7700000.0,20000000.0,0.0,1400000.0,0.0,0.0,-1400000.0,-0.07526881720430108,100000.0,-2200000.0,-0.11827956989247312,-400000.0,-1800000.0,-0.0967741935483871,-3.528282,-3.528282,503921.0,503921.0,,,1620590793,16:06:33,20210509
23,1998-10-31,CTIB,USD,1998-10-31,1998-10-31,FY,20000000.0,11900000.0,8100000.0,0.405,0.0,6700000.0,0.0,0.0,7500000.0,19400000.0,800000.0,800000.0,1400000.0,0.07,600000.0,0.03,400000.0,200000.0,0.01,100000.0,100000.0,0.005,0.06635585583792183,0.0611496999689971,1507026.0,1635331.0,,,1620590793,16:06:33,20210509
24,1997-10-31,CTIB,USD,1997-10-31,1997-10-31,FY,16400000.0,9700000.0,6700000.0,0.40853658536585363,0.0,5200000.0,0.0,0.0,5800000.0,15500000.0,700000.0,600000.0,1500000.0,0.09146341463414634,900000.0,0.054878048780487805,300000.0,500000.0,0.03048780487804878,-600000.0,1100000.0,0.06707317073170732,2.116969,2.116969,491553.0,491553.0,,,1620590793,16:06:33,20210509
