,date,symbol,reportedCurrency,fillingDate,acceptedDate,period,revenue,costOfRevenue,grossProfit,grossProfitRatio,researchAndDevelopmentExpenses,generalAndAdministrativeExpenses,sellingAndMarketingExpenses,otherExpenses,operatingExpenses,costAndExpenses,interestExpense,depreciationAndAmortization,ebitda,ebitdaratio,operatingIncome,operatingIncomeRatio,totalOtherIncomeExpensesNet,incomeBeforeTax,incomeBeforeTaxRatio,incomeTaxExpense,netIncome,netIncomeRatio,eps,epsdiluted,weightedAverageShsOut,weightedAverageShsOutDil,link,finalLink,timestamp,est_time,est_date
0,2019-12-31,AMRH,USD,2020-03-25,2020-03-25,FY,39914675.0,31763955.0,8150720.0,0.20420359178673006,0.0,12210317.0,0.0,4540.0,14475614.0,46239569.0,691138.0,2265297.0,-4059597.0,-0.10170687848516867,-6324894.0,-0.1584603657677283,1800714.0,-5215318.0,-0.13066166766984824,388657.0,-5603975.0,-0.14039886332533086,-2.83,-2.83,2128806.0,2128806.0,https://www.sec.gov/Archives/edgar/data/890821/000114036120006825/0001140361-20-006825-index.htm,https://www.sec.gov/Archives/edgar/data/890821/000114036120006825/form10k.htm,1620587915,15:18:35,20210509
1,2018-12-31,AMRH,USD,2018-12-31,2018-12-31,FY,42998280.0,34014776.0,8983504.0,0.20892705475660886,0.0,10794822.0,0.0,88161.0,13698484.0,47713260.0,729896.0,2903662.0,-1811318.0,-0.04212535943298197,-4714980.0,-0.10965508387777372,-5104138.0,-10549014.0,-0.2453357204055604,6348502.0,-16897516.0,-0.39298120762039784,-20.5,-20.5,951601.0,951601.0,,,1620587915,15:18:35,20210509
2,2017-12-31,AMRH,USD,2017-12-31,2017-12-31,FY,48593712.0,38355967.0,10237745.0,0.2106804477089546,0.0,18510120.0,0.0,1079153.0,21727311.0,60083278.0,575039.0,3217191.0,-8272375.0,-0.1702355028979881,-11489566.0,-0.23644141447765918,598030.0,-11466575.0,-0.23596828741957396,-2391762.0,-9074813.0,-0.18674870938034122,-18.75,-18.75,599311.0,599311.0,,,1620587915,15:18:35,20210509
3,2016-12-31,AMRH,USD,2016-12-31,2016-12-31,FY,36145589.0,29608932.0,6536657.0,0.18084245355636616,0.0,8552966.0,417249.0,-394213.0,10331384.0,39940316.0,751074.0,1361169.0,-2433558.0,-0.06732655539241593,-3794727.0,-0.10498451138809772,-1979349.0,-6525150.0,-0.18052410212488168,-3747846.0,-2780686.0,-0.07693016151984686,-5.25,-5.25,522743.0,522743.0,,,1620587915,15:18:35,20210509
4,2015-12-31,AMRH,USD,2015-12-31,2015-12-31,FY,15976422.0,10225424.0,5750998.0,0.3599678325973112,0.0,5687913.0,119847.0,0.0,5965701.0,16191125.0,238471.0,157941.0,-56762.0,-0.00355286058417836,-214703.0,-0.013438741164949199,-1655962.0,-2019218.0,-0.1263873725919358,-128460.0,-1890758.0,-0.1183467737644887,-4.280279895050675,-3.980761052183909,441737.0,474974.0,,,1620587915,15:18:35,20210509
5,2014-12-31,AMRH,USD,2014-12-31,2014-12-31,FY,0.0,0.0,0.0,0.0,0.0,32811.0,0.0,0.0,32811.0,32811.0,0.0,0.0,-32811.0,0.0,-32811.0,0.0,0.0,-32811.0,0.0,833.0,-33644.0,0.0,-0.971696,-0.971696,34624.0,34624.0,,,1620587915,15:18:35,20210509
6,2013-12-31,AMRH,USD,2013-12-31,2013-12-31,FY,0.0,0.0,0.0,0.0,0.0,27211.0,0.0,28500.0,27211.0,27211.0,0.0,0.0,-27211.0,0.0,-27211.0,0.0,28500.0,1289.0,0.0,1450.0,-161.0,0.0,-0.005837,-0.005837,27581.0,27581.0,,,1620587915,15:18:35,20210509
7,2012-12-31,AMRH,USD,2012-12-31,2012-12-31,FY,0.0,0.0,0.0,0.0,0.0,22690.0,0.0,0.0,22690.0,22690.0,0.0,0.0,-22690.0,0.0,-22690.0,0.0,0.0,-22690.0,0.0,1931.0,-24621.0,0.0,-0.89268,-0.89268,27581.0,27581.0,,,1620587915,15:18:35,20210509
8,2011-12-31,AMRH,USD,2011-12-31,2011-12-31,FY,0.0,0.0,0.0,0.0,0.0,31395.0,0.0,0.0,31395.0,31395.0,0.0,0.0,-31395.0,0.0,-31395.0,0.0,0.0,-31395.0,0.0,1985.0,-33380.0,0.0,-1.7362808842652795,-1.7362808842652795,19225.0,19225.0,,,1620587915,15:18:35,20210509
9,2010-12-31,AMRH,USD,2010-12-31,2010-12-31,FY,0.0,0.0,0.0,0.0,0.0,35875.0,0.0,0.0,35875.0,35875.0,0.0,0.0,-35875.0,0.0,-35875.0,0.0,0.0,-35875.0,0.0,3566.0,-39441.0,0.0,-4.402261,-4.402261,14765.0,14765.0,,,1620587915,15:18:35,20210509
10,2009-12-31,AMRH,USD,2009-12-31,2009-12-31,FY,0.0,0.0,0.0,0.0,0.0,55569.0,0.0,0.0,55569.0,55569.0,0.0,0.0,-55569.0,0.0,-55569.0,0.0,0.0,-55569.0,0.0,2975.0,-58544.0,0.0,-4.402261,-4.402261,14765.0,14765.0,,,1620587915,15:18:35,20210509
11,2008-12-31,AMRH,USD,2008-12-31,2008-12-31,FY,0.0,0.0,0.0,0.0,0.0,151441.0,0.0,0.0,151441.0,151441.0,0.0,0.0,-151441.0,0.0,-151441.0,0.0,0.0,-138793.0,0.0,4843.0,-143636.0,0.0,-8.804522,-8.804522,14765.0,14765.0,,,1620587915,15:18:35,20210509
12,2007-12-31,AMRH,USD,2007-12-31,2007-12-31,FY,750706.0,63269.0,687437.0,0.9157206682775947,0.0,433667.0,0.0,0.0,433667.0,496936.0,0.0,0.0,-261307.0,-0.3480816724523315,253770.0,0.33804178999501805,515077.0,807276.0,1.0753557318044613,0.0,807276.0,1.0753557318044613,44.02261,44.02261,13603.0,13603.0,,,1620587915,15:18:35,20210509
13,2006-12-31,AMRH,USD,2006-12-31,2006-12-31,FY,333201.0,897.0,332304.0,0.9973079312487058,157739.0,528106.0,0.0,0.0,685845.0,686742.0,2266.0,37229.0,-316312.0,-0.9493128772122532,-353541.0,-1.0610442345611208,1251.0,-347826.0,-1.0438924252928412,4800.0,-352626.0,-1.0582981443633122,-44.02261,-44.02261,11076.0,11076.0,,,1620587915,15:18:35,20210509
14,2005-12-31,AMRH,USD,2005-12-31,2005-12-31,FY,1192447.0,106062.0,1086385.0,0.9110551663931394,354138.0,822597.0,0.0,0.0,1176735.0,1282797.0,5269.0,47431.0,-42919.0,-0.035992375342468054,-90350.0,-0.07576856665327683,0.0,-82389.0,-0.06909237894849835,-874.0,-81515.0,-0.06835943232697135,-7.636780963087877,-7.636780963087877,10674.0,10674.0,,,1620587915,15:18:35,20210509
15,2004-12-31,AMRH,USD,2004-12-31,2004-12-31,FY,1105923.0,111395.0,994528.0,0.8992741809330306,393004.0,753301.0,0.0,0.0,1146305.0,1257700.0,0.0,58857.0,-92920.0,-0.08402031606178731,-151777.0,-0.13724011527023128,0.0,-157090.0,-0.14204424720346714,400.0,-157490.0,-0.14240593603713822,-14.760074976569822,-14.760074976569822,10670.0,10670.0,,,1620587915,15:18:35,20210509
16,2003-12-31,AMRH,USD,2003-12-31,2003-12-31,FY,1269286.0,122417.0,1146869.0,0.9035544392674306,458940.0,1171716.0,0.0,0.0,1630656.0,1753073.0,13447.0,82904.0,-400883.0,-0.3158334685799733,-483787.0,-0.3811489293981026,0.0,-490033.0,-0.38606980617449493,5420.0,-495453.0,-0.39033992339000034,-44.02261,-44.02261,10746.0,10746.0,,,1620587915,15:18:35,20210509
17,2002-12-31,AMRH,USD,2002-12-31,2002-12-31,FY,1855934.0,130516.0,1725418.0,0.9296763785781176,432826.0,1278364.0,0.0,0.0,1711190.0,1841706.0,0.0,105503.0,119731.0,0.06451253115681915,14228.0,0.007666220889320417,25.0,12192.0,0.006569199120227335,-6100.0,18292.0,0.009855953929396196,1.6987369985141159,1.6987369985141159,10768.0,10768.0,,,1620587915,15:18:35,20210509
18,2001-12-31,AMRH,USD,2001-12-31,2001-12-31,FY,1603782.0,96783.0,1506999.0,0.9396532695840207,639223.0,1183547.0,0.0,0.0,1822770.0,1919553.0,0.0,139130.0,-176641.0,-0.11014028091099663,-315771.0,-0.1968914727812134,42691.0,-242972.0,-0.1514993933090657,-2865.0,-240107.0,-0.14971299091771825,-44.02261,-44.02261,10732.0,10732.0,,,1620587915,15:18:35,20210509
19,2000-12-31,AMRH,USD,2000-12-31,2000-12-31,FY,2201812.0,162248.0,2039564.0,0.9263116015354627,540269.0,1055192.0,0.0,0.0,1681430.0,1843678.0,34112.0,85969.0,444103.0,0.2016988734733029,358134.0,0.16265421389292092,3140.0,392019.0,0.1780438111882395,10000.0,382019.0,0.1735020973634443,44.02261,44.02261,10616.0,10616.0,,,1620587915,15:18:35,20210509
20,1999-12-31,AMRH,USD,1999-12-31,1999-12-31,FY,1660371.0,48780.0,1611591.0,0.9706210238555119,383176.0,772860.0,0.0,0.0,1156036.0,1204816.0,0.0,103564.0,559119.0,0.33674341457421264,455555.0,0.27436940298282736,4804.0,361292.0,0.21759715148000056,6500.0,354792.0,0.21368236376087033,44.02261,44.02261,7679.0,7679.0,,,1620587915,15:18:35,20210509
21,1998-12-31,AMRH,USD,1998-12-31,1998-12-31,FY,1679715.0,134190.0,1545525.0,0.9201114474776971,755899.0,2733844.0,0.0,0.0,3489743.0,3623933.0,0.0,126334.0,-1817884.0,-1.0822574067624566,-1944218.0,-1.1574689753916587,-50955.0,-5753823.0,-3.4254757503505058,38238.0,-5792061.0,-3.448240326483957,-1276.65569,-1276.65569,5038.0,5038.0,,,1620587915,15:18:35,20210509
22,1997-12-31,AMRH,USD,1997-12-31,1997-12-31,FY,2781233.0,229736.0,2551497.0,0.9173977872404074,3707995.0,3529913.0,0.0,0.0,7237908.0,7467644.0,0.0,407238.0,-4279173.0,-1.5385884605856468,-4686411.0,-1.685012007264404,-8949.0,-4659118.0,-1.6751987337990022,60703.0,-4719821.0,-1.6970246649597498,-1012.52003,-1012.52003,4680.0,4680.0,,,1620587915,15:18:35,20210509
23,1996-12-31,AMRH,USD,1996-12-31,1996-12-31,FY,2024187.0,185540.0,1838647.0,0.9083385082504729,2540084.0,4283860.0,0.0,0.0,27042394.0,27227934.0,0.0,130057.0,-25073690.0,-12.387042303897811,-25203747.0,-12.451293778687443,0.0,-25084633.0,-12.392448424972594,310537.0,-25395170.0,-12.545861622468674,-8842.32938718663,-8384.011224826676,2872.0,3029.0,,,1620587915,15:18:35,20210509
24,1995-12-31,AMRH,USD,1995-12-31,1995-12-31,FY,1200000.0,0.0,0.0,0.0,0.0,4500000.0,0.0,0.0,4600000.0,4600000.0,0.0,100000.0,-3300000.0,-2.75,-3400000.0,-2.8333333333333335,100000.0,0.0,0.0,0.0,-3200000.0,-2.6666666666666665,-1408.72352,-1408.72352,2385.0,2385.0,,,1620587915,15:18:35,20210509
25,1994-12-31,AMRH,USD,1994-12-31,1994-12-31,FY,200000.0,0.0,0.0,0.0,0.0,1300000.0,0.0,0.0,1300000.0,1300000.0,0.0,0.0,-1100000.0,-5.5,-1100000.0,-5.5,0.0,0.0,0.0,0.0,-1200000.0,-6.0,-616.31654,-616.31654,1947.0,1947.0,,,1620587915,15:18:35,20210509
26,1994-08-31,AMRH,USD,1994-08-31,1994-08-31,FY,100000.0,100000.0,0.0,0.0,0.0,1800000.0,0.0,0.0,1900000.0,2000000.0,0.0,100000.0,-1800000.0,-18.0,-1900000.0,-19.0,0.0,0.0,0.0,0.0,-1800000.0,-18.0,-1144.58786,-1144.58786,1573.0,1573.0,,,1620587915,15:18:35,20210509
27,1993-08-31,AMRH,USD,1993-08-31,1993-08-31,FY,100000.0,60000.0,40000.0,0.4,640000.0,1480000.0,0.0,0.0,2120000.0,2180000.0,-30000.0,40000.0,-2040000.0,-20.4,-2080000.0,-20.8,0.0,-2110000.0,-21.1,0.0,-2110000.0,-21.1,-1614.59,-1614.59,1573.0,1573.0,,,1620587915,15:18:35,20210509
