,date,symbol,reportedCurrency,fillingDate,acceptedDate,period,revenue,costOfRevenue,grossProfit,grossProfitRatio,researchAndDevelopmentExpenses,generalAndAdministrativeExpenses,sellingAndMarketingExpenses,otherExpenses,operatingExpenses,costAndExpenses,interestExpense,depreciationAndAmortization,ebitda,ebitdaratio,operatingIncome,operatingIncomeRatio,totalOtherIncomeExpensesNet,incomeBeforeTax,incomeBeforeTaxRatio,incomeTaxExpense,netIncome,netIncomeRatio,eps,epsdiluted,weightedAverageShsOut,weightedAverageShsOutDil,link,finalLink,timestamp,est_time,est_date
0,2017-12-31,CDTI,USD,2018-04-02 00:00:00,2018-04-02 16:22:36,FY,28353000.0,22455000.0,5898000.0,0.20802031531054915,3970000.0,8292000.0,0.0,-188000.0,12262000.0,33626000.0,260000.0,680000.0,-4593000.0,-0.16199343984763517,-5273000.0,-0.1859767925792685,-188000.0,-5198000.0,-0.18333156985151483,85000.0,-5283000.0,-0.186329488942969,-1.67778,-1.67778,3148800.0,3148800.0,https://www.sec.gov/Archives/edgar/data/949428/000094942818000004/0000949428-18-000004-index.html,https://www.sec.gov/Archives/edgar/data/949428/000094942818000004/cdti-123117x10k.htm,1620590086,15:54:46,20210509
1,2016-12-31,CDTI,USD,2017-04-07,2017-04-07 16:24:01,FY,36839000.0,28773000.0,8066000.0,0.21895274030239692,4657000.0,11837000.0,0.0,7230000.0,16494000.0,64907000.0,1535000.0,780000.0,-27288000.0,-0.7407367192377643,-28068000.0,-0.7619099324085887,863000.0,-24432000.0,-0.6632101848584381,-958000.0,-23474000.0,-0.6372051358614512,-19.21893,-19.21893,1221400.0,1221400.0,https://www.sec.gov/Archives/edgar/data/949428/000094942817000002/cdti-123116x10k.htm,https://www.sec.gov/Archives/edgar/data/949428/000094942817000002/cdti-123116x10k.htm,1620590086,15:54:46,20210509
2,2015-12-31,CDTI,USD,2016-03-30 00:00:00,2016-03-30 16:24:36,FY,39738000.0,28846000.0,10892000.0,0.274095324374654,7826000.0,11903000.0,0.0,1482000.0,19729000.0,50057000.0,1166000.0,924000.0,-9395000.0,-0.23642357441240122,-10319000.0,-0.25967587699431277,5000.0,-8821000.0,-0.22197896220242588,-399000.0,-8534000.0,-0.21475665609743821,-13.54345,-13.54345,630120.0,630120.0,https://www.sec.gov/Archives/edgar/data/949428/000104746916011746/0001047469-16-011746-index.html,https://www.sec.gov/Archives/edgar/data/949428/000104746916011746/a2227766z10-k.htm,1620590086,15:54:46,20210509
3,2014-12-31,CDTI,USD,2015-03-18,2015-03-18 16:31:34,FY,41231000.0,28778000.0,12453000.0,0.3020300259513473,6538000.0,12374000.0,0.0,1166000.0,18912000.0,48856000.0,1176000.0,1007000.0,-6618000.0,-0.16051029565133032,-7625000.0,-0.18493366641604617,30000.0,-8975000.0,-0.21767602047003468,138000.0,-9336000.0,-0.22643156848002716,-19.4419,-19.4419,480200.0,480200.0,https://www.sec.gov/Archives/edgar/data/949428/000151316215000156/cdti10k.htm,https://www.sec.gov/Archives/edgar/data/949428/000151316215000156/cdti10k.htm,1620590086,15:54:46,20210509
4,2013-12-31,CDTI,USD,2014-03-31,2014-03-31 08:21:01,FY,51801000.0,36840000.0,14961000.0,0.2888168182081427,4726000.0,13339000.0,0.0,1239000.0,18431000.0,56143999.99999999,1406000.0,1286000.0,-3057000.0,-0.059014304743151676,-4343000.0,-0.08384008030732998,52000.0,-6503000.0,-0.12553811702476786,340000.0,-7098000.0,-0.13702438176869172,-21.41823,-21.41823,331400.0,331400.0,https://www.sec.gov/Archives/edgar/data/949428/000151316214000192/cdti10k_20131.htm,https://www.sec.gov/Archives/edgar/data/949428/000151316214000192/cdti10k_20131.htm,1620590086,15:54:46,20210509
5,2012-12-31,CDTI,USD,2013-03-27 00:00:00,2013-03-27 17:09:41,FY,60540000.0,45820000.0,14720000.0,0.24314502808060787,6720000.0,14950000.0,0.0,889000.0,21669000.0,68370000.0,1479000.0,1430000.0,-6410000.0,-0.1058804096465147,-7840000.0,-0.12950115626032374,-360000.0,-10060000.0,-0.16617112652791544,-370000.0,-9660000.0,-0.1595639246778989,-33.31034,-33.31034,290000.0,290000.0,https://www.sec.gov/Archives/edgar/data/949428/000151316213000242/0001513162-13-000242-index.html,https://www.sec.gov/Archives/edgar/data/949428/000151316213000242/form10k.htm,1620590086,15:54:46,20210509
6,2011-12-31,CDTI,USD,2012-03-29 00:00:00,2012-03-29 17:15:12,FY,61610000.0,44020000.0,17580000.0,0.28534328842720336,7410000.0,16700000.0,0.0,805000.0,24107000.0,68129999.99999999,-490000.0,1750000.0,-4770000.0,-0.07742249634799546,-6520000.0,-0.10582697614023698,80000.0,-6930000.0,-0.11248173997727641,290000.0,-7310000.0,-0.11864956987502029,-33.22727,-33.22727,220000.0,220000.0,https://www.sec.gov/Archives/edgar/data/949428/000119312512140114/0001193125-12-140114-index.html,https://www.sec.gov/Archives/edgar/data/949428/000119312512140114/d296278d10k.htm,1620590086,15:54:46,20210509
7,2010-12-31,CDTI,USD,2011-03-31,2011-03-31 16:12:07,FY,48120000.0,36080000.0,12040000.0,0.2502078137988362,4370000.0,11920000.0,0.0,-1821000.0,12657000.0,51990000.00000001,3646000.0,1360000.0,-2510000.0,-0.052161263507896925,-3870000.0,-0.08042394014962594,210000.0,-9330000.0,-0.19389027431421446,10000.0,-8380000.0,-0.1741479634247714,-167.6,-167.6,50000.0,50000.0,https://www.sec.gov/Archives/edgar/data/949428/000095012311031472/v59112e10vk.htm,https://www.sec.gov/Archives/edgar/data/949428/000095012311031472/v59112e10vk.htm,1620590086,15:54:46,20210509
8,2009-12-31,CDTI,USD,2010-03-25 00:00:00,2010-03-24 18:15:02,FY,1220000.0,800000.0,420000.0,0.3442622950819672,4570000.0,1730000.0,0.0,1966000.0,6666000.0,8430000.0,-100000.0,180000.0,-7020000.0,-5.754098360655738,-7200000.0,-5.901639344262295,0.0,-6750000.0,-5.532786885245901,0.0,-6750000.0,-5.532786885245901,-135.0,-135.0,50000.0,50000.0,https://www.sec.gov/Archives/edgar/data/949428/000114036110013546/0001140361-10-013546-index.html,https://www.sec.gov/Archives/edgar/data/949428/000114036110013546/form10k.htm,1620590086,15:54:46,20210509
9,2008-12-31,CDTI,USD,2009-03-16 00:00:00,2009-03-16 17:31:25,FY,7480000.0,5720000.0,1760000.0,0.23529411764705882,6020000.0,4280000.0,0.0,5944000.0,10649000.0,16550000.000000002,-300000.0,140000.0,-8940000.0,-1.195187165775401,-9080000.0,-1.213903743315508,0.0,-9370000.0,-1.2526737967914439,0.0,-9370000.0,-1.2526737967914439,-187.4,-187.4,50000.0,50000.0,https://www.sec.gov/Archives/edgar/data/949428/000114036109007185/0001140361-09-007185-index.html,https://www.sec.gov/Archives/edgar/data/949428/000114036109007185/form10k.htm,1620590086,15:54:46,20210509
10,2007-12-31,CDTI,USD,2008-03-17,2008-03-17 16:41:14,FY,4930000.0,1130000.0,3800000.0,0.77079107505071,430000.0,7950000.0,0.0,1490000.0,8833000.0,9960000.000000002,500000.0,110000.0,-4920000.0,-0.9979716024340771,-5030000.0,-1.0202839756592292,0.0,-4540000.0,-0.920892494929006,0.0,-4540000.0,-0.920892494929006,-90.8,-90.8,50000.0,50000.0,https://www.sec.gov/Archives/edgar/data/949428/000114036108006956/form10k.htm,https://www.sec.gov/Archives/edgar/data/949428/000114036108006956/form10k.htm,1620590086,15:54:46,20210509
11,2006-12-31,CDTI,USD,2006-12-31,2006-12-31,FY,1120000.0,660000.0,470000.0,0.41964285714285715,510000.0,5110000.0,0.0,0.0,6023000.0,6680000.0,160000.0,140000.0,-5420000.0,-4.839285714285714,-5560000.0,-4.964285714285714,10000.0,-5380000.0,-4.803571428571429,0.0,-5380000.0,-4.803571428571429,-179.33333,-179.33333,30000.0,30000.0,,,1620590086,15:54:46,20210509
12,2005-12-31,CDTI,USD,2005-12-31,2005-12-31,FY,810000.0,470000.0,340000.0,0.41975308641975306,440000.0,4960000.0,0.0,0.0,5572000.0,6040000.0,-200000.0,160000.0,-5070000.0,-6.2592592592592595,-5230000.0,-6.45679012345679,0.0,-5430000.0,-6.703703703703703,0.0,-5430000.0,-6.703703703703703,-271.5,-271.5,20000.0,20000.0,,,1620590086,15:54:46,20210509
13,2004-12-31,CDTI,USD,2004-12-31,2004-12-31,FY,730000.0,460000.0,280000.0,0.3835616438356164,510000.0,3960000.0,0.0,0.0,4558000.0,5010000.0,150000.0,130000.0,-4150000.0,-5.684931506849315,-4280000.0,-5.863013698630137,0.0,-4130000.0,-5.657534246575342,0.0,-4130000.0,-5.657534246575342,-206.5,-206.5,20000.0,20000.0,,,1620590086,15:54:46,20210509
14,2003-12-31,CDTI,USD,2004-12-30,2004-12-30,FY,570000.0,220000.0,350000.0,0.6140350877192983,860000.0,2700000.0,0.0,0.0,3593000.0,3830000.0,20000.0,80000.0,-3180000.0,-5.578947368421052,-3260000.0,-5.719298245614035,0.0,-3250000.0,-5.701754385964913,0.0,-3250000.0,-5.701754385964913,-162.5,-162.5,20000.0,20000.0,https://www.sec.gov/Archives/edgar/data/949428/000101540204005640/0001015402-04-005640-index.htm,https://www.sec.gov/Archives/edgar/data/949428/000101540204005640/doc1.txt,1620590086,15:54:46,20210509
15,2002-12-31,CDTI,USD,2002-12-31,2002-12-31,FY,440000.0,90000.0,360000.0,0.8181818181818182,690000.0,2290000.0,0.0,0.0,3027000.0,3110000.0,30000.0,30000.0,-2640000.0,-6.0,-2670000.0,-6.068181818181818,0.0,-2640000.0,-6.0,0.0,-2640000.0,-6.0,-132.0,-132.0,20000.0,20000.0,,,1620590086,15:54:46,20210509
16,2001-12-31,CDTI,USD,2001-12-31,2001-12-31,FY,1600000.0,120000.0,1480000.0,0.925,370000.0,1860000.0,0.0,0.0,2419000.0,2540000.0,-170000.0,10000.0,-930000.0,-0.58125,-940000.0,-0.5875,0.0,-1110000.0,-0.69375,0.0,-1110000.0,-0.69375,-811.07,-811.07,20000.0,20000.0,,,1620590086,15:54:46,20210509
17,2000-12-31,CDTI,USD,2000-12-31,2000-12-31,FY,580000.0,130000.0,450000.0,0.7758620689655172,530000.0,1800000.0,0.0,0.0,2495000.0,2620000.0,40000.0,10000.0,-2030000.0,-3.5,-2040000.0,-3.5172413793103448,0.0,-2000000.0,-3.4482758620689653,0.0,-2000000.0,-3.4482758620689653,-773.41,-773.41,20000.0,20000.0,,,1620590086,15:54:46,20210509
18,1999-12-31,CDTI,USD,1999-12-31,1999-12-31,FY,140000.0,80000.0,60000.0,0.42857142857142855,830000.0,1590000.0,0.0,0.0,2500000.0,2630000.0,40000.0,20000.0,-2470000.0,-17.642857142857142,-2490000.0,-17.785714285714285,0.0,-2440000.0,-17.428571428571427,0.0,-2440000.0,-17.428571428571427,-1325.42,-1325.42,20000.0,20000.0,,,1620590086,15:54:46,20210509
19,1998-12-31,CDTI,USD,1998-12-31,1998-12-31,FY,50000.0,30000.0,20000.0,0.4,1010000.0,1520000.0,0.0,0.0,2680000.0,2710000.0,-60000.0,30000.0,-2630000.0,-52.6,-2660000.0,-53.2,-260000.0,-2980000.0,-59.6,0.0,-2980000.0,-59.6,-889.19,-889.19,20000.0,20000.0,,,1620590086,15:54:46,20210509
20,1997-12-31,CDTI,USD,1997-12-31,1997-12-31,FY,200000.0,130000.0,70000.0,0.35,1990000.0,1730000.0,0.0,0.0,3885000.0,4080000.0,120000.0,20000.0,-3870000.0,-19.35,-3890000.0,-19.45,0.0,-3760000.0,-18.8,0.0,-3760000.0,-18.8,-1121.62,-1121.62,20000.0,20000.0,,,1620590086,15:54:46,20210509
21,1996-12-31,CDTI,USD,1996-12-31,1996-12-31,FY,0.0,0.0,0.0,0.0,1750000.0,1840000.0,0.0,0.0,3812000.0,3810000.0,320000.0,10000.0,-3800000.0,0.0,-3810000.0,0.0,0.0,-3490000.0,0.0,0.0,-3490000.0,0.0,-1046.74,-1046.74,20000.0,20000.0,,,1620590086,15:54:46,20210509
