,date,symbol,reportedCurrency,fillingDate,acceptedDate,period,revenue,costOfRevenue,grossProfit,grossProfitRatio,researchAndDevelopmentExpenses,generalAndAdministrativeExpenses,sellingAndMarketingExpenses,otherExpenses,operatingExpenses,costAndExpenses,interestExpense,depreciationAndAmortization,ebitda,ebitdaratio,operatingIncome,operatingIncomeRatio,totalOtherIncomeExpensesNet,incomeBeforeTax,incomeBeforeTaxRatio,incomeTaxExpense,netIncome,netIncomeRatio,eps,epsdiluted,weightedAverageShsOut,weightedAverageShsOutDil,link,finalLink,timestamp,est_time,est_date
0,2019-12-31,ROLO.ME,RUB,2019-12-31,2019-12-31,FY,13170023000.0,12915644000.0,254379000.0,0.019315000436977217,0.0,174830000.0,0.0,-227550000.0,426286000.0,13341930000.0,442245000.0,2693000.0,-169214000.0,-0.01284842099364595,-171907000.0,-0.013052900515056047,0.0,-758612000.0,-0.05760141800815382,-90783000.0,-401327000.0,-0.030472763790921245,-0.133771,-0.133771,3000100000.0,3000100000.0,http://www.cbr.ru/eng/search/?text=ROLO&category=Any&time=Any&dateFrom=&dateTo=,http://www.cbr.ru/eng/search/?text=ROLO&category=Any&time=Any&dateFrom=&dateTo=,1620597377,17:56:17,20210509
1,2018-12-31,ROLO.ME,RUB,2018-12-31,2018-12-31,FY,8575473000.0,8351009000.0,224464000.0,0.026175115938211223,0.0,0.0,0.0,-60334000.0,0.0,8351009000.0,310260000.0,125106000.0,349570000.0,0.040763932205255614,224464000.0,0.026175115938211223,0.0,-217643000.0,-0.025379707918152153,-42321000.0,-243895000.0,-0.028440996782334922,-0.068,-0.068,3000100000.0,3000100000.0,http://www.cbr.ru/eng/search/?text=ROLO&category=Any&time=Any&dateFrom=&dateTo=,http://www.cbr.ru/eng/search/?text=ROLO&category=Any&time=Any&dateFrom=&dateTo=,1620597377,17:56:17,20210509
2,2017-12-31,ROLO.ME,RUB,2017-12-31,2017-12-31,FY,5114061000.0,5416959000.0,-302898000.0,-0.059228468334656156,0.0,0.0,0.0,22086000.0,0.0,5416959000.0,306737000.0,22407000.0,-280491000.0,-0.05484701883688912,-302898000.0,-0.059228468334656156,0.0,-157376000.0,-0.030773195704939773,-76843000.0,-79669000.0,-0.015578421923399036,-0.026555,-0.026555,3000100000.0,3000100000.0,http://www.cbr.ru/eng/search/?text=ROLO&category=Any&time=Any&dateFrom=&dateTo=,http://www.cbr.ru/eng/search/?text=ROLO&category=Any&time=Any&dateFrom=&dateTo=,1620597377,17:56:17,20210509
3,2016-12-31,ROLO.ME,RUB,2016-12-31,2016-12-31,FY,4508023000.0,4128755000.0,379268000.0,0.084131780161725,0.0,0.0,0.0,-176157000.0,0.0,4128755000.0,422038000.0,16475000.0,395743000.0,0.08778637553535108,379268000.0,0.084131780161725,0.0,37128000.0,0.008235982824399964,21600000.0,15528000.0,0.003444525460495654,0.005176,0.005176,3000100000.0,3000100000.0,http://www.cbr.ru/eng/search/?text=ROLO&category=Any&time=Any&dateFrom=&dateTo=,http://www.cbr.ru/eng/search/?text=ROLO&category=Any&time=Any&dateFrom=&dateTo=,1620597377,17:56:17,20210509
4,2015-12-31,ROLO.ME,RUB,2015-12-31,2015-12-31,FY,1015324000.0,861493000.0,153831000.0,0.15150927191714172,0.0,0.0,0.0,-5875000.0,0.0,861493000.0,341667000.0,19341000.0,173172000.0,0.17055836363564733,153831000.0,0.15150927191714172,0.0,10367000.0,0.010210533780349917,7701000.0,2666000.0,0.002625762810689002,0.001,0.001,3000100000.0,3000100000.0,http://www.cbr.ru/eng/search/?text=ROLO&category=Any&time=Any&dateFrom=&dateTo=,http://www.cbr.ru/eng/search/?text=ROLO&category=Any&time=Any&dateFrom=&dateTo=,1620597377,17:56:17,20210509
5,2014-12-31,ROLO.ME,RUB,2014-12-31,2014-12-31,FY,10003000.0,0.0,10003000.0,1.0,0.0,42780000.0,0.0,-5666000.0,42329000.0,42329000.0,253568000.0,0.0,252945000.0,25.286913925822255,-32326000.0,-3.231630510846746,0.0,505000.0,0.05048485454363691,124000.0,340000.0,0.03398980305908227,0.000113,0.000113,3000100000.0,3000100000.0,http://www.cbr.ru/eng/search/?text=ROLO&category=Any&time=Any&dateFrom=&dateTo=,http://www.cbr.ru/eng/search/?text=ROLO&category=Any&time=Any&dateFrom=&dateTo=,1620597377,17:56:17,20210509
6,2013-12-31,ROLO.ME,RUB,2013-12-31,2013-12-31,FY,4306000.0,0.0,4306000.0,1.0,0.0,5300000.0,0.0,30354000.0,5300000.0,5300000.0,241020000.0,0.0,215000000.0,49.93032977241059,-994000.0,-0.23084068741291222,0.0,34636000.0,8.043660009289363,32136000.0,2500000.0,0.5805852299117511,25.0,25.0,3000100000.0,3000100000.0,http://www.cbr.ru/eng/search/?text=ROLO&category=Any&time=Any&dateFrom=&dateTo=,http://www.cbr.ru/eng/search/?text=ROLO&category=Any&time=Any&dateFrom=&dateTo=,1620597377,17:56:17,20210509
7,2012-12-31,ROLO.ME,RUB,2012-12-31,2012-12-31,FY,0.0,0.0,0.0,0.0,0.0,2817000.0,0.0,104534000.0,2817000.0,2817000.0,14256000.0,0.0,115254000.0,0.0,-2817000.0,0.0,0.0,123548000.0,0.0,0.0,123548000.0,0.0,1235.48,1235.48,100000.0,100000.0,http://www.cbr.ru/eng/search/?text=ROLO&category=Any&time=Any&dateFrom=&dateTo=,http://www.cbr.ru/eng/search/?text=ROLO&category=Any&time=Any&dateFrom=&dateTo=,1620597377,17:56:17,20210509
8,2011-12-31,ROLO.ME,RUB,2011-12-31,2011-12-31,FY,0.0,0.0,0.0,0.0,0.0,0.0,0.0,0.0,0.0,0.0,0.0,0.0,0.0,0.0,0.0,0.0,0.0,0.0,0.0,0.0,0.0,0.0,0.0,0.0,100000.0,100000.0,http://www.cbr.ru/eng/search/?text=ROLO&category=Any&time=Any&dateFrom=&dateTo=,http://www.cbr.ru/eng/search/?text=ROLO&category=Any&time=Any&dateFrom=&dateTo=,1620597377,17:56:17,20210509
