,date,symbol,reportedCurrency,fillingDate,acceptedDate,period,revenue,costOfRevenue,grossProfit,grossProfitRatio,researchAndDevelopmentExpenses,generalAndAdministrativeExpenses,sellingAndMarketingExpenses,otherExpenses,operatingExpenses,costAndExpenses,interestExpense,depreciationAndAmortization,ebitda,ebitdaratio,operatingIncome,operatingIncomeRatio,totalOtherIncomeExpensesNet,incomeBeforeTax,incomeBeforeTaxRatio,incomeTaxExpense,netIncome,netIncomeRatio,eps,epsdiluted,weightedAverageShsOut,weightedAverageShsOutDil,link,finalLink,timestamp,est_time,est_date
0,2020-12-31,1848.HK,HKD,2020-12-31,2020-12-31,FY,2486788000,859349000,1627439000,0.6544341536150247,0.0,0.0,0.0,-79310000.0,0.0,747099000,1328782000,859349000,2599038000,1.0451385481995248,1739689000,0.6995727018145496,0.0,433001000,0.17412059250728248,165058000,334143000,0.13436730432992278,0.482,0.482,693411000,693411000,https://www1.hkexnews.hk/search/titlesearch.xhtml,https://www1.hkexnews.hk/search/titlesearch.xhtml,1620585369,14:36:09,20210509
1,2019-12-31,1848.HK,HKD,2019-12-31,2019-12-31,FY,2460516000,942885000,1517631000,0.6167937944723789,0.0,85187000.0,0.0,2640000.0,-174904000.0,767981000,1454538000,755075000,2447610000,0.9947547587579191,1692535000,0.6878780711037847,0.0,1040543000,0.42289625428162225,144536000,896007000,0.36415410426105743,1.323,1.323,677269000,677269000,https://www1.hkexnews.hk/search/titlesearch.xhtml,https://www1.hkexnews.hk/search/titlesearch.xhtml,1620585369,14:36:09,20210509
2,2018-12-31,1848.HK,HKD,2018-12-31,2018-12-31,FY,2334147000,782055000,1552092000,0.6649504080077219,0.0,100507000.0,0.0,7148000.0,-53216000.0,728839000,1440587000,585549000,2190857000,0.9386114070793313,1605308000,0.6877493148460658,0.0,987075000,0.422884676929088,178162000,808913000,0.34655615091937225,1.194,1.194,677721000,677721000,https://www1.hkexnews.hk/search/titlesearch.xhtml,https://www1.hkexnews.hk/search/titlesearch.xhtml,1620585369,14:36:09,20210509
3,2017-12-31,1848.HK,HKD,2017-12-31,2017-12-31,FY,1846218000,496129000,1350089000,0.7312727966036514,0.0,86888000.0,0.0,6385000.0,-45798000.0,450331000,1226544000,327064000,1722951000,0.9332326951638431,1395887000,0.7560791845816691,0.0,1012240000,0.5482776140195795,277577000,734663000,0.39792863031342995,1.088,1.084,675464000,678038000,https://www1.hkexnews.hk/search/titlesearch.xhtml,https://www1.hkexnews.hk/search/titlesearch.xhtml,1620585369,14:36:09,20210509
4,2016-12-31,1848.HK,HKD,2016-12-31,2016-12-31,FY,1579168000,311865000,1267303000,0.802513095503455,0.0,91526000.0,0.0,2646000.0,-33905000.0,277960000,998332000,163982000,1465190000,0.9278240187237836,1301208000,0.8239832620721798,0.0,892109000,0.5649234280329896,253694000,638415000,0.404273009584794,1.009,0.984,632849000,699480000,https://www1.hkexnews.hk/search/titlesearch.xhtml,https://www1.hkexnews.hk/search/titlesearch.xhtml,1620585369,14:36:09,20210509
5,2015-12-31,1848.HK,HKD,2015-12-31,2015-12-31,FY,1239276000,172363000,1066913000,0.8609163737537078,0.0,82805000.0,0.0,1093000.0,-112664000.0,59699000,753691000,91298000,1270875000,1.0254979520300562,1179577000,0.9518275186479848,0.0,480241000,0.3875173891852985,100031000,380165000,0.3067637878890578,0.636,0.624,597454864,666143437,https://www1.hkexnews.hk/search/titlesearch.xhtml,https://www1.hkexnews.hk/search/titlesearch.xhtml,1620585369,14:36:09,20210509
6,2014-12-31,1848.HK,HKD,2014-12-31,2014-12-31,FY,896851000,135694000,761157000,0.8486995052689912,0.0,87850000.0,0.0,0.0,-1151000.0,134543000,520532000,71312000,833620000,0.9294966499451971,762308000,0.8499828845594196,0.0,380715000,0.4245019518292336,78049000,302750000,0.33757000884204846,0.577,0.545,524661000,555187027,https://www1.hkexnews.hk/search/titlesearch.xhtml,https://www1.hkexnews.hk/search/titlesearch.xhtml,1620585369,14:36:09,20210509
7,2013-12-31,1848.HK,HKD,2013-12-31,2013-12-31,FY,623325000,79870000,543455000,0.8718645971202823,0.0,34825000.0,0.0,0.0,58179000.0,138049000,329906000,54147000,539423000,0.8653960614446717,485276000,0.7785280551879036,0.0,209960000,0.33683872779047846,37460000,172500000,0.2767416676693539,0.367842,0.367842,468951929,468951929,https://www1.hkexnews.hk/search/titlesearch.xhtml,https://www1.hkexnews.hk/search/titlesearch.xhtml,1620585369,14:36:09,20210509
