,date,symbol,reportedCurrency,fillingDate,acceptedDate,period,revenue,costOfRevenue,grossProfit,grossProfitRatio,researchAndDevelopmentExpenses,generalAndAdministrativeExpenses,sellingAndMarketingExpenses,otherExpenses,operatingExpenses,costAndExpenses,interestExpense,depreciationAndAmortization,ebitda,ebitdaratio,operatingIncome,operatingIncomeRatio,totalOtherIncomeExpensesNet,incomeBeforeTax,incomeBeforeTaxRatio,incomeTaxExpense,netIncome,netIncomeRatio,eps,epsdiluted,weightedAverageShsOut,weightedAverageShsOutDil,link,finalLink,timestamp,est_time,est_date
0,2020-12-31,0840.HK,CNY,2020-12-31,2020-12-31,FY,701932421.66,607058788.42,94873633.24,0.13516063699641248,9836633.72,14398924.43,40017384.51,7374267.51,0.0,699517640.8,2605397.98,4514782.08,6929562.9399999995,0.00987212262344611,2414780.86,0.001656562304459604,0.0,1162794.79,0.001656562304459604,-894103.67,649958.94,0.0009259565735158836,0.0013,0.0013,499968415,499968415,https://www1.hkexnews.hk/search/titlesearch.xhtml,https://www1.hkexnews.hk/search/titlesearch.xhtml,1620584938,14:28:58,20210509
1,2019-12-31,0840.HK,CNY,2019-12-31,2019-12-31,FY,620253365.76,540229993.72,80023372.04,0.1290172314372642,5253168.26,15843427.469999991,53084122.35,1870398.43,0.0,636230744.64,1154925.0,3617038.17,-12360340.71,-0.019927889782354997,-15977378.88,-0.025759439225973128,0.0,-47669505.41,-0.0768548919546616,543653.54,-47948484.1,-0.07730467377834935,-0.0923,-0.0923,519521560,519521560,https://www1.hkexnews.hk/search/titlesearch.xhtml,https://www1.hkexnews.hk/search/titlesearch.xhtml,1620584938,14:28:58,20210509
2,2018-12-31,0840.HK,CNY,2018-12-31,2018-12-31,FY,532211320.91,490620405.75,41590915.16,0.07814737027556251,3570440.28,10492920.470000006,39284374.87,632745.54,0.0,564179539.94,407943.0,2855811.45,-29112407.580000002,-0.054700842383852775,-31968219.03,-0.060066777563730196,0.0,-47989112.53,-0.09016928172055032,1446389.54,-47636809.08,-0.08950732013469449,-0.0917,-0.0917,519521560,519521560,https://www1.hkexnews.hk/search/titlesearch.xhtml,https://www1.hkexnews.hk/search/titlesearch.xhtml,1620584938,14:28:58,20210509
3,2017-12-31,0840.HK,CNY,2017-12-31,2017-12-31,FY,733754970.32,658119017.93,75635952.39,0.10308066786520599,4503944.54,7625076.669999994,38306247.63,200278.84,0.0,725783287.32,0.0,1087393.56,9059076.56,0.012346187659961226,7971683.0,0.010864230325449715,0.0,2392231.21,0.0032602589512364284,514174.28,1348652.13,0.0018380143025291335,0.0026,0.0026,519521560,519521560,https://www1.hkexnews.hk/search/titlesearch.xhtml,https://www1.hkexnews.hk/search/titlesearch.xhtml,1620584938,14:28:58,20210509
4,2016-12-31,0840.HK,CNY,2016-12-31,2016-12-31,FY,671401919.12,630786107.74,40615811.38,0.06049403527656691,0.0,32042523.559999995,44353233.18,2889957.81,0.0,711906076.46,0.0,19810944.43,-20693212.910000004,-0.03082090223561231,-40504157.34,-0.060327735424242475,0.0,-59450678.25,-0.08854707822092828,3402930.25,-57338617.49,-0.08540133094220698,-0.11,-0.11,519521560,519521560,https://www1.hkexnews.hk/search/titlesearch.xhtml,https://www1.hkexnews.hk/search/titlesearch.xhtml,1620584938,14:28:58,20210509
5,2015-12-31,0840.HK,CNY,2015-12-31,2015-12-31,FY,667448233.21,608638571.23,58809661.98,0.0881111958258741,0.0,25291958.03,41672153.67,5697810.59,0.0,677635433.02,-255272.97,20697031.67,10509831.860000001,0.01574628763260698,-10187199.81,-0.015262906249681824,0.0,-6272412.75,-0.009397601848211805,1221777.91,-6793864.99,-0.010178864295326464,-0.013,-0.013,519521560,519521560,https://www1.hkexnews.hk/search/titlesearch.xhtml,https://www1.hkexnews.hk/search/titlesearch.xhtml,1620584938,14:28:58,20210509
6,2014-12-31,0840.HK,CNY,2014-12-31,2014-12-31,FY,700812361.47,669766360.94,31046000.53,0.04430001843129447,0.0,6054666.96,0.0,2000428.11,0.0,695890306.4,0.0,770458.31,5692513.380000001,0.00812273540389553,4922055.07,0.007023356522530034,0.0,3911697.68,0.005581661932724699,2461220.02,2079527.41,0.002967309831176571,0.004,0.004,519521560,519521560,https://www1.hkexnews.hk/search/titlesearch.xhtml,https://www1.hkexnews.hk/search/titlesearch.xhtml,1620584938,14:28:58,20210509
7,2013-12-31,0840.HK,CNY,2013-12-31,2013-12-31,FY,691547439.35,614890495.98,76656943.37,0.1108484234169842,0.0,20855108.509999998,41060001.63,0.0,0.0,679357865.5,3660417.3,17123483.76,29313057.61,0.042387630901434555,12189573.85,0.017626518668708017,0.0,5777495.84,0.008354446146789856,2456839.2,3608965.31,0.005218680750798734,0.01,0.01,519521560,519521560,https://www1.hkexnews.hk/search/titlesearch.xhtml,https://www1.hkexnews.hk/search/titlesearch.xhtml,1620584938,14:28:58,20210509
8,2012-12-31,0840.HK,CNY,2012-12-31,2012-12-31,FY,762836791.23,680333238.28,82503552.95,0.1081536101804569,35635.0,5678742.640000001,46518432.73,0.0,0.0,751122710.74,5614565.0,804902.14,12518982.63,0.016411089205351986,11714080.49,0.01535594589127274,0.0,5983497.82,0.007843745724891157,2771197.4,3211391.48,0.004209801515763213,0.01,0.01,519521560,519521560,https://www1.hkexnews.hk/search/titlesearch.xhtml,https://www1.hkexnews.hk/search/titlesearch.xhtml,1620584938,14:28:58,20210509
9,2011-12-31,0840.HK,CNY,2011-12-31,2011-12-31,FY,690416000.0,605487000.0,84929000.0,0.1230113438854256,0.0,29775000.0,32869000.0,0.0,0.0,661395000.0,5152000.0,24128000.0,53149000.0,0.07698112442353595,29021000.0,0.04203407800514473,0.0,23869000.0,0.03457191026859169,4595000.0,18956000.0,0.027455910639382634,0.036,0.036,519521560,519521560,https://www1.hkexnews.hk/search/titlesearch.xhtml,https://www1.hkexnews.hk/search/titlesearch.xhtml,1620584938,14:28:58,20210509
10,2010-12-31,0840.HK,CNY,2010-12-31,2010-12-31,FY,588491000.0,520877000.0,67614000.0,0.11489385564095288,0.0,21846000.0,25640000.0,0.0,0.0,564482000.0,3156000.0,36181000.0,60190000.0,0.10227853951887114,24009000.0,0.0407975652983648,0.0,20853000.0,0.03543469653741518,4644000.0,17151000.0,0.029144031089685316,0.033,0.033,519521560,519521560,https://www1.hkexnews.hk/search/titlesearch.xhtml,https://www1.hkexnews.hk/search/titlesearch.xhtml,1620584938,14:28:58,20210509
11,2009-12-31,0840.HK,CNY,2009-12-31,2009-12-31,FY,571028000.0,519431000.0,51597000.0,0.09035809102180628,0.0,16322000.0,24168000.0,0.0,0.0,556247000.0,7601000.0,28598000.0,43379000.0,0.07596650251826531,14781000.0,0.02588489531161344,0.0,7180000.0,0.012573814243784892,2362000.0,6479000.0,0.011346203688785838,0.012,0.012,519521560,519521560,https://www1.hkexnews.hk/search/titlesearch.xhtml,https://www1.hkexnews.hk/search/titlesearch.xhtml,1620584938,14:28:58,20210509
12,2008-12-31,0840.HK,CNY,2008-12-31,2008-12-31,FY,664248000.0,611519000.0,52729000.0,0.07938149606773373,0.0,16916000.0,22294000.0,0.0,0.0,647148000.0,10568000.0,27799000.0,44899000.0,0.06759373005263095,17100000.0,0.025743397044477364,0.0,6532000.0,0.00983367657862726,423000.0,6694000.0,0.010077561392732835,0.012,0.012,519521560,519521560,https://www1.hkexnews.hk/search/titlesearch.xhtml,https://www1.hkexnews.hk/search/titlesearch.xhtml,1620584938,14:28:58,20210509
13,2007-12-31,0840.HK,CNY,2007-12-31,2007-12-31,FY,616172000.0,496881000.0,119291000.0,0.19360016359068571,0.0,23717000.0,19581000.0,0.0,0.0,536561000.0,6518000.0,23692000.0,103303000.0,0.16765286316158476,79611000.0,0.12920256032406535,0.0,73093000.0,0.11862434515038009,2939000.0,70287000.0,0.11407042189518511,0.14,0.14,519521560,519521560,https://www1.hkexnews.hk/search/titlesearch.xhtml,https://www1.hkexnews.hk/search/titlesearch.xhtml,1620584938,14:28:58,20210509
14,2006-12-31,0840.HK,CNY,2006-12-31,2006-12-31,FY,461809000.0,366601000.0,95208000.0,0.20616315403121205,0.0,15525000.0,22965000.0,0.0,0.0,398739000.0,3840000.0,22948000.0,86018000.0,0.1862631520823544,63070000.0,0.13657161293954861,0.0,59230000.0,0.12825648698920983,-824000.0,62497000.0,0.1353308402391465,0.13,0.13,485623477,485623477,https://www1.hkexnews.hk/search/titlesearch.xhtml,https://www1.hkexnews.hk/search/titlesearch.xhtml,1620584938,14:28:58,20210509
15,2005-12-31,0840.HK,CNY,2005-12-31,2005-12-31,FY,376251000.0,280373000.0,95878000.0,0.25482457189482555,0.0,11197000.0,18512000.0,0.0,0.0,310051000.0,3566000.0,22401000.0,88601000.0,0.23548375951160264,66200000.0,0.1759463762222559,0.0,62634000.0,0.1664686605484105,7595000.0,52658000.0,0.13995444530379986,0.17,0.17,309752941,309752941,https://www1.hkexnews.hk/search/titlesearch.xhtml,https://www1.hkexnews.hk/search/titlesearch.xhtml,1620584938,14:28:58,20210509
16,2004-12-31,0840.HK,CNY,2004-12-31,2004-12-31,FY,389183000.0,308947000.0,80236000.0,0.20616522304417204,0.0,12173000.0,14170000.0,0.0,0.0,333614000.0,3523000.0,27090000.0,82659000.0,0.21239108594157505,55569000.0,0.14278372899124575,0.0,52046000.0,0.13373143225680464,7951000.0,42432000.0,0.10902840052109163,0.13,0.13,326400000,326400000,https://www1.hkexnews.hk/search/titlesearch.xhtml,https://www1.hkexnews.hk/search/titlesearch.xhtml,1620584938,14:28:58,20210509
