,date,symbol,reportedCurrency,fillingDate,acceptedDate,period,revenue,costOfRevenue,grossProfit,grossProfitRatio,researchAndDevelopmentExpenses,generalAndAdministrativeExpenses,sellingAndMarketingExpenses,otherExpenses,operatingExpenses,costAndExpenses,interestExpense,depreciationAndAmortization,ebitda,ebitdaratio,operatingIncome,operatingIncomeRatio,totalOtherIncomeExpensesNet,incomeBeforeTax,incomeBeforeTaxRatio,incomeTaxExpense,netIncome,netIncomeRatio,eps,epsdiluted,weightedAverageShsOut,weightedAverageShsOutDil,link,finalLink,timestamp,est_time,est_date
0,2020-12-31,CLIR,USD,2021-03-31,2021-03-31 06:02:40,FY,0.0,279000.0,-279000.0,0.0,2029000.0,4624000.0,0.0,0.0,6653000.0,6932000.0,0.0,210000.0,-6722000.0,0.0,-6932000.0,0.0,44000.0,-6886000.0,0.0,0.0,-6886000.0,0.0,-0.2473677659252878,-0.2473677659252878,27837095.0,27837095.0,https://www.sec.gov/Archives/edgar/data/1434524/000110465921044241/0001104659-21-044241-index.htm,https://www.sec.gov/Archives/edgar/data/1434524/000110465921044241/tm211074d1_10k.htm,1620590369,15:59:29,20210509
1,2019-12-31,CLIR,USD,2020-03-30 00:00:00,2020-03-30 08:01:28,FY,0.0,1000.0,-1000.0,0.0,3056000.0,5526000.0,0.0,0.0,8582000.0,8583000.0,0.0,240000.0,-8343000.0,0.0,-8583000.0,0.0,0.0,-8482000.0,0.0,0.0,-8479000.0,0.0,-0.32,-0.32,26701042.0,26701042.0,https://www.sec.gov/Archives/edgar/data/1434524/000110465920039929/0001104659-20-039929-index.html,https://www.sec.gov/Archives/edgar/data/1434524/000110465920039929/tm205247d1_10k.htm,1620590369,15:59:29,20210509
2,2018-12-31,CLIR,USD,2019-03-12 00:00:00,2019-03-12 16:31:38,FY,530000.0,427000.0,103000.0,0.19433962264150945,4052000.0,5622000.0,0.0,0.0,9674000.0,10101000.0,0.0,271000.0,-9300000.0,-17.547169811320753,-9571000.0,-18.058490566037737,0.0,-9500000.0,-17.92452830188679,0.0,-9500000.0,-17.92452830188679,-0.42,-0.42,22778571.0,22778571.0,https://www.sec.gov/Archives/edgar/data/1434524/000114420419013533/0001144204-19-013533-index.html,https://www.sec.gov/Archives/edgar/data/1434524/000114420419013533/tv512925_10k.htm,1620590369,15:59:29,20210509
3,2017-12-31,CLIR,USD,2018-03-27 00:00:00,2018-03-27 16:06:30,FY,540000.0,380000.0,160000.0,0.2962962962962963,4712000.0,5160000.0,0.0,0.0,9872000.0,10252000.0,0.0,297000.0,-9415000.0,-17.435185185185187,-9712000.0,-17.985185185185184,0.0,-9680000.0,-17.925925925925927,0.0,-9680000.0,-17.925925925925927,-0.63,-0.63,15365079.0,15365079.0,https://www.sec.gov/Archives/edgar/data/1434524/000114420418017160/0001144204-18-017160-index.html,https://www.sec.gov/Archives/edgar/data/1434524/000114420418017160/tv486471_10k.htm,1620590369,15:59:29,20210509
4,2016-12-31,CLIR,USD,2017-02-14 00:00:00,2017-02-14 16:12:43,FY,621000.0,485000.0,136000.0,0.21900161030595813,4831000.0,6510000.0,0.0,0.0,11341000.0,11826000.0,0.0,208000.0,-10997000.0,-17.7085346215781,-11205000.0,-18.043478260869566,0.0,-11173000.0,-17.99194847020934,0.0,-11173000.0,-17.99194847020934,-0.86,-0.86,12928715.0,12928715.0,https://www.sec.gov/Archives/edgar/data/1434524/000114420417008828/0001144204-17-008828-index.html,https://www.sec.gov/Archives/edgar/data/1434524/000114420417008828/v458431_10k.htm,1620590369,15:59:29,20210509
5,2015-12-31,CLIR,USD,2016-03-03 00:00:00,2016-03-03 17:30:07,FY,61000.0,50000.0,11000.0,0.18032786885245902,2932000.0,5021000.0,0.0,0.0,7953000.0,8003000.0,0.0,200000.0,-7742000.0,-126.91803278688525,-7942000.0,-130.19672131147541,0.0,-7898000.0,-129.47540983606558,0.0,-7898000.0,-129.47540983606558,-0.63,-0.63,12461515.0,12461515.0,https://www.sec.gov/Archives/edgar/data/1434524/000114420416085858/0001144204-16-085858-index.html,https://www.sec.gov/Archives/edgar/data/1434524/000114420416085858/v430870_10k.htm,1620590369,15:59:29,20210509
6,2014-12-31,CLIR,USD,2015-02-26,2015-02-26 16:07:18,FY,0.0,0.0,0.0,0.0,2217000.0,5084000.0,0.0,0.0,7301000.0,7301000.0,0.0,243000.0,-7058000.0,0.0,-7301000.0,0.0,0.0,-7296000.0,0.0,0.0,-7296000.0,0.0,-0.77,-0.77,9507185.0,9507185.0,https://www.sec.gov/Archives/edgar/data/1434524/000114420415012243/v400802_10k.htm,https://www.sec.gov/Archives/edgar/data/1434524/000114420415012243/v400802_10k.htm,1620590369,15:59:29,20210509
7,2013-12-31,CLIR,USD,2014-03-11,2014-03-11 16:04:28,FY,93000.0,88000.0,5000.0,0.053763440860215055,1851000.0,3450000.0,0.0,0.0,5301000.0,5389000.0,0.0,209000.0,-5087000.0,-54.69892473118279,-5296000.0,-56.946236559139784,11000.0,-5285000.0,-56.82795698924731,0.0,-5285000.0,-56.82795698924731,-0.6,-0.6,8795810.0,8795810.0,https://www.sec.gov/Archives/edgar/data/1434524/000114420414014814/v369746_10k.htm,https://www.sec.gov/Archives/edgar/data/1434524/000114420414014814/v369746_10k.htm,1620590369,15:59:29,20210509
8,2012-12-31,CLIR,USD,2013-02-22 00:00:00,2013-02-22 16:21:34,FY,0.0,0.0,0.0,0.0,1184000.0,3026000.0,0.0,0.0,4210000.0,4210000.0,1000.0,99000.0,-4111000.0,0.0,-4210000.0,0.0,0.0,-4189000.0,0.0,0.0,-4189000.0,0.0,-0.55,-0.55,7596962.0,7596962.0,https://www.sec.gov/Archives/edgar/data/1434524/000114420413010734/0001144204-13-010734-index.html,https://www.sec.gov/Archives/edgar/data/1434524/000114420413010734/v332327_10k.htm,1620590369,15:59:29,20210509
