,date,symbol,reportedCurrency,fillingDate,acceptedDate,period,revenue,costOfRevenue,grossProfit,grossProfitRatio,researchAndDevelopmentExpenses,generalAndAdministrativeExpenses,sellingAndMarketingExpenses,otherExpenses,operatingExpenses,costAndExpenses,interestExpense,depreciationAndAmortization,ebitda,ebitdaratio,operatingIncome,operatingIncomeRatio,totalOtherIncomeExpensesNet,incomeBeforeTax,incomeBeforeTaxRatio,incomeTaxExpense,netIncome,netIncomeRatio,eps,epsdiluted,weightedAverageShsOut,weightedAverageShsOutDil,link,finalLink,timestamp,est_time,est_date
0,2020-03-31,LAMBODHARA.NS,INR,2020-03-31,2020-03-31,FY,1694374000,1350205000,344169000,0.20312457580203663,0.0,8789000.0,61048000.0,16143000.0,234924000,1585129000,23591000.0,72745000,181990000,0.10740839979839162,109245000,0.06447513949104507,0.0,88024000,0.05195074995248983,19419000.0,68605000.0,0.04048988003829143,7.16,7.16,9577600.0,9577600.0,https://www.nseindia.com/companies-listing/corporate-filings-annual-reports,https://www.nseindia.com/companies-listing/corporate-filings-annual-reports,1620594311,17:05:11,20210509
1,2019-03-31,LAMBODHARA.NS,INR,2019-03-31,2019-03-31,FY,1702798000,1373477000,329321000,0.19339992177580664,0.0,12699000.0,61710000.0,17522000.0,234288000,1607765000,21568000.0,61907000,156940000,0.09216595274366073,95033000,0.05580990816291774,0.0,95924000,0.05633316459145477,20198000.0,75726000.0,0.0444715110071776,7.91,7.91,9577600.0,9577600.0,https://www.nseindia.com/companies-listing/corporate-filings-annual-reports,https://www.nseindia.com/companies-listing/corporate-filings-annual-reports,1620594311,17:05:11,20210509
2,2018-03-31,LAMBODHARA.NS,INR,2018-03-31,2018-03-31,FY,1607978000,1289395000,318583000,0.19812646690439795,0.0,5775000.0,44886000.0,13755000.0,187250000,1476645000,23601000.0,60170000,191503000,0.11909553488915893,131333000,0.08167586869969615,0.0,83833000,0.0521356635476356,24323000.0,59511000.0,0.03700983471166894,6.52,6.52,9133764.0,9133764.0,https://www.nseindia.com/companies-listing/corporate-filings-annual-reports,https://www.nseindia.com/companies-listing/corporate-filings-annual-reports,1620594311,17:05:11,20210509
3,2017-03-31,LAMBODHARA.NS,INR,2017-03-31,2017-03-31,FY,1299346000,988902000,310444000,0.23892327370846564,0.0,3166000.0,9810000.0,8427000.0,198749000,1187651000,33917000.0,60808000,172503000,0.13276140458353664,111695000,0.08596247650741219,0.0,93112000,0.071660666212079,22497000.0,69461000.0,0.0534584321651046,7.65,7.65,9077600.0,9077600.0,https://www.nseindia.com/companies-listing/corporate-filings-annual-reports,https://www.nseindia.com/companies-listing/corporate-filings-annual-reports,1620594311,17:05:11,20210509
4,2016-03-31,LAMBODHARA.NS,INR,2016-03-31,2016-03-31,FY,1187863000,881492000,306371000,0.25791779018287464,0.0,2867000.0,13576000.0,1884000.0,177554000,1059046000,45759000.0,59816000,188633000,0.1588002993611216,128817000,0.10844432396665273,0.0,66199000,0.05572949069042474,21224000.0,44974000.0,0.03786126851328815,4.95,4.95,9077600.0,9077600.0,https://www.nseindia.com/companies-listing/corporate-filings-annual-reports,https://www.nseindia.com/companies-listing/corporate-filings-annual-reports,1620594311,17:05:11,20210509
5,2015-03-31,LAMBODHARA.NS,INR,2015-03-31,2015-03-31,FY,1333018000,1044515000,288503000,0.21642843532495434,0.0,0.0,33847000.0,1228000.0,161534000,1206049000,66353000.0,60477000,187446000,0.14061775609931748,126969000,0.09524927645388134,0.0,59747000,0.044820850131055995,8270000.0,51477000.0,0.03861688289280415,5.685,5.685,9054076.0,9054076.0,https://www.nseindia.com/companies-listing/corporate-filings-annual-reports,https://www.nseindia.com/companies-listing/corporate-filings-annual-reports,1620594311,17:05:11,20210509
6,2014-03-31,LAMBODHARA.NS,INR,2014-03-31,2014-03-31,FY,1120911000,871289000,249622000,0.2226956466659708,0.0,0.0,31688000.0,667000.0,149981000,1021270000,0.0,54167000,153808000,0.13721696013332013,99641000,0.08889287374287522,0.0,41163000,0.03672280850129939,5777000.0,35387000.0,0.031569857018086185,4.04,4.04,8759600.0,8759600.0,https://www.nseindia.com/companies-listing/corporate-filings-annual-reports,https://www.nseindia.com/companies-listing/corporate-filings-annual-reports,1620594311,17:05:11,20210509
7,2013-03-31,LAMBODHARA.NS,INR,2013-03-31,2013-03-31,FY,978137000,751315000,226822000,0.23189185155044742,0.0,0.0,21545000.0,123000.0,113565000,864880000,0.0,45452000,158709000,0.16225641193411558,113257000,0.11578848361732559,0.0,51988000,0.0531500188623884,19849000.0,32139000.0,0.032857360471999324,3.67,3.67,8759600.0,8759600.0,https://www.nseindia.com/companies-listing/corporate-filings-annual-reports,https://www.nseindia.com/companies-listing/corporate-filings-annual-reports,1620594311,17:05:11,20210509
8,2012-03-31,LAMBODHARA.NS,INR,2012-03-31,2012-03-31,FY,756430000,604459000,151971000,0.200905569583438,0.0,0.0,18446000.0,192000.0,90540000,694999000,0.0,34068000,95499000,0.12624961992517483,61431000,0.08121174464259746,0.0,15557000,0.020566344539481512,22248000.0,-6691000.0,-0.008845497931070952,-0.765,-0.765,8759600.0,8759600.0,https://www.nseindia.com/companies-listing/corporate-filings-annual-reports,https://www.nseindia.com/companies-listing/corporate-filings-annual-reports,1620594311,17:05:11,20210509
9,2011-03-31,LAMBODHARA.NS,INR,2011-03-31,2011-03-31,FY,755151710,637823029,117328681,0.15537100617834793,0.0,0.0,30857711.0,209029.0,55416063,693239092,0.0,24633352,86545970,0.1146073945856522,61912618,0.08198699305070765,0.0,35125682,0.04651473542978536,10877191.0,24254495.0,0.032118704995053246,2.77,2.77,8759600.0,8759600.0,https://www.nseindia.com/companies-listing/corporate-filings-annual-reports,https://www.nseindia.com/companies-listing/corporate-filings-annual-reports,1620594311,17:05:11,20210509
10,2010-03-31,LAMBODHARA.NS,INR,2010-03-31,2010-03-31,FY,503146641,411457569,91689072,0.18223131097083087,0.0,1387220.0,15886655.0,73188.0,57541556,468999125,0.0,18081236,52228752,0.10380423467837481,34147516,0.06786792004043211,0.0,12740926,0.025322490426801837,5029457.0,7689978.0,0.015283770919579685,0.88,0.88,8759600.0,8759600.0,https://www.nseindia.com/companies-listing/corporate-filings-annual-reports,https://www.nseindia.com/companies-listing/corporate-filings-annual-reports,1620594311,17:05:11,20210509
11,2009-03-31,LAMBODHARA.NS,INR,2009-03-31,2009-03-31,FY,479813014,404487539,75325475,0.15698922872483823,0.0,1444670.0,15604402.0,7418887.0,46201669,450689208,0.0,14220400,43344206,0.09033561978375185,29123806,0.060698241086057744,0.0,12880761,0.026845376478262843,1668538.0,11212224.0,0.023367903064004845,1.28,1.28,8759600.0,8759600.0,https://www.nseindia.com/companies-listing/corporate-filings-annual-reports,https://www.nseindia.com/companies-listing/corporate-filings-annual-reports,1620594311,17:05:11,20210509
