,date,symbol,reportedCurrency,fillingDate,acceptedDate,period,revenue,costOfRevenue,grossProfit,grossProfitRatio,researchAndDevelopmentExpenses,generalAndAdministrativeExpenses,sellingAndMarketingExpenses,otherExpenses,operatingExpenses,costAndExpenses,interestExpense,depreciationAndAmortization,ebitda,ebitdaratio,operatingIncome,operatingIncomeRatio,totalOtherIncomeExpensesNet,incomeBeforeTax,incomeBeforeTaxRatio,incomeTaxExpense,netIncome,netIncomeRatio,eps,epsdiluted,weightedAverageShsOut,weightedAverageShsOutDil,link,finalLink,timestamp,est_time,est_date
0,2020-12-31,RDS-B,USD,2020-12-31,2020-12-31,FY,180543000000.0,193538000000.0,-12995000000.0,-0.0719773128839113,907000000.0,9881000000.0,0.0,0.0,0.0,206073000000.0,4057000000.0,52444000000.0,26914000000.0,0.14907252011986064,-25530000000.0,-0.1414067562852063,0.0,-26967000000.0,-0.14936607899503165,-5433000000.0,-21680000000.0,-0.12008219648504788,-5.380787511013489,-5.380787511013489,4029150000,4029150000,,,1620597142,17:52:22,20210509
1,2019-12-31,RDS-B,USD,2019-12-31,2019-12-31,FY,344877000000.0,308122000000.0,36755000000.0,0.10657422791314004,962000000.0,10493000000.0,0.0,179000000.0,13809000000.0,321931000000.0,3840000000.0,28701000000.0,51647000000.0,0.14975484013140916,22946000000.0,0.06653386569704561,0.0,25485000000.0,0.0738959107159944,9053000000.0,15842000000.0,0.04593521748333464,3.94,3.9,4029150000,4056250000,,,1620597142,17:52:22,20210509
2,2018-12-31,RDS-B,USD,2018-12-31,2018-12-31,FY,388379000000.0,343504000000.0,44875000000.0,0.115544352295052,986000000.0,11360000000.0,0.0,104000000.0,13686000000.0,357190000000.0,2674000000.0,22135000000.0,53324000000.0,0.13729887558287138,31189000000.0,0.08030557779900561,0.0,35621000000.0,0.0917171113783186,11715000000.0,23352000000.0,0.06012683487006249,5.64,5.6,4141400000,4174350000,,,1620597142,17:52:22,20210509
3,2017-12-31,RDS-B,USD,2017-12-31,2017-12-31,FY,305179000000.0,276322000000.0,28857000000.0,0.09455762028186736,922000000.0,10509000000.0,0.0,227000000.0,13376000000.0,289698000000.0,2826000000.0,26223000000.0,41704000000.0,0.1366542258805488,15481000000.0,0.05072760576579647,0.0,18130000000.0,0.059407757414500995,4695000000.0,12977000000.0,0.04252258510579037,3.16,3.12,4111700000,4149500000,,,1620597142,17:52:22,20210509
4,2016-12-31,RDS-B,USD,2016-12-31,2016-12-31,FY,233591000000.0,216001000000.0,17590000000.0,0.07530255874584209,1014000000.0,12101000000.0,0.0,-302000000.0,15223000000.0,231224000000.0,2309000000.0,23092000000.0,25459000000.0,0.10898964429280238,2367000000.0,0.010133095881262549,0.0,5606000000.0,0.02399921229841903,829000000.0,4575000000.0,0.019585514852883887,1.1680304326180477,1.1594460002280877,3916850000,3945850000,,,1620597142,17:52:22,20210509
5,2015-12-31,RDS-B,USD,2015-12-31,2015-12-31,FY,264960000000.0,249453000000.0,15507000000.0,0.0585258152173913,1093000000.0,11956000000.0,0.0,0.0,18768000000.0,268221000000.0,993000000.0,26714000000.0,23453000000.0,0.08851524758454106,-3261000000.0,-0.012307518115942028,0.0,2047000000.0,0.007725694444444445,-153000000.0,1939000000.0,0.007318085748792271,0.62,0.6,3160150000,3196900000,,,1620597142,17:52:22,20210509
6,2014-12-31,RDS-B,USD,2014-12-31,2014-12-31,FY,421105000000.0,381815000000.0,39290000000.0,0.09330214554564777,1222000000.0,13965000000.0,0.0,0.0,19411000000.0,401226000000.0,760000000.0,24499000000.0,44378000000.0,0.1053846427850536,19879000000.0,0.047206753660013534,0.0,28314000000.0,0.06723738734994834,13584000000.0,14874000000.0,0.03532135690623479,4.713301117008635,4.713226440205336,3155750000,3155800000,,,1620597142,17:52:22,20210509
7,2013-12-31,RDS-B,USD,2013-12-31,2013-12-31,FY,451235000000.0,403094000000.0,48141000000.0,0.10668720289871131,1318000000.0,14675000000.0,0.0,0.0,21271000000.0,424365000000.0,568000000.0,21509000000.0,48379000000.0,0.10721464425410263,26870000000.0,0.059547685795649716,0.0,33592000000.0,0.07444457987523131,17066000000.0,16371000000.0,0.036280430374416875,5.204495239306322,5.2025931928687195,3145550000,3146700000,,,1620597142,17:52:22,20210509
8,2012-12-31,RDS-B,USD,2012-12-31,2012-12-31,FY,467153000000.0,410620000000.0,56533000000.0,0.12101602686914137,1314000000.0,14616000000.0,0.0,164000000.0,19034000000.0,429654000000.0,684000000.0,14615000000.0,52114000000.0,0.11155659922980266,37499000000.0,0.08027134579035135,0.0,50289000000.0,0.10764995622419207,23449000000.0,26592000000.0,0.05692353468777895,8.5,8.48,3130600000,3133900000,,,1620597142,17:52:22,20210509
9,2011-12-31,RDS-B,USD,2011-12-31,2011-12-31,FY,470171000000.0,396502000000.0,73669000000.0,0.1566855463225082,1125000000.0,14335000000.0,0.0,0.0,30954000000.0,427456000000.0,1373000000.0,13228000000.0,55943000000.0,0.11898436951662268,42715000000.0,0.09084992481458873,0.0,55660000000.0,0.11838246084935056,24475000000.0,30918000000.0,0.06575905362091665,9.96,9.94,3106250000,3110850000,,,1620597142,17:52:22,20210509
10,2010-12-31,RDS-B,USD,2010-12-31,2010-12-31,FY,378152000000.0,307634000000.0,70518000000.0,0.18648056866022128,1019000000.0,15528000000.0,0.0,0.0,34178000000.0,341812000000.0,996000000.0,15595000000.0,51935000000.0,0.13733895364826842,36340000000.0,0.096098923184328,0.0,35344000000.0,0.09346506166832384,14870000000.0,20127000000.0,0.05322462924961391,6.56393699246649,6.556773573534442,3066300000,3069650000,,,1620597142,17:52:22,20210509
11,2009-12-31,RDS-B,USD,2009-12-31,2009-12-31,FY,283164000000.0,228376000000.0,54788000000.0,0.19348504753429108,1125000000.0,17430000000.0,0.0,0.0,35191000000.0,263567000000.0,542000000.0,14458000000.0,34055000000.0,0.12026599426480768,19597000000.0,0.0692072438586826,0.0,21020000000.0,0.0742326001892896,8302000000.0,12518000000.0,0.04420759701091947,4.089312839945772,4.08537580366176,3061150000,3064100000,,,1620597142,17:52:22,20210509
12,2008-12-31,RDS-B,USD,2008-12-31,2008-12-31,FY,458361000000.0,397688000000.0,60673000000.0,0.13236946424324933,3225000000.0,122000000.0,16906000000.0,7446000000.0,17028000000.0,414716000000.0,1181000000.0,13656000000.0,57301000000.0,0.12501281740811282,43645000000.0,0.09521970673770237,0.0,50820000000.0,0.11087330728399668,24344000000.0,26277000000.0,0.05732817582647738,8.54,8.52,3079550000,3085750000,,,1620597142,17:52:22,20210509
13,2007-12-31,RDS-B,USD,2007-12-31,2007-12-31,FY,355782000000.0,298409000000.0,57373000000.0,0.16125886076305154,1712000000.0,0.0,16621000000.0,-16468000000.0,16621000000.0,315030000000.0,0.0,13180000000.0,53932000000.0,0.1515872078969706,40752000000.0,0.11454205103124947,0.0,50576000000.0,0.14215446537486437,18650000000.0,31331000000.0,0.08806235278906746,10.0,9.98,3131900000,3141900000,,,1620597142,17:52:22,20210509
14,2006-12-31,RDS-B,USD,2006-12-31,2006-12-31,FY,318845000000.0,264551000000.0,54294000000.0,0.17028336652605497,1562000000.0,0.0,16616000000.0,-13342000000.0,16616000000.0,281167000000.0,0.0,12615000000.0,50293000000.0,0.1577349495836535,37678000000.0,0.11817027082124543,0.0,44628000000.0,0.13996769590239772,18317000000.0,25442000000.0,0.07979425739779517,7.94,7.9,3206700000,3220000000,,,1620597142,17:52:22,20210509
15,2005-12-31,RDS-B,USD,2005-12-31,2005-12-31,FY,306731000000.0,252622000000.0,54109000000.0,0.17640538452259472,0.0,1286000000.0,15482000000.0,-14246000000.0,16768000000.0,269390000000.0,0.0,11981000000.0,49322000000.0,0.16079887588799308,37341000000.0,0.12173859179541684,0.0,44567000000.0,0.14529669319371044,17999000000.0,25311000000.0,0.08251855860672706,7.58,7.56,3337089884,3366250000,,,1620597142,17:52:22,20210509
16,2004-12-31,RDS-B,USD,2004-12-31,2004-12-31,FY,266385999569.5,223258999795.2,43126999774.3,0.16189664563451725,552999526.0,0.0,15098000871.0,-10454000000.0,14459997826.7,237718997621.9,754999629.1,12841999489.8,41509001437.399994,0.15582275909575463,28667001947.6,0.10761452176138404,0.0,31659000488.0,0.11884633779238904,12168000620.0,18539998473.2,0.06959824654134243,5.499478,5.499478,3385250000,3385250000,,,1620597142,17:52:22,20210509
17,2003-12-31,RDS-B,USD,2003-12-31,2003-12-31,FY,201728000000.0,167500000000.0,34228000000.0,0.16967401649746192,584000000.0,1903000000.0,11941000000.0,0.0,12420000000.0,179920000000.0,0.0,11422000000.0,33230000000.0,0.16472676078680204,21808000000.0,0.10810596446700507,0.0,22178000000.0,0.1099401173857868,9572000000.0,12496000000.0,0.06194479695431472,6.397494,6.397494,3359200000,3359200000,,,1620597142,17:52:22,20210509
18,2002-12-31,RDS-B,USD,2002-12-31,2002-12-31,FY,0.0,0.0,0.0,0.0,0.0,0.0,0.0,0.0,0.0,0.0,0.0,8621000000.0,0.0,0.0,0.0,0.0,0.0,0.0,0.0,0.0,0.0,0.0,1.789071,1.789071,3359200000,3359200000,,,1620597142,17:52:22,20210509
19,2001-12-31,RDS-B,USD,2001-12-31,2001-12-31,FY,135211000000.0,107839000000.0,27372000000.0,0.20243915066081902,1269000000.0,1244000000.0,7898000000.0,0.0,7370000000.0,115209000000.0,0.0,6117000000.0,26119000000.0,0.19317215315321978,20002000000.0,0.14793175111492407,0.0,19898000000.0,0.14716258292594536,8694000000.0,10852000000.0,0.08025974218073974,1.827663,1.827663,5937636400,5937636400,,,1620597142,17:52:22,20210509
20,2000-12-31,RDS-B,USD,2000-12-31,2000-12-31,FY,149146000000.0,118328000000.0,30818000000.0,0.20662974535019377,389000000.0,1137000000.0,7896000000.0,0.0,6318000000.0,124646000000.0,0.0,7885000000.0,32385000000.0,0.2171362289300417,24500000000.0,0.16426856905314255,0.0,24036000000.0,0.16115752350046264,11273000000.0,12719000000.0,0.08527885427701715,2.104435,2.104435,6043903039,6043903039,,,1620597142,17:52:22,20210509
21,1999-12-31,RDS-B,USD,1999-12-31,1999-12-31,FY,105366000000.0,81839000000.0,23527000000.0,0.22328834728470284,1591000000.0,830000000.0,8195000000.0,0.0,8295000000.0,90134000000.0,0.0,6520000000.0,21752000000.0,0.20644230586716777,15232000000.0,0.1445627621813488,0.0,14521000000.0,0.1378148548867756,5696000000.0,8584000000.0,0.08146840536795551,2.55537,2.55537,3359200000,3359200000,,,1620597142,17:52:22,20210509
22,1998-12-31,RDS-B,USD,1998-12-31,1998-12-31,FY,93692000000.0,76674000000.0,17018000000.0,0.18163770652777184,2402000000.0,1414000000.0,9342000000.0,0.0,13914000000.0,90588000000.0,0.0,9182000000.0,12286000000.0,0.13113179353626778,3104000000.0,0.03312982965461299,0.0,2405000000.0,0.025669214020407293,1913000000.0,350000000.0,0.003735644452034325,0.104191,0.104191,3359200000,3359200000,,,1620597142,17:52:22,20210509
