,date,symbol,reportedCurrency,fillingDate,acceptedDate,period,revenue,costOfRevenue,grossProfit,grossProfitRatio,researchAndDevelopmentExpenses,generalAndAdministrativeExpenses,sellingAndMarketingExpenses,otherExpenses,operatingExpenses,costAndExpenses,interestExpense,depreciationAndAmortization,ebitda,ebitdaratio,operatingIncome,operatingIncomeRatio,totalOtherIncomeExpensesNet,incomeBeforeTax,incomeBeforeTaxRatio,incomeTaxExpense,netIncome,netIncomeRatio,eps,epsdiluted,weightedAverageShsOut,weightedAverageShsOutDil,link,finalLink,timestamp,est_time,est_date
0,2019-12-31,NNA,USD,2020-03-06 00:00:00,2020-03-06 17:28:25,FY,280117000.0,100714000.0,179403000.0,0.6404573803089423,0.0,129437000.0,0.0,161000.0,129437000.0,230151000.0,91442000.0,67892000.0,117858000.0,0.4207456170100351,49966000.0,0.17837546453803232,-31682000.0,-65441000.0,-0.2336202372580029,0.0,-65441000.0,-0.2336202372580029,-4.75,-4.75,13823754.0,13823754.0,https://www.sec.gov/Archives/edgar/data/1437260/000119312520065258/0001193125-20-065258-index.html,https://www.sec.gov/Archives/edgar/data/1437260/000119312520065258/d858612d20f.htm,1620595750,17:29:10,20210509
1,2018-12-31,NNA,USD,2019-04-19,2019-04-19,FY,187946000.0,95556000.0,92390000.0,0.4915773679673949,0.0,112588000.0,0.0,-3890000.0,112588000.0,208144000.0,77975000.0,56307000.0,36109000.0,0.19212433358517872,-20198000.0,-0.10746703840464815,3802000.0,-86373000.0,-0.4595628531599502,0.0,-86373000.0,-0.4595628531599502,-8.4,-8.4,9784507.0,9784507.0,https://www.sec.gov/Archives/edgar/data/1437260/000119312519112384/d712560d20f.htm,https://www.sec.gov/Archives/edgar/data/1437260/000119312519112384/d712560d20f.htm,1620595750,17:29:10,20210509
2,2017-12-31,NNA,USD,2018-04-05,2018-04-05,FY,227288000.0,82997000.0,144291000.0,0.6348377389039457,0.0,108942000.0,0.0,-1195000.0,108942000.0,191939000.0,76438000.0,56880000.0,92229000.0,0.40578033156171905,35349000.0,0.1555251487100067,-47852000.0,-78899000.0,-0.3471322727112738,0.0,-78899000.0,-0.3471322727112738,-7.499963,-7.499963,10027518.0,10027518.0,https://www.sec.gov/Archives/edgar/data/1437260/000119312518108214/d512769d20f.htm,https://www.sec.gov/Archives/edgar/data/1437260/000119312518108214/d512769d20f.htm,1620595750,17:29:10,20210509
3,2016-12-31,NNA,USD,2017-04-05,2017-04-05,FY,290245000.0,66164000.0,224081000.0,0.7720408620303537,0.0,114923000.0,0.0,-2308000.0,114923000.0,181087000.0,75987000.0,57617000.0,166775000.0,0.5746007683164224,109158000.0,0.3760891660493721,24940000.0,62878000.0,0.21663766817688504,0.0,62878000.0,0.21663766817688504,6.290590505948439,6.257060936736097,9995564.0,10049127.0,https://www.sec.gov/Archives/edgar/data/1437260/000119312517111949/d373955d20f.htm,https://www.sec.gov/Archives/edgar/data/1437260/000119312517111949/d373955d20f.htm,1620595750,17:29:10,20210509
4,2015-12-31,NNA,USD,2016-03-22 00:00:00,2016-03-22 16:25:48,FY,313396000.0,63647000.0,249749000.0,0.7969118942169013,0.0,110868000.0,0.0,-1473000.0,110868000.0,174515000.0,73561000.0,57623000.0,196504000.0,0.6270150225274094,138881000.0,0.44314860432168884,22734000.0,89737000.0,0.28633741336839014,0.0,89737000.0,0.28633741336839014,8.549957,8.399958,10001722.0,10220077.0,https://www.sec.gov/Archives/edgar/data/1437260/000119312516513478/0001193125-16-513478-index.html,https://www.sec.gov/Archives/edgar/data/1437260/000119312516513478/d152062d20f.htm,1620595750,17:29:10,20210509
5,2014-12-31,NNA,USD,2015-03-30,2015-03-30,FY,264877000.0,74884000.0,189993000.0,0.7172876467190432,0.0,110415000.0,0.0,-362000.0,110415000.0,185299000.0,78610000.0,67718000.0,147296000.0,0.556092072924414,79578000.0,0.3004337862479566,11359000.0,13047000.0,0.04925682486588114,0.0,13047000.0,0.04925682486588114,1.3258500932728987,1.3151582700794993,9840479.0,9920479.0,https://www.sec.gov/Archives/edgar/data/1437260/000119312515111951/d887738d20f.htm,https://www.sec.gov/Archives/edgar/data/1437260/000119312515111951/d887738d20f.htm,1620595750,17:29:10,20210509
6,2013-12-31,NNA,USD,2014-03-14,2014-03-14,FY,202397000.0,73738000.0,128659000.0,0.6356764181287272,0.0,78409000.0,0.0,4300000.0,78409000.0,152147000.0,58386000.0,63880000.0,114130000.0,0.5638917572888926,50250000.0,0.2482744309451227,-50771000.0,-58592000.0,-0.2894904568743608,0.0,-58592000.0,-0.2894904568743608,-8.549957,-8.549957,6539045.0,6539045.0,https://www.sec.gov/Archives/edgar/data/1437260/000119312514100318/d692896d20f.htm,https://www.sec.gov/Archives/edgar/data/1437260/000119312514100318/d692896d20f.htm,1620595750,17:29:10,20210509
7,2012-12-31,NNA,USD,2013-03-25 00:00:00,2013-03-25 16:58:35,FY,151097000.0,55090000.0,96007000.0,0.63539977630264,0.0,50896000.0,0.0,78000.0,50896000.0,105986000.0,49432000.0,49644000.0,94755000.0,0.6271137084124767,45111000.0,0.2985565563843094,78000.0,-3798000.0,-0.02513617080418539,0.0,-3798000.0,-0.02513617080418539,-1.199994,-1.199994,2701174.0,2701174.0,https://www.sec.gov/Archives/edgar/data/1437260/000119312513124386/0001193125-13-124386-index.html,https://www.sec.gov/Archives/edgar/data/1437260/000119312513124386/d507900d20f.htm,1620595750,17:29:10,20210509
8,2011-12-31,NNA,USD,2012-03-16 00:00:00,2012-03-15 19:52:50,FY,121925000.0,4132000.0,117793000.0,0.9661103137174493,0.0,39920000.0,0.0,0.0,78558000.0,82690000.0,43165000.0,38638000.0,77873000.0,0.6386959196227189,39235000.0,0.3217961861800287,-1341000.0,-3857000.0,-0.03163420135329096,0.0,-3857000.0,-0.03163420135329096,-1.199994,-1.199994,2760642.0,2760642.0,https://www.sec.gov/Archives/edgar/data/1437260/000119312512117959/0001193125-12-117959-index.html,https://www.sec.gov/Archives/edgar/data/1437260/000119312512117959/d316472d20f.htm,1620595750,17:29:10,20210509
9,2010-12-31,NNA,USD,2011-03-11,2011-03-11,FY,33568000.0,0.0,33568000.0,1.0,0.0,22168000.0,0.0,0.0,32288000.0,32288000.0,10651000.0,10120000.0,11400000.0,0.3396091515729266,1280000.0,0.03813155386081983,-5037000.0,0.0,0.0,0.0,-13546000.0,-0.40353908484270734,-6.449968,-6.449968,2206690.0,2206690.0,https://www.sec.gov/Archives/edgar/data/1437260/000095012311024654/y04650e20vf.htm,https://www.sec.gov/Archives/edgar/data/1437260/000095012311024654/y04650e20vf.htm,1620595750,17:29:10,20210509
10,2009-12-31,NNA,USD,2010-01-29 00:00:00,2010-01-29 16:35:05,FY,0.0,874377.0,-874377.0,0.0,0.0,120000.0,0.0,0.0,120000.0,994377.0,0.0,0.0,-994377.0,0.0,-994377.0,0.0,14909.0,0.0,0.0,0.0,-647812.0,0.0,-0.449998,-0.449998,1433673.0,1433673.0,https://www.sec.gov/Archives/edgar/data/1437260/000095012310006832/0000950123-10-006832-index.html,https://www.sec.gov/Archives/edgar/data/1437260/000095012310006832/y02942e20vf.htm,1620595750,17:29:10,20210509
11,2008-12-31,NNA,USD,2008-12-31,2008-12-31,FY,0.0,332771.0,-332771.0,0.0,0.0,60000.0,0.0,0.0,60000.0,392771.0,0.0,0.0,-392771.0,0.0,-392771.0,0.0,0.0,0.0,0.0,0.0,1047184.0,0.0,1.199994,0.899996,853419.0,1205057.0,,,1620595750,17:29:10,20210509
12,2008-03-31,NNA,USD,2008-03-31,2008-03-31,FY,0.0,0.0,0.0,0.0,0.0,0.0,0.0,0.0,0.0,6234.0,0.0,0.0,-6234.0,0.0,-6234.0,0.0,0.0,0.0,0.0,0.0,-6222.0,0.0,-0.010821,-0.010821,575002.0,575002.0,,,1620595750,17:29:10,20210509
