,date,symbol,reportedCurrency,fillingDate,acceptedDate,period,revenue,costOfRevenue,grossProfit,grossProfitRatio,researchAndDevelopmentExpenses,generalAndAdministrativeExpenses,sellingAndMarketingExpenses,otherExpenses,operatingExpenses,costAndExpenses,interestExpense,depreciationAndAmortization,ebitda,ebitdaratio,operatingIncome,operatingIncomeRatio,totalOtherIncomeExpensesNet,incomeBeforeTax,incomeBeforeTaxRatio,incomeTaxExpense,netIncome,netIncomeRatio,eps,epsdiluted,weightedAverageShsOut,weightedAverageShsOutDil,link,finalLink,timestamp,est_time,est_date
0,2020-12-31,IMM.L,GBP,2020-12-31,2020-12-31,FY,126667.0,0.0,0.0,0.0,2372834.0,1764897.0,0.0,0.0,0.0,5716099.0,1697832.0,170954.0,-5418478.0,-42.77734532277547,-5589432.0,-57.206494193436335,0.0,-7246175.0,-57.206494193436335,-386248.0,-6859927.0,-54.15717590216868,-0.04470394513581526,-0.04470394513581526,153452385.0,153452385.0,https://find-and-update.company-information.service.gov.uk/search/companies?q=ImmuPharma+PLC,https://find-and-update.company-information.service.gov.uk/search/companies?q=ImmuPharma+PLC,1620593555,16:52:35,20210509
1,2019-12-31,IMM.L,GBP,2019-12-31,2019-12-31,FY,77925.0,0.0,0.0,0.0,2664550.0,1831395.0,0.0,0.0,6359569.0,6359569.0,4045.0,88038.0,-6193606.0,-79.48162977221688,-6281644.0,-80.61140840551812,0.0,-6744364.0,-86.54942572986846,-620774.0,-6123590.0,-78.58312479948668,-0.0399,-0.0399,153452385.0,153452385.0,https://find-and-update.company-information.service.gov.uk/search/companies?q=ImmuPharma+PLC,https://find-and-update.company-information.service.gov.uk/search/companies?q=ImmuPharma+PLC,1620593555,16:52:35,20210509
2,2018-12-31,IMM.L,GBP,2018-12-31,2018-12-31,FY,81281.0,0.0,0.0,0.0,4697284.0,1660408.0,0.0,0.0,8161461.0,8161461.0,4783.0,133080.0,-7947100.0,-97.7731573184385,-8080180.0,-99.41044032430703,0.0,-7955155.0,-97.87225796926711,-748606.0,-7206549.0,-88.66215966831116,-0.0519,-0.0519,138839576.0,138839576.0,https://find-and-update.company-information.service.gov.uk/search/companies?q=ImmuPharma+PLC,https://find-and-update.company-information.service.gov.uk/search/companies?q=ImmuPharma+PLC,1620593555,16:52:35,20210509
3,2017-12-31,IMM.L,GBP,2017-12-31,2017-12-31,FY,150462.0,0.0,0.0,0.0,5121388.0,1520356.0,0.0,0.0,7384496.0,7384496.0,3858.0,138198.0,-7095836.0,-47.160319549122036,-7234034.0,-48.07881059669551,0.0,-6997445.0,-46.5063936409193,-774244.0,-6223201.0,-41.36061596948067,-0.0475,-0.0475,130902857.0,130902857.0,https://find-and-update.company-information.service.gov.uk/search/companies?q=ImmuPharma+PLC,https://find-and-update.company-information.service.gov.uk/search/companies?q=ImmuPharma+PLC,1620593555,16:52:35,20210509
4,2016-12-31,IMM.L,GBP,2016-12-31,2016-12-31,FY,164784.0,0.0,0.0,0.0,5267087.0,1486858.0,0.0,0.0,6753945.0,6753945.0,1917.0,121337.0,-6467824.0,-39.25031556461792,-6589161.0,-39.986655257792016,0.0,-6314437.0,-38.3194788328964,-990421.0,-5324016.0,-32.309059131954555,-0.0454,-0.0454,117340467.0,117340467.0,https://find-and-update.company-information.service.gov.uk/search/companies?q=ImmuPharma+PLC,https://find-and-update.company-information.service.gov.uk/search/companies?q=ImmuPharma+PLC,1620593555,16:52:35,20210509
5,2015-12-31,IMM.L,GBP,2015-12-31,2015-12-31,FY,76407.0,0.0,76407.0,1.0,2993717.0,1645799.0,0.0,0.0,4639516.0,4639516.0,1208.0,121748.0,-4441361.0,-58.12767154841834,-4563109.0,-59.721085764393315,0.0,-4548474.0,-59.52954572225058,-650977.0,-3897497.0,-51.00968497650739,-0.044,-0.044,88622463.0,88622463.0,https://find-and-update.company-information.service.gov.uk/search/companies?q=ImmuPharma+PLC,https://find-and-update.company-information.service.gov.uk/search/companies?q=ImmuPharma+PLC,1620593555,16:52:35,20210509
6,2014-12-31,IMM.L,GBP,2014-12-31,2014-12-31,FY,184815.0,0.0,0.0,0.0,1457298.0,2152417.0,0.0,0.0,3609715.0,3609715.0,14195.0,99166.0,-3325734.0,-17.994935476016558,-3424900.0,-18.531504477450422,0.0,-3340159.0,-18.072986500013528,-468679.0,-2871480.0,-15.53705056407759,-0.0343,-0.0343,83602573.0,83602573.0,https://find-and-update.company-information.service.gov.uk/search/companies?q=ImmuPharma+PLC,https://find-and-update.company-information.service.gov.uk/search/companies?q=ImmuPharma+PLC,1620593555,16:52:35,20210509
7,2013-12-31,IMM.L,GBP,2013-12-31,2013-12-31,FY,0.0,0.0,0.0,0.0,2072906.0,2155229.0,0.0,-117900.0,4228135.0,4228135.0,55.0,55914.0,-4172221.0,0.0,-4228135.0,0.0,0.0,-4433890.0,0.0,-744544.0,-3689346.0,0.0,-0.0452,-0.0452,81663119.0,81663119.0,https://find-and-update.company-information.service.gov.uk/search/companies?q=ImmuPharma+PLC,https://find-and-update.company-information.service.gov.uk/search/companies?q=ImmuPharma+PLC,1620593555,16:52:35,20210509
8,2012-12-31,IMM.L,GBP,2012-12-31,2012-12-31,FY,0.0,0.0,0.0,0.0,1620331.0,2554722.0,0.0,0.0,4175053.0,4175053.0,4425.0,50923.0,-4124130.0,0.0,-4175053.0,0.0,0.0,-4168253.0,0.0,-324219.0,-3844034.0,0.0,-0.0471,-0.0471,81532463.0,81532463.0,https://find-and-update.company-information.service.gov.uk/search/companies?q=ImmuPharma+PLC,https://find-and-update.company-information.service.gov.uk/search/companies?q=ImmuPharma+PLC,1620593555,16:52:35,20210509
9,2011-12-31,IMM.L,GBP,2011-12-31,2011-12-31,FY,17000.0,0.0,0.0,0.0,1619000.0,2060000.0,0.0,0.0,4016000.0,4016000.0,1000.0,47000.0,-3952000.0,-232.47058823529412,-3999000.0,-235.23529411764707,0.0,-3613000.0,-212.52941176470588,-258000.0,-3355000.0,-197.35294117647058,-0.0412,-0.0412,81532463.0,81532463.0,https://find-and-update.company-information.service.gov.uk/search/companies?q=ImmuPharma+PLC,https://find-and-update.company-information.service.gov.uk/search/companies?q=ImmuPharma+PLC,1620593555,16:52:35,20210509
10,2010-12-31,IMM.L,GBP,2010-12-31,2010-12-31,FY,32000.0,0.0,0.0,0.0,1591000.0,2417000.0,0.0,0.0,5908000.0,5908000.0,2000.0,42000.0,-5834000.0,-182.3125,-5876000.0,-183.625,0.0,-2473000.0,-77.28125,-495000.0,-1978000.0,-61.8125,-0.0244,-0.0244,81171744.0,81171744.0,https://find-and-update.company-information.service.gov.uk/search/companies?q=ImmuPharma+PLC,https://find-and-update.company-information.service.gov.uk/search/companies?q=ImmuPharma+PLC,1620593555,16:52:35,20210509
11,2009-12-31,IMM.L,GBP,2009-12-31,2009-12-31,FY,22055000.0,0.0,0.0,0.0,4034000.0,3170000.0,0.0,0.0,10498000.0,10498000.0,3000.0,39000.0,11596000.0,0.5257764679211063,11557000.0,0.5240081614146452,0.0,9101000.0,0.41265019270006803,998000.0,8103000.0,0.3673996826116527,0.1046,0.0999,77498096.0,81608096.0,https://find-and-update.company-information.service.gov.uk/search/companies?q=ImmuPharma+PLC,https://find-and-update.company-information.service.gov.uk/search/companies?q=ImmuPharma+PLC,1620593555,16:52:35,20210509
12,2008-12-31,IMM.L,GBP,2008-12-31,2008-12-31,FY,57000.0,0.0,0.0,0.0,2793000.0,1906000.0,0.0,-190000.0,4819000.0,4819000.0,8000.0,42000.0,-4720000.0,-82.80701754385964,-4762000.0,-83.54385964912281,0.0,4864000.0,85.33333333333333,187000.0,4677000.0,82.05263157894737,0.0623,0.0607,75049193.0,81839473.0,https://find-and-update.company-information.service.gov.uk/search/companies?q=ImmuPharma+PLC,https://find-and-update.company-information.service.gov.uk/search/companies?q=ImmuPharma+PLC,1620593555,16:52:35,20210509
13,2007-12-31,IMM.L,GBP,2007-12-31,2007-12-31,FY,63000.0,0.0,0.0,0.0,1971000.0,1445000.0,0.0,-412000.0,3578000.0,3578000.0,14000.0,36000.0,-3479000.0,-55.22222222222222,-3515000.0,-55.79365079365079,0.0,-3336000.0,-52.95238095238095,-253000.0,-3083000.0,-48.93650793650794,-0.0424,-0.0424,72776149.0,72776149.0,https://find-and-update.company-information.service.gov.uk/search/companies?q=ImmuPharma+PLC,https://find-and-update.company-information.service.gov.uk/search/companies?q=ImmuPharma+PLC,1620593555,16:52:35,20210509
14,2006-03-31,IMM.L,GBP,2006-03-31,2006-03-31,FY,25000.0,0.0,0.0,0.0,679000.0,880000.0,0.0,-58000.0,588000.0,588000.0,8000.0,15000.0,-548000.0,-21.92,-563000.0,-22.52,0.0,-2484000.0,-99.36,-1000.0,-2483000.0,-99.32,-0.0416,-0.0416,59663827.0,59663827.0,https://find-and-update.company-information.service.gov.uk/search/companies?q=ImmuPharma+PLC,https://find-and-update.company-information.service.gov.uk/search/companies?q=ImmuPharma+PLC,1620593555,16:52:35,20210509
15,2005-03-31,IMM.L,GBP,2005-03-31,2005-03-31,FY,0.0,0.0,0.0,0.0,0.0,29000.0,0.0,-46000.0,29000.0,29000.0,0.0,0.0,-29000.0,0.0,-29000.0,0.0,0.0,17000.0,0.0,2000.0,15000.0,0.0,0.0036,0.0036,4200000.0,4200000.0,https://find-and-update.company-information.service.gov.uk/search/companies?q=ImmuPharma+PLC,https://find-and-update.company-information.service.gov.uk/search/companies?q=ImmuPharma+PLC,1620593555,16:52:35,20210509
16,2004-03-31,IMM.L,GBP,2004-03-31,2004-03-31,FY,0.0,0.0,0.0,0.0,0.0,15000.0,0.0,-17000.0,15000.0,15000.0,0.0,0.0,-15000.0,0.0,-15000.0,0.0,0.0,2000.0,0.0,1000.0,1000.0,0.0,0.0007,0.0007,4200000.0,4200000.0,https://find-and-update.company-information.service.gov.uk/search/companies?q=ImmuPharma+PLC,https://find-and-update.company-information.service.gov.uk/search/companies?q=ImmuPharma+PLC,1620593555,16:52:35,20210509
