,date,symbol,reportedCurrency,fillingDate,acceptedDate,period,revenue,costOfRevenue,grossProfit,grossProfitRatio,researchAndDevelopmentExpenses,generalAndAdministrativeExpenses,sellingAndMarketingExpenses,otherExpenses,operatingExpenses,costAndExpenses,interestExpense,depreciationAndAmortization,ebitda,ebitdaratio,operatingIncome,operatingIncomeRatio,totalOtherIncomeExpensesNet,incomeBeforeTax,incomeBeforeTaxRatio,incomeTaxExpense,netIncome,netIncomeRatio,eps,epsdiluted,weightedAverageShsOut,weightedAverageShsOutDil,link,finalLink,timestamp,est_time,est_date
0,2020-09-30,GHH.L,GBP,2020-09-30,2020-09-30,FY,122095000.0,82845000.0,39250000.0,0.32147098570785043,7924000.0,13759000.0,7440000.0,0.0,0.0,113562000.0,1776000.0,2676000.0,11209000.0,0.09180556124329416,8533000.0,0.06988820181006593,0.0,5392000.0,0.044162332609852986,1610000.0,3782000.0,0.03097587943814243,0.151,0.15,25039519,25214183,,,1620592531,16:35:31,20210509
1,2019-09-30,GHH.L,GBP,2019-09-30,2019-09-30,FY,129133000.0,84231000.0,44902000.0,0.3477190183764026,7074000.0,21526000.0,8545000.0,0.0,36494000.0,120725000.0,2477000.0,8910000.0,17318000.0,0.13410979377850743,8408000.0,0.06511116445834915,0.0,5952000.0,0.04609201366033469,2191000.0,3761000.0,0.029125010647936624,0.151,0.15,24936438,25078134,https://find-and-update.company-information.service.gov.uk/search/companies?q=Gooch+&+Housego+PLC,https://find-and-update.company-information.service.gov.uk/search/companies?q=Gooch+&+Housego+PLC,1620592531,16:35:31,20210509
2,2018-09-30,GHH.L,GBP,2018-09-30,2018-09-30,FY,124883000.0,74811000.0,50072000.0,0.40095129040782174,8229000.0,22317000.0,9237000.0,0.0,39276000.0,114087000.0,699000.0,6833000.0,17629000.0,0.14116412962532932,10796000.0,0.08644891618554967,0.0,10113000.0,0.08097979709007631,2893000.0,7220000.0,0.05781411401071403,0.293,0.29,24629591,24895408,https://find-and-update.company-information.service.gov.uk/search/companies?q=Gooch+&+Housego+PLC,https://find-and-update.company-information.service.gov.uk/search/companies?q=Gooch+&+Housego+PLC,1620592531,16:35:31,20210509
3,2017-09-30,GHH.L,GBP,2017-09-30,2017-09-30,FY,112016000.0,65937000.0,46079000.0,0.4113608770175689,8119000.0,16937000.0,9459000.0,0.0,32801000.0,98738000.0,703000.0,6065000.0,19343000.0,0.17268068847307527,13278000.0,0.11853663762319669,0.0,12602000.0,0.11250178545922011,3710000.0,8892000.0,0.0793815169261534,0.364,0.358,24457701,24870602,https://find-and-update.company-information.service.gov.uk/search/companies?q=Gooch+&+Housego+PLC,https://find-and-update.company-information.service.gov.uk/search/companies?q=Gooch+&+Housego+PLC,1620592531,16:35:31,20210509
4,2016-09-30,GHH.L,GBP,2016-09-30,2016-09-30,FY,86051000.0,53752000.0,32299000.0,0.37534717783639937,6697000.0,11425000.0,6469000.0,0.0,22115000.0,75867000.0,127000.0,4660000.0,14844000.0,0.1725023532556275,10184000.0,0.1183484212850519,0.0,10096000.0,0.1173257719259509,3048000.0,7048000.0,0.0819049168516345,0.291,0.286,24248471,24684583,https://find-and-update.company-information.service.gov.uk/search/companies?q=Gooch+&+Housego+PLC,https://find-and-update.company-information.service.gov.uk/search/companies?q=Gooch+&+Housego+PLC,1620592531,16:35:31,20210509
5,2015-09-30,GHH.L,GBP,2015-09-30,2015-09-30,FY,78702000.0,47659000.0,31043000.0,0.39443724428858223,5712000.0,10353000.0,5626000.0,0.0,20211000.0,67870000.0,214000.0,4620000.0,15452000.0,0.1963355442047216,10832000.0,0.13763309699880563,0.0,10106000.0,0.12840842672359026,2647000.0,7459000.0,0.0947752280755254,0.309,0.304,24115878,24521189,https://find-and-update.company-information.service.gov.uk/search/companies?q=Gooch+&+Housego+PLC,https://find-and-update.company-information.service.gov.uk/search/companies?q=Gooch+&+Housego+PLC,1620592531,16:35:31,20210509
6,2014-09-30,GHH.L,GBP,2014-09-30,2014-09-30,FY,70056000.0,41706000.0,28350000.0,0.40467625899280574,5160000.0,10026000.0,4498000.0,0.0,18738000.0,60444000.0,522000.0,4333000.0,13945000.0,0.19905504168094096,9612000.0,0.13720452209660844,0.0,7881000.0,0.11249571771154505,2482000.0,5399000.0,0.07706691789425603,0.225,0.223,23984536,24198117,https://find-and-update.company-information.service.gov.uk/search/companies?q=Gooch+&+Housego+PLC,https://find-and-update.company-information.service.gov.uk/search/companies?q=Gooch+&+Housego+PLC,1620592531,16:35:31,20210509
7,2013-09-30,GHH.L,GBP,2013-09-30,2013-09-30,FY,63252000.0,37635000.0,25617000.0,0.40499905141339404,4913000.0,8814000.0,4666000.0,0.0,16676000.0,54311000.0,623000.0,2992000.0,11933000.0,0.18865806614810599,8941000.0,0.1413552140643774,0.0,8343000.0,0.13190096755833808,2151000.0,6192000.0,0.09789413773477519,0.277,0.264,22376650,23474577,https://find-and-update.company-information.service.gov.uk/search/companies?q=Gooch+&+Housego+PLC,https://find-and-update.company-information.service.gov.uk/search/companies?q=Gooch+&+Housego+PLC,1620592531,16:35:31,20210509
8,2012-09-30,GHH.L,GBP,2012-09-30,2012-09-30,FY,60851000.0,37405000.0,23446000.0,0.3853018027641288,4277000.0,8181000.0,4119000.0,0.0,15627000.0,53032000.0,769000.0,3269000.0,11088000.0,0.18221557575060393,7819000.0,0.1284941907281721,0.0,7076000.0,0.11628403806017978,1753000.0,5323000.0,0.08747596588388029,0.244,0.228,21860241,23392234,https://find-and-update.company-information.service.gov.uk/search/companies?q=Gooch+&+Housego+PLC,https://find-and-update.company-information.service.gov.uk/search/companies?q=Gooch+&+Housego+PLC,1620592531,16:35:31,20210509
9,2011-09-30,GHH.L,GBP,2011-09-30,2011-09-30,FY,61009000.0,34815000.0,26194000.0,0.42934648986215146,3746000.0,0.0,3733000.0,0.0,13838000.0,48653000.0,756000.0,3813000.0,16169000.0,0.2650264715042043,12356000.0,0.2025274959432215,0.0,8808000.0,0.14437214181514202,1285000.0,7523000.0,0.1233096756216296,0.355,0.336,21162500,22357268,https://find-and-update.company-information.service.gov.uk/search/companies?q=Gooch+&+Housego+PLC,https://find-and-update.company-information.service.gov.uk/search/companies?q=Gooch+&+Housego+PLC,1620592531,16:35:31,20210509
10,2010-09-30,GHH.L,GBP,2010-09-30,2010-09-30,FY,44683000.0,25992000.0,18691000.0,0.41830226260546516,2834000.0,0.0,2529000.0,0.0,12643000.0,38635000.0,754000.0,3086000.0,9134000.0,0.2044177875254571,6048000.0,0.13535349014166462,0.0,5096000.0,0.11404784817492111,405000.0,4691000.0,0.10498399838864893,0.244,0.238,19264390,19697224,https://find-and-update.company-information.service.gov.uk/search/companies?q=Gooch+&+Housego+PLC,https://find-and-update.company-information.service.gov.uk/search/companies?q=Gooch+&+Housego+PLC,1620592531,16:35:31,20210509
11,2009-09-30,GHH.L,GBP,2009-09-30,2009-09-30,FY,36414000.0,23205000.0,13209000.0,0.3627450980392157,2789000.0,0.0,2066000.0,7000.0,9886000.0,33091000.0,1057000.0,3215000.0,6538000.0,0.17954632833525566,3323000.0,0.09125611028725215,0.0,1423000.0,0.03907837644861866,463000.0,960000.0,0.026363486571099028,0.05,0.05,19264390,19264390,https://find-and-update.company-information.service.gov.uk/search/companies?q=Gooch+&+Housego+PLC,https://find-and-update.company-information.service.gov.uk/search/companies?q=Gooch+&+Housego+PLC,1620592531,16:35:31,20210509
12,2008-09-30,GHH.L,GBP,2008-09-30,2008-09-30,FY,33369000.0,17479000.0,15890000.0,0.47619047619047616,2703000.0,0.0,1859000.0,17000.0,11031000.0,28510000.0,312000.0,1452000.0,6311000.0,0.18912763343222752,4859000.0,0.14561419281368934,0.0,5135000.0,0.15388534268332885,1558000.0,3577000.0,0.10719530102790015,0.185,0.18,19383631,19876737,https://find-and-update.company-information.service.gov.uk/search/companies?q=Gooch+&+Housego+PLC,https://find-and-update.company-information.service.gov.uk/search/companies?q=Gooch+&+Housego+PLC,1620592531,16:35:31,20210509
13,2007-09-30,GHH.L,GBP,2007-09-30,2007-09-30,FY,30675000.0,14651000.0,16024000.0,0.5223797881010595,1898000.0,0.0,1383000.0,14000.0,9245000.0,23896000.0,124000.0,1259000.0,8038000.0,0.26203748981255093,6779000.0,0.22099429502852486,0.0,6507000.0,0.2121271393643032,2360000.0,4147000.0,0.1351915240423798,0.219,0.215,18971775,19267257,https://find-and-update.company-information.service.gov.uk/search/companies?q=Gooch+&+Housego+PLC,https://find-and-update.company-information.service.gov.uk/search/companies?q=Gooch+&+Housego+PLC,1620592531,16:35:31,20210509
14,2006-09-30,GHH.L,GBP,2006-09-30,2006-09-30,FY,25364000.0,0.0,0.0,0.0,946000.0,0.0,0.0,0.0,19492000.0,19492000.0,96000.0,541000.0,6413000.0,0.2528386689796562,5872000.0,0.2315092256741839,0.0,5451000.0,0.21491089733480523,2079000.0,3372000.0,0.1329443305472323,0.187,0.183,17999162,18435688,https://find-and-update.company-information.service.gov.uk/search/companies?q=Gooch+&+Housego+PLC,https://find-and-update.company-information.service.gov.uk/search/companies?q=Gooch+&+Housego+PLC,1620592531,16:35:31,20210509
15,2005-09-30,GHH.L,GBP,2005-09-30,2005-09-30,FY,22315000.0,0.0,0.0,0.0,870000.0,0.0,0.0,0.0,17194000.0,17194000.0,126000.0,436000.0,5557000.0,0.2490253192919561,5121000.0,0.2294868922249608,0.0,4678000.0,0.20963477481514675,1779000.0,2899000.0,0.12991261483307193,0.161,0.159,17999162,18201870,https://find-and-update.company-information.service.gov.uk/search/companies?q=Gooch+&+Housego+PLC,https://find-and-update.company-information.service.gov.uk/search/companies?q=Gooch+&+Housego+PLC,1620592531,16:35:31,20210509
16,2004-09-30,GHH.L,GBP,2004-09-30,2004-09-30,FY,18812000.0,0.0,0.0,0.0,976000.0,0.0,0.0,85000.0,15122000.0,15122000.0,110000.0,439000.0,4129000.0,0.21948756113119286,3690000.0,0.19615139272804594,0.0,3298000.0,0.17531362959812885,1235000.0,2063000.0,0.10966404422708909,0.115,0.115,18001508,18001508,https://find-and-update.company-information.service.gov.uk/search/companies?q=Gooch+&+Housego+PLC,https://find-and-update.company-information.service.gov.uk/search/companies?q=Gooch+&+Housego+PLC,1620592531,16:35:31,20210509
17,2003-09-30,GHH.L,GBP,2003-09-30,2003-09-30,FY,15910000.0,0.0,0.0,0.0,901000.0,0.0,0.0,74000.0,13345000.0,13345000.0,124000.0,413000.0,2978000.0,0.18717787554996856,2565000.0,0.1612193588937775,0.0,2189000.0,0.13758642363293527,878000.0,1311000.0,0.08240100565681961,0.073,0.073,17999162,17999162,https://find-and-update.company-information.service.gov.uk/search/companies?q=Gooch+&+Housego+PLC,https://find-and-update.company-information.service.gov.uk/search/companies?q=Gooch+&+Housego+PLC,1620592531,16:35:31,20210509
18,2002-09-30,GHH.L,GBP,2002-09-30,2002-09-30,FY,15586000.0,0.0,0.0,0.0,988000.0,0.0,0.0,165000.0,13104000.0,13104000.0,206000.0,464000.0,2946000.0,0.1890157833953548,2482000.0,0.15924547670986783,0.0,2015000.0,0.1292826895932247,755000.0,1260000.0,0.08084178108558963,0.087,0.087,17999162,17999162,https://find-and-update.company-information.service.gov.uk/search/companies?q=Gooch+&+Housego+PLC,https://find-and-update.company-information.service.gov.uk/search/companies?q=Gooch+&+Housego+PLC,1620592531,16:35:31,20210509
19,2001-09-30,GHH.L,GBP,2001-09-30,2001-09-30,FY,19146000.0,0.0,0.0,0.0,891000.0,0.0,0.0,0.0,14534000.0,14534000.0,332000.0,496000.0,5108000.0,0.26679201922072493,4612000.0,0.24088582471534525,0.0,4056000.0,0.2118458163585083,1663000.0,2393000.0,0.1249869424422856,0.136,0.136,17999000,17999000,https://find-and-update.company-information.service.gov.uk/search/companies?q=Gooch+&+Housego+PLC,https://find-and-update.company-information.service.gov.uk/search/companies?q=Gooch+&+Housego+PLC,1620592531,16:35:31,20210509
20,2000-09-30,GHH.L,GBP,2000-09-30,2000-09-30,FY,12510000.0,0.0,0.0,0.0,723000.0,0.0,0.0,0.0,9523000.0,9523000.0,259000.0,434000.0,3421000.0,0.2734612310151878,2987000.0,0.23876898481215028,0.0,2589000.0,0.20695443645083933,926000.0,1663000.0,0.13293365307753796,0.098,0.098,16934000,16934000,https://find-and-update.company-information.service.gov.uk/search/companies?q=Gooch+&+Housego+PLC,https://find-and-update.company-information.service.gov.uk/search/companies?q=Gooch+&+Housego+PLC,1620592531,16:35:31,20210509
21,1999-09-30,GHH.L,GBP,1999-09-30,1999-09-30,FY,10377000.0,0.0,0.0,0.0,545000.0,0.0,0.0,0.0,8261000.0,8261000.0,191000.0,362000.0,2478000.0,0.23879734027175484,2116000.0,0.20391249879541293,0.0,1851000.0,0.1783752529632842,756000.0,1095000.0,0.10552182711766407,0.065,0.065,16904000,16904000,https://find-and-update.company-information.service.gov.uk/search/companies?q=Gooch+&+Housego+PLC,https://find-and-update.company-information.service.gov.uk/search/companies?q=Gooch+&+Housego+PLC,1620592531,16:35:31,20210509
22,1998-09-30,GHH.L,GBP,1998-09-30,1998-09-30,FY,7154000.0,0.0,0.0,0.0,415000.0,0.0,0.0,0.0,5538000.0,5538000.0,62000.0,258000.0,1874000.0,0.26195135588481966,1616000.0,0.22588761532010065,0.0,1812000.0,0.25328487559407326,569000.0,1243000.0,0.1737489516354487,0.075,0.075,16904000,16904000,https://find-and-update.company-information.service.gov.uk/search/companies?q=Gooch+&+Housego+PLC,https://find-and-update.company-information.service.gov.uk/search/companies?q=Gooch+&+Housego+PLC,1620592531,16:35:31,20210509
23,1997-09-30,GHH.L,GBP,1997-09-30,1997-09-30,FY,6718000.0,0.0,0.0,0.0,544000.0,0.0,0.0,0.0,5367000.0,5367000.0,80000.0,241000.0,1592000.0,0.2369752902649598,1351000.0,0.20110151830902054,0.0,1576000.0,0.23459362905626674,465000.0,1111000.0,0.1653766001786246,0.074,0.074,16904000,16904000,https://find-and-update.company-information.service.gov.uk/search/companies?q=Gooch+&+Housego+PLC,https://find-and-update.company-information.service.gov.uk/search/companies?q=Gooch+&+Housego+PLC,1620592531,16:35:31,20210509
24,1996-09-30,GHH.L,GBP,1996-09-30,1996-09-30,FY,5951000.0,0.0,0.0,0.0,643000.0,0.0,0.0,0.0,4780000.0,4780000.0,131000.0,165000.0,1336000.0,0.22450008401949254,1171000.0,0.196773651487145,0.0,1059000.0,0.1779532851621576,355000.0,704000.0,0.11829944547134935,0.042,0.042,16904000,16904000,https://find-and-update.company-information.service.gov.uk/search/companies?q=Gooch+&+Housego+PLC,https://find-and-update.company-information.service.gov.uk/search/companies?q=Gooch+&+Housego+PLC,1620592531,16:35:31,20210509
25,1995-09-30,GHH.L,GBP,1995-09-30,1995-09-30,FY,2540000.0,0.0,0.0,0.0,214000.0,0.0,0.0,0.0,2025000.0,2025000.0,2000.0,113000.0,628000.0,0.247244094488189,515000.0,0.20275590551181102,0.0,542000.0,0.21338582677165355,154000.0,388000.0,0.15275590551181104,0.023,0.023,16904000,16904000,https://find-and-update.company-information.service.gov.uk/search/companies?q=Gooch+&+Housego+PLC,https://find-and-update.company-information.service.gov.uk/search/companies?q=Gooch+&+Housego+PLC,1620592531,16:35:31,20210509
