,date,symbol,reportedCurrency,fillingDate,acceptedDate,period,revenue,costOfRevenue,grossProfit,grossProfitRatio,researchAndDevelopmentExpenses,generalAndAdministrativeExpenses,sellingAndMarketingExpenses,otherExpenses,operatingExpenses,costAndExpenses,interestExpense,depreciationAndAmortization,ebitda,ebitdaratio,operatingIncome,operatingIncomeRatio,totalOtherIncomeExpensesNet,incomeBeforeTax,incomeBeforeTaxRatio,incomeTaxExpense,netIncome,netIncomeRatio,eps,epsdiluted,weightedAverageShsOut,weightedAverageShsOutDil,link,finalLink,timestamp,est_time,est_date
0,2017-12-31,EGL,USD,2018-03-02 00:00:00,2018-03-02 16:16:47,FY,1931887000,1655729000,276158000,0.14294728418380578,0.0,0.0,0.0,0.0,142391000.0,1798120000,0.0,44572000,178339000,0.09231337029546759,133767000,0.06924162748649378,-7310000.0,49741000.0,0.025747365140921803,80356000.0,-35191000.0,-0.018215868733523235,-0.96,-0.96,36838000,36838000,https://www.sec.gov/Archives/edgar/data/1544229/000156459018004252/0001564590-18-004252-index.html,https://www.sec.gov/Archives/edgar/data/1544229/000156459018004252/egl-10k_20171231.htm,1620591512,16:18:32,20210509
1,2016-12-31,EGL,USD,2017-03-09 00:00:00,2017-03-09 17:31:16,FY,2076423000,1777844000,298579000,0.14379488187137207,0.0,0.0,0.0,0.0,166238000.0,1944082000,0.0,46797000,179138000,0.08627240210689248,132341000,0.06373508673329085,-9955000.0,-8799000.0,-0.004237575869656616,-2730000.0,-10807000.0,-0.005204623528057626,-0.29,-0.29,36730000,36730000,https://www.sec.gov/Archives/edgar/data/1544229/000156459017003880/0001564590-17-003880-index.html,https://www.sec.gov/Archives/edgar/data/1544229/000156459017003880/egl-10k_20161231.htm,1620591512,16:18:32,20210509
2,2015-12-31,EGL,USD,2016-03-08 00:00:00,2016-03-08 06:08:20,FY,2085623000,1779709000,305914000,0.14667751554331726,0.0,0.0,0.0,0.0,203262000.0,1982971000,0.0,58435000,161087000,0.07723687358645355,102652000,0.04921886649696518,-290815000.0,-298306000.0,-0.14302968465537635,-68067000.0,-235352000.0,-0.11284493889835315,-7.02,-7.02,33536000,33536000,https://www.sec.gov/Archives/edgar/data/1544229/000154422916000063/0001544229-16-000063-index.html,https://www.sec.gov/Archives/edgar/data/1544229/000154422916000063/egl10-k15q4.htm,1620591512,16:18:32,20210509
3,2014-12-31,EGL,USD,2015-03-04,2015-03-03 20:48:39,FY,1367091000,1169281000,197810000,0.14469409863717925,0.0,0.0,0.0,0.0,114890000.0,1284171000,0.0,20953000,103873000,0.07598104295910074,82920000,0.06065433829935242,526000.0,70647000.0,0.051676881787679096,30637000.0,35423000.0,0.025911223173877965,2.07,1.97,17100000,18018000,https://www.sec.gov/Archives/edgar/data/1544229/000154422915000008/0001544229-15-000008-index.htm,https://www.sec.gov/Archives/edgar/data/1544229/000154422915000008/egl10-k2014.htm,1620591512,16:18:32,20210509
4,2013-12-31,EGL,USD,2014-03-13,2014-03-13 17:01:02,FY,1407372000,1214581000,192791000,0.13698652523995078,0.0,0.0,0.0,0.0,84635000.0,1299216000,21648000.0,12106000,120262000,0.08545146556844957,108156000,0.07684961758511609,793000.0,87301000.0,0.062031218469601496,32584000.0,49527000.0,0.035191122176652656,2.94,2.81,16873000,17653000,https://www.sec.gov/Archives/edgar/data/1544229/000119312514097927/0001193125-14-097927-index.htm,https://www.sec.gov/Archives/edgar/data/1544229/000119312514097927/d600451d10k.htm,1620591512,16:18:32,20210509
5,2012-12-31,EGL,USD,2013-03-21 00:00:00,2013-03-21 16:32:18,FY,1655344000,1415386000,239958000,0.14495959752172358,0.0,0.0,0.0,0.0,142440000.0,1557826000,10857000.0,18001000,115519000,0.0697854947370456,97518000,0.058911017891145286,-426300000.0,-339639000.0,-0.20517729245401561,5156000.0,-350373000.0,-0.2116617452324109,-21.52,-21.520361,16281000,16281000,https://www.sec.gov/Archives/edgar/data/1544229/000119312513119552/0001193125-13-119552-index.html,https://www.sec.gov/Archives/edgar/data/1544229/000119312513119552/d450160d10k.htm,1620591512,16:18:32,20210509
6,2011-12-31,EGL,USD,2011-12-31,2011-12-31,FY,2070781000,1785832000,284949000,0.13760460425317791,0.0,0.0,0.0,0.0,0.0,1901740000,0.0,22594000,191635000,0.09254237893818805,169041000,0.08163151970198683,-76452000.0,92589000.0,0.04471211586353168,66562000.0,25859000.0,0.01248755904173353,1.6,1.6,16118000,16118000,,,1620591512,16:18:32,20210509
7,2010-12-31,EGL,USD,2010-12-31,2010-12-31,FY,2374296000,1999736000,374560000,0.15775623595373112,0.0,0.0,0.0,0.0,0.0,2134789000,0.0,24613000,264120000,0.1112413953441357,239507000,0.10087495409165496,-172887000.0,66620000.0,0.028058843547729518,74595000.0,-8866000.0,-0.0037341595150730995,-0.55,-0.550068,16118000,16118000,,,1620591512,16:18:32,20210509
