,date,symbol,reportedCurrency,fillingDate,acceptedDate,period,revenue,costOfRevenue,grossProfit,grossProfitRatio,researchAndDevelopmentExpenses,generalAndAdministrativeExpenses,sellingAndMarketingExpenses,otherExpenses,operatingExpenses,costAndExpenses,interestExpense,depreciationAndAmortization,ebitda,ebitdaratio,operatingIncome,operatingIncomeRatio,totalOtherIncomeExpensesNet,incomeBeforeTax,incomeBeforeTaxRatio,incomeTaxExpense,netIncome,netIncomeRatio,eps,epsdiluted,weightedAverageShsOut,weightedAverageShsOutDil,link,finalLink,timestamp,est_time,est_date
0,2020-09-30,SBH,USD,2020-11-24,2020-11-23 19:29:41,FY,3514330000,1798736000,1715594000,0.4881710027231364,0.0,1442809000.0,0.0,0.0,1442809000.0,3241545000,98793000.0,106779000.0,379564000,0.10800465522588942,272785000,0.07762076981956731,-14025000.0,159967000,0.04551849143364454,46722000,113245000,0.03222378091983394,0.9944152229081233,0.9874869201255668,113881000,114680000,https://www.sec.gov/Archives/edgar/data/1368458/000156459020054910/0001564590-20-054910-index.htm,https://www.sec.gov/Archives/edgar/data/1368458/000156459020054910/sbh-10k_20200930.htm,1620597611,18:00:11,20210509
1,2019-09-30,SBH,USD,2019-11-25 00:00:00,2019-11-22 20:46:12,FY,3876411000,1965869000,1910542000,0.49286363081726886,0.0,1452751000.0,0.0,0.0,1452751000.0,3418620000,96309000.0,107658000.0,565449000,0.14586920736733025,457791000,0.11809661049873195,682000.0,362164000,0.09342765769677158,90541000,271623000,0.07007074327257869,2.27,2.26,119636000,120283000,https://www.sec.gov/Archives/edgar/data/1368458/000156459019044262/0001564590-19-044262-index.html,https://www.sec.gov/Archives/edgar/data/1368458/000156459019044262/sbh-10k_20190930.htm,1620597611,18:00:11,20210509
2,2018-09-30,SBH,USD,2018-11-14 00:00:00,2018-11-14 16:02:39,FY,3932565000,1988152000,1944413000,0.49443887132189807,0.0,1484209000.0,0.0,0.0,1484209000.0,3472361000,98162000.0,108829000.0,569033000,0.14469767187573504,460204000,0.1170238762741366,-33615000.0,328427000,0.08351470350776147,70380000,258047000,0.0656179872424232,2.09,2.08,123190000,123832000,https://www.sec.gov/Archives/edgar/data/1368458/000156459018029551/0001564590-18-029551-index.html,https://www.sec.gov/Archives/edgar/data/1368458/000156459018029551/sbh-10k_20180930.htm,1620597611,18:00:11,20210509
3,2017-09-30,SBH,USD,2017-11-15 00:00:00,2017-11-15 09:57:20,FY,3938317000,1973422000,1964895000,0.4989174309736875,0.0,1351296000.0,0.0,0.0,1463619000.0,3437041000,132899000.0,112323000.0,613599000,0.1558023389178677,501276000,0.12728178051690608,-22679000.0,345698000,0.08777810420034751,130622000,215076000,0.05461114481134962,1.5638137756029462,1.5565365910143585,137533000,138176000,https://www.sec.gov/Archives/edgar/data/1368458/000104746917007074/0001047469-17-007074-index.html,https://www.sec.gov/Archives/edgar/data/1368458/000104746917007074/a2233150z10-k.htm,1620597611,18:00:11,20210509
4,2016-09-30,SBH,USD,2016-11-15 00:00:00,2016-11-15 12:11:41,FY,3952618000,1988678000,1963940000,0.4968706816595988,0.0,1365986000.0,0.0,0.0,1465643000.0,3454321000,144237000.0,99657000.0,597954000,0.15128049308078848,498297000,0.1260675835610727,0.0,354060000,0.0895760733771895,131118000,222942000,0.05640362918956499,1.51,1.5,147179000,148803000,https://www.sec.gov/Archives/edgar/data/1368458/000104746916016713/0001047469-16-016713-index.html,https://www.sec.gov/Archives/edgar/data/1368458/000104746916016713/a2230256z10-k.htm,1620597611,18:00:11,20210509
5,2015-09-30,SBH,USD,2015-11-12 00:00:00,2015-11-12 13:03:32,FY,3834343000,1936492000,1897851000,0.4949611967421798,0.0,1313134000.0,0.0,0.0,1402525000.0,3339017000,116842000.0,89391000.0,584717000,0.152494703786281,495326000,0.12918145298946912,0.0,378484000,0.09870895744068801,143397000,235087000,0.06131089472172938,1.5,1.49,156353000,158226000,https://www.sec.gov/Archives/edgar/data/1368458/000104746915008573/0001047469-15-008573-index.html,https://www.sec.gov/Archives/edgar/data/1368458/000104746915008573/a2226468z10-k.htm,1620597611,18:00:11,20210509
6,2014-09-30,SBH,USD,2014-11-13 00:00:00,2014-11-13 12:44:03,FY,3753498000,1893326000,1860172000,0.4955835862973685,0.0,1273513000.0,0.0,0.0,1353176000.0,3246502000,116317000.0,79663000.0,586659000,0.15629660652543306,506996000,0.13507293729742229,0.0,390679000,0.1040839771327972,144686000,245993000,0.06553700041934217,1.54,1.51,159933000,163419000,https://www.sec.gov/Archives/edgar/data/1368458/000104746914009151/0001047469-14-009151-index.html,https://www.sec.gov/Archives/edgar/data/1368458/000104746914009151/a2221854z10-k.htm,1620597611,18:00:11,20210509
7,2013-09-30,SBH,USD,2013-11-14 00:00:00,2013-11-14 12:42:40,FY,3622216000,1826953000,1795263000,0.49562560598263605,0.0,1202709000.0,0.0,0.0,1274901000.0,3101854000,107695000.0,72192000.0,592554000,0.16358880861881236,520362000,0.14365846763417753,0.0,412667000,0.11392666809488998,151516000,261151000,0.07209702568814229,1.52,1.48,171682000,176159000,https://www.sec.gov/Archives/edgar/data/1368458/000104746913010533/0001047469-13-010533-index.html,https://www.sec.gov/Archives/edgar/data/1368458/000104746913010533/a2217261z10-k.htm,1620597611,18:00:11,20210509
8,2012-09-30,SBH,USD,2012-11-15 00:00:00,2012-11-15 12:22:19,FY,3523644000,1780385000,1743259000,0.494731874162089,0.0,1179206000.0,0.0,0.0,1243904000.0,3024289000,138412000.0,64698000.0,564053000,0.16007661386905148,499355000,0.14171550815008555,0.0,360943000,0.10243458192711863,127879000,233064000,0.06614289071200155,1.27,1.24,183420000,188610000,https://www.sec.gov/Archives/edgar/data/1368458/000104746912010611/0001047469-12-010611-index.html,https://www.sec.gov/Archives/edgar/data/1368458/000104746912010611/a2211766z10-k.htm,1620597611,18:00:11,20210509
9,2011-09-30,SBH,USD,2011-11-16 00:00:00,2011-11-16 12:39:02,FY,3269131000,1674526000,1594605000,0.4877764152002474,0.0,1086414000.0,0.0,0.0,1146136000.0,2820662000,112530000.0,59722000.0,508191000,0.15545140283457592,448469000,0.13718293944170484,0.0,335939000,0.10276094778704188,122214000,213725000,0.0653767010254407,1.17,1.14,183020000,188093000,https://www.sec.gov/Archives/edgar/data/1368458/000104746911009618/0001047469-11-009618-index.html,https://www.sec.gov/Archives/edgar/data/1368458/000104746911009618/a2206267z10-k.htm,1620597611,18:00:11,20210509
10,2010-09-30,SBH,USD,2010-11-18 00:00:00,2010-11-18 09:42:22,FY,2916090000,1511716000,1404374000,0.48159487532963663,0.0,1012321000.0,0.0,0.0,1063444000.0,2575160000,112982000.0,51123000.0,392053000,0.13444475307689405,340930000,0.11691340116388726,0.0,227948000,0.07816905513890175,84120000,143828000,0.049322208848149404,0.79,0.78,181985000,184088000,https://www.sec.gov/Archives/edgar/data/1368458/000104746910009883/0001047469-10-009883-index.html,https://www.sec.gov/Archives/edgar/data/1368458/000104746910009883/a2200984z10-k.htm,1620597611,18:00:11,20210509
11,2009-09-30,SBH,USD,2009-11-19 00:00:00,2009-11-19 13:04:48,FY,2636600000,1393283000,1243317000,0.4715607221421528,0.0,899415000.0,0.0,0.0,946481000.0,2339764000,132022000.0,47066000.0,343902000,0.13043389213380868,296836000,0.1125828718804521,0.0,164814000,0.06251005082302966,65697000,99117000,0.037592733065311384,0.55,0.54,181691000,183306000,https://www.sec.gov/Archives/edgar/data/1368458/000104746909010313/0001047469-09-010313-index.html,https://www.sec.gov/Archives/edgar/data/1368458/000104746909010313/a2195583z10-k.htm,1620597611,18:00:11,20210509
12,2008-09-30,SBH,USD,2008-11-20 00:00:00,2008-11-20 16:16:03,FY,2648191000,1413597000,1234594000,0.46620277766973756,0.0,903146000.0,0.0,0.0,951679000.0,2365276000,0.0,48533000.0,331448000,0.12516015649928575,282915000,0.10683330620789815,0.0,123799000,0.04674851625128248,46222000,77577000,0.02929433715317362,0.43,0.42,181189000,182704000,https://www.sec.gov/Archives/edgar/data/1368458/000104746908012451/0001047469-08-012451-index.html,https://www.sec.gov/Archives/edgar/data/1368458/000104746908012451/a2188730z10-k.htm,1620597611,18:00:11,20210509
13,2007-09-30,SBH,USD,2007-11-29 00:00:00,2007-11-29 14:51:07,FY,2513772000,1360025000,1153747000,0.4589704237297575,0.0,861055000.0,0.0,0.0,903660000.0,2263685000,0.0,42605000.0,292692000,0.11643538077439004,250087000,0.09948674740589043,-21502000.0,82613000,0.03286415792681277,38121000,44492000,0.017699298106590416,0.25,0.24,180392000,182375000,https://www.sec.gov/Archives/edgar/data/1368458/000104746907009602/0001047469-07-009602-index.html,https://www.sec.gov/Archives/edgar/data/1368458/000104746907009602/a2181400z10-k.htm,1620597611,18:00:11,20210509
14,2006-09-30,SBH,USD,2006-09-30,2006-09-30,FY,2373100000,1286329000,1086771000,0.45795415279592094,0.0,0.0,0.0,0.0,0.0,2151424000,0.0,38032000.0,259708000,0.10943828747208292,221676000,0.09341199275209641,-41475000.0,180109000,0.07589608528928406,69916000,110193000,0.0464341999915722,0.612,0.612,180104975,180104975,,,1620597611,18:00:11,20210509
15,2005-09-30,SBH,USD,2005-09-30,2005-09-30,FY,2254307000,1227307000,1027000000,0.4555723776752678,0.0,0.0,0.0,0.0,0.0,2057675000,0.0,33906000.0,230538000,0.10226557429844294,196632000,0.08722503190559228,-4051000.0,189615000,0.08411232365423166,73154000,116461000,0.05166155275213181,0.18,0.18,176207000,178262000,,,1620597611,18:00:11,20210509
16,2004-09-30,SBH,USD,2004-09-30,2004-09-30,FY,2097667000,1146814000,950853000,0.45329072726986697,0.0,0.0,0.0,0.0,0.0,1928048000,0.0,24619000.0,194238000,0.09259715674604214,169619000,0.08086078486242096,0.0,167369000,0.0797881646610258,62059000,105310000,0.050203392626189,0.584715,0.584715,180104975,180104975,,,1620597611,18:00:11,20210509
17,2003-09-30,SBH,USD,2003-09-30,2003-09-30,FY,1824008000,1016941000,807067000,0.44246900232893716,0.0,0.0,0.0,0.0,0.0,1653943000,0.0,22335000.0,192400000,0.10548199350002851,170065000,0.09323698141674817,0.0,169718000,0.09304674102306569,62205000,107513000,0.058943272178630796,0.596946,0.596946,180104975,180104975,,,1620597611,18:00:11,20210509
18,2002-09-30,SBH,USD,2002-09-30,2002-09-30,FY,1667052000,952096000,714956000,0.42887444422849436,0.0,0.0,0.0,0.0,0.0,1480067000,0.0,0.0,186985000,0.11216506743640871,186985000,0.11216506743640871,0.0,154810000,0.09286452972072856,57026000,97784000,0.0586568385389298,0.542928,0.542928,180104975,180104975,,,1620597611,18:00:11,20210509
19,2001-09-30,SBH,USD,2001-09-30,2001-09-30,FY,1460137000,837422000,622715000,0.42647710454566934,0.0,0.0,0.0,0.0,0.0,837422000,0.0,0.0,622715000,0.42647710454566934,622715000,0.42647710454566934,0.0,142356000,0.09749496108926765,-53067000,89289000,0.06115111116285664,0.495761,0.495761,180104975,180104975,,,1620597611,18:00:11,20210509
