,date,symbol,reportedCurrency,fillingDate,acceptedDate,period,revenue,costOfRevenue,grossProfit,grossProfitRatio,researchAndDevelopmentExpenses,generalAndAdministrativeExpenses,sellingAndMarketingExpenses,otherExpenses,operatingExpenses,costAndExpenses,interestExpense,depreciationAndAmortization,ebitda,ebitdaratio,operatingIncome,operatingIncomeRatio,totalOtherIncomeExpensesNet,incomeBeforeTax,incomeBeforeTaxRatio,incomeTaxExpense,netIncome,netIncomeRatio,eps,epsdiluted,weightedAverageShsOut,weightedAverageShsOutDil,link,finalLink,timestamp,est_time,est_date
0,2020-12-31,RBCAA,USD,2021-02-26,2021-02-26 15:20:56,FY,315065000.0,0.0,0.0,0.0,0.0,125901000.0,4031000.0,0.0,237000000.0,0.0,19943000,1572000.0,1572000.0,0.0,0.0,0.3257518289876692,0.0,102633000.0,0.3257518289876692,19387000.0,83246000.0,0.26421849459635316,3.9597583598915476,3.9597583598915476,21037000.0,21072000,https://www.sec.gov/Archives/edgar/data/921557/000155837021001988/0001558370-21-001988-index.htm,https://www.sec.gov/Archives/edgar/data/921557/000155837021001988/rbcaa-20201231x10k.htm,1620597085,17:51:25,20210509
1,2019-12-31,RBCAA,USD,2020-03-13,2020-03-13 08:09:43,FY,298435000.0,0.0,0.0,0.0,0.0,115253000.0,5023000.0,0.0,243000000.0,0.0,44757000,11053000.0,0.0,0.0,0.0,0.3792886223130665,0.0,113193000.0,0.3792886223130665,21494000.0,91699000.0,0.307266238879488,4.41,4.39,21023000.0,21135000,https://www.sec.gov/Archives/edgar/data/921557/000155837020002617/0001558370-20-002617-index.htm,https://www.sec.gov/Archives/edgar/data/921557/000155837020002617/rbca-20191231x10k.htm,1620597085,17:51:25,20210509
2,2018-12-31,RBCAA,USD,2019-03-15,2019-03-15 08:39:25,FY,285003000.0,0.0,0.0,0.0,0.0,108525000.0,4432000.0,0.0,225000000.0,0.0,30123000,10779000.0,0.0,0.0,0.0,0.3307438869064536,0.0,94263000.0,0.3307438869064536,16411000.0,77852000.0,0.27316203689083973,3.76,3.74,20960000.0,21065000,https://www.sec.gov/Archives/edgar/data/921557/000155837019002088/0001558370-19-002088-index.htm,https://www.sec.gov/Archives/edgar/data/921557/000155837019002088/rbca-20181231x10k.htm,1620597085,17:51:25,20210509
3,2017-12-31,RBCAA,USD,2018-03-09,2018-03-09 09:08:10,FY,252946000.0,0.0,0.0,0.0,0.0,97664000.0,5188000.0,0.0,199000000.0,0.0,20258000,9976000.0,0.0,0.0,0.0,0.3098922299621263,0.0,78386000.0,0.3098922299621263,32754000.0,45632000.0,0.18040214116847075,2.21,2.2,20921000.0,21007000,https://www.sec.gov/Archives/edgar/data/921557/000155837018001768/0001558370-18-001768-index.htm,https://www.sec.gov/Archives/edgar/data/921557/000155837018001768/rbca-20171231x10k.htm,1620597085,17:51:25,20210509
4,2016-12-31,RBCAA,USD,2017-03-10,2017-03-10 08:45:16,FY,209423000.0,0.0,0.0,0.0,0.0,83445000.0,3778000.0,0.0,163000000.0,0.0,17938000,9252000.0,0.0,0.0,0.0,0.3293000291276507,0.0,68963000.0,0.3293000291276507,23060000.0,45903000.0,0.21918795929768936,2.191910992264349,2.190655722057841,20942000.0,20954000,https://www.sec.gov/Archives/edgar/data/921557/000155837017001582/0001558370-17-001582-index.htm,https://www.sec.gov/Archives/edgar/data/921557/000155837017001582/rbca-20161231x10k.htm,1620597085,17:51:25,20210509
5,2015-12-31,RBCAA,USD,2016-03-11,2016-03-11 08:09:02,FY,168091000.0,0.0,0.0,0.0,0.0,69368000.0,3161000.0,0.0,137000000.0,0.0,18462000,8142000.0,0.0,0.0,0.0,0.31675699472309643,0.0,53244000.0,0.31675699472309643,18078000.0,35166000.0,0.20920810751319227,1.6857293514213125,1.6792092445802693,20861000.0,20942000,https://www.sec.gov/Archives/edgar/data/921557/000155837016004033/0001558370-16-004033-index.htm,https://www.sec.gov/Archives/edgar/data/921557/000155837016004033/rbca-20151231x10k.htm,1620597085,17:51:25,20210509
6,2014-12-31,RBCAA,USD,2015-03-13,2015-03-13 08:26:04,FY,151842000.0,0.0,0.0,0.0,0.0,64626000.0,3264000.0,0.0,131000000.0,0.0,19604000,7693000.0,0.0,0.0,0.0,0.29184942242594275,0.0,44315000.0,0.29184942242594275,15528000.0,28787000.0,0.18958522674885736,1.39,1.38,20804000.0,20899000,https://www.sec.gov/Archives/edgar/data/921557/000110465915019419/0001104659-15-019419-index.htm,https://www.sec.gov/Archives/edgar/data/921557/000110465915019419/a14-25838_110k.htm,1620597085,17:51:25,20210509
7,2013-12-31,RBCAA,USD,2014-03-14,2014-03-14 08:07:30,FY,156970000.0,0.0,0.0,0.0,0.0,68078000.0,3353000.0,0.0,140000000.0,0.0,21393000,2060000.0,0.0,0.0,0.0,0.25799834363254126,0.0,40498000.0,0.25799834363254126,15075000.0,25423000.0,0.1619608842453972,1.23,1.22,20807000.0,20904000,https://www.sec.gov/Archives/edgar/data/921557/000110465914019549/0001104659-14-019549-index.htm,https://www.sec.gov/Archives/edgar/data/921557/000110465914019549/a13-25492_110k.htm,1620597085,17:51:25,20210509
8,2012-12-31,RBCAA,USD,2013-03-14,2013-03-14 08:32:44,FY,267833000.0,0.0,0.0,0.0,0.0,74265000.0,3429000.0,0.0,163000000.0,0.0,22804000,9875000.0,0.0,0.0,0.0,0.6867899026632267,0.0,183945000.0,0.6867899026632267,64606000.0,119339000.0,0.4455724275948072,5.71,5.69,20959000.0,21028000,https://www.sec.gov/Archives/edgar/data/921557/000115752313001403/0001157523-13-001403-index.htm,https://www.sec.gov/Archives/edgar/data/921557/000115752313001403/a50582557.htm,1620597085,17:51:25,20210509
9,2011-12-31,RBCAA,USD,2012-03-07,2012-03-07 06:18:53,FY,284763000.0,0.0,0.0,0.0,0.0,82463000.0,3237000.0,279000.0,171000000.0,0.0,30255000,4406000.0,0.0,0.0,0.0,0.5063754771511748,0.0,144197000.0,0.5063754771511748,50048000.0,94149000.0,0.33062230697106015,4.5,4.49,20945000.0,20993000,https://www.sec.gov/Archives/edgar/data/921557/000115752312001254/0001157523-12-001254-index.htm,https://www.sec.gov/Archives/edgar/data/921557/000115752312001254/a50184678.htm,1620597085,17:51:25,20210509
10,2010-12-31,RBCAA,USD,2011-03-03,2011-03-03 17:03:55,FY,244691000.0,0.0,0.0,0.0,0.0,70616000.0,10813000.0,221000.0,183000000.0,0.0,36661000,10683000.0,0.0,0.0,0.0,0.4022747056491657,0.0,98433000.0,0.4022747056491657,33680000.0,64753000.0,0.26463171918869105,3.11,3.1,20877000.0,20960000,https://www.sec.gov/Archives/edgar/data/921557/000115752311001377/0001157523-11-001377-index.htm,https://www.sec.gov/Archives/edgar/data/921557/000115752311001377/a6632724.htm,1620597085,17:51:25,20210509
11,2009-12-31,RBCAA,USD,2010-03-11,2010-03-11 07:46:01,FY,227306000.0,0.0,0.0,0.0,0.0,70031000.0,13146000.0,5822000.0,204000000.0,0.0,48742000,10542000.0,0.0,0.0,0.0,0.2904630762056435,0.0,66024000.0,0.2904630762056435,23893000.0,42131000.0,0.18534926486762338,2.03,2.02,20749000.0,20884000,https://www.sec.gov/Archives/edgar/data/921557/000110465910013610/0001104659-10-013610-index.htm,https://www.sec.gov/Archives/edgar/data/921557/000110465910013610/a09-35832_110k.htm,1620597085,17:51:25,20210509
12,2008-12-31,RBCAA,USD,2009-03-06,2009-03-06 16:33:32,FY,175578000.0,0.0,0.0,0.0,0.0,63612000.0,9208000.0,0.0,196000000.0,0.0,72418000,7509000.0,0.0,0.0,0.0,0.2955210789506658,0.0,51887000.0,0.2955210789506658,18235000.0,33652000.0,0.19166410370319745,1.65,1.62,20518000.0,20824000,https://www.sec.gov/Archives/edgar/data/921557/000110465909015129/0001104659-09-015129-index.htm,https://www.sec.gov/Archives/edgar/data/921557/000110465909015129/a09-1349_110k.htm,1620597085,17:51:25,20210509
13,2007-12-31,RBCAA,USD,2008-03-14,2008-03-14 06:06:43,FY,132270000.0,0.0,0.0,0.0,0.0,44162000.0,3287000.0,0.0,199000000.0,0.0,104619000,2076000.0,0.0,0.0,0.0,0.2887578438043396,0.0,38194000.0,0.2887578438043396,13281000.0,24913000.0,0.188349587964013,1.22,1.2,20420492.0,20760833,https://www.sec.gov/Archives/edgar/data/921557/000110465908017492/0001104659-08-017492-index.htm,https://www.sec.gov/Archives/edgar/data/921557/000110465908017492/a08-2554_110k.htm,1620597085,17:51:25,20210509
14,2006-12-31,RBCAA,USD,2007-03-15,2007-03-15 07:27:14,FY,119998000.0,0.0,0.0,0.0,0.0,40412000.0,2459000.0,0.0,165000000.0,0.0,88242000,7003000.0,0.0,0.0,0.0,0.3569559492658211,0.0,42834000.0,0.3569559492658211,14718000.0,28351000.0,0.23626227103785064,1.32381,1.285714,21416223.0,22050778,https://www.sec.gov/Archives/edgar/data/921557/000110465907019307/0001104659-07-019307-index.htm,https://www.sec.gov/Archives/edgar/data/921557/000110465907019307/a07-5528_110k.htm,1620597085,17:51:25,20210509
15,2005-12-31,RBCAA,USD,2006-03-16,2006-03-16 08:11:12,FY,123182000.0,0.0,0.0,0.0,0.0,37037000.0,2878000.0,0.0,131000000.0,0.0,62940000,4133000.0,0.0,0.0,0.0,0.43158091279570066,0.0,53163000.0,0.43158091279570066,18098000.0,35065000.0,0.2846600964426621,1.614512,1.55102,21718631.0,22607697,https://www.sec.gov/Archives/edgar/data/921557/000110465906017067/0001104659-06-017067-index.htm,https://www.sec.gov/Archives/edgar/data/921557/000110465906017067/a06-1974_110k.htm,1620597085,17:51:25,20210509
16,2004-12-31,RBCAA,USD,2005-03-16,2005-03-16 16:52:11,FY,117246000.0,0.0,0.0,0.0,0.0,34552000.0,2271000.0,0.0,0.0,0.0,42314000,7313000.0,0.0,0.0,0.0,0.4220357197686915,0.0,49482000.0,0.4220357197686915,16981000.0,32501000.0,0.27720348668611294,1.494439,1.43397,21747960.0,22665042,https://www.sec.gov/Archives/edgar/data/921557/000110465905011522/0001104659-05-011522-index.htm,https://www.sec.gov/Archives/edgar/data/921557/000110465905011522/a05-1744_110k.htm,1620597085,17:51:25,20210509
17,2003-12-31,RBCAA,USD,2004-03-02,2004-03-02 08:32:33,FY,113198000.0,0.0,0.0,0.0,0.0,32144000.0,3037000.0,0.0,0.0,0.0,36795000,6050000.0,0.0,0.0,0.0,0.3866234385766533,0.0,43765000.0,0.3866234385766533,15562000.0,28203000.0,0.24914751144013145,1.373913,1.349232,20527499.0,20903002,https://www.sec.gov/Archives/edgar/data/921557/000110465904006138/0001104659-04-006138-index.htm,https://www.sec.gov/Archives/edgar/data/921557/000110465904006138/a04-2775_110k.htm,1620597085,17:51:25,20210509
18,2002-12-31,RBCAA,USD,2003-03-11,2003-03-10 20:15:20,FY,88862000.0,0.0,0.0,0.0,0.0,28039000.0,2934000.0,0.0,0.0,0.0,41761000,4262000.0,0.0,0.0,0.0,0.35656411064346966,0.0,31685000.0,0.35656411064346966,11196000.0,20489000.0,0.23057099772681236,1.011924,0.987243,20247567.0,20753756,https://www.sec.gov/Archives/edgar/data/921557/000110465903003944/0001104659-03-003944-index.htm,https://www.sec.gov/Archives/edgar/data/921557/000110465903003944/j8024_10k.htm,1620597085,17:51:25,20210509
19,2001-12-31,RBCAA,USD,2002-03-15,2002-03-15 00:00:00,FY,79220000.0,0.0,0.0,0.0,0.0,25943000.0,2839000.0,0.0,0.0,0.0,57917000,3736000.0,0.0,0.0,0.0,0.3337036101994446,0.0,26436000.0,0.3337036101994446,8942000.0,16808000.0,0.21216864428174703,0.855611,0.830929,19644451.0,20227950,https://www.sec.gov/Archives/edgar/data/921557/000091205702010159/0000912057-02-010159-index.htm,https://www.sec.gov/Archives/edgar/data/921557/000091205702010159/a2071737z10-k405.htm,1620597085,17:51:25,20210509
20,2000-12-31,RBCAA,USD,2000-12-31,2000-12-31,FY,60668000.0,0.0,0.0,0.0,0.0,20519000.0,1555000.0,0.0,0.0,0.0,66851000,4132000.0,0.0,0.0,0.0,0.31741610074503857,0.0,19257000.0,0.31741610074503857,6336000.0,12921000.0,0.21297883562998615,0.641708,0.625254,20135329.0,20665206,,,1620597085,17:51:25,20210509
21,1999-12-31,RBCAA,USD,1999-12-31,1999-12-31,FY,57700000.0,0.0,0.0,0.0,0.0,20700000.0,1300000.0,0.0,0.0,0.0,49600000,3900000.0,0.0,0.0,0.0,0.32062391681109187,0.0,18500000.0,0.32062391681109187,6200000.0,12300000.0,0.21317157712305027,0.600573,0.584119,20480448.0,21057362,,,1620597085,17:51:25,20210509
22,1998-12-31,RBCAA,USD,1998-12-31,1998-12-31,FY,58000000.0,0.0,0.0,0.0,0.0,17000000.0,1400000.0,0.0,0.0,0.0,50200000,3600000.0,0.0,0.0,0.0,0.3689655172413793,0.0,21400000.0,0.3689655172413793,7600000.0,13800000.0,0.23793103448275862,0.715751,0.682843,19280444.0,20209622,,,1620597085,17:51:25,20210509
23,1997-12-31,RBCAA,USD,1998-03-31 00:00:00,1998-03-31 00:00:00,FY,26181000.0,0.0,0.0,0.0,0.0,15444000.0,0.0,0.0,0.0,0.0,50856000,4683000.0,0.0,0.0,0.0,0.7309499255185058,0.0,19137000.0,0.7309499255185058,6878000.0,12259000.0,0.4682403269546618,1.349232,1.29987,9085909.0,18171818,https://www.sec.gov/Archives/edgar/data/921557/000092155798000010/0000921557-98-000010-index.html,https://www.sec.gov/Archives/edgar/data/921557/0000921557-98-000010.txt,1620597085,17:51:25,20210509
24,1996-12-31,RBCAA,USD,1996-12-31,1996-12-31,FY,16246000.0,0.0,0.0,0.0,0.0,13236000.0,0.0,0.0,0.0,0.0,43855000,3179000.0,0.0,0.0,0.0,0.2874553736304321,0.0,4670000.0,0.2874553736304321,1943000.0,2727000.0,0.16785670318847717,0.246811,0.246811,11048952.0,11048952,,,1620597085,17:51:25,20210509
25,1995-12-31,RBCAA,USD,1995-12-31,1995-12-31,FY,11788000.0,0.0,0.0,0.0,0.0,0.0,0.0,0.0,0.0,0.0,37720000,0.0,0.0,0.0,0.0,1.031557516118086,0.0,12160000.0,1.031557516118086,0.0,7788000.0,0.660671869697998,0.428576,0.428576,18171818.0,18171818,,,1620597085,17:51:25,20210509
26,1994-12-31,RBCAA,USD,1994-12-31,1994-12-31,FY,7534000.0,0.0,0.0,0.0,0.0,0.0,0.0,0.0,0.0,0.0,22513000,0.0,0.0,0.0,0.0,1.2086541014069552,0.0,9106000.0,1.2086541014069552,0.0,6170000.0,0.8189540748606318,0.339537,0.339537,18171818.0,18171818,,,1620597085,17:51:25,20210509
27,1993-12-31,RBCAA,USD,1993-12-31,1993-12-31,FY,8545000.0,0.0,0.0,0.0,0.0,0.0,0.0,0.0,0.0,0.0,21119000,0.0,0.0,0.0,0.0,0.915389116442364,0.0,7822000.0,0.915389116442364,0.0,5864000.0,0.6862492685781159,0.322697,0.322697,18171818.0,18171818,,,1620597085,17:51:25,20210509
