,date,symbol,reportedCurrency,fillingDate,acceptedDate,period,revenue,costOfRevenue,grossProfit,grossProfitRatio,researchAndDevelopmentExpenses,generalAndAdministrativeExpenses,sellingAndMarketingExpenses,otherExpenses,operatingExpenses,costAndExpenses,interestExpense,depreciationAndAmortization,ebitda,ebitdaratio,operatingIncome,operatingIncomeRatio,totalOtherIncomeExpensesNet,incomeBeforeTax,incomeBeforeTaxRatio,incomeTaxExpense,netIncome,netIncomeRatio,eps,epsdiluted,weightedAverageShsOut,weightedAverageShsOutDil,link,finalLink,timestamp,est_time,est_date
0,2020-09-30,ASTO.L,GBP,2020-09-30,2020-09-30,FY,0.0,0.0,0.0,0.0,0.0,1192000.0,0.0,0.0,0.0,1192000.0,62000.0,0.0,-1174000.0,0.0,-1192000.0,0.0,0.0,3361000.0,0.0,0.0,3361000.0,0.0,0.27523995871646295,0.27523995871646295,12211163.0,12211163.0,https://find-and-update.company-information.service.gov.uk/search/companies?q=Assetco+PLC,https://find-and-update.company-information.service.gov.uk/search/companies?q=Assetco+PLC,1620588829,15:33:49,20210509
1,2019-09-30,ASTO.L,GBP,2019-09-30,2019-09-30,FY,5345000.0,4237000.0,1108000.0,0.20729653882132834,0.0,1810000.0,0.0,0.0,1810000.0,6047000.0,70000.0,26000.0,-676000.0,-0.1264733395696913,-702000.0,-0.1313376987839102,0.0,-763000.0,-0.14275023386342375,0.0,-763000.0,-0.14275023386342375,-0.0625,-0.0625,12211163.0,12211163.0,https://find-and-update.company-information.service.gov.uk/search/companies?q=Assetco+PLC,https://find-and-update.company-information.service.gov.uk/search/companies?q=Assetco+PLC,1620588829,15:33:49,20210509
2,2018-09-30,ASTO.L,GBP,2018-09-30,2018-09-30,FY,22888000.0,16645000.0,6243000.0,0.2727630199231038,0.0,4746000.0,0.0,0.0,4746000.0,21391000.0,83000.0,0.0,1502000.0,0.06562390772457183,1497000.0,0.06540545263893743,0.0,1419000.0,0.061997553303040895,0.0,1419000.0,0.061997553303040895,0.1162,0.1162,12211163.0,12211163.0,https://find-and-update.company-information.service.gov.uk/search/companies?q=Assetco+PLC,https://find-and-update.company-information.service.gov.uk/search/companies?q=Assetco+PLC,1620588829,15:33:49,20210509
3,2017-09-30,ASTO.L,GBP,2017-09-30,2017-09-30,FY,24881000.0,17738000.0,7143000.0,0.287086531891805,0.0,4891000.0,0.0,0.0,4891000.0,22629000.0,87000.0,0.0,2260000.0,0.09083236204332623,2252000.0,0.09051083155821711,0.0,2173000.0,0.08733571801776456,0.0,2173000.0,0.08733571801776456,0.178,0.178,12211163.0,12211163.0,https://find-and-update.company-information.service.gov.uk/search/companies?q=Assetco+PLC,https://find-and-update.company-information.service.gov.uk/search/companies?q=Assetco+PLC,1620588829,15:33:49,20210509
4,2016-09-30,ASTO.L,GBP,2016-09-30,2016-09-30,FY,23300000.0,16550000.0,6750000.0,0.28969957081545067,0.0,1874000.0,0.0,0.0,1874000.0,18424000.0,294000.0,0.0,4897000.0,0.2101716738197425,4876000.0,0.20927038626609443,0.0,4603000.0,0.19755364806866954,0.0,4603000.0,0.19755364806866954,0.377,0.377,12211163.0,12211163.0,https://find-and-update.company-information.service.gov.uk/search/companies?q=Assetco+PLC,https://find-and-update.company-information.service.gov.uk/search/companies?q=Assetco+PLC,1620588829,15:33:49,20210509
5,2015-09-30,ASTO.L,GBP,2015-09-30,2015-09-30,FY,21660000.0,15564000.0,6096000.0,0.2814404432132964,0.0,1647000.0,0.0,0.0,1647000.0,17211000.0,459000.0,12000.0,4461000.0,0.2059556786703601,4449000.0,0.2054016620498615,0.0,4013000.0,0.1852723915050785,0.0,4013000.0,0.1852723915050785,0.3286,0.3286,12211163.0,12211163.0,https://find-and-update.company-information.service.gov.uk/search/companies?q=Assetco+PLC,https://find-and-update.company-information.service.gov.uk/search/companies?q=Assetco+PLC,1620588829,15:33:49,20210509
6,2014-09-30,ASTO.L,GBP,2014-09-30,2014-09-30,FY,14634000.0,10865000.0,3769000.0,0.25755090884242177,0.0,1169000.0,0.0,0.0,1169000.0,12034000.0,356000.0,22000.0,2622000.0,0.17917179171791717,2600000.0,0.17766844335110019,0.0,2253000.0,0.15395653956539565,0.0,2253000.0,0.15395653956539565,0.1892,0.1846,11908551.0,12207993.0,https://find-and-update.company-information.service.gov.uk/search/companies?q=Assetco+PLC,https://find-and-update.company-information.service.gov.uk/search/companies?q=Assetco+PLC,1620588829,15:33:49,20210509
7,2013-09-30,ASTO.L,GBP,2013-09-30,2013-09-30,FY,17647000.0,13714000.0,3933000.0,0.22287074290247635,0.0,2195000.0,0.0,0.0,2195000.0,15909000.0,526000.0,26000.0,1764000.0,0.09996033320111067,1738000.0,0.09848699495664985,0.0,1259000.0,0.07134357114523715,0.0,1259000.0,0.07134357114523715,0.1144,0.1013,11000713.0,12431238.0,https://find-and-update.company-information.service.gov.uk/search/companies?q=Assetco+PLC,https://find-and-update.company-information.service.gov.uk/search/companies?q=Assetco+PLC,1620588829,15:33:49,20210509
8,2012-09-30,ASTO.L,GBP,2012-09-30,2012-09-30,FY,15923000.0,10927000.0,4996000.0,0.3137599698549268,0.0,1618000.0,0.0,0.0,1618000.0,12545000.0,492000.0,3010000.0,6388000.0,0.40118068203228036,3378000.0,0.2121459523959053,0.0,2937000.0,0.18445016642592477,-1096000.0,85420000.0,5.364566978584437,7.7649,5.8907,11000712.0,11000712.0,https://find-and-update.company-information.service.gov.uk/search/companies?q=Assetco+PLC,https://find-and-update.company-information.service.gov.uk/search/companies?q=Assetco+PLC,1620588829,15:33:49,20210509
9,2011-09-30,ASTO.L,GBP,2011-09-30,2011-09-30,FY,49005000.0,37000000.0,12005000.0,0.24497500255076013,0.0,810000.0,0.0,0.0,34930000.0,71930000.0,8306000.0,6166000.0,-16759000.0,-0.34198551168248137,-22925000.0,-0.46780940720334657,0.0,-21588000.0,-0.44052647689011326,0.0,-22198000.0,-0.4529741863075196,-0.1513,-0.1513,11001000.0,11001000.0,https://find-and-update.company-information.service.gov.uk/search/companies?q=Assetco+PLC,https://find-and-update.company-information.service.gov.uk/search/companies?q=Assetco+PLC,1620588829,15:33:49,20210509
10,2010-03-31,ASTO.L,GBP,2010-03-31,2010-03-31,FY,26216000.0,18451000.0,7765000.0,0.29619316447970706,0.0,200000.0,0.0,0.0,17410000.0,35861000.0,7213000.0,3842000.0,-5803000.0,-0.2213533719865731,-9645000.0,-0.3679050961245041,0.0,-16883000.0,-0.6439960329569728,1089000.0,-23268000.0,-0.8875495880378395,-273.8,-273.8,84992.0,84992.0,https://find-and-update.company-information.service.gov.uk/search/companies?q=Assetco+PLC,https://find-and-update.company-information.service.gov.uk/search/companies?q=Assetco+PLC,1620588829,15:33:49,20210509
11,2009-03-31,ASTO.L,GBP,2009-03-31,2009-03-31,FY,34050000.0,12175000.0,21875000.0,0.6424375917767988,1000.0,11036000.0,0.0,0.0,9780000.0,21955000.0,5547000.0,6546000.0,18641000.0,0.5474596182085169,12095000.0,0.3552129221732746,0.0,1251000.0,0.03674008810572687,-141000.0,1675000.0,0.04919236417033774,23.094529009485992,22.60031842836711,72528.0,74114.0,https://find-and-update.company-information.service.gov.uk/search/companies?q=Assetco+PLC,https://find-and-update.company-information.service.gov.uk/search/companies?q=Assetco+PLC,1620588829,15:33:49,20210509
12,2008-03-31,ASTO.L,GBP,2008-03-31,2008-03-31,FY,64546000.0,31621000.0,32925000.0,0.5101013230874105,15000.0,10557000.0,0.0,0.0,18474000.0,50095000.0,5373000.0,7462000.0,21913000.0,0.33949431413255665,14451000.0,0.22388684039289808,0.0,8982000.0,0.13915657050785488,1860000.0,8037000.0,0.12451584916183807,118.0,115.0,68100.0,69929.0,https://find-and-update.company-information.service.gov.uk/search/companies?q=Assetco+PLC,https://find-and-update.company-information.service.gov.uk/search/companies?q=Assetco+PLC,1620588829,15:33:49,20210509
13,2007-03-31,ASTO.L,GBP,2007-03-31,2007-03-31,FY,90628000.0,68438000.0,22190000.0,0.2448470671315708,0.0,16272000.0,0.0,0.0,16288000.0,84726000.0,3432000.0,9493000.0,15395000.0,0.1698702387783025,5902000.0,0.06512336143355255,0.0,4336000.0,0.04784393344220329,2211000.0,3226000.0,0.03559606302687911,67.0,64.0,48434.0,50590.0,https://find-and-update.company-information.service.gov.uk/search/companies?q=Assetco+PLC,https://find-and-update.company-information.service.gov.uk/search/companies?q=Assetco+PLC,1620588829,15:33:49,20210509
14,2006-03-31,ASTO.L,GBP,2006-03-31,2006-03-31,FY,4905000.0,2069000.0,2836000.0,0.5781855249745158,21000.0,2262000.0,0.0,0.0,2262000.0,4331000.0,106000.0,72000.0,646000.0,0.13170234454638124,574000.0,0.11702344546381244,0.0,358000.0,0.07298674821610601,45000.0,313000.0,0.06381243628950051,70.0,70.0,4496.0,4496.0,https://find-and-update.company-information.service.gov.uk/search/companies?q=Assetco+PLC,https://find-and-update.company-information.service.gov.uk/search/companies?q=Assetco+PLC,1620588829,15:33:49,20210509
15,2005-03-31,ASTO.L,GBP,2005-03-31,2005-03-31,FY,3925000.0,1847000.0,2078000.0,0.5294267515923566,21000.0,1530000.0,0.0,0.0,1741000.0,3588000.0,84000.0,58000.0,395000.0,0.10063694267515924,337000.0,0.08585987261146497,0.0,109000.0,0.027770700636942675,-10000.0,119000.0,0.030318471337579617,28.333333333333332,28.185693983893888,4200.0,4222.0,https://find-and-update.company-information.service.gov.uk/search/companies?q=Assetco+PLC,https://find-and-update.company-information.service.gov.uk/search/companies?q=Assetco+PLC,1620588829,15:33:49,20210509
16,2004-03-31,ASTO.L,GBP,2004-03-31,2004-03-31,FY,1334000.0,629000.0,705000.0,0.5284857571214393,10000.0,0.0,0.0,0.0,569000.0,1198000.0,22000.0,17000.0,153000.0,0.11469265367316342,136000.0,0.10194902548725637,0.0,-936000.0,-0.7016491754122939,1000.0,-937000.0,-0.7023988005997002,-223.0,-223.0,4200.0,4200.0,https://find-and-update.company-information.service.gov.uk/search/companies?q=Assetco+PLC,https://find-and-update.company-information.service.gov.uk/search/companies?q=Assetco+PLC,1620588829,15:33:49,20210509
