,date,symbol,reportedCurrency,fillingDate,acceptedDate,period,revenue,costOfRevenue,grossProfit,grossProfitRatio,researchAndDevelopmentExpenses,generalAndAdministrativeExpenses,sellingAndMarketingExpenses,otherExpenses,operatingExpenses,costAndExpenses,interestExpense,depreciationAndAmortization,ebitda,ebitdaratio,operatingIncome,operatingIncomeRatio,totalOtherIncomeExpensesNet,incomeBeforeTax,incomeBeforeTaxRatio,incomeTaxExpense,netIncome,netIncomeRatio,eps,epsdiluted,weightedAverageShsOut,weightedAverageShsOutDil,link,finalLink,timestamp,est_time,est_date
0,2020-12-31,CRD-B,USD,2021-03-04,2021-03-04 16:29:29,FY,1016195000,737320000,278875000,0.2744305964898469,0.0,218952000,0.0,-868000.0,218952000,956272000,8187000.0,40111000.0,100034000,0.09843976795792146,59923000,0.05896801302899542,-12912000.0,39088000,0.038465058379543296,12013000.0,28296000.0,0.027845049424569102,0.54,0.54,53132000,53384000,https://www.sec.gov/Archives/edgar/data/25475/000156459021010973/0001564590-21-010973-index.htm,https://www.sec.gov/Archives/edgar/data/25475/000156459021010973/crda-10k_20201231.htm,1620590660,16:04:20,20210509
1,2019-12-31,CRD-B,USD,2019-12-31,2019-12-31,FY,1047627000,752773000,294854000,0.28144940899766807,0.0,239722000,0.0,-3237000.0,239722000,992495000,11519000.0,40513000.0,95645000,0.09129680697423796,55132000,0.05262560052385057,-20721000.0,23637000,0.022562419639814552,14111000.0,12485000.0,0.011917409536027613,0.27,0.26,53612000,54065000,,,1620590660,16:04:20,20210509
2,2018-12-31,CRD-B,USD,2018-12-31,2018-12-31,FY,1122979000,808005000,314974000,0.28048075698655095,0.0,242421000,0.0,3013000.0,242421000,1050426000,11399000.0,44079000.0,116632000,0.1038594666507566,72553000,0.06460761955477351,-18313000.0,44131000,0.03929815250329703,18542000.0,25978000.0,0.023133112907721336,0.51,0.5,50937255,51956000,,,1620590660,16:04:20,20210509
3,2017-12-31,CRD-B,USD,2017-12-31,2017-12-31,FY,1163709000,841988000,321721000,0.2764617271156277,0.0,239840000,0.0,1125000.0,239840000,1081828000,9909000.0,41658000.0,123539000,0.10615970143738684,81881000,0.07036209224127338,-30557000.0,42262000,0.036316639297281364,15039000.0,27665000.0,0.023773125411937178,0.53,0.52,52198113,53201923,,,1620590660,16:04:20,20210509
4,2016-12-31,CRD-B,USD,2016-12-31,2016-12-31,FY,1177588000,856675000,320913000,0.27251721315094923,0.0,239852000,0.0,855000.0,239852000,1096527000,9934000.0,40743000.0,121804000,0.10343515728760823,81061000,0.06883646912162827,-8635000.0,63241000,0.053703842090782175,25565000.0,35966000.0,0.030542091121852466,0.68,0.67,52891176,53680597,,,1620590660,16:04:20,20210509
5,2015-12-31,CRD-B,USD,2016-03-10,2016-03-10,FY,1241520000,940352000,301168000,0.24258006314839875,0.0,241602000,0.0,753000.0,241602000,1181954000,8983000.0,43498000.0,103064000,0.08301436948256975,59566000,0.04797828468329145,-82956000.0,-31773000,-0.025592016238159675,13832000.0,-45488000.0,-0.036638958695792256,-0.79,-0.79,57579747,57579747,https://www.sec.gov/Archives/edgar/data/25475/000002547516000150/0000025475-16-000150-index.htm,https://www.sec.gov/Archives/edgar/data/25475/000002547516000150/a10-k123115.htm,1620590660,16:04:20,20210509
6,2014-12-31,CRD-B,USD,2015-02-23,2015-02-23,FY,1216963000,914814000,302149000,0.2482811720652148,0.0,237880000,0.0,1650000.0,237880000,1152694000,6812000.0,37644000.0,101913000,0.08374371283268267,64269000,0.052810972889068934,1650000.0,59888000,0.04921102777980925,28780000.0,30624000.0,0.025164281905037375,0.58,0.57,52800000,53726316,https://www.sec.gov/Archives/edgar/data/25475/000002547515000033/0000025475-15-000033-index.htm,https://www.sec.gov/Archives/edgar/data/25475/000002547515000033/a10-k12312014.htm,1620590660,16:04:20,20210509
7,2013-12-31,CRD-B,USD,2014-02-26,2014-02-26,FY,1253430000,936427000,317003000,0.2529084192974478,0.0,232307000,0.0,2829000.0,232307000,1168734000,7191000.0,33903000.0,118599000,0.09461956391661282,84696000,0.06757138412196932,2829000.0,81102000,0.0647040520810895,29766000.0,50978000.0,0.04067079932664768,0.95,0.93,54543000,55545000,https://www.sec.gov/Archives/edgar/data/25475/000002547514000033/0000025475-14-000033-index.htm,https://www.sec.gov/Archives/edgar/data/25475/000002547514000033/a10-k2013.htm,1620590660,16:04:20,20210509
8,2012-12-31,CRD-B,USD,2013-03-18,2013-03-18,FY,1266138000,934348000,331790000,0.2620488445967185,0.0,228411000,0.0,-11332000.0,228411000,1162759000,9574000.0,32796000.0,136175000,0.1075514675335548,103379000,0.08164907774665953,-11332000.0,83440000,0.06590118928584404,33686000.0,48888000.0,0.038611904863450904,0.99,0.97,53148485,54244330,https://www.sec.gov/Archives/edgar/data/25475/000002547513000071/0000025475-13-000071-index.htm,https://www.sec.gov/Archives/edgar/data/25475/000002547513000071/crawford2012-10k.htm,1620590660,16:04:20,20210509
9,2011-12-31,CRD-B,USD,2011-12-31,2011-12-31,FY,1211362000,917929000,293433000,0.24223394823347605,0.0,221470000,0.0,0.0,221470000,1139399000,15911000.0,31818000.0,103781000,0.08567298627495332,71963000,0.05940668437675938,2379000.0,58431000,0.04823578748549154,12739000.0,45404000.0,0.03748177671084284,0.844207,0.844207,53783000,53783000,,,1620590660,16:04:20,20210509
10,2010-12-31,CRD-B,USD,2010-12-31,2010-12-31,FY,1110801000,839247000,271554000,0.24446683069244626,0.0,202626000,0.0,0.0,202626000,1041873000,15002000.0,30599000.0,99527000,0.08959930716663021,68928000,0.06205251885801327,-15438000.0,38488000,0.034648870499756484,9712000.0,28328000.0,0.025502317696869198,0.54,0.53,52664000,53234000,,,1620590660,16:04:20,20210509
11,2009-12-31,CRD-B,USD,2009-12-31,2009-12-31,FY,1048202000,792325000,255877000,0.24411039093609818,0.0,209458000,0.0,0.0,209458000,1001783000,14166000.0,31010000.0,77429000,0.07386839559550544,46419000,0.04428440319709369,-145004000.0,-112751000,-0.10756609890078439,2618000.0,-115683000.0,-0.11036326967511988,-2.23,-2.23,51830000,51830000,,,1620590660,16:04:20,20210509
12,2008-12-31,CRD-B,USD,2008-12-31,2008-12-31,FY,1135916000,858058000,277858000,0.24461139732163295,0.0,215625000,0.0,0.0,215625000,1073683000,17622000.0,30331000.0,92564000,0.08148841991837424,62233000,0.05478662154595938,-788000.0,43823000,0.038579437211906514,11564000.0,32259000.0,0.028399106976220074,0.64,0.62,50696000,52175000,,,1620590660,16:04:20,20210509
13,2007-12-31,CRD-B,USD,2007-12-31,2007-12-31,FY,1051278000,809527000,241751000,0.22995915447674165,0.0,211737000,0.0,0.0,211737000,1021264000,17326000.0,29646000.0,59660000,0.05674997479258578,30014000,0.02855001246102363,8824000.0,21512000,0.020462713002650106,5396000.0,16116000.0,0.01532991273478566,0.3193563728598605,0.31851061306771017,50464000,50598000,,,1620590660,16:04:20,20210509
14,2006-12-31,CRD-B,USD,2006-12-31,2006-12-31,FY,900380000,719032000,181348000,0.20141273684444347,0.0,151497000,0.0,0.0,151497000,870529000,8146000.0,20545000.0,50396000,0.05597192296585886,29851000,0.03315377951531576,-27000.0,24071000,0.02673426775361514,9060000.0,15011000.0,0.016671849663475423,0.3037249863423912,0.3027876391802485,49423000,49576000,,,1620590660,16:04:20,20210509
15,2005-12-31,CRD-B,USD,2005-12-31,2005-12-31,FY,854767000,690735000,164032000,0.19190258865866372,0.0,138947000,0.0,0.0,138947000,829682000,5145000.0,19183000.0,44268000,0.05178955200657021,25085000,0.02934717882183098,0.0,19940000,0.023327994646494307,7059000.0,12881000.0,0.015069603763364752,0.26325362763131005,0.2610290392526395,48930000,49347000,,,1620590660,16:04:20,20210509
16,2004-12-31,CRD-B,USD,2004-12-31,2004-12-31,FY,811662000,643958000,167704000,0.20661802572992205,0.0,135318000,0.0,0.0,135318000,779276000,3536000.0,18177000.0,50563000,0.06229563537531633,32386000,0.039900845425805326,8573000.0,37423000,0.046106630592537286,12251000.0,25172000.0,0.03101290931446834,0.52,0.51,48773000,48996000,,,1620590660,16:04:20,20210509
17,2003-12-31,CRD-B,USD,2003-12-31,2003-12-31,FY,732881000,572310000,160571000,0.21909559669305112,0.0,130531000,0.0,0.0,130531000,702841000,5414000.0,16381000.0,46421000,0.06334043316718539,30040000,0.04098891907417439,-8000000.0,16626000,0.022685811202637265,8964000.0,7662000.0,0.010454630424311722,0.15743404290293417,0.15708545186157127,48668000,48776000,,,1620590660,16:04:20,20210509
18,2002-12-31,CRD-B,USD,2002-12-31,2002-12-31,FY,735421000,565179000,170242000,0.2314891742280952,0.0,132995000,0.0,0.0,132995000,698174000,4706000.0,17414000.0,54661000,0.07432613428226825,37247000,0.05064718032256354,6000000.0,38541000,0.05240671669696677,14029000.0,24512000.0,0.03333056847710359,0.5045697818032112,0.5036988328127568,48580000,48664000,,,1620590660,16:04:20,20210509
19,2001-12-31,CRD-B,USD,2001-12-31,2001-12-31,FY,725539000,546333000,179206000,0.24699706011668565,0.0,123178000,0.0,0.0,126626000,672959000,4779000.0,3448000.0,56028000,0.07722258899935083,52580000,0.07247026004115562,0.0,47801000,0.06588343286852946,18356000.0,29445000.0,0.04058362128017929,0.6072135609997525,0.6063757490887374,48492000,48559000,,,1620590660,16:04:20,20210509
20,2000-12-31,CRD-B,USD,2000-12-31,2000-12-31,FY,712174000,508827000,203347000,0.28552994071673493,0.0,120832000,0.0,0.0,140981000,649808000,4476000.0,20149000.0,82515000,0.11586353896660086,62366000,0.08757129577884057,-16740000.0,41150000,0.05778082322578471,15802000.0,25348000.0,0.035592425446590296,0.5189476916777561,0.5180144278911981,48845000,48933000,,,1620590660,16:04:20,20210509
21,1999-12-31,CRD-B,USD,1999-12-31,1999-12-31,FY,701900000,497800000,204100000,0.29078216270123947,0.0,123400000,0.0,0.0,140400000,638200000,0.0,17000000.0,80700000,0.11497364296908391,63700000,0.09075366861376265,0.0,63800000,0.0908961390511469,24500000.0,39300000.0,0.05599088189200741,0.7800714569273521,0.778248643510634,50380000,50498000,,,1620590660,16:04:20,20210509
22,1998-12-31,CRD-B,USD,1998-12-31,1998-12-31,FY,667300000,479800000,187500000,0.2809830660872171,0.0,115100000,0.0,0.0,129900000,609700000,0.0,14800000.0,72400000,0.10849692791847744,57600000,0.08631799790199311,-14900000.0,43900000,0.06578750187322044,16400000.0,27500000.0,0.041210849692791846,0.55,0.54,50341000,50938000,,,1620590660,16:04:20,20210509
23,1997-12-31,CRD-B,USD,1997-12-31,1997-12-31,FY,692300000,481200000,211100000,0.3049256102845587,0.0,110500000,0.0,0.0,125900000,607100000,0.0,15400000.0,100600000,0.1453127256969522,85200000,0.12306803408926766,-13000000.0,74700000,0.10790119890221002,27700000.0,47000000.0,0.06788964321825798,0.95,0.93,49565519,50687495,,,1620590660,16:04:20,20210509
24,1996-12-31,CRD-B,USD,1996-12-31,1996-12-31,FY,633600000,435800000,197800000,0.3121843434343434,0.0,110100000,0.0,0.0,125800000,561600000,0.0,15700000.0,87700000,0.13841540404040403,72000000,0.11363636363636363,0.0,72000000,0.11363636363636363,29200000.0,42800000.0,0.06755050505050506,0.56,0.546667,76548166,76548166,,,1620590660,16:04:20,20210509
25,1995-12-31,CRD-B,USD,1995-12-31,1995-12-31,FY,607600000,422100000,185500000,0.3052995391705069,0.0,108200000,0.0,0.0,125100000,547200000,0.0,16900000.0,77300000,0.1272218564845293,60400000,0.09940750493745885,0.0,60400000,0.09940750493745885,24400000.0,36000000.0,0.05924950625411455,0.686667,0.46,52277137,52277137,,,1620590660,16:04:20,20210509
26,1994-12-31,CRD-B,USD,1994-12-31,1994-12-31,FY,587800000,386400000,201400000,0.34263354882613134,0.0,118500000,0.0,0.0,133400000,519800000,0.0,14900000.0,82900000,0.1410343654304185,68000000,0.11568560734943859,100000.0,68100000,0.11585573324259953,27500000.0,40600000.0,0.06907111262334127,0.506667,0.506667,52517000,52517000,,,1620590660,16:04:20,20210509
27,1993-12-31,CRD-B,USD,1993-12-31,1993-12-31,FY,576300000,373500000,202800000,0.3519000520562207,0.0,122100000,0.0,0.0,137900000,511400000,0.0,15800000.0,80700000,0.14003123373243104,64900000,0.11261495748741975,-2600000.0,64900000,0.11261495748741975,26800000.0,35500000.0,0.06159986118341142,0.44,0.44,54018000,54018000,,,1620590660,16:04:20,20210509
28,1992-12-31,CRD-B,USD,1992-12-31,1992-12-31,FY,597700000,393800000,203900000,0.34114104065584744,0.0,120300000,0.0,0.0,137000000,530800000,0.0,16700000.0,83600000,0.13986949974903798,66900000,0.11192906140204116,0.0,66900000,0.11192906140204116,26500000.0,40400000.0,0.06759243767776477,0.5,0.5,53829000,53829000,,,1620590660,16:04:20,20210509
29,1991-12-31,CRD-B,USD,1991-12-31,1991-12-31,FY,538000000,348200000,189800000,0.35278810408921935,0.0,112500000,0.0,0.0,128100000,476300000,0.0,15600000.0,77300000,0.14368029739776952,61700000,0.11468401486988848,0.0,61700000,0.11468401486988848,24300000.0,37400000.0,0.06951672862453531,0.466667,0.466667,53553000,53553000,,,1620590660,16:04:20,20210509
30,1990-12-31,CRD-B,USD,1990-12-31,1990-12-31,FY,449200000,297100000,152100000,0.33860195903829027,0.0,91100000,0.0,0.0,101600000,398700000,0.0,10500000.0,61000000,0.13579697239536956,50500000,0.11242208370436331,100000.0,50600000,0.1126447016918967,18500000.0,32100000.0,0.07146037399821906,0.406667,0.406667,53288000,53288000,,,1620590660,16:04:20,20210509
31,1989-12-31,CRD-B,USD,1989-12-31,1989-12-31,FY,374000000,253800000,120200000,0.3213903743315508,0.0,67000000,0.0,0.0,76300000,330100000,0.0,9300000.0,53200000,0.14224598930481283,43900000,0.11737967914438503,100000.0,44000000,0.11764705882352941,16300000.0,27700000.0,0.07406417112299465,0.353333,0.353333,52930000,52930000,,,1620590660,16:04:20,20210509
32,1988-12-31,CRD-B,USD,1988-12-31,1988-12-31,FY,294300000,198800000,95500000,0.3244988107373428,0.0,54500000,0.0,0.0,65100000,263900000,0.0,10600000.0,41000000,0.13931362555215765,30400000,0.10329595650696569,0.0,30400000,0.10329595650696569,11600000.0,18800000.0,0.06388039415562351,0.36,0.36,35115000,35115000,,,1620590660,16:04:20,20210509
33,1987-12-31,CRD-B,USD,1987-12-31,1987-12-31,FY,265100000,174700000,90400000,0.3410033949453037,0.0,49900000,0.0,0.0,61900000,236600000,0.0,12000000.0,40500000,0.15277253866465484,28500000,0.10750660128253489,0.0,28500000,0.10750660128253489,12100000.0,16400000.0,0.06186344775556394,0.206667,0.206667,52513000,52513000,,,1620590660,16:04:20,20210509
34,1986-12-31,CRD-B,USD,1986-12-31,1986-12-31,FY,243600000,159300000,84300000,0.3460591133004926,0.0,44800000,0.0,0.0,55700000,215000000,0.0,10900000.0,39500000,0.1621510673234811,28600000,0.1174055829228243,100000.0,28700000,0.11781609195402298,13500000.0,15200000.0,0.06239737274220033,0.193333,0.193333,52315000,52315000,,,1620590660,16:04:20,20210509
35,1985-12-31,CRD-B,USD,1985-12-31,1985-12-31,FY,213700000,141100000,72600000,0.3397285914833879,0.0,38300000,0.0,0.0,47300000,188400000,0.0,9000000.0,34300000,0.16050538137576043,25300000,0.11839026672905943,100000.0,25400000,0.1188582124473561,12000000.0,13400000.0,0.0627047262517548,0.173333,0.173333,52048000,52048000,,,1620590660,16:04:20,20210509
