,date,symbol,reportedCurrency,fillingDate,acceptedDate,period,revenue,costOfRevenue,grossProfit,grossProfitRatio,researchAndDevelopmentExpenses,generalAndAdministrativeExpenses,sellingAndMarketingExpenses,otherExpenses,operatingExpenses,costAndExpenses,interestExpense,depreciationAndAmortization,ebitda,ebitdaratio,operatingIncome,operatingIncomeRatio,totalOtherIncomeExpensesNet,incomeBeforeTax,incomeBeforeTaxRatio,incomeTaxExpense,netIncome,netIncomeRatio,eps,epsdiluted,weightedAverageShsOut,weightedAverageShsOutDil,link,finalLink,timestamp,est_time,est_date
0,2020-12-31,HSDT,USD,2021-03-10,2021-03-10 17:28:56,FY,661000.0,388000.0,273000.0,0.4130105900151286,4582000.0,0.0,0.0,63000.0,14659000.0,15047000.0,0.0,363000.0,-14023000.0,-21.21482602118003,-14386000.0,-21.763993948562785,256000.0,-14130000.0,-21.376701966717096,0.0,-14130000.0,-21.376701966717096,-0.5361891228970515,-0.5361891228970515,26352642.0,26352642.0,https://www.sec.gov/Archives/edgar/data/1610853/000156459021012121/0001564590-21-012121-index.htm,https://www.sec.gov/Archives/edgar/data/1610853/000156459021012121/hsdt-10k_20201231.htm,1620593246,16:47:26,20210509
1,2019-12-31,HSDT,USD,2020-03-12 00:00:00,2020-03-12 16:34:18,FY,1496000.0,846000.0,650000.0,0.4344919786096257,8061000.0,0.0,0.0,95000.0,24646000.0,25492000.0,0.0,64000.0,-23932000.0,-15.997326203208557,-23996000.0,-16.040106951871657,14215000.0,-9781000.0,-6.538101604278075,0.0,-9781000.0,-6.538101604278075,-0.37,-0.37,26352642.0,26352642.0,https://www.sec.gov/Archives/edgar/data/1610853/000156459020010496/0001564590-20-010496-index.html,https://www.sec.gov/Archives/edgar/data/1610853/000156459020010496/hsdt-10k_20191231.htm,1620593246,16:47:26,20210509
2,2018-12-31,HSDT,USD,2019-03-14 00:00:00,2019-03-14 16:32:01,FY,478000.0,0.0,0.0,0.0,9939000.0,17214000.0,0.0,63000.0,27153000.0,27153000.0,0.0,59000.0,-26616000.0,-55.68200836820084,-26675000.0,-55.80543933054393,-1948000.0,-28623000.0,-59.88075313807531,0.0,-28623000.0,-59.88075313807531,-1.26,-1.26,22786192.0,22786192.0,https://www.sec.gov/Archives/edgar/data/1610853/000156459019007839/0001564590-19-007839-index.html,https://www.sec.gov/Archives/edgar/data/1610853/000156459019007839/hsdt-10k_20181231.htm,1620593246,16:47:26,20210509
3,2017-12-31,HSDT,USD,2018-03-12 00:00:00,2018-03-12 17:29:19,FY,0.0,0.0,0.0,0.0,14387000.0,8466000.0,0.0,0.0,22853000.0,22853000.0,0.0,17000.0,-22836000.0,0.0,-22853000.0,0.0,-5171000.0,-28024000.0,0.0,0.0,-28024000.0,0.0,-1.5,-1.5,18632740.0,18632740.0,https://www.sec.gov/Archives/edgar/data/1610853/000156459018005321/0001564590-18-005321-index.html,https://www.sec.gov/Archives/edgar/data/1610853/000156459018005321/hsdt-10k_20171231.htm,1620593246,16:47:26,20210509
4,2016-12-31,HSDT,USD,2016-12-31,2016-12-31,FY,0.0,0.0,0.0,0.0,4723000.0,5651000.0,0.0,0.0,10374000.0,10374000.0,0.0,0.0,-8597000.0,0.0,-10374000.0,0.0,-1777000.0,-12040000.0,0.0,0.0,-12040000.0,0.0,-0.72,-0.72,16671019.0,16671019.0,,,1620593246,16:47:26,20210509
5,2016-03-31,HSDT,USD,2016-06-28 00:00:00,2016-06-27 21:40:34,FY,0.0,0.0,0.0,0.0,3645796.0,5671598.0,0.0,150250.0,9317394.0,9317394.0,46920.0,0.0,-9167144.0,0.0,-9317394.0,0.0,2482502.0,-6881812.0,0.0,0.0,-6881812.0,0.0,-0.5,-0.6,13304512.0,13405309.0,https://www.sec.gov/Archives/edgar/data/1610853/000106299316010330/0001062993-16-010330-index.html,https://www.sec.gov/Archives/edgar/data/1610853/000106299316010330/form10k.htm,1620593246,16:47:26,20210509
6,2015-03-31,HSDT,USD,2015-06-29 00:00:00,2015-06-29 13:14:15,FY,0.0,0.0,0.0,0.0,3828775.0,4261507.0,774400.0,0.0,8864682.0,8864682.0,176488.0,0.0,-8844608.0,0.0,-8864682.0,0.0,126541.0,-8894555.0,0.0,0.0,-8894555.0,0.0,-0.8,-0.8,11409681.0,11409681.0,https://www.sec.gov/Archives/edgar/data/1610853/000106299315003610/0001062993-15-003610-index.html,https://www.sec.gov/Archives/edgar/data/1610853/000106299315003610/form10k.htm,1620593246,16:47:26,20210509
7,2014-03-31,HSDT,USD,2014-03-31,2014-03-31,FY,0.0,0.0,0.0,0.0,171781.0,895503.0,0.0,0.0,0.0,1067284.0,0.0,0.0,-1067284.0,0.0,-1067284.0,0.0,0.0,-1067284.0,0.0,0.0,-1067284.0,0.0,-2.959802,-2.959802,360593.0,360593.0,,,1620593246,16:47:26,20210509
8,2013-03-31,HSDT,USD,2013-03-31,2013-03-31,FY,0.0,0.0,0.0,0.0,4250000.0,4267850.0,0.0,0.0,0.0,8517850.0,0.0,0.0,-8517850.0,0.0,-8517850.0,0.0,0.0,-8517850.0,0.0,0.0,0.0,0.0,-1.35,-1.35,6414010.0,6414010.0,,,1620593246,16:47:26,20210509
