,date,symbol,reportedCurrency,fillingDate,acceptedDate,period,revenue,costOfRevenue,grossProfit,grossProfitRatio,researchAndDevelopmentExpenses,generalAndAdministrativeExpenses,sellingAndMarketingExpenses,otherExpenses,operatingExpenses,costAndExpenses,interestExpense,depreciationAndAmortization,ebitda,ebitdaratio,operatingIncome,operatingIncomeRatio,totalOtherIncomeExpensesNet,incomeBeforeTax,incomeBeforeTaxRatio,incomeTaxExpense,netIncome,netIncomeRatio,eps,epsdiluted,weightedAverageShsOut,weightedAverageShsOutDil,link,finalLink,timestamp,est_time,est_date
0,2020-12-31,UONEK,USD,2021-03-31,2021-03-31 12:01:12,FY,376337000,103813000.0,272524000,0.7241488346880588,0.0,146787000,0.0,1653000.0,156528000,260341000.0,74507000.0,9741000.0,125737000.0,0.3341074621947882,115996000.0,0.30822374626996546,-82747000.0,-41045000.0,-0.10906448209982011,-34476000.0,-8113000.0,-0.02155780590268828,-0.1692971050466313,-0.1692971050466313,47921670,47921670,https://www.sec.gov/Archives/edgar/data/1041657/000110465921044506/0001104659-21-044506-index.htm,https://www.sec.gov/Archives/edgar/data/1041657/000110465921044506/tm211759d1_10k.htm,1620599317,18:28:37,20210509
1,2019-12-31,UONEK,USD,2020-04-29,2020-04-29 16:19:10,FY,436929000,128804000.0,308125000,0.7052061090016913,0.0,166444000,0.0,197283000.0,210429000,349833000.0,81400000.0,66295000.0,153391000.0,0.3510661915322627,87096000.0,0.1993367343435661,7075000.0,12921000.0,0.02957231037536991,10864000.0,925000.0,0.002117048765360047,0.0193,0.0193,47921670,47921670,https://www.sec.gov/Archives/edgar/data/1041657/000110465920053397/tm205255d1_10k.htm,https://www.sec.gov/Archives/edgar/data/1041657/000110465920053397/tm205255d1_10k.htm,1620599317,18:28:37,20210509
2,2018-12-31,UONEK,USD,2019-03-18,2019-03-18 16:39:24,FY,439098000,125364000.0,313734000,0.7144965360807838,0.0,159949000,0.0,215748000.0,218838000,367267000.0,76667000.0,77407000.00000001,149238000.0,0.3398740144569094,71831000.0,0.16358762736336763,8002000.0,3406000.0,0.007756810552541802,-138758000.0,137442000.0,0.3130098520148122,2.86332,2.86332,48000960,48000960,https://www.sec.gov/Archives/edgar/data/1041657/000114420419014649/tv512292_10k.htm,https://www.sec.gov/Archives/edgar/data/1041657/000114420419014649/tv512292_10k.htm,1620599317,18:28:37,20210509
3,2017-12-31,UONEK,USD,2018-03-16,2018-03-16 06:08:34,FY,440041000,130417000.0,309624000,0.7036253440020361,0.0,161441000,0.0,238597000.0,227757000,392541000.0,79420000.0,78667000.0,126167000.0,0.28671646505666515,47500000.0,0.10794448699098493,6608000.0,-10701000.0,-0.024318188532432203,-123163000.0,111887000.0,0.2542649434939017,2.25429,2.25429,49632880,49632880,https://www.sec.gov/Archives/edgar/data/1041657/000114420418015060/tv485657_10k.htm,https://www.sec.gov/Archives/edgar/data/1041657/000114420418015060/tv485657_10k.htm,1620599317,18:28:37,20210509
4,2016-12-31,UONEK,USD,2017-03-10,2017-03-10 15:31:32,FY,456219000,134000000.0,322219000,0.7062814130932732,0.0,171541000,0.0,220170000.0,232788000,365428999.99999994,81636000.0,86900000.0,177690000.0,0.38948399781683796,90790000.0,0.1990053022780726,928000.0,10296000.0,0.022568108737251187,9580000.0,-423000.0,-0.0009271862855339213,-0.00883,-0.00883,47924610,47924610,https://www.sec.gov/Archives/edgar/data/1041657/000114420417013955/v460521_10k.htm,https://www.sec.gov/Archives/edgar/data/1041657/000114420417013955/v460521_10k.htm,1620599317,18:28:37,20210509
5,2015-12-31,UONEK,USD,2016-03-14,2016-03-14 17:26:20,FY,450861000,134410000.0,316451000,0.7018815111531048,0.0,203718000,0.0,264883000.0,239073000,421785000.0,80038000.0,88858000.0,117934000.0,0.2615750752449203,29076000.0,0.0644899425765369,-216000.0,-51076000.0,-0.11328546935751817,15058000.0,-74022000.0,-0.16417920379008163,-1.54123,-1.54123,48027890,48027890,https://www.sec.gov/Archives/edgar/data/1041657/000114420416087899/v432337_10k.htm,https://www.sec.gov/Archives/edgar/data/1041657/000114420416087899/v432337_10k.htm,1620599317,18:28:37,20210509
6,2014-12-31,UONEK,USD,2015-02-17,2015-02-17 15:50:48,FY,441387000,141689000.0,299698000,0.6789914519457981,0.0,185711000,0.0,221768000.0,222533000,369901000.0,79810000.0,93821000.0,165307000.0,0.37451714708407813,71486000.0,0.16195764714411617,32000.0,-7926000.0,-0.017957030904852206,34814000.0,-62670000.0,-0.14198424511822957,-1.31865,-1.31865,47525730,47525730,https://www.sec.gov/Archives/edgar/data/1041657/000114420415009981/v400218_10k.htm,https://www.sec.gov/Archives/edgar/data/1041657/000114420415009981/v400218_10k.htm,1620599317,18:28:37,20210509
7,2013-12-31,UONEK,USD,2014-03-31,2014-03-31 10:44:44,FY,448700000,138000000.0,310700000,0.6924448406507688,0.0,182600000,0.0,230471000.0,222831000,375700000.0,89196000.0,98300000.0,171300000.0,0.3817695564965456,73000000.0,0.16269222197459327,300000.0,-15700000.0,-0.034989971027412525,28719000.0,-62000000.0,-0.13817695564965457,-1.28099,-1.28099,48400000,48400000,https://www.sec.gov/Archives/edgar/data/1041657/000114420414019095/v370988_10k.htm,https://www.sec.gov/Archives/edgar/data/1041657/000114420414019095/v370988_10k.htm,1620599317,18:28:37,20210509
8,2012-12-31,UONEK,USD,2013-03-27,2013-03-27 12:45:41,FY,424600000,136000000.0,288600000,0.6796985398021668,0.0,177300000,0.0,215266000.0,216964000,353400000.0,91150000.0,96100000.0,167300000.0,0.39401789919924635,71200000.0,0.167687235044748,-1400000.0,-20700000.0,-0.04875176636834668,33235000.0,-66900000.0,-0.1575600565237871,-1.338,-1.338,50000000,50000000,https://www.sec.gov/Archives/edgar/data/1041657/000114420413017773/v336417_10k.htm,https://www.sec.gov/Archives/edgar/data/1041657/000114420413017773/v336417_10k.htm,1620599317,18:28:37,20210509
9,2011-12-31,UONEK,USD,2012-03-30,2012-03-30 12:03:07,FY,364300000,115100000.0,249200000,0.6840516058193796,0.0,160800000,0.0,231525000.0,201603000,346700000.0,46834000.0,68600000.0,86200000.0,0.23661817183639858,17600000.0,0.04831183090859182,-300000.0,79700000.0,0.21877573428493,3971000.0,2900000.0,0.007960472138347515,0.05545,0.05545,52300000,52300000,https://www.sec.gov/Archives/edgar/data/1041657/000114420412018473/v305510_10k.htm,https://www.sec.gov/Archives/edgar/data/1041657/000114420412018473/v305510_10k.htm,1620599317,18:28:37,20210509
10,2010-12-31,UONEK,USD,2011-03-16,2011-03-16 11:05:09,FY,279300000,74600000.0,204600000,0.7325456498388829,0.0,136000000,0.0,44278000.0,153685000,257500000.0,-41100000.0,17400000.0,39200000.0,0.14035087719298245,21800000.0,0.07805227354099535,-3100000.0,-22400000.0,-0.08020050125313283,4000000.0,-28600000.0,-0.10239885427855352,-0.55534,-0.55534,51500000,51500000,https://www.sec.gov/Archives/edgar/data/1041657/000104165711000008/form10-k2010.htm,https://www.sec.gov/Archives/edgar/data/1041657/000104165711000008/form10-k2010.htm,1620599317,18:28:37,20210509
11,2009-12-31,UONEK,USD,2010-04-01,2010-03-31 17:39:17,FY,271900000,75400000.0,196400000,0.7223243839646929,0.0,115600000,0.0,97547000.0,136759000,276700000.0,-3000.0,21000000.0,16200000.0,0.059580728208900334,-4800000.0,-0.017653549098933432,-100000.0,-39600000.0,-0.14564178006620082,7000000.0,-52900000.0,-0.1945568223611622,-0.88908,-0.88908,59500000,59500000,https://www.sec.gov/Archives/edgar/data/1041657/000104165710000006/form10-k2009.htm,https://www.sec.gov/Archives/edgar/data/1041657/000104165710000006/form10-k2009.htm,1620599317,18:28:37,20210509
12,2008-12-31,UONEK,USD,2009-03-16,2009-03-16 08:47:07,FY,313400000,79300000.0,234100000,0.7469687300574346,0.0,139500000,0.0,329712000.0,583738000,587000000.0,-72770000.0,19000000.0,-254600000.0,-0.8123803446075303,-273600000.0,-0.8730057434588385,-300000.0,-336700000.0,-1.074345883854499,54083000.0,-302900000.0,-0.9664964901084876,-3.21892,-3.21892,94100000,94100000,https://www.sec.gov/Archives/edgar/data/1041657/000104165709000008/form10-k2008.htm,https://www.sec.gov/Archives/edgar/data/1041657/000104165709000008/form10-k2008.htm,1620599317,18:28:37,20210509
13,2007-12-31,UONEK,USD,2008-02-29,2008-02-29 16:21:32,FY,316400000,70500000.0,245900000,0.777180783817952,0.0,129000000,0.0,30701000.0,566873000,425200000.0,-87400000.0,14700000.0,-94100000.0,-0.2974083438685209,-108800000.0,-0.3438685208596713,-300000.0,-196500000.0,-0.6210493046776233,54100000.0,-391500000.0,-1.2373577749683944,-3.96657,-3.96657,98700000,98700000,https://www.sec.gov/Archives/edgar/data/1041657/000104165708000008/form10-k.htm,https://www.sec.gov/Archives/edgar/data/1041657/000104165708000008/form10-k.htm,1620599317,18:28:37,20210509
14,2006-12-31,UONEK,USD,2007-06-14,2007-06-14 17:07:47,FY,321600000,68800000.0,252800000,0.7860696517412935,0.0,126300000,0.0,110141000.0,227201000,209000000.0,-63010000.0,13900000.0,126600000.0,0.39365671641791045,112700000.0,0.3504353233830846,-300000.0,38500000.0,0.11971393034825871,27177000.0,-6700000.0,-0.020833333333333332,-0.06788,-0.06788,98700000,98700000,https://www.sec.gov/Archives/edgar/data/1041657/000095013307002675/w35624e10vk.htm,https://www.sec.gov/Archives/edgar/data/1041657/000095013307002675/w35624e10vk.htm,1620599317,18:28:37,20210509
15,2005-12-31,UONEK,USD,2006-03-15,2006-03-15 17:31:11,FY,308100000,57800000.0,250300000,0.8123985718922427,0.0,118000000,0.0,111261000.0,157845000,189800000.0,-63011000.0,16300000.0,134600000.0,0.4368711457319052,118300000.0,0.38396624472573837,1300000.0,54800000.0,0.17786432976306393,27003000.0,48600000.0,0.15774099318403115,0.46866,0.46866,103700000,103700000,https://www.sec.gov/Archives/edgar/data/1041657/000095013306001299/w18606e10vk.htm,https://www.sec.gov/Archives/edgar/data/1041657/000095013306001299/w18606e10vk.htm,1620599317,18:28:37,20210509
16,2004-12-31,UONEK,USD,2005-03-16,2005-03-15 21:06:38,FY,317200000,52800000.0,264500000,0.8338587641866331,0.0,108100000,0.0,86950000.0,125109000,177600000.0,-39611000.0,16700000.0,156300000.0,0.4927490542244641,139600000.0,0.4401008827238335,100000.0,98700000.0,0.31116015132408575,38717000.0,59500000.0,0.18757881462799494,0.56452,0.56452,105400000,105400000,https://www.sec.gov/Archives/edgar/data/1041657/000119312505051490/d10k.htm,https://www.sec.gov/Archives/edgar/data/1041657/000119312505051490/d10k.htm,1620599317,18:28:37,20210509
17,2003-12-31,UONEK,USD,2004-03-11,2004-03-11 16:57:17,FY,303200000,51500000.0,251700000,0.8301451187335093,0.0,106500000,0.0,83908000000.0,124569000,176100000.0,-41438000000.0,18100000.0,145200000.0,0.4788918205804749,127100000.0,0.4191952506596306,200000.0,86200000.0,0.2843007915567282,-32462000000.0,53800000.0,0.1774406332453826,0.51189,0.51189,105100000,105100000,https://www.sec.gov/Archives/edgar/data/1041657/000119312504039237/d10k.htm,https://www.sec.gov/Archives/edgar/data/1041657/000119312504039237/d10k.htm,1620599317,18:28:37,20210509
18,2002-12-31,UONEK,USD,2003-03-31,2003-03-31 16:28:33,FY,295900000,49600000.0,246300000,0.8323758026360257,0.0,108600000,0.0,80987000000.0,126289000,175900000.0,-59143000000.0,17600000.0,137600000.0,0.46502196688070296,120000000.0,0.4055424129773572,-1400000.0,62200000.0,0.21020615072659682,-25282000000.0,7100000.0,0.023994592767826967,0.06974,0.06974,101800000,101800000,https://www.sec.gov/Archives/edgar/data/1041657/000092838503001004/d10k.htm,https://www.sec.gov/Archives/edgar/data/1041657/000092838503001004/d10k.htm,1620599317,18:28:37,20210509
19,2001-12-31,UONEK,USD,2001-12-31,2001-12-31,FY,243800000,40800000.0,203000000,0.8326497128794094,0.0,89700000,0.0,0.0,219460000,260300000.0,-63400000.0,129700000.0,113300000.0,0.46472518457752254,-16400000.0,-0.06726825266611977,1000000.0,-74600000.0,-0.3059885151763741,-24600000.0,-55200000.0,-0.22641509433962265,-0.6113,-0.6113,90300000,90300000,,,1620599317,18:28:37,20210509
20,2000-12-31,UONEK,USD,2000-12-31,2000-12-31,FY,155700000,24000000.0,131700000,0.8458574181117534,0.0,59600000,0.0,0.0,125658000,146800000.0,-32400000.0,63200000.0,72100000.0,0.4630700064226076,8900000.0,0.057161207450224794,20100000.0,-3400000.0,-0.021836865767501604,800000.0,-4300000.0,-0.027617212588310854,-0.05089,-0.05089,84500000,84500000,,,1620599317,18:28:37,20210509
21,1999-12-31,UONEK,USD,1999-12-31,1999-12-31,FY,81700000,13600000.0,68100000,0.8335373317013464,0.0,35100000,0.0,0.0,56600000,65700000.0,-15300000.0,17100000.0,33100000.0,0.40514075887392903,16000000.0,0.19583843329253367,2100000.0,2900000.0,0.03549571603427173,2700000.0,100000.0,0.0012239902080783353,0.00207,0.00207,48400000,48400000,,,1620599317,18:28:37,20210509
22,1998-12-31,UONEK,USD,1998-12-31,1998-12-31,FY,46100000,8000000.0,38100000,0.8264642082429501,0.0,19300000,0.0,0.0,39900000,35700000.0,-11500000.0,8400000.0,18800000.0,0.4078091106290672,10400000.0,0.22559652928416485,400000.0,-700000.0,-0.015184381778741865,-1600000.0,800000.0,0.01735357917570499,0.02837,0.02837,28200000,28200000,,,1620599317,18:28:37,20210509
23,1997-12-31,UONEK,USD,1997-12-31,1997-12-31,FY,32400000,5900000.0,26400000,0.8148148148148148,0.0,15100000,0.0,0.0,26831000,26800000.0,-8900000.0,5800000.0,11300000.0,0.3487654320987654,5500000.0,0.1697530864197531,400000.0,-3000000.0,-0.09259259259259259,0.0,-4900000.0,-0.15123456790123457,-0.17376,-0.17376,28200000,28200000,,,1620599317,18:28:37,20210509
24,1996-12-31,UONEK,USD,1996-12-31,1996-12-31,FY,23700000,4200000.0,19500000,0.8227848101265823,0.0,11600000,0.0,0.0,15800000,20000000.0,-7300000.0,4300000.0,8000000.0,0.33755274261603374,3700000.0,0.15611814345991562,-100000.0,-3600000.0,-0.1518987341772152,0.0,-3600000.0,-0.1518987341772152,-0.12766,-0.12766,28200000,28200000,,,1620599317,18:28:37,20210509
