,date,symbol,reportedCurrency,fillingDate,acceptedDate,period,revenue,costOfRevenue,grossProfit,grossProfitRatio,researchAndDevelopmentExpenses,generalAndAdministrativeExpenses,sellingAndMarketingExpenses,otherExpenses,operatingExpenses,costAndExpenses,interestExpense,depreciationAndAmortization,ebitda,ebitdaratio,operatingIncome,operatingIncomeRatio,totalOtherIncomeExpensesNet,incomeBeforeTax,incomeBeforeTaxRatio,incomeTaxExpense,netIncome,netIncomeRatio,eps,epsdiluted,weightedAverageShsOut,weightedAverageShsOutDil,link,finalLink,timestamp,est_time,est_date
0,2020-09-30,BDT.DE,EUR,2020-09-30,2020-09-30,FY,915191000,80995000,834196000,0.9114993482234856,0.0,3944000.0,9162000.0,-5850000.0,0.0,895138000,5825000.0,54356000.0,74409000,0.08130433974984456,20053000,0.021911273165929297,0.0,6768000.0,0.007395177618661023,3033000.0,3735000.0,0.004081115308170644,0.3699851411589896,0.3699851411589896,10095000,10095000,https://www.bundesanzeiger.de/pub/de/suche;wwwsid=627BFD7A56A5CB624C47FDDEAB2FC509.web07-pub?0,https://www.bundesanzeiger.de/pub/de/suche;wwwsid=627BFD7A56A5CB624C47FDDEAB2FC509.web07-pub?0,1620589253,15:40:53,20210509
1,2019-09-30,BDT.DE,EUR,2019-09-30,2019-09-30,FY,1059870000,114307000,945563000,0.8921499806580052,0.0,3324000.0,15746000.0,-3195000.0,895048000.0,1009710000,3683000.0,33687000.0,83847000,0.07911064564522063,50160000,0.0473265589176031,0.0,54220000.0,0.051157217394586126,15206000.0,39014000.0,0.036810174832762506,3.86,3.86,10095000,10095000,https://www.bundesanzeiger.de/pub/de/suche;wwwsid=627BFD7A56A5CB624C47FDDEAB2FC509.web07-pub?0,https://www.bundesanzeiger.de/pub/de/suche;wwwsid=627BFD7A56A5CB624C47FDDEAB2FC509.web07-pub?0,1620589253,15:40:53,20210509
2,2018-09-30,BDT.DE,EUR,2018-09-30,2018-09-30,FY,1021020000,106008000,915012000,0.8961744138214727,0.0,2767000.0,16559000.0,-1412000.0,845188000.0,951607000,3676000.0,33022000.0,102435000,0.10032614444379151,69413000,0.06798397680750622,0.0,65300000.0,0.0639556521909463,17915000.0,47385000.0,0.046409472880061114,4.69,4.69,10095000,10095000,https://www.bundesanzeiger.de/pub/de/suche;wwwsid=627BFD7A56A5CB624C47FDDEAB2FC509.web07-pub?0,https://www.bundesanzeiger.de/pub/de/suche;wwwsid=627BFD7A56A5CB624C47FDDEAB2FC509.web07-pub?0,1620589253,15:40:53,20210509
3,2017-09-30,BDT.DE,EUR,2017-09-30,2017-09-30,FY,993878000,111313000,882565000,0.8880013442293723,0.0,2346000.0,16444000.0,-2039000.0,820116000.0,931652000,3946000.0,33864000.0,96090000,0.09668188650920938,62226000,0.06260929409847084,0.0,57991000.0,0.05834820772770904,14125000.0,43866000.0,0.0441362018275885,4.35,4.35,10091000,10091000,https://www.bundesanzeiger.de/pub/de/suche;wwwsid=627BFD7A56A5CB624C47FDDEAB2FC509.web07-pub?0,https://www.bundesanzeiger.de/pub/de/suche;wwwsid=627BFD7A56A5CB624C47FDDEAB2FC509.web07-pub?0,1620589253,15:40:53,20210509
4,2016-09-30,BDT.DE,EUR,2016-09-30,2016-09-30,FY,992693000,103401000,889292000,0.89583788744355,0.0,2600000.0,14738000.0,-304000.0,797654000.0,901524000,2365000.0,29725000.0,120894000,0.12178387477296607,91169000,0.0918400754311756,0.0,89813000.0,0.09047409420636592,26205000.0,63608000.0,0.06407620482868319,6.3,6.3,10091000,10091000,https://www.bundesanzeiger.de/pub/de/suche;wwwsid=627BFD7A56A5CB624C47FDDEAB2FC509.web07-pub?0,https://www.bundesanzeiger.de/pub/de/suche;wwwsid=627BFD7A56A5CB624C47FDDEAB2FC509.web07-pub?0,1620589253,15:40:53,20210509
5,2015-09-30,BDT.DE,EUR,2015-09-30,2015-09-30,FY,935259000,92972000,842287000,0.9005922423628108,0.0,2614000.0,14074000.0,2238000.0,754827000.0,848066000,239000.0,25193000.0,112386000,0.12016564395531078,87193000,0.09322872060038984,0.0,90420000.0,0.09667910172476288,27784000.0,62619000.0,0.06695364599538738,6.21,6.21,10083000,10083000,https://www.bundesanzeiger.de/pub/de/suche;wwwsid=627BFD7A56A5CB624C47FDDEAB2FC509.web07-pub?0,https://www.bundesanzeiger.de/pub/de/suche;wwwsid=627BFD7A56A5CB624C47FDDEAB2FC509.web07-pub?0,1620589253,15:40:53,20210509
6,2014-09-30,BDT.DE,EUR,2014-09-30,2014-09-30,FY,870739000,75953000,794786000,0.9127717949925294,0.0,2463000.0,12876000.0,2314000.0,709656000.0,786027000,55000.0,22234000.0,106946000,0.12282210857673768,84712000,0.09728747649984668,0.0,88299000.0,0.10140696580720514,25956000.0,62339000.0,0.07159320990560891,6.19,6.19,10076000,10076000,https://www.bundesanzeiger.de/pub/de/suche;wwwsid=627BFD7A56A5CB624C47FDDEAB2FC509.web07-pub?0,https://www.bundesanzeiger.de/pub/de/suche;wwwsid=627BFD7A56A5CB624C47FDDEAB2FC509.web07-pub?0,1620589253,15:40:53,20210509
7,2013-09-30,BDT.DE,EUR,2013-09-30,2013-09-30,FY,782780000,67186000,715594000,0.9141700094534863,0.0,2010000.0,11679000.0,1789000.0,636727000.0,704346000,10000.0,19594000.0,98028000,0.1252305884156468,78434000,0.10019928971102991,0.0,80397000.0,0.10270701857482306,23199000.0,57198000.0,0.07307033904800839,5.68,5.68,10069000,10069000,https://www.bundesanzeiger.de/pub/de/suche;wwwsid=627BFD7A56A5CB624C47FDDEAB2FC509.web07-pub?0,https://www.bundesanzeiger.de/pub/de/suche;wwwsid=627BFD7A56A5CB624C47FDDEAB2FC509.web07-pub?0,1620589253,15:40:53,20210509
8,2012-09-30,BDT.DE,EUR,2012-09-30,2012-09-30,FY,709323000,65643000,643680000,0.9074568285534235,0.0,0.0,0.0,-1161000.0,568586000.0,634229000,0.0,15251000.0,90345000,0.12736792688239348,75094000,0.10586714374128571,0.0,74000000.0,0.10432482804025811,22282000.0,51718000.0,0.07291177644035228,5.14,5.14,10061000,10061000,https://www.bundesanzeiger.de/pub/de/suche;wwwsid=627BFD7A56A5CB624C47FDDEAB2FC509.web07-pub?0,https://www.bundesanzeiger.de/pub/de/suche;wwwsid=627BFD7A56A5CB624C47FDDEAB2FC509.web07-pub?0,1620589253,15:40:53,20210509
9,2011-09-30,BDT.DE,EUR,2011-09-30,2011-09-30,FY,576617000,55395000,521222000,0.9039310322102886,0.0,0.0,0.0,-930000.0,460891000.0,516286000,31000.0,11353000.0,71684000,0.1243182216271806,60331000,0.1046292426341922,0.0,60010000.0,0.10407254728875492,18055000.0,41955000.0,0.07276060192467444,4.18,4.18,10049000,10049000,https://www.bundesanzeiger.de/pub/de/suche;wwwsid=627BFD7A56A5CB624C47FDDEAB2FC509.web07-pub?0,https://www.bundesanzeiger.de/pub/de/suche;wwwsid=627BFD7A56A5CB624C47FDDEAB2FC509.web07-pub?0,1620589253,15:40:53,20210509
10,2010-09-30,BDT.DE,EUR,2010-09-30,2010-09-30,FY,429091000,35746000,393345000,0.9166936617174446,0.0,0.0,0.0,-707000.0,349383000.0,385129000,21000.0,10473000.0,54435000,0.12686120193618602,43962000,0.1024537918530102,0.0,43923000.0,0.10236290204175805,12686000.0,31237000.0,0.07279807779701741,3.11,3.11,10040000,10040000,https://www.bundesanzeiger.de/pub/de/suche;wwwsid=627BFD7A56A5CB624C47FDDEAB2FC509.web07-pub?0,https://www.bundesanzeiger.de/pub/de/suche;wwwsid=627BFD7A56A5CB624C47FDDEAB2FC509.web07-pub?0,1620589253,15:40:53,20210509
11,2009-09-30,BDT.DE,EUR,2009-09-30,2009-09-30,FY,384800000,34222000,350578000,0.9110654885654885,0.0,272769000.0,0.0,1030000.0,317809000.0,352031000,281000.0,10953000.0,43722000,0.11362266112266112,32769000,0.08515852390852391,0.0,33048000.0,0.08588357588357588,8443000.0,24604000.0,0.06393970893970893,2.45,2.45,10023000,10023000,https://www.bundesanzeiger.de/pub/de/suche;wwwsid=627BFD7A56A5CB624C47FDDEAB2FC509.web07-pub?0,https://www.bundesanzeiger.de/pub/de/suche;wwwsid=627BFD7A56A5CB624C47FDDEAB2FC509.web07-pub?0,1620589253,15:40:53,20210509
12,2008-09-30,BDT.DE,EUR,2008-09-30,2008-09-30,FY,434435000,45920000,388515000,0.8942994924442091,0.0,281909000.0,0.0,0.0,53543000.0,99463000,590000.0,8855000.0,343827000,0.7914348521643053,334972000,0.7710520561188671,0.0,51496000.0,0.11853556918756546,15315000.0,14926000.0,0.0343572686362747,3.57,3.57,10123000,10123000,https://www.bundesanzeiger.de/pub/de/suche;wwwsid=627BFD7A56A5CB624C47FDDEAB2FC509.web07-pub?0,https://www.bundesanzeiger.de/pub/de/suche;wwwsid=627BFD7A56A5CB624C47FDDEAB2FC509.web07-pub?0,1620589253,15:40:53,20210509
13,2007-09-30,BDT.DE,EUR,2007-09-30,2007-09-30,FY,339691000,38589000,301102000,0.8863996985495641,0.0,218948000.0,0.0,0.0,45675000.0,84264000,0.0,9143000.0,264570000,0.7788549004830861,255427000,0.7519392624473419,0.0,32147000.0,0.09463600743028222,9935000.0,22212000.0,0.06538883867985905,2.2,2.2,10117000,10117000,https://www.bundesanzeiger.de/pub/de/suche;wwwsid=627BFD7A56A5CB624C47FDDEAB2FC509.web07-pub?0,https://www.bundesanzeiger.de/pub/de/suche;wwwsid=627BFD7A56A5CB624C47FDDEAB2FC509.web07-pub?0,1620589253,15:40:53,20210509
14,2006-09-30,BDT.DE,EUR,2006-09-30,2006-09-30,FY,241249000,23405000,217844000,0.9029840538199122,0.0,163480000.0,0.0,0.0,36653000.0,60058000,0.0,9398000.0,190589000,0.7900094922673254,181191000,0.7510538903788202,0.0,12941000.0,0.053641673126106224,5122000.0,7819000.0,0.03241049703832969,0.78,0.78,10077000,10077000,https://www.bundesanzeiger.de/pub/de/suche;wwwsid=627BFD7A56A5CB624C47FDDEAB2FC509.web07-pub?0,https://www.bundesanzeiger.de/pub/de/suche;wwwsid=627BFD7A56A5CB624C47FDDEAB2FC509.web07-pub?0,1620589253,15:40:53,20210509
15,2005-09-30,BDT.DE,EUR,2005-09-30,2005-09-30,FY,217425000,21386000,196039000,0.9016396458548925,0.0,149849000.0,0.0,0.0,39700000.0,61086000,0.0,9336000.0,165675000,0.7619868920317351,156339000,0.719047947568127,0.0,-23000.0,-0.00010578360354145107,-95000.0,72000.0,0.00033114867195584684,0.007147820907376154,0.007122366208329211,10073000,10109000,https://www.bundesanzeiger.de/pub/de/suche;wwwsid=627BFD7A56A5CB624C47FDDEAB2FC509.web07-pub?0,https://www.bundesanzeiger.de/pub/de/suche;wwwsid=627BFD7A56A5CB624C47FDDEAB2FC509.web07-pub?0,1620589253,15:40:53,20210509
16,2004-09-30,BDT.DE,EUR,2004-09-30,2004-09-30,FY,221285000,24602000,196683000,0.8888221072372732,0.0,145598000.0,0.0,0.0,39397000.0,63999000,0.0,10518000.0,167804000,0.7583161985674582,157286000,0.7107847346182525,0.0,3693000.0,0.01668888537406512,1671000.0,2022000.0,0.009137537564679034,0.23,0.22,10065000,10121000,https://www.bundesanzeiger.de/pub/de/suche;wwwsid=627BFD7A56A5CB624C47FDDEAB2FC509.web07-pub?0,https://www.bundesanzeiger.de/pub/de/suche;wwwsid=627BFD7A56A5CB624C47FDDEAB2FC509.web07-pub?0,1620589253,15:40:53,20210509
17,2003-09-30,BDT.DE,EUR,2003-09-30,2003-09-30,FY,226918000,30238000,196680000,0.8667448153077323,0.0,144389000.0,0.0,0.0,38011000.0,68249000,0.0,12196000.0,170865000,0.7529812531399007,158669000,0.699234965934831,0.0,3278000.0,0.014445746921795538,2023000.0,1255000.0,0.0055306322107545455,0.1248011137629276,0.1241467998812939,10056000,10109000,https://www.bundesanzeiger.de/pub/de/suche;wwwsid=627BFD7A56A5CB624C47FDDEAB2FC509.web07-pub?0,https://www.bundesanzeiger.de/pub/de/suche;wwwsid=627BFD7A56A5CB624C47FDDEAB2FC509.web07-pub?0,1620589253,15:40:53,20210509
18,2002-09-30,BDT.DE,EUR,2002-09-30,2002-09-30,FY,229975000,36280000,193695000,0.8422437221437112,0.0,137267000.0,0.0,0.0,37112000.0,73392000,0.0,14726000.0,171309000,0.7449027068159583,156583000,0.6808696597456245,0.0,5189000.0,0.022563322100228284,3109000.0,2080000.0,0.009044461354495053,0.20696517412935322,0.20587944174997524,10050000,10103000,https://www.bundesanzeiger.de/pub/de/suche;wwwsid=627BFD7A56A5CB624C47FDDEAB2FC509.web07-pub?0,https://www.bundesanzeiger.de/pub/de/suche;wwwsid=627BFD7A56A5CB624C47FDDEAB2FC509.web07-pub?0,1620589253,15:40:53,20210509
