,date,symbol,reportedCurrency,fillingDate,acceptedDate,period,revenue,costOfRevenue,grossProfit,grossProfitRatio,researchAndDevelopmentExpenses,generalAndAdministrativeExpenses,sellingAndMarketingExpenses,otherExpenses,operatingExpenses,costAndExpenses,interestExpense,depreciationAndAmortization,ebitda,ebitdaratio,operatingIncome,operatingIncomeRatio,totalOtherIncomeExpensesNet,incomeBeforeTax,incomeBeforeTaxRatio,incomeTaxExpense,netIncome,netIncomeRatio,eps,epsdiluted,weightedAverageShsOut,weightedAverageShsOutDil,link,finalLink,timestamp,est_time,est_date
0,2020-12-31,BRK-B,USD,2021-03-01,2021-03-01 06:22:33,FY,286256000000,0.0,0.0,0.0,0.0,0.0,0.0,0.0,0.0,230563000000.0,4083000000.0,10596000000.0,65563000000.0,0.0,54967000000.0,0.19455662064725282,168543000000.0,55693000000.0,0.19455662064725282,12440000000.0,42521000000.0,0.14854186462467162,17.778676,17.778676,2391702304,2391702304,https://www.sec.gov/Archives/edgar/data/1067983/000156459021009611/0001564590-21-009611-index.htm,https://www.sec.gov/Archives/edgar/data/1067983/000156459021009611/brka-10k_20201231.htm,1620589665,15:47:45,20210509
1,2019-12-31,BRK-B,USD,2020-02-24 00:00:00,2020-02-24 06:23:37,FY,254616000000,107041000000.0,147575000000.0,0.5795982970433908,0.0,0.0,0.0,86390000000.0,105712000000.0,225703000000.0,3961000000.0,10064000000.0,111584000000.0,0.4382442580199202,101520000000.0,0.3987180695635781,72607000000.0,102696000000.0,0.4033367895183335,20904000000.0,81417000000.0,0.319763879724762,33.218683,33.218683,2450917775,2450917775,https://www.sec.gov/Archives/edgar/data/1067983/000156459020005874/0001564590-20-005874-index.html,https://www.sec.gov/Archives/edgar/data/1067983/000156459020005874/brka-10k_20191231.htm,1620589665,15:47:45,20210509
2,2018-12-31,BRK-B,USD,2019-02-25 00:00:00,2019-02-25 06:20:28,FY,247837000000,106083000000.0,141754000000.0,0.5719646380483947,0.0,0.0,0.0,190136000000.0,208374000000.0,219214000000.0,3853000000.0,9779000000.0,13780000000.0,0.055601060374358954,4001000000.0,0.016143675076764164,-22455000000.0,4001000000.0,0.016143675076764164,-321000000.0,4021000000.0,0.016224373277597775,1.630667,1.630667,2465691267,2465691267,https://www.sec.gov/Archives/edgar/data/1067983/000119312519048926/0001193125-19-048926-index.html,https://www.sec.gov/Archives/edgar/data/1067983/000119312519048926/d678758d10k.htm,1620589665,15:47:45,20210509
3,2017-12-31,BRK-B,USD,2018-02-26 00:00:00,2018-02-26 06:12:56,FY,242137000000,101748000000.0,140389000000.0,0.57979160557866,0.0,0.0,0.0,141414000000.0,157655000000.0,221237000000.0,5394000000.0,9188000000.0,33026000000.0,0.1363938596744818,23838000000.0,0.0984483990468206,5144000000.0,23838000000.0,0.0984483990468206,-21515000000.0,44940000000.0,0.18559740973085484,18.217342,18.217342,2466921267,2466921267,https://www.sec.gov/Archives/edgar/data/1067983/000119312518057033/0001193125-18-057033-index.html,https://www.sec.gov/Archives/edgar/data/1067983/000119312518057033/d437858d10k.htm,1620589665,15:47:45,20210509
4,2016-12-31,BRK-B,USD,2017-02-27 00:00:00,2017-02-24 21:03:56,FY,223604000000,3448000000.0,220156000000.0,0.984579882291909,0.0,0.0,0.0,110825000000.0,112564000000.0,190860000000.0,3497000000.0,8901000000.0,42568000000.0,0.1903722652546466,33667000000.0,0.15056528505751238,4725000000.0,33667000000.0,0.15056528505751238,9240000000.0,24074000000.0,0.10766354805817427,9.763338,9.763338,2465737767,2465737767,https://www.sec.gov/Archives/edgar/data/1067983/000119312517056969/0001193125-17-056969-index.html,https://www.sec.gov/Archives/edgar/data/1067983/000119312517056969/d303001d10k.htm,1620589665,15:47:45,20210509
5,2015-12-31,BRK-B,USD,2016-02-29 00:00:00,2016-02-26 21:02:20,FY,210821000000,87029000000.0,123792000000.0,0.5871900806845618,0.0,0.0,0.0,108311000000.0,122034000000.0,175875000000.0,3515000000.0,7779000000.0,42725000000.0,0.20266007655783816,34946000000.0,0.16576147537484406,5235000000.0,34946000000.0,0.16576147537484406,10532000000.0,24083000000.0,0.11423435046793251,9.770672,9.770672,2464773268,2464773268,https://www.sec.gov/Archives/edgar/data/1067983/000119312516483023/0001193125-16-483023-index.html,https://www.sec.gov/Archives/edgar/data/1067983/000119312516483023/d103603d10k.htm,1620589665,15:47:45,20210509
6,2014-12-31,BRK-B,USD,2015-03-02,2015-02-27 21:32:25,FY,194673000000,2758000000.0,191915000000.0,0.9858326527047921,0.0,0.0,0.0,107853000000.0,109376000000.0,166568000000.0,236000000.0,7370000000.0,35475000000.0,0.18222866036892635,28105000000.0,0.14437030302096335,5026000000.0,28105000000.0,0.14437030302096335,7935000000.0,19872000000.0,0.10207887072167172,8.061337,8.061337,2465182767,2465182767,https://www.sec.gov/Archives/edgar/data/1067983/000119312515070966/0001193125-15-070966-index.htm,https://www.sec.gov/Archives/edgar/data/1067983/000119312515070966/d820461d10k.htm,1620589665,15:47:45,20210509
7,2013-12-31,BRK-B,USD,2014-03-03,2014-03-03 06:08:50,FY,182150000000,77053000000.0,105097000000.0,0.576980510568213,0.0,0.0,0.0,97271000000.0,109188000000.0,153354000000.0,228000000.0,6508000000.0,25984000000.0,0.14265166071918747,19476000000.0,0.1069228657699698,4939000000.0,36416000000.0,0.19992314026900906,8951000000.0,19476000000.0,0.1069228657699698,7.900004,7.900004,2465418267,2465418267,https://www.sec.gov/Archives/edgar/data/1067983/000119312514078778/0001193125-14-078778-index.htm,https://www.sec.gov/Archives/edgar/data/1067983/000119312514078778/d656225d10k.htm,1620589665,15:47:45,20210509
8,2012-12-31,BRK-B,USD,2013-03-01 00:00:00,2013-03-01 16:10:21,FY,162463000000,67536000000.0,94927000000.0,0.5842991942780817,0.0,0.0,0.0,95669000000.0,106172000000.0,140227000000.0,196000000.0,5146000000.0,19970000000.0,0.12292029569809741,14824000000.0,0.09124539125831728,4534000000.0,25173000000.0,0.15494604925429176,6924000000.0,14824000000.0,0.09124539125831728,5.98467,5.98467,2476939762,2476939762,https://www.sec.gov/Archives/edgar/data/1067983/000119312513087679/0001193125-13-087679-index.html,https://www.sec.gov/Archives/edgar/data/1067983/000119312513087679/d484968d10k.htm,1620589665,15:47:45,20210509
9,2011-12-31,BRK-B,USD,2012-02-27 00:00:00,2012-02-27 06:02:29,FY,143688000000,59839000000.0,83849000000.0,0.5835490785591003,0.0,0.0,0.0,28855000000.0,37525000000.0,128374000000.0,146000000.0,4683000000.0,14937000000.0,0.10395440120260564,10254000000.0,0.07136295306497412,4792000000.0,14822000000.0,0.10315405601024442,4568000000.0,10254000000.0,0.07136295306497412,4.143335,4.143335,2474835263,2474835263,https://www.sec.gov/Archives/edgar/data/1067983/000119312512079022/0001193125-12-079022-index.html,https://www.sec.gov/Archives/edgar/data/1067983/000119312512079022/d280149d10k.htm,1620589665,15:47:45,20210509
10,2010-12-31,BRK-B,USD,2011-02-28,2011-02-28 10:20:14,FY,67225000000,75222000000.0,-7997000000.0,-0.11895872071402008,0.0,0.0,0.0,11933000000.0,19637000000.0,94859000000.0,0.0,0.0,19051000000.0,0.28339159538862,19051000000.0,0.2833915953886203,5215000000.0,19051000000.0,0.2833915953886203,5607000000.0,13444000000.0,0.19998512458162887,5.285336,5.285336,2453490273,2453490273,https://www.sec.gov/Archives/edgar/data/1067983/000119312511048914/0001193125-11-048914-index.htm,https://www.sec.gov/Archives/edgar/data/1067983/000119312511048914/d10k.htm,1620589665,15:47:45,20210509
11,2009-12-31,BRK-B,USD,2010-03-01 00:00:00,2010-03-01 06:02:07,FY,62555000000,61386000000.0,1169000000.0,0.018687554951642555,0.0,0.0,0.0,622000000.0,8739000000.0,70125000000.0,-130000000.0,0.0,11552000000.0,0.184669490848054,11552000000.0,0.1846694908480537,5245000000.0,11552000000.0,0.1846694908480537,3538000000.0,8014000000.0,0.12811126208936136,3.462002,3.462002,2326759837,2326759837,https://www.sec.gov/Archives/edgar/data/1067983/000119312510043450/0001193125-10-043450-index.html,https://www.sec.gov/Archives/edgar/data/1067983/000119312510043450/d10k.htm,1620589665,15:47:45,20210509
12,2008-12-31,BRK-B,USD,2009-03-02,2009-03-02 11:43:28,FY,65854000000,63943000000.0,1911000000.0,0.029018738421356334,0.0,8052000000.0,0.0,1788000000.0,9840000000.0,73783000000.0,-156000000.0,0.0,7574000000.0,0.115011996234094,7574000000.0,0.1150119962340936,4966000000.0,7574000000.0,0.1150119962340936,0.0,7574000000.0,0.1150119962340936,2.149334,2.149334,2323438838,2323438838,https://www.sec.gov/Archives/edgar/data/1067983/000119312509042055/0001193125-09-042055-index.htm,https://www.sec.gov/Archives/edgar/data/1067983/000119312509042055/d10k.htm,1620589665,15:47:45,20210509
13,2007-12-31,BRK-B,USD,2008-02-29,2008-02-29 16:41:22,FY,58243000000,57173000000.0,1070000000.0,0.01837130642308947,0.0,7098000000.0,0.0,2598000000.0,9696000000.0,66869000000.0,-164000000.0,0.0,0.0,0.0,0.0,0.0,4979000000.0,0.0,0.0,0.0,0.0,0.0,5.69867,5.69867,2318625341,2318625341,https://www.sec.gov/Archives/edgar/data/1067983/000095013408003848/0000950134-08-003848-index.htm,https://www.sec.gov/Archives/edgar/data/1067983/000095013408003848/a38469e10vk.htm,1620589665,15:47:45,20210509
14,2006-12-31,BRK-B,USD,2007-03-01,2007-03-01 16:16:44,FY,51803000000,50605000000.0,1198000000.0,0.02312607377951084,0.0,5932000000.0,0.0,2257000000.0,8189000000.0,58794000000.0,-195000000.0,0.0,16778000000.0,0.323880856321063,16778000000.0,0.3238808563210625,4382000000.0,16778000000.0,0.3238808563210625,0.0,16778000000.0,0.3238808563210625,4.762669,4.762669,2312709344,2312709344,https://www.sec.gov/Archives/edgar/data/1067983/000095013407004573/0000950134-07-004573-index.htm,https://www.sec.gov/Archives/edgar/data/1067983/000095013407004573/a27718e10vk.htm,1620589665,15:47:45,20210509
15,2005-12-31,BRK-B,USD,2006-03-13,2006-03-10 19:21:39,FY,46138000000,38288000000.0,7850000000.0,0.17014174866704235,0.0,0.0,0.0,0.0,5328000000.0,43616000000.0,-144000000.0,0.0,12268000000.0,0.265897958299016,12268000000.0,0.26589795829901597,3487000000.0,12268000000.0,0.26589795829901597,0.0,12268000000.0,0.26589795829901597,3.692002,3.692002,2309661345,2309661345,https://www.sec.gov/Archives/edgar/data/1067983/000095012906002521/0000950129-06-002521-index.htm,https://www.sec.gov/Archives/edgar/data/1067983/000095012906002521/a18139e10vk.htm,1620589665,15:47:45,20210509
16,2004-12-31,BRK-B,USD,2005-03-15 00:00:00,2005-03-15 14:59:29,FY,43222000000,35882000000.0,7340000000.0,0.16982092452917497,0.0,4989000000.0,0.0,0.0,4989000000.0,40871000000.0,-137000000.0,0.0,10699000000.0,0.247535977048725,10699000000.0,0.24753597704872518,2816000000.0,10699000000.0,0.24753597704872518,0.0,10699000000.0,0.24753597704872518,3.168668,3.168668,2306572847,2306572847,https://www.sec.gov/Archives/edgar/data/1067983/000095012905002423/0000950129-05-002423-index.html,https://www.sec.gov/Archives/edgar/data/1067983/000095012905002423/a06623e10vk.htm,1620589665,15:47:45,20210509
17,2003-12-31,BRK-B,USD,2004-03-12 00:00:00,2004-03-12 17:23:17,FY,32098000000,25737000000.0,6361000000.0,0.19817434108044116,0.0,0.0,0.0,0.0,4228000000.0,29965000000.0,-153000000.0,520000000.0,12111000000.0,0.37731322823851954,11591000000.0,0.3611128419216151,3098000000.0,11591000000.0,0.3611128419216151,0.0,11591000000.0,0.3611128419216151,3.539335,3.539335,2303106348,2303106348,https://www.sec.gov/Archives/edgar/data/1067983/000095015004000327/0000950150-04-000327-index.html,https://www.sec.gov/Archives/edgar/data/1067983/000095015004000327/a97198e10vk.htm,1620589665,15:47:45,20210509
18,2002-12-31,BRK-B,USD,2003-03-27 00:00:00,2003-03-27 17:19:22,FY,17347000000,12077000000.0,5270000000.0,0.3037989277684902,0.0,0.0,0.0,0.0,3310000000.0,15387000000.0,-194000000.0,811000000.0,6929000000.0,0.3994350608174324,6118000000.0,0.35268346111719606,3061000000.0,6118000000.0,0.35268346111719606,0.0,6118000000.0,0.35268346111719606,1.863334,1.863334,2299939850,2299939850,https://www.sec.gov/Archives/edgar/data/1067983/000095015003000377/0000950150-03-000377-index.html,https://www.sec.gov/Archives/edgar/data/1067983/000095015003000377/a88664e10vk.htm,1620589665,15:47:45,20210509
19,2001-12-31,BRK-B,USD,2001-12-31,2001-12-31,FY,37503000000,0.0,0.0,0.0,0.0,3000000000.0,0.0,0.0,0.0,36034000000.0,209000000.0,572000000.0,0.0,0.0,0.0,0.03917019971735595,14902000000.0,1469000000.0,0.03917019971735595,620000000.0,795000000.0,0.021198304135669147,0.347334,0.347334,2290849855,2290849855,,,1620589665,15:47:45,20210509
20,2000-12-31,BRK-B,USD,2000-12-31,2000-12-31,FY,33976000000,0.0,0.0,0.0,0.0,1703000000.0,0.0,0.0,0.0,28389000000.0,144000000.0,715000000.0,0.0,0.0,0.0,0.16443960442665412,5306000000.0,5587000000.0,0.16443960442665412,2018000000.0,3328000000.0,0.09795149517306334,1.456667,1.456667,2284398358,2284398358,,,1620589665,15:47:45,20210509
21,1999-12-31,BRK-B,USD,1999-12-31,1999-12-31,FY,24028000000,0.0,0.0,0.0,0.0,1164000000.0,0.0,0.0,0.0,21578000000.0,134000000.0,477000000.0,0.0,0.0,0.0,0.10196437489595472,3729000000.0,2450000000.0,0.10196437489595472,852000000.0,1557000000.0,0.06479940069918429,0.683334,0.683334,2279553360,2279553360,,,1620589665,15:47:45,20210509
22,1998-12-31,BRK-B,USD,1998-12-31,1998-12-31,FY,13832000000,0.0,0.0,0.0,0.0,1056000000.0,0.0,0.0,0.0,9518000000.0,109000000.0,111000000.0,0.0,0.0,0.0,0.3118854829381145,3838000000.0,4314000000.0,0.3118854829381145,1457000000.0,2830000000.0,0.20459803354540196,1.508001,1.508001,1877043561,1877043561,,,1620589665,15:47:45,20210509
23,1997-12-31,BRK-B,USD,1997-12-31,1997-12-31,FY,10430000000,0.0,0.0,0.0,0.0,920800000.0,0.0,0.0,0.0,7602400000.0,111900000.0,83100000.0,0.0,0.0,0.0,0.2711025886864813,31800000.0,2827600000.0,0.2711025886864813,897700000.0,1901600000.0,0.182320230105465,1.028001,1.028001,1849787075,1849787075,,,1620589665,15:47:45,20210509
24,1996-12-31,BRK-B,USD,1996-12-31,1996-12-31,FY,10500300000,0.0,0.0,0.0,0.0,861900000.0,0.0,0.0,0.0,6794400000.0,99700000.0,61700000.0,0.0,0.0,0.0,0.3529327733493329,25300000.0,3705900000.0,0.3529327733493329,1196800000.0,2488600000.0,0.23700275230231518,1.376667,1.376667,1807884596,1807884596,,,1620589665,15:47:45,20210509
25,1995-12-31,BRK-B,USD,1995-12-31,1995-12-31,FY,3713400000,0.0,0.0,0.0,0.0,775900000.0,0.0,0.0,0.0,910900000.0,59300000.0,75700000.0,0.0,0.0,0.0,0.0,3713400000.0,0.0,0.0,270300000.0,725200000.0,0.19529272364948563,0.446407,0.446407,1624526898,1624526898,,,1620589665,15:47:45,20210509
26,1994-12-31,BRK-B,USD,1994-12-31,1994-12-31,FY,3847500000,0.0,0.0,0.0,0.0,1675200000.0,0.0,0.0,0.0,1797800000.0,60100000.0,62500000.0,0.0,0.0,0.0,0.0,0.0,0.0,0.0,158700000.0,494800000.0,0.12860298895386615,0.313027,0.313027,1580695210,1580695210,,,1620589665,15:47:45,20210509
27,1993-12-31,BRK-B,USD,1993-12-31,1993-12-31,FY,2619200000,0.0,0.0,0.0,0.0,1202400000.0,0.0,0.0,0.0,1333300000.0,80700000.0,50200000.0,0.0,0.0,0.0,0.0,2619200000.0,0.0,0.0,420700000.0,688100000.0,0.26271380574221137,0.448,0.448,1766999117,1766999117,,,1620589665,15:47:45,20210509
28,1992-12-31,BRK-B,USD,1992-12-31,1992-12-31,FY,3029300000,0.0,0.0,0.0,0.0,531300000.0,0.0,0.0,0.0,696900000.0,124500000.0,41100000.0,0.0,0.0,0.0,0.0,0.0,0.0,0.0,138100000.0,407300000.0,0.13445350410986037,0.236827,0.236827,1719822358,1719822358,,,1620589665,15:47:45,20210509
29,1991-12-31,BRK-B,USD,1991-12-31,1991-12-31,FY,2427500000,0.0,0.0,0.0,0.0,1452200000.0,0.0,0.0,0.0,1680000000.0,121800000.0,37200000.0,0.0,0.0,0.0,0.0,1169300000.0,0.0,0.0,142100000.0,439900000.0,0.1812152420185376,0.256,0.256,1718358516,1718358516,,,1620589665,15:47:45,20210509
30,1990-12-31,BRK-B,USD,1990-12-31,1990-12-31,FY,1580100000,0.0,0.0,0.0,0.0,541100000.0,0.0,0.0,0.0,710500000.0,112700000.0,56700000.0,0.0,0.0,0.0,0.0,1580100000.0,0.0,0.0,112000000.0,394100000.0,0.24941459401303714,0.229333,0.229333,1718458443,1718458443,,,1620589665,15:47:45,20210509
31,1989-12-31,BRK-B,USD,1989-12-31,1989-12-31,FY,2483900000,0.0,0.0,0.0,0.0,0.0,0.0,0.0,0.0,0.0,0.0,0.0,0.0,0.0,0.0,0.0,0.0,0.0,0.0,0.0,447500000.0,0.18016023189339345,0.260007,0.260007,1721108855,1721108855,,,1620589665,15:47:45,20210509
32,1988-12-31,BRK-B,USD,1988-12-31,1988-12-31,FY,2464900000,0.0,0.0,0.0,0.0,0.0,0.0,0.0,0.0,0.0,0.0,0.0,0.0,0.0,0.0,0.0,0.0,0.0,0.0,0.0,399300000.0,0.16199440139559415,0.232153,0.232153,1719983059,1719983059,,,1620589665,15:47:45,20210509
