,date,symbol,reportedCurrency,fillingDate,acceptedDate,period,revenue,costOfRevenue,grossProfit,grossProfitRatio,researchAndDevelopmentExpenses,generalAndAdministrativeExpenses,sellingAndMarketingExpenses,otherExpenses,operatingExpenses,costAndExpenses,interestExpense,depreciationAndAmortization,ebitda,ebitdaratio,operatingIncome,operatingIncomeRatio,totalOtherIncomeExpensesNet,incomeBeforeTax,incomeBeforeTaxRatio,incomeTaxExpense,netIncome,netIncomeRatio,eps,epsdiluted,weightedAverageShsOut,weightedAverageShsOutDil,link,finalLink,timestamp,est_time,est_date
0,2019-12-31,WUBA,CNY,2020-04-29,2020-04-29,FY,15576523000,1798407000.0,13778116000,0.8845437457383782,2058663000,7410807000,1456157000,0.0,10925627000.0,12720381000.0,-8019000.0,399668000.0,3255810000,0.20902033143083343,2856142000,0.18336197365740736,259407000.0,9279560000,0.5957401404665214,834334000.0,8278214000,0.5314545486178142,27.4614,27.4614,301449100,301449100,https://www.sec.gov/Archives/edgar/data/1525494/000110465920053363/wuba-20191231x20f.htm,https://www.sec.gov/Archives/edgar/data/1525494/000110465920053363/wuba-20191231x20f.htm,1620599976,18:39:36,20210509
1,2018-12-31,WUBA,CNY,2019-04-19,2019-04-19,FY,13137815000,1437795000.0,11700020000,0.8905605688617171,1702748000,6403799000,1206812000,0.0,9313359000.0,10754428000.0,-2263000.0,413092000.0,2796479000,0.21285723691496644,2383387000,0.1814142610472137,82113000.0,2428763000,0.18486810782462684,-43668000.0,1996995000,0.15200358659335667,6.66306,6.66306,299711260,299711260,https://www.sec.gov/Archives/edgar/data/1525494/000114420419020356/tv518516_20f.htm,https://www.sec.gov/Archives/edgar/data/1525494/000114420419020356/tv518516_20f.htm,1620599976,18:39:36,20210509
2,2017-12-31,WUBA,CNY,2018-04-30,2018-04-30,FY,10068780000,925497000.0,9143283000,0.9080825085064923,1368441000,5063423000,914954000,0.0,7346818000.0,8272315000.0,7867000.0,435627000.0,2232092000,0.22168445432316528,1796465000,0.1784193318356345,85455000.0,1535931000,0.1525439030349258,-22449000.0,1285068000,0.12762896795838224,4.35166,4.35166,295305000,295305000,https://www.sec.gov/Archives/edgar/data/1525494/000114420418023487/tv489995_20f.htm,https://www.sec.gov/Archives/edgar/data/1525494/000114420418023487/tv489995_20f.htm,1620599976,18:39:36,20210509
3,2016-12-31,WUBA,CNY,2017-05-01,2017-05-01,FY,7592127000,707237000.0,6884890000,0.9068459998100664,1107897000,4914228000,629058000,0.0,6651183000.0,7278839000.0,10580000.0,406827000.0,720115000,0.09485023103538705,313288000,0.04126485239248501,-12713000.0,-823943000,-0.10852597697588567,7349000.0,-783764000,-0.10323378415561278,-2.73112,-2.73112,286975070,286975070,https://www.sec.gov/Archives/edgar/data/1525494/000114420417023442/v464335_20f.htm,https://www.sec.gov/Archives/edgar/data/1525494/000114420417023442/v464335_20f.htm,1620599976,18:39:36,20210509
4,2015-12-31,WUBA,CNY,2016-05-13,2016-05-13,FY,4478098000,322016000.0,4156082000,0.9280908993059107,760796000,4589958000,385543000,0.0,5943046979.94,5293241000.0,8191000.0,209144000.0,-605999000,-0.1353250866774242,-815143000,-0.18202884349560908,45362000.0,-1697369000,-0.37903793083581466,7952000.0,-1573640000,-0.35140812014386463,-6.7017,-6.7017,234811990,234811990,https://www.sec.gov/Archives/edgar/data/1525494/000114420416101840/v436223_20f.htm,https://www.sec.gov/Archives/edgar/data/1525494/000114420416101840/v436223_20f.htm,1620599976,18:39:36,20210509
5,2014-12-31,WUBA,CNY,2015-04-29,2015-04-29,FY,1865153644,97446532.0,1767707113,0.9477541534910676,307430996,1288244381,125033000,55115000.0,1516388772.13,1818154909.0000002,114466592.0,39761480.0,86760215,0.0465163903676774,46998735,0.02519831819281479,41466160.0,202931487,0.10880148541800237,-6186000.0,159388852,0.08545615130031614,0.9159,0.9159,174025000,174025000,https://www.sec.gov/Archives/edgar/data/1525494/000114420415025707/v405080_20f.htm,https://www.sec.gov/Archives/edgar/data/1525494/000114420415025707/v405080_20f.htm,1620599976,18:39:36,20210509
6,2013-12-31,WUBA,CNY,2014-04-23,2014-04-23,FY,145747000,8471000.0,137276000,0.9418787350683033,25138000,-45474000,58457000,26077000.0,743318737.2,131126000.0,0.0,4657000.0,19278000,0.13227030401997983,14621000,0.10031767377716179,2728000.0,19557000,0.13418458012857898,0.0,19557000,0.13418458012857898,0.00031,0.00031,63717007000,63717007000,https://www.sec.gov/Archives/edgar/data/1525494/000114420414024266/0001144204-14-024266-index.htm,https://www.sec.gov/Archives/edgar/data/1525494/000114420414024266/v375205_20f.htm,1620599976,18:39:36,20210509
