,date,symbol,reportedCurrency,fillingDate,acceptedDate,period,revenue,costOfRevenue,grossProfit,grossProfitRatio,researchAndDevelopmentExpenses,generalAndAdministrativeExpenses,sellingAndMarketingExpenses,otherExpenses,operatingExpenses,costAndExpenses,interestExpense,depreciationAndAmortization,ebitda,ebitdaratio,operatingIncome,operatingIncomeRatio,totalOtherIncomeExpensesNet,incomeBeforeTax,incomeBeforeTaxRatio,incomeTaxExpense,netIncome,netIncomeRatio,eps,epsdiluted,weightedAverageShsOut,weightedAverageShsOutDil,link,finalLink,timestamp,est_time,est_date
0,2020-10-31,VGRBF,USD,2021-01-29,2021-01-29 15:17:44,FY,17401.0,0.0,0.0,0.0,14629.0,453160.0,0.0,0.0,472142.0,472142.0,12887.0,4353.0,-450388.0,-25.882880294235964,-454741.0,-26.133038331130393,-18288.0,-485916.0,-27.92460203436584,0.0,-485916.0,-27.92460203436584,-0.01368244042322655,-0.01368244042322655,35513840.0,35513840.0,https://www.sec.gov/Archives/edgar/data/1551887/000139390521000025/0001393905-21-000025-index.htm,https://www.sec.gov/Archives/edgar/data/1551887/000139390521000025/dusyf_10k.htm,1620599491,18:31:31,20210509
1,2019-10-31,VGRBF,USD,2020-01-29 00:00:00,2020-01-29 13:54:07,FY,0.0,0.0,0.0,0.0,200330.0,511200.0,0.0,459668.0,716438.0,831440.0,11674.0,4900.0,-826540.0,0.0,-831440.0,0.0,0.0,-841260.0,0.0,0.0,-841260.0,0.0,-0.02369,-0.02369,35513840.0,35513840.0,https://www.sec.gov/Archives/edgar/data/1551887/000139390520000034/0001393905-20-000034-index.html,https://www.sec.gov/Archives/edgar/data/1551887/000139390520000034/vgrbf_10k.htm,1620599491,18:31:31,20210509
2,2018-10-31,VGRBF,USD,2019-01-30 00:00:00,2019-01-29 18:47:05,FY,0.0,0.0,0.0,0.0,183430.0,378140.0,0.0,511430.0,561569.0,561570.0,2976.0,0.0,-554194.0,0.0,-561570.0,0.0,0.0,-557170.0,0.0,0.0,-557170.0,0.0,-0.01588,-0.01588,35091920.0,35091920.0,https://www.sec.gov/Archives/edgar/data/1551887/000139390519000032/0001393905-19-000032-index.html,https://www.sec.gov/Archives/edgar/data/1551887/000139390519000032/vgrbf_10k.htm,1620599491,18:31:31,20210509
3,2017-10-31,VGRBF,USD,2017-10-31,2017-10-31,FY,0.0,0.0,0.0,0.0,180000.0,93700.0,0.0,46018.0,273695.0,273700.0,250.0,0.0,-289620.0,0.0,-273700.0,0.0,0.0,-289870.0,0.0,0.0,-289870.0,0.0,-0.00828,-0.00828,35013840.0,35013840.0,,,1620599491,18:31:31,20210509
4,2016-10-31,VGRBF,USD,2017-01-30 00:00:00,2017-01-30 15:33:20,FY,0.0,0.0,0.0,0.0,150000.0,118850.0,0.0,0.0,268070.0,242240.0,0.0,0.0,-322240.0,0.0,-242240.0,0.0,-80000.0,-322240.0,0.0,0.0,-322240.0,0.0,-0.00997,-0.00997,32319140.0,32319140.0,https://www.sec.gov/Archives/edgar/data/1551887/000139390517000017/0001393905-17-000017-index.html,https://www.sec.gov/Archives/edgar/data/1551887/000139390517000017/vgrbf_10k.htm,1620599491,18:31:31,20210509
5,2015-10-31,VGRBF,USD,2015-10-31,2015-10-31,FY,0.0,0.0,0.0,0.0,4470220.0,137860.0,0.0,114685.0,4595432.0,4616490.0,0.0,0.0,-4619060.0,0.0,-4616490.0,0.0,-2570.0,-4619060.0,0.0,0.0,-4619060.0,0.0,-0.18912,-0.18912,24424470.0,24424470.0,,,1620599491,18:31:31,20210509
6,2014-10-31,VGRBF,USD,2014-10-31,2014-10-31,FY,0.0,0.0,0.0,0.0,0.0,130000.0,0.0,128856.0,135999.0,130000.0,0.0,0.0,-130000.0,0.0,-130000.0,0.0,0.0,-130000.0,0.0,0.0,-130000.0,0.0,-0.01793,-0.01793,7250000.0,7250000.0,,,1620599491,18:31:31,20210509
7,2013-10-31,VGRBF,USD,2013-10-31,2013-10-31,FY,0.0,0.0,0.0,0.0,10000.0,140000.0,0.0,0.0,149879.0,150000.0,0.0,0.0,-150000.0,0.0,-150000.0,0.0,0.0,-150000.0,0.0,0.0,-150000.0,0.0,-0.02168,-0.02168,6920000.0,6920000.0,,,1620599491,18:31:31,20210509
8,2012-10-31,VGRBF,USD,2013-01-28 00:00:00,2013-01-28 16:35:29,FY,0.0,0.0,0.0,0.0,10000.0,200000.0,0.0,0.0,213727.0,210000.0,20000.0,0.0,-180000.0,0.0,-210000.0,0.0,0.0,-200000.0,0.0,0.0,-200000.0,0.0,-0.03704,-0.03704,5400000.0,5400000.0,https://www.sec.gov/Archives/edgar/data/1551887/000143774913000756/0001437749-13-000756-index.html,https://www.sec.gov/Archives/edgar/data/1551887/000143774913000756/venzagold_10k-103112.htm,1620599491,18:31:31,20210509
9,2011-10-31,VGRBF,USD,2011-10-31,2011-10-31,FY,0.0,0.0,0.0,0.0,0.0,150000.0,0.0,0.0,149163.0,150000.0,20000.0,0.0,-100000.0,0.0,-150000.0,0.0,0.0,-120000.0,0.0,0.0,-120000.0,0.0,-0.01734,-0.01734,6920000.0,6920000.0,,,1620599491,18:31:31,20210509
10,2010-10-31,VGRBF,USD,2010-10-31,2010-10-31,FY,0.0,0.0,0.0,0.0,0.0,30000.0,0.0,0.0,30000.0,30000.0,0.0,0.0,-30000.0,0.0,-30000.0,0.0,0.0,-30000.0,0.0,0.0,-30000.0,0.0,-0.00434,-0.00434,6920000.0,6920000.0,,,1620599491,18:31:31,20210509
