,date,symbol,reportedCurrency,fillingDate,acceptedDate,period,revenue,costOfRevenue,grossProfit,grossProfitRatio,researchAndDevelopmentExpenses,generalAndAdministrativeExpenses,sellingAndMarketingExpenses,otherExpenses,operatingExpenses,costAndExpenses,interestExpense,depreciationAndAmortization,ebitda,ebitdaratio,operatingIncome,operatingIncomeRatio,totalOtherIncomeExpensesNet,incomeBeforeTax,incomeBeforeTaxRatio,incomeTaxExpense,netIncome,netIncomeRatio,eps,epsdiluted,weightedAverageShsOut,weightedAverageShsOutDil,link,finalLink,timestamp,est_time,est_date
0,2020-03-31,CENTRUM.NS,INR,2020-03-31,2020-03-31,FY,4681790000,3986493000.0,695297000.0,0.1485109327842556,0.0,577970000.0,38101000.0,48388000.0,1260854000,5247347000,65098000.0,200316000,-365241000,-0.07801311037017893,-565557000,-0.1207993096657475,0.0,126609000,0.027042861811401194,119452000.0,144462000,0.030856146901078435,0.35,0.35,416033000,416033000,https://www.nseindia.com/companies-listing/corporate-filings-annual-reports,https://www.nseindia.com/companies-listing/corporate-filings-annual-reports,1620590127,15:55:27,20210509
1,2019-03-31,CENTRUM.NS,INR,2019-03-31,2019-03-31,FY,3625710549,3770114560.0,-144404011.0,-0.039827782457655864,0.0,574736330.0,219428763.0,0.0,2273739204,6043853764,0.0,69549870,-2348593345,-0.6477608494279172,-2418143215,-0.6669432604505462,0.0,1673531208,0.46157330690988924,886440933.0,734696375,0.20263514284190037,1.77,1.77,416032740,416032740,https://www.nseindia.com/companies-listing/corporate-filings-annual-reports,https://www.nseindia.com/companies-listing/corporate-filings-annual-reports,1620590127,15:55:27,20210509
2,2018-03-31,CENTRUM.NS,INR,2018-03-31,2018-03-31,FY,98848050239,96392540037.0,2455510202.0,0.024841260865165662,0.0,599448894.0,78930774.0,9275441.0,1978172230,98370712267,0.0,82191828,559529800,0.0056605041641907905,477337972,0.004829007459892908,0.0,799281476,0.008085960968045959,383153702.0,318541710,0.003222539131827215,0.77,0.77,416032740,416032740,https://www.nseindia.com/companies-listing/corporate-filings-annual-reports,https://www.nseindia.com/companies-listing/corporate-filings-annual-reports,1620590127,15:55:27,20210509
3,2017-03-31,CENTRUM.NS,INR,2017-03-31,2017-03-31,FY,68631226989,0.0,0.0,0.0,0.0,190012142.0,138382516.0,0.0,68091023120,68091023120,556261740.0,66475228,606679097,0.008839694751446548,540203869,0.007871109008244632,0.0,758874947,0.011057283692766123,302194502.0,300140394,0.004373233689208348,0.72,0.72,416032740,416032740,https://www.nseindia.com/companies-listing/corporate-filings-annual-reports,https://www.nseindia.com/companies-listing/corporate-filings-annual-reports,1620590127,15:55:27,20210509
4,2016-03-31,CENTRUM.NS,INR,2016-03-31,2016-03-31,FY,39947254386,0.0,0.0,0.0,0.0,65386631.0,128487832.0,0.0,39348199492,39348199492,263295633.0,45919142,644974036,0.016145641193954972,599054894,0.014996146874363061,0.0,493400170,0.01235129116089936,181082432.0,261591849,0.006548431250676343,0.63,0.63,416032740,416032740,https://www.nseindia.com/companies-listing/corporate-filings-annual-reports,https://www.nseindia.com/companies-listing/corporate-filings-annual-reports,1620590127,15:55:27,20210509
5,2015-06-30,CENTRUM.NS,INR,2015-06-30,2015-06-30,FY,44682598319,41838317070.0,2844281249.0,0.06365523393903776,0.0,0.0,0.0,0.0,1899676761,43737993831,313148457.0,65884299,1010488787,0.022614817065602887,944604488,0.021140321367531887,0.0,773515741,0.0173113420011451,243384247.0,456136672,0.010208373934378854,1.1,1.1,416032740,416032740,https://www.nseindia.com/companies-listing/corporate-filings-annual-reports,https://www.nseindia.com/companies-listing/corporate-filings-annual-reports,1620590127,15:55:27,20210509
6,2014-06-30,CENTRUM.NS,INR,2014-06-30,2014-06-30,FY,34844458659,32914268377.0,1930190282.0,0.055394468913680474,0.0,0.0,0.0,0.0,1509799624,34424068001,0.0,53312063,473702721,0.013594779176678269,420390658,0.012064777992796195,0.0,314102784,0.009014425710381073,64328778.0,249983881,0.007174279372408373,0.6,0.6,416032740,416032740,https://www.nseindia.com/companies-listing/corporate-filings-annual-reports,https://www.nseindia.com/companies-listing/corporate-filings-annual-reports,1620590127,15:55:27,20210509
7,2013-06-30,CENTRUM.NS,INR,2013-06-30,2013-06-30,FY,28259149364,26721290558.0,1537858806.0,0.054419854829711005,0.0,0.0,0.0,0.0,1228266216,27949556774,0.0,63131426,372724016,0.01318949877786562,309592590,0.010955481568542801,0.0,101042732,0.00357557584973597,-44605574.0,143458451,0.005076531113946237,0.35,0.35,416032740,416032740,https://www.nseindia.com/companies-listing/corporate-filings-annual-reports,https://www.nseindia.com/companies-listing/corporate-filings-annual-reports,1620590127,15:55:27,20210509
8,2012-06-30,CENTRUM.NS,INR,2012-06-30,2012-06-30,FY,30018507745,28838020159.0,1180487586.0,0.03932532543016322,0.0,0.0,0.0,4473000.0,1342402878,30180423037,0.0,65331438,-96583854,-0.003217476858625239,-161915292,-0.005393848800727586,0.0,-260318900,-0.008671946727377203,47929210.0,-308253345,-0.010268776436808185,-0.741,-0.741,416032740,416032740,https://www.nseindia.com/companies-listing/corporate-filings-annual-reports,https://www.nseindia.com/companies-listing/corporate-filings-annual-reports,1620590127,15:55:27,20210509
9,2011-06-30,CENTRUM.NS,INR,2011-06-30,2011-06-30,FY,16134423284,15290820244.0,843603040.0,0.052285912248042646,0.0,580188351.0,0.0,0.0,1127808189,16418628433,0.0,117392496,-166812653,-0.010338928765146683,-284205149,-0.017614831593133998,0.0,-272346147,-0.016879819142347475,2662918.0,-191357991,-0.011860231235520125,-0.466,-0.466,410659560,410659560,https://www.nseindia.com/companies-listing/corporate-filings-annual-reports,https://www.nseindia.com/companies-listing/corporate-filings-annual-reports,1620590127,15:55:27,20210509
10,2010-06-30,CENTRUM.NS,INR,2010-06-30,2010-06-30,FY,12745015935,11901912748.0,843103187.0,0.06615159928397532,0.0,435320995.0,0.0,0.0,798061908,12699974656,0.0,49241985,94283264,0.007397657600496362,45041279,0.003534030810923423,0.0,83617209,0.00656077712467764,55720495.0,27748104,0.0021771729546291854,0.067667,0.067667,409685760,409685760,https://www.nseindia.com/companies-listing/corporate-filings-annual-reports,https://www.nseindia.com/companies-listing/corporate-filings-annual-reports,1620590127,15:55:27,20210509
11,2009-06-30,CENTRUM.NS,INR,2009-06-30,2009-06-30,FY,11410079000,10601372000.0,808707000.0,0.07087654695467052,0.0,188413000.0,0.0,0.0,628732000,11230104000,68987000.0,51605000,231580000,0.020296090850904714,179975000,0.015773335136417547,0.0,110989000,0.009727277085461021,116609000.0,-80315000,-0.0070389521404715955,-0.013667,-0.013667,409685760,409685760,https://www.nseindia.com/companies-listing/corporate-filings-annual-reports,https://www.nseindia.com/companies-listing/corporate-filings-annual-reports,1620590127,15:55:27,20210509
12,2008-06-30,CENTRUM.NS,INR,2008-06-30,2008-06-30,FY,17530251000,16707019000.0,823232000.0,0.046960651048293604,0.0,272651000.0,0.0,0.0,468355000,17175374000,44558000.0,21828000,376705000,0.021488853753434563,354877000,0.020243691890093302,0.0,310319000,0.01770191425097108,87195000.0,197416000,0.011261447425938167,0.481833,0.481833,409718437,409718437,https://www.nseindia.com/companies-listing/corporate-filings-annual-reports,https://www.nseindia.com/companies-listing/corporate-filings-annual-reports,1620590127,15:55:27,20210509
