,date,symbol,reportedCurrency,fillingDate,acceptedDate,period,revenue,costOfRevenue,grossProfit,grossProfitRatio,researchAndDevelopmentExpenses,generalAndAdministrativeExpenses,sellingAndMarketingExpenses,otherExpenses,operatingExpenses,costAndExpenses,interestExpense,depreciationAndAmortization,ebitda,ebitdaratio,operatingIncome,operatingIncomeRatio,totalOtherIncomeExpensesNet,incomeBeforeTax,incomeBeforeTaxRatio,incomeTaxExpense,netIncome,netIncomeRatio,eps,epsdiluted,weightedAverageShsOut,weightedAverageShsOutDil,link,finalLink,timestamp,est_time,est_date
0,2020-12-31,3628.HK,HKD,2020-12-31,2020-12-31,FY,76279000,46437000,29842000,0.3912216992881396,3874000.0,16067000.0,10328000.0,161000.0,0.0,73999000,0.0,0.0,4067000.0,0.05331742681471965,2280000.0,0.03265643230771248,0.0,2491000.0,0.03265643230771248,3274000.0,-783000.0,-0.010264948413062573,-0.0009738805970149253,-0.0009738805970149253,804000000,804000000,https://www1.hkexnews.hk/search/titlesearch.xhtml,https://www1.hkexnews.hk/search/titlesearch.xhtml,1620585612,14:40:12,20210509
1,2019-12-31,3628.HK,HKD,2019-12-31,2019-12-31,FY,71507000,38104000,33403000,0.4671290922567021,0.0,21171000.0,11663000.0,257000.0,31082000.0,69186000,0.0,1826000.0,4147000.0,0.057994322234186865,2321000.0,0.03245836071992952,0.0,4379000.0,0.06123875984169382,3676000.0,703000.0,0.009831205336540479,0.0009,0.0009,804000000,804000000,https://www1.hkexnews.hk/search/titlesearch.xhtml,https://www1.hkexnews.hk/search/titlesearch.xhtml,1620585612,14:40:12,20210509
2,2018-12-31,3628.HK,HKD,2018-12-31,2018-12-31,FY,101043000,63774000,37269000,0.36884296784537274,0.0,17397000.0,9623000.0,176000.0,23882000.0,87656000,0.0,1635000.0,15022000.0,0.1486693783834605,13387000.0,0.13248814860999772,0.0,16327000.0,0.16158467187237116,7104000.0,9223000.0,0.09127797076492186,0.011,0.011,804000000,804000000,https://www1.hkexnews.hk/search/titlesearch.xhtml,https://www1.hkexnews.hk/search/titlesearch.xhtml,1620585612,14:40:12,20210509
3,2017-12-31,3628.HK,HKD,2017-12-31,2017-12-31,FY,43671000,25343000,18328000,0.41968354285452586,1852000.0,13825000.0,9853000.0,48000.0,21976000.0,47319000,0.0,1499000.0,-2149000.0,-0.04920885713631472,-3648000.0,-0.08353369512949096,0.0,-943000.0,-0.0215932770030455,2287000.0,-3230000.0,-0.07396212589590347,-0.004,-0.004,804000000,804000000,https://www1.hkexnews.hk/search/titlesearch.xhtml,https://www1.hkexnews.hk/search/titlesearch.xhtml,1620585612,14:40:12,20210509
4,2016-12-31,3628.HK,HKD,2016-12-31,2016-12-31,FY,40110000,29061000,11049000,0.2754674644727001,2717000.0,16889000.0,8005000.0,-140000.0,24093000.0,53154000,0.0,1798000.0,-11246000.0,-0.28037895786586886,-13044000.0,-0.325205684367988,0.0,-13166000.0,-0.32824731987035655,-179000.0,-12987000.0,-0.3237845923709798,-0.016,-0.016,804000000,804000000,https://www1.hkexnews.hk/search/titlesearch.xhtml,https://www1.hkexnews.hk/search/titlesearch.xhtml,1620585612,14:40:12,20210509
5,2015-12-31,3628.HK,HKD,2015-12-31,2015-12-31,FY,69383000,35488000,33895000,0.48852024271075045,2925000.0,15641000.0,10705000.0,658000.0,24656000.0,60144000,0.0,2012000.0,11251000.0,0.16215787728982603,9239000.0,0.13315941945433318,0.0,4960000.0,0.07148725192049926,3780000.0,1180000.0,0.017007047835925226,0.001,0.001,804000000,804000000,https://www1.hkexnews.hk/search/titlesearch.xhtml,https://www1.hkexnews.hk/search/titlesearch.xhtml,1620585612,14:40:12,20210509
6,2014-12-31,3628.HK,HKD,2014-12-31,2014-12-31,FY,97473000,53225000,44248000,0.453951350630431,6618000.0,13218000.0,10580000.0,978000.0,26082000.0,79307000,0.0,1939000.0,20105000.0,0.2062622469812153,18166000.0,0.18636955874960245,0.0,22351000.0,0.22930452535573953,11743000.0,10608000.0,0.10883013757655967,0.01326,0.013233232016774947,800000000,801618228,https://www1.hkexnews.hk/search/titlesearch.xhtml,https://www1.hkexnews.hk/search/titlesearch.xhtml,1620585612,14:40:12,20210509
7,2013-12-31,3628.HK,HKD,2013-12-31,2013-12-31,FY,133872000,73875000,59997000,0.44816690570096807,7012000.0,15114000.0,14775000.0,964000.0,29729000.0,103604000,0.0,1604000.0,31872000.0,0.23807816421656508,30268000.0,0.2260965698577746,0.0,34750000.0,0.25957631170072903,6819000.0,27931000.0,0.20863959603203058,0.035,0.03475,800000000,801062152,https://www1.hkexnews.hk/search/titlesearch.xhtml,https://www1.hkexnews.hk/search/titlesearch.xhtml,1620585612,14:40:12,20210509
8,2012-12-31,3628.HK,HKD,2012-12-31,2012-12-31,FY,145461000,80961000,64500000,0.4434178233340895,10294000.0,16233000.0,8228000.0,0.0,27421000.0,108382000,0.0,1433000.0,38512000.0,0.26475825135259623,37079000.0,0.2549068135101505,0.0,37079000.0,0.2549068135101505,7393000.0,29686000.0,0.20408219385264778,0.0371075,0.03705152422452018,800000000,801208604,https://www1.hkexnews.hk/search/titlesearch.xhtml,https://www1.hkexnews.hk/search/titlesearch.xhtml,1620585612,14:40:12,20210509
9,2011-12-31,3628.HK,HKD,2011-12-31,2011-12-31,FY,156044000,99273000,56771000,0.3638140524467458,4372000.0,10429000.0,11860000.0,0.0,28193000.0,127466000,0.0,1383000.0,29961000.0,0.19200353746379226,28578000.0,0.18314065263643586,0.0,28578000.0,0.18314065263643586,2899000.0,25679000.0,0.1645625592781523,0.041,0.041,624657536,624657536,https://www1.hkexnews.hk/search/titlesearch.xhtml,https://www1.hkexnews.hk/search/titlesearch.xhtml,1620585612,14:40:12,20210509
10,2010-12-31,3628.HK,HKD,2010-12-31,2010-12-31,FY,91713000,51099000,40614000,0.442837983710052,394000.0,7062000.0,8817000.0,0.0,12876000.0,63975000,0.0,1086000.0,28824000.0,0.31428477969317326,27738000.0,0.30244349219848876,0.0,27738000.0,0.30244349219848876,7805000.0,19933000.0,0.21734105306772214,0.03325,0.03325,600000000,600000000,https://www1.hkexnews.hk/search/titlesearch.xhtml,https://www1.hkexnews.hk/search/titlesearch.xhtml,1620585612,14:40:12,20210509
