,date,symbol,reportedCurrency,fillingDate,acceptedDate,period,revenue,costOfRevenue,grossProfit,grossProfitRatio,researchAndDevelopmentExpenses,generalAndAdministrativeExpenses,sellingAndMarketingExpenses,otherExpenses,operatingExpenses,costAndExpenses,interestExpense,depreciationAndAmortization,ebitda,ebitdaratio,operatingIncome,operatingIncomeRatio,totalOtherIncomeExpensesNet,incomeBeforeTax,incomeBeforeTaxRatio,incomeTaxExpense,netIncome,netIncomeRatio,eps,epsdiluted,weightedAverageShsOut,weightedAverageShsOutDil,link,finalLink,timestamp,est_time,est_date
0,2020-12-31,BSKP.SW,CHF,2020-12-31,2020-12-31,FY,538299000,0.0,0.0,0.0,0.0,77168000,21560000.0,0.0,0.0,0.0,102920000.0,29025000.0,0.0,0.0,0.0,0.22589304457188292,0.0,121598000,0.22589304457188292,13295000,108303000,0.20119487496725796,2.65,2.34,5099307.0,5099307.0,https://www.six-group.com/en/products-services/the-swiss-stock-exchange.html,https://www.six-group.com/en/products-services/the-swiss-stock-exchange.html,1620589710,15:48:30,20210509
1,2019-12-31,BSKP.SW,CHF,2019-12-31,2019-12-31,FY,543486000,0.0,0.0,0.0,0.0,103409000,24265000.0,178000.0,402026000.0,0.0,95469000.0,26366000.0,0.0,0.0,0.0,0.22503615548514588,0.0,122304000,0.22503615548514588,10466000,111838000,0.20577898970718658,2.74,2.42,5099308.0,5099308.0,https://www.six-group.com/en/products-services/the-swiss-stock-exchange.html,https://www.six-group.com/en/products-services/the-swiss-stock-exchange.html,1620589710,15:48:30,20210509
2,2018-12-31,BSKP.SW,CHF,2018-12-31,2018-12-31,FY,549650000,0.0,0.0,0.0,0.0,100218000,25712000.0,0.0,425261000.0,0.0,102383000.0,25910000.0,0.0,0.0,0.0,0.3683762394250887,0.0,202478000,0.3683762394250887,12074000,190038000,0.3457436550532157,4.66,4.11,5099532.0,5099532.0,https://www.six-group.com/en/products-services/the-swiss-stock-exchange.html,https://www.six-group.com/en/products-services/the-swiss-stock-exchange.html,1620589710,15:48:30,20210509
3,2017-12-31,BSKP.SW,CHF,2017-12-31,2017-12-31,FY,591829000,0.0,0.0,0.0,0.0,102571000,34665000.0,1578000.0,494939000.0,0.0,119873000.0,22923000.0,0.0,0.0,0.0,0.29230740636231073,0.0,172996000,0.29230740636231073,12904000,150801000,0.2548050196931884,3.95,3.48,5475493.0,5475493.0,https://www.six-group.com/en/products-services/the-swiss-stock-exchange.html,https://www.six-group.com/en/products-services/the-swiss-stock-exchange.html,1620589710,15:48:30,20210509
4,2016-12-31,BSKP.SW,CHF,2016-12-31,2016-12-31,FY,559498000,0.0,0.0,0.0,0.0,116718000,0.0,0.0,456093000.0,0.0,138053000.0,19791000.0,0.0,0.0,0.0,0.27844782286978687,0.0,155791000,0.27844782286978687,18243000,121714000,0.21754143893275757,3.43,3.03,4288370.0,4288370.0,https://www.six-group.com/en/products-services/the-swiss-stock-exchange.html,https://www.six-group.com/en/products-services/the-swiss-stock-exchange.html,1620589710,15:48:30,20210509
5,2015-12-31,BSKP.SW,CHF,2015-12-31,2015-12-31,FY,562977000,0.0,0.0,0.0,0.0,108879000,0.0,0.0,503021000.0,0.0,175302000.0,21961000.0,0.0,0.0,0.0,0.25833204553649614,0.0,145435000,0.25833204553649614,19191000,109036000,0.1936775392245154,3.41,2.78,4278052.0,4278052.0,https://www.six-group.com/en/products-services/the-swiss-stock-exchange.html,https://www.six-group.com/en/products-services/the-swiss-stock-exchange.html,1620589710,15:48:30,20210509
6,2014-12-31,BSKP.SW,CHF,2014-12-31,2014-12-31,FY,572024000,0.0,0.0,0.0,0.0,102354000,0.0,211000.0,354706000.0,0.0,203469000.0,21681000.0,0.0,0.0,0.0,0.3845520467672685,0.0,219973000,0.3845520467672685,19526000,168111000,0.29388801868453074,2.38,2.38,4247883.0,4247883.0,https://www.six-group.com/en/products-services/the-swiss-stock-exchange.html,https://www.six-group.com/en/products-services/the-swiss-stock-exchange.html,1620589710,15:48:30,20210509
7,2013-12-31,BSKP.SW,CHF,2013-12-31,2013-12-31,FY,611806000,0.0,0.0,0.0,0.0,99844000,0.0,208000.0,494310000.0,0.0,227986000.0,21406000.0,0.0,0.0,0.0,0.2221913482378401,0.0,135938000,0.2221913482378401,15427000,96489000,0.15771175830246842,2.34,2.34,4149851.0,4149851.0,https://www.six-group.com/en/products-services/the-swiss-stock-exchange.html,https://www.six-group.com/en/products-services/the-swiss-stock-exchange.html,1620589710,15:48:30,20210509
8,2012-12-31,BSKP.SW,CHF,2012-12-31,2012-12-31,FY,686689000,0.0,0.0,0.0,0.0,97410000,0.0,211000.0,454557000.0,0.0,250625000.0,19868000.0,0.0,0.0,0.0,0.40293058429653017,0.0,276688000,0.40293058429653017,20960000,228736000,0.33309984578171487,54.856954,54.856954,4169681.0,4169681.0,https://www.six-group.com/en/products-services/the-swiss-stock-exchange.html,https://www.six-group.com/en/products-services/the-swiss-stock-exchange.html,1620589710,15:48:30,20210509
9,2011-12-31,BSKP.SW,CHF,2011-12-31,2011-12-31,FY,625549000,0.0,0.0,0.0,0.0,127943000,0.0,-21036000.0,383970000.0,0.0,277922000.0,24964000.0,0.0,0.0,0.0,0.3525591120759525,0.0,220543000,0.3525591120759525,17867000,206896000,0.3307430752826717,35.067119,35.067119,5099308.0,5099308.0,https://www.six-group.com/en/products-services/the-swiss-stock-exchange.html,https://www.six-group.com/en/products-services/the-swiss-stock-exchange.html,1620589710,15:48:30,20210509
10,2010-12-31,BSKP.SW,CHF,2010-12-31,2010-12-31,FY,674701000,0.0,0.0,0.0,0.0,151563000,0.0,22255000.0,433448000.0,0.0,0.0,52000000.0,0.0,0.0,0.0,0.34447407073651887,0.0,232417000,0.34447407073651887,16096000,216321000,0.32061757726756,33.031017,33.031017,5900000.0,5900000.0,https://www.six-group.com/en/products-services/the-swiss-stock-exchange.html,https://www.six-group.com/en/products-services/the-swiss-stock-exchange.html,1620589710,15:48:30,20210509
11,2009-12-31,BSKP.SW,CHF,2009-12-31,2009-12-31,FY,735943000,0.0,0.0,0.0,0.0,174947000,0.0,-8842000.0,474488000.0,0.0,316862000.0,57293000.0,0.0,0.0,0.0,0.34325076806220045,0.0,252613000,0.34325076806220045,13728000,238885000,0.3245971495075026,37.742881,37.742881,5900000.0,5900000.0,https://www.six-group.com/en/products-services/the-swiss-stock-exchange.html,https://www.six-group.com/en/products-services/the-swiss-stock-exchange.html,1620589710,15:48:30,20210509
12,2008-12-31,BSKP.SW,CHF,2008-12-31,2008-12-31,FY,595403000,0.0,0.0,0.0,0.0,136795000,0.0,0.0,348388000.0,0.0,452130000.0,56739000.0,0.0,0.0,0.0,0.32020497041499624,0.0,190651000,0.32020497041499624,19887000,172754000,0.29014633785855964,29.280339,29.280339,5900000.0,5900000.0,https://www.six-group.com/en/products-services/the-swiss-stock-exchange.html,https://www.six-group.com/en/products-services/the-swiss-stock-exchange.html,1620589710,15:48:30,20210509
13,2007-12-31,BSKP.SW,CHF,2007-12-31,2007-12-31,FY,696279000,0.0,0.0,0.0,0.0,118291000,0.0,65618000.0,349585000.0,0.0,391662000.0,0.0,0.0,0.0,0.0,0.44482025165199585,0.0,309719000,0.44482025165199585,29435000,244497000,0.3511480311771574,41.440169,41.440169,5900000.0,5900000.0,https://www.six-group.com/en/products-services/the-swiss-stock-exchange.html,https://www.six-group.com/en/products-services/the-swiss-stock-exchange.html,1620589710,15:48:30,20210509
14,2006-12-31,BSKP.SW,CHF,2006-12-31,2006-12-31,FY,688834000,0.0,0.0,0.0,0.0,106382000,0.0,76764000.0,323399000.0,0.0,301377000.0,0.0,0.0,0.0,0.0,0.4462221667339301,0.0,307373000,0.4462221667339301,22479000,252615000,0.3667284135219806,42.816102,42.816102,5900000.0,5900000.0,https://www.six-group.com/en/products-services/the-swiss-stock-exchange.html,https://www.six-group.com/en/products-services/the-swiss-stock-exchange.html,1620589710,15:48:30,20210509
15,2005-12-31,BSKP.SW,CHF,2005-12-31,2005-12-31,FY,841170000,0.0,0.0,0.0,0.0,104661000,0.0,0.0,530009000.0,0.0,280386000.0,22661000.0,0.0,0.0,0.0,0.3328054971052225,0.0,279946000,0.3328054971052225,-19728000,262969000,0.31262289430198414,51.56954629922335,51.56954629922335,5099308.0,5099308.0,https://www.six-group.com/en/products-services/the-swiss-stock-exchange.html,https://www.six-group.com/en/products-services/the-swiss-stock-exchange.html,1620589710,15:48:30,20210509
16,2004-12-31,BSKP.SW,CHF,2004-12-31,2004-12-31,FY,773883000,0.0,0.0,0.0,0.0,97940000,0.0,0.0,490181000.0,0.0,275533000.0,23772000.0,0.0,0.0,0.0,0.29637684249427887,0.0,229361000,0.29637684249427887,-18466000,277880000,0.35907236623623984,54.49366855267421,54.49366855267421,5099308.0,5099308.0,https://www.six-group.com/en/products-services/the-swiss-stock-exchange.html,https://www.six-group.com/en/products-services/the-swiss-stock-exchange.html,1620589710,15:48:30,20210509
17,2003-12-31,BSKP.SW,CHF,2003-12-31,2003-12-31,FY,778105000,0.0,0.0,0.0,0.0,103705000,0.0,0.0,520363000.0,0.0,303845000.0,44051000.0,0.0,0.0,0.0,0.26798311281896403,0.0,208519000,0.26798311281896403,-13252000,245411000,0.31539573707918594,48.126334004535515,48.126334004535515,5099308.0,5099308.0,https://www.six-group.com/en/products-services/the-swiss-stock-exchange.html,https://www.six-group.com/en/products-services/the-swiss-stock-exchange.html,1620589710,15:48:30,20210509
