,date,symbol,reportedCurrency,fillingDate,acceptedDate,period,revenue,costOfRevenue,grossProfit,grossProfitRatio,researchAndDevelopmentExpenses,generalAndAdministrativeExpenses,sellingAndMarketingExpenses,otherExpenses,operatingExpenses,costAndExpenses,interestExpense,depreciationAndAmortization,ebitda,ebitdaratio,operatingIncome,operatingIncomeRatio,totalOtherIncomeExpensesNet,incomeBeforeTax,incomeBeforeTaxRatio,incomeTaxExpense,netIncome,netIncomeRatio,eps,epsdiluted,weightedAverageShsOut,weightedAverageShsOutDil,link,finalLink,timestamp,est_time,est_date
0,2020-12-31,DRE,USD,2021-02-19,2021-02-18 18:36:52,FY,993198000.0,283910000.0,709288000.0,0.7141456184970167,0.0,62404000.0,0.0,4312000.0,435918000.0,719828000.0,93442000.0,353013000.0,626383000.0,0.6306728366347898,273370000.0,0.27524219742689776,115888000.0,297537000.0,0.2995747071580893,-5112000.0,299915000.0,0.301968993091005,0.8279592749438208,0.8279592749438208,370057000.0,370057000.0,https://www.sec.gov/Archives/edgar/data/783280/000078328021000012/0000783280-21-000012-index.htm,https://www.sec.gov/Archives/edgar/data/783280/000078328021000012/dre-20201231.htm,1620591260,16:14:20,20210509
1,2019-12-31,DRE,USD,2020-02-25,2020-02-25 12:09:27,FY,973759000.0,316670000.0,657089000.0,0.6747963305088837,0.0,60889000.0,0.0,2259000.0,405832000.0,722502000.0,89756000.0,327223000.0,578480000.0,0.5940689636758171,251257000.0,0.25802791039672035,269443000.0,440885000.0,0.45276603348467126,8686000.0,428972000.0,0.440532000217713,1.184240021643468,1.1677823481851914,362234000.0,367339000.0,https://www.sec.gov/Archives/edgar/data/783280/000078328020000010/a10k2019.htm,https://www.sec.gov/Archives/edgar/data/783280/000078328020000010/a10k2019.htm,1620591260,16:14:20,20210509
2,2018-12-31,DRE,USD,2019-02-22,2019-02-22 12:27:53,FY,947870000.0,352253000.0,595617000.0,0.6283741441336892,0.0,56218000.0,0.0,0.0,372027000.0,724280000.0,85006000.0,312217000.0,535807000.0,0.5652747739668942,223590000.0,0.2358867777226835,236378000.0,392196000.0,0.4137656007680378,8828000.0,383729000.0,0.4048329412261175,1.073160704647215,1.0562404864339645,357569000.0,363297000.0,https://www.sec.gov/Archives/edgar/data/783280/000078328019000010/a10k2018.htm,https://www.sec.gov/Archives/edgar/data/783280/000078328019000010/a10k2018.htm,1620591260,16:14:20,20210509
3,2017-12-31,DRE,USD,2018-02-16,2018-02-16 16:12:33,FY,780934000.0,263003000.0,517931000.0,0.663219939201008,0.0,54944000.0,0.0,0.0,331059000.0,594062000.0,87003000.0,273561000.0,460433000.0,0.5895927184627638,186872000.0,0.23929294921209732,175645000.0,290235000.0,0.3716511254472209,-357000.0,1634431000.0,2.092918223563067,4.58,4.56,355762000.0,362011000.0,https://www.sec.gov/Archives/edgar/data/783280/000078328018000012/a10k2017.htm,https://www.sec.gov/Archives/edgar/data/783280/000078328018000012/a10k2017.htm,1620591260,16:14:20,20210509
4,2016-12-31,DRE,USD,2017-02-17,2017-02-17 09:56:00,FY,902244000.0,306531000.0,595713000.0,0.6602570923164909,0.0,55389000.0,0.0,0.0,377071000.0,683602000.0,141576000.0,317818000.0,536460000.0,0.5945841701357948,218642000.0,0.24233134274098803,231581000.0,312682000.0,0.34656035396189944,-589000.0,312143000.0,0.34596295458878085,0.89,0.88,349942000.0,357076000.0,https://www.sec.gov/Archives/edgar/data/783280/000078328017000012/a10k2016.htm,https://www.sec.gov/Archives/edgar/data/783280/000078328017000012/a10k2016.htm,1620591260,16:14:20,20210509
5,2015-12-31,DRE,USD,2016-02-19,2016-02-19 11:33:48,FY,949432000.0,357715000.0,591717000.0,0.6232326275078152,0.0,58565000.0,0.0,0.0,381841000.0,739556000.0,173574000.0,317329000.0,527205000.0,0.5552846333386698,209876000.0,0.22105427244921175,144308000.0,185277000.0,0.19514509727921536,-3928000.0,615310000.0,0.6480822217915554,1.783212628638167,1.7470620135889856,345057000.0,352197000.0,https://www.sec.gov/Archives/edgar/data/783280/000078328016000080/a10k2015.htm,https://www.sec.gov/Archives/edgar/data/783280/000078328016000080/a10k2015.htm,1620591260,16:14:20,20210509
6,2014-12-31,DRE,USD,2015-02-20,2015-02-20 09:17:21,FY,1164704000.0,497232000.0,667472000.0,0.573082946396681,0.0,49362000.0,0.0,0.0,434003000.0,931235000.0,219613000.0,384412000.0,617881000.0,0.530504746270297,233469000.0,0.2004535057834437,210023000.0,225125000.0,0.19328945380113746,-844000.0,243588000.0,0.20914155012775779,0.7254457571543018,0.7154967307590631,335777000.0,340446000.0,https://www.sec.gov/Archives/edgar/data/783280/000078328015000018/a201410kdoc.htm,https://www.sec.gov/Archives/edgar/data/783280/000078328015000018/a201410kdoc.htm,1620591260,16:14:20,20210509
7,2013-12-31,DRE,USD,2014-02-21,2014-02-21 15:17:46,FY,1081790000.0,460588000.0,621202000.0,0.5742352952051692,0.0,42673000.0,0.0,0.0,435653000.0,896241000.0,228895000.0,393450000.0,578999000.0,0.535223102450568,185549000.0,0.17152035053013986,97925000.0,56466000.0,0.05219682193401677,-5080000.0,190592000.0,0.17618206860850996,0.5916562413661438,0.5833639413305909,322133000.0,326712000.0,https://www.sec.gov/Archives/edgar/data/783280/000144530514000524/a201310kdoc.htm,https://www.sec.gov/Archives/edgar/data/783280/000144530514000524/a201310kdoc.htm,1620591260,16:14:20,20210509
8,2012-12-31,DRE,USD,2013-02-22,2013-02-22 14:22:08,FY,1109440000.0,521648000.0,587792000.0,0.5298096336890683,0.0,46424000.0,0.0,0.0,423022000.0,944670000.0,245170000.0,375965000.0,540735000.0,0.48739454139025096,164770000.0,0.1485163686184021,-8003000.0,-87889000.0,-0.07921924574560138,-103000.0,-73977000.0,-0.06667958609749063,-0.48,-0.48,267900000.0,267900000.0,https://www.sec.gov/Archives/edgar/data/783280/000078328013000004/a201210kdoc.htm,https://www.sec.gov/Archives/edgar/data/783280/000078328013000004/a201210kdoc.htm,1620591260,16:14:20,20210509
9,2011-12-31,DRE,USD,2012-02-24,2012-02-24 16:24:03,FY,1274274000.0,731377000.0,542897000.0,0.4260441631862535,0.0,0.0,0.0,0.0,374794000.0,1106171000.0,223053000.0,330450000.0,498553000.0,0.39124474014223,168103000.0,0.13192060734190605,50061000.0,-4231000.0,-0.003320322002960117,-194000.0,95565000.0,0.07499564457879546,0.11,0.11,285600000.0,285600000.0,https://www.sec.gov/Archives/edgar/data/783280/000078328012000004/dre10k2011.htm,https://www.sec.gov/Archives/edgar/data/783280/000078328012000004/dre10k2011.htm,1620591260,16:14:20,20210509
10,2010-12-31,DRE,USD,2011-02-25,2011-02-25 15:10:28,FY,1393603000.0,802856000.0,590747000.0,0.4238990587706829,0.0,50532000.0,0.0,0.0,400827000.0,1203683000.0,239383000.0,349064000.0,538984000.0,0.38675576903895875,189920000.0,0.13627984440332003,77279000.0,28350000.0,0.020342952763448413,-1126000.0,65798000.0,0.04721430708745604,-0.07,-0.07,238920000.0,238920000.0,https://www.sec.gov/Archives/edgar/data/783280/000119312511047257/d10k.htm,https://www.sec.gov/Archives/edgar/data/783280/000119312511047257/d10k.htm,1620591260,16:14:20,20210509
11,2009-12-31,DRE,USD,2010-03-01,2010-03-01 10:29:45,FY,1344089000.0,750316000.0,593773000.0,0.4417661330462492,0.0,0.0,0.0,0.0,397315000.0,1147631000.0,220239000.0,338975000.0,535433000.0,0.3983612692314274,196458000.0,0.14616442809962732,-260583000.0,-283135000.0,-0.2106519731952274,-6070000.0,-260150000.0,-0.19355117109060485,-1.67,-1.67,201206000.0,201206000.0,https://www.sec.gov/Archives/edgar/data/783280/000119312510044034/d10k.htm,https://www.sec.gov/Archives/edgar/data/783280/000119312510044034/d10k.htm,1620591260,16:14:20,20210509
12,2008-12-31,DRE,USD,2009-02-25,2009-02-25 14:54:03,FY,996087000.0,348152000.0,647935000.0,0.6504803295294488,0.0,0.0,0.0,0.0,350785000.0,698937000.0,195148000.0,311279000.0,608429000.0,0.6108191352763364,297150000.0,0.29831731565616254,-9745000.0,0.0,0.0,0.0,113996000.0,0.11444381866242608,0.39,0.38,146915000.0,155041000.0,https://www.sec.gov/Archives/edgar/data/783280/000119312509037302/d10k.htm,https://www.sec.gov/Archives/edgar/data/783280/000119312509037302/d10k.htm,1620591260,16:14:20,20210509
13,2007-12-31,DRE,USD,2008-02-29,2008-02-29 11:33:25,FY,923227000.0,0.0,0.0,0.0,0.0,37680000.0,0.0,0.0,643571000.0,643571000.0,0.0,271623000.0,551279000.0,0.59712183460839,279656000.0,0.3029114183185717,23628000.0,0.0,0.0,0.0,279467000.0,0.30270670160209784,1.56,1.55,139255000.0,149614000.0,https://www.sec.gov/Archives/edgar/data/783280/000110465908014097/a08-2526_110k.htm,https://www.sec.gov/Archives/edgar/data/783280/000110465908014097/a08-2526_110k.htm,1620591260,16:14:20,20210509
14,2006-12-31,DRE,USD,2007-03-01,2007-03-01 17:06:24,FY,908800000.0,36929000.0,871871000.0,0.9593650968309859,0.0,35834000.0,0.0,0.0,547513000.0,584442000.0,0.0,244129000.0,568487000.0,0.6255358714788732,324358000.0,0.3569080105633803,0.0,0.0,0.0,0.0,204147000.0,0.22463358274647888,1.08,1.07,134883000.0,149393000.0,https://www.sec.gov/Archives/edgar/data/783280/000110465907015612/a07-5490_110k.htm,https://www.sec.gov/Archives/edgar/data/783280/000110465907015612/a07-5490_110k.htm,1620591260,16:14:20,20210509
15,2005-12-31,DRE,USD,2006-03-07,2006-03-06 17:34:16,FY,788124000.0,40922000.0,747202000.0,0.9480766985905771,0.0,27835000.0,0.0,0.0,495102000.0,536024000.0,0.0,226503000.0,478603000.0,0.6072686531561023,252100000.0,0.31987352244063116,-1207000.0,0.0,0.0,0.0,355662000.0,0.4512767026508519,2.19,2.17,141508000.0,155877000.0,https://www.sec.gov/Archives/edgar/data/783280/000110465906014364/a06-1916_110k.htm,https://www.sec.gov/Archives/edgar/data/783280/000110465906014364/a06-1916_110k.htm,1620591260,16:14:20,20210509
16,2004-12-31,DRE,USD,2005-03-04,2005-03-04 13:02:57,FY,836454000.0,0.0,0.0,0.0,0.0,26390000.0,0.0,0.0,673423000.0,673423000.0,0.0,224649000.0,387680000.0,0.46348035875254345,163031000.0,0.19490731110138754,-5043000.0,0.0,0.0,0.0,188701000.0,0.22559638665126833,1.07,1.06,141379000.0,157062000.0,https://www.sec.gov/Archives/edgar/data/783280/000110465905009494/a05-1765_110k.htm,https://www.sec.gov/Archives/edgar/data/783280/000110465905009494/a05-1765_110k.htm,1620591260,16:14:20,20210509
17,2003-12-31,DRE,USD,2004-03-05,2004-03-05 10:35:09,FY,789866000.0,0.0,0.0,0.0,0.0,22144000.0,0.0,0.0,605177000.0,605177000.0,0.0,193441000.0,378130000.0,0.4787267713764107,184689000.0,0.23382320545510252,15040000.0,0.0,0.0,0.0,199232000.0,0.2522351892599504,1.4693167152181128,1.3181863293216267,135595000.0,151141000.0,https://www.sec.gov/Archives/edgar/data/783280/000110465904006524/a04-2962_110k.htm,https://www.sec.gov/Archives/edgar/data/783280/000110465904006524/a04-2962_110k.htm,1620591260,16:14:20,20210509
18,2002-12-31,DRE,USD,2003-03-25,2003-03-25 16:06:42,FY,780071000.0,0.0,0.0,0.0,0.0,25353000.0,0.0,0.0,556078000.0,556078000.0,0.0,174902000.0,398895000.0,0.5113572995278635,223993000.0,0.28714437531968245,182000.0,0.0,0.0,0.0,206325000.0,0.26449515492820524,1.2,1.19,133981000.0,150839000.0,https://www.sec.gov/Archives/edgar/data/783280/000110465903004907/j8375_10k.htm,https://www.sec.gov/Archives/edgar/data/783280/000110465903004907/j8375_10k.htm,1620591260,16:14:20,20210509
19,2001-12-31,DRE,USD,2002-03-15,2002-03-15 00:00:00,FY,803808000.0,0.0,0.0,0.0,0.0,15559000.0,0.0,0.0,526551000.0,526551000.0,0.0,159714000.0,436971000.0,0.5436260898124925,277257000.0,0.344929386122059,43126000.0,0.0,0.0,0.0,282409000.0,0.3513388769457383,1.77,1.75,129660000.0,151710000.0,https://www.sec.gov/Archives/edgar/data/783280/000110465902000746/j3192_10k405.htm,https://www.sec.gov/Archives/edgar/data/783280/000110465902000746/j3192_10k405.htm,1620591260,16:14:20,20210509
20,2000-12-31,DRE,USD,2000-12-31,2000-12-31,FY,794625000.0,0.0,0.0,0.0,0.0,21144000.0,0.0,0.0,554022000.0,554022000.0,0.0,159888000.0,400491000.0,0.504,240603000.0,0.3027881075979236,57094000.0,0.0,0.0,0.0,261939000.0,0.3296385087305333,1.68,1.66,126836000.0,147441000.0,,,1620591260,16:14:20,20210509
21,1999-12-31,DRE,USD,1999-12-31,1999-12-31,FY,589594000.0,0.0,0.0,0.0,0.0,16556000.0,0.0,0.0,392885000.0,392885000.0,0.0,110764000.0,307473000.0,0.5214995403616726,196709000.0,0.3336346706377609,8922000.0,0.0,0.0,0.0,182240000.0,0.309094054552794,1.33,1.32,104884000.0,120511000.0,,,1620591260,16:14:20,20210509
22,1998-12-31,DRE,USD,1998-12-31,1998-12-31,FY,373341000.0,0.0,0.0,0.0,0.0,11573000.0,0.0,0.0,251752000.0,251752000.0,0.0,68766000.0,190355000.0,0.5098689937617352,121589000.0,0.3256781333954749,1046000.0,0.0,0.0,0.0,110704000.0,0.2965224821275992,1.13,1.12,80704000.0,92468000.0,,,1620591260,16:14:20,20210509
23,1997-12-31,DRE,USD,1997-12-31,1997-12-31,FY,252080000.0,0.0,0.0,0.0,0.0,6530000.0,0.0,0.0,167717000.0,167717000.0,0.0,44806000.0,129169000.0,0.5124127261186925,84363000.0,0.33466756585211044,692000.0,0.0,0.0,0.0,78484000.0,0.3113456045699778,0.99,0.98,66427000.0,74993000.0,,,1620591260,16:14:20,20210509
24,1996-12-31,DRE,USD,1997-03-17,1997-03-17,FY,182089000.0,0.0,0.0,0.0,0.0,4719000.0,0.0,0.0,126214000.0,126214000.0,0.0,32571000.0,88446000.0,0.48572950590096053,55875000.0,0.30685543882387184,4532000.0,0.0,0.0,0.0,53431000.0,0.2934334309046675,0.905,0.905,56134000.0,56134000.0,https://www.sec.gov/Archives/edgar/data/783280/0000783280-97-000039-index.html,https://www.sec.gov/Archives/edgar/data/783280/,1620591260,16:14:20,20210509
25,1995-12-31,DRE,USD,1995-12-31,1995-12-31,FY,131418000.0,0.0,0.0,0.0,0.0,2169000.0,0.0,0.0,91141000.0,91141000.0,0.0,24337000.0,64614000.0,0.49166780806282245,40277000.0,0.3064800864417355,283000.0,0.0,0.0,0.0,35019000.0,0.2664703465278729,0.77,0.77,45358000.0,45358000.0,,,1620591260,16:14:20,20210509
26,1994-12-31,DRE,USD,1994-12-31,1994-12-31,FY,107831000.0,0.0,0.0,0.0,0.0,2145000.0,0.0,0.0,77029000.0,77029000.0,0.0,18036000.0,48838000.0,0.4529124277805084,30802000.0,0.28565069414175887,0.0,0.0,0.0,0.0,26216000.0,0.24312118036557206,0.765,0.765,34278000.0,34278000.0,,,1620591260,16:14:20,20210509
27,1993-12-31,DRE,USD,1993-12-31,1993-12-31,FY,39900000.0,0.0,0.0,0.0,0.0,3400000.0,0.0,0.0,-19200000.0,-19200000.0,0.0,7400000.0,66500000.0,1.6666666666666667,59100000.0,1.481203007518797,0.0,0.0,0.0,0.0,5000000.0,0.12531328320802004,0.23,0.23,33333333.0,33333333.0,,,1620591260,16:14:20,20210509
28,1992-12-31,DRE,USD,1992-12-31,1992-12-31,FY,17700000.0,5700000.0,12000000.0,0.6779661016949152,0.0,600000.0,0.0,0.0,12700000.0,18400000.0,0.0,4000000.0,3300000.0,0.1864406779661017,-700000.0,-0.03954802259887006,100000.0,-700000.0,-0.03954802259887006,0.0,-700000.0,-0.03954802259887006,-0.17073,-0.17073,4100000.0,4100000.0,,,1620591260,16:14:20,20210509
29,1991-12-31,DRE,USD,1991-12-31,1991-12-31,FY,16800000.0,5900000.0,10700000.0,0.6369047619047619,0.0,600000.0,0.0,0.0,12700000.000000002,18600000.0,0.0,3800000.0,2000000.0,0.11904761904761904,-1800000.0,-0.10714285714285714,200000.0,-1600000.0,-0.09523809523809523,0.0,-1600000.0,-0.09523809523809523,-0.39024,-0.39024,4100000.0,4100000.0,,,1620591260,16:14:20,20210509
30,1990-12-31,DRE,USD,1990-12-31,1990-12-31,FY,15400000.0,5000000.0,10400000.0,0.6753246753246753,0.0,500000.0,0.0,0.0,11700000.0,16700000.0,0.0,3500000.0,2200000.0,0.14285714285714285,-1300000.0,-0.08441558441558442,700000.0,-600000.0,-0.03896103896103896,0.0,-600000.0,-0.03896103896103896,-0.14634,-0.14634,4100000.0,4100000.0,,,1620591260,16:14:20,20210509
31,1989-12-31,DRE,USD,1989-12-31,1989-12-31,FY,15800000.0,4300000.0,11600000.0,0.7341772151898734,0.0,500000.0,0.0,0.0,11500000.0,15800000.0,0.0,3200000.0,2900000.0,0.183544,0.0,0.0,-300000.0,-300000.0,-0.0189873417721519,0.0,-300000.0,-0.0189873417721519,-0.07317,-0.07317,4100000.0,4100000.0,,,1620591260,16:14:20,20210509
32,1988-12-31,DRE,USD,1988-12-31,1988-12-31,FY,9300000.0,2900000.0,6400000.0,0.6881720430107527,0.0,300000.0,0.0,0.0,3800000.0000000005,6700000.0,0.0,1900000.0,4600000.0,0.4946236559139785,2700000.0,0.2903225806451613,-1800000.0,900000.0,0.0967741935483871,0.0,900000.0,0.0967741935483871,0.47368,0.47368,1900000.0,1900000.0,,,1620591260,16:14:20,20210509
33,1987-12-31,DRE,USD,1987-12-31,1987-12-31,FY,8200000.0,2600000.0,5500000.0,0.6707317073170732,0.0,300000.0,0.0,0.0,2900000.0,5500000.0,0.0,1700000.0,4300000.0,0.524390243902439,2600000.0,0.3170731707317073,-600000.0,2000000.0,0.24390243902439024,0.0,2000000.0,0.24390243902439024,4.0,4.0,500000.0,500000.0,,,1620591260,16:14:20,20210509
34,1986-12-31,DRE,USD,1986-12-31,1986-12-31,FY,5900000.0,2100000.0,3900000.0,0.6610169491525424,0.0,300000.0,0.0,0.0,2400000.0,4500000.0,0.0,1400000.0,2900000.0,0.4915254237288136,1500000.0,0.2542372881355932,-300000.0,1200000.0,0.2033898305084746,0.0,1200000.0,0.2033898305084746,2.4,2.4,500000.0,500000.0,,,1620591260,16:14:20,20210509
