,date,symbol,reportedCurrency,fillingDate,acceptedDate,period,revenue,costOfRevenue,grossProfit,grossProfitRatio,researchAndDevelopmentExpenses,generalAndAdministrativeExpenses,sellingAndMarketingExpenses,otherExpenses,operatingExpenses,costAndExpenses,interestExpense,depreciationAndAmortization,ebitda,ebitdaratio,operatingIncome,operatingIncomeRatio,totalOtherIncomeExpensesNet,incomeBeforeTax,incomeBeforeTaxRatio,incomeTaxExpense,netIncome,netIncomeRatio,eps,epsdiluted,weightedAverageShsOut,weightedAverageShsOutDil,link,finalLink,timestamp,est_time,est_date
0,2020-12-26,TUP,USD,2021-03-10,2021-03-10 08:03:08,FY,1740000.0,570000.0,1169000.0,0.6718390804597701,0.0,949000.0,0.0,-11000.0,949000.0,1519000.0,-38000.0,44000.0,241000.0,0.1385057471264368,197000.0,0.1132183908045977,-11000.0,212000.0,0.12183908045977011,100000.0,112000.0,0.06436781609195402,0.0022900000441642863,0.0022900000441642863,48908296,48908296,https://www.sec.gov/Archives/edgar/data/1008654/000100865421000022/0001008654-21-000022-index.htm,https://www.sec.gov/Archives/edgar/data/1008654/000100865421000022/tup-20201226.htm,1620599128,18:25:28,20210509
1,2019-12-28,TUP,USD,2020-03-12 00:00:00,2020-03-12 15:05:48,FY,1797900000.0,610800000.0,1187100000.0,0.6602703153679292,15100000.0,983400000.0,0.0,0.0,1061200000.0,1672000000.0,41500000.0,55200000.0,181100000.0,0.1007286278435953,125900000.0,0.07002614160965571,16800000.0,103400000.0,0.05751154124256076,91000000.0,12400000.0,0.006896935313421213,0.25306,0.25306,49000000,49000000,https://www.sec.gov/Archives/edgar/data/1008654/000100865420000018/0001008654-20-000018-index.html,https://www.sec.gov/Archives/edgar/data/1008654/000100865420000018/tup10k122819.htm,1620599128,18:25:28,20210509
2,2018-12-29,TUP,USD,2019-02-26 00:00:00,2019-02-26 12:11:06,FY,2069700000.0,692200000.0,1377500000.0,0.6655553945016186,15000000.0,1045500000.0,0.0,-1000000.0,1057700000.0,1749900000.0,46500000.0,58200000.0,378000000.0,0.18263516451659662,319800000.0,0.15451514712277142,100000.0,276200000.0,0.13344929216794704,120300000.0,155900000.0,0.07532492631782384,3.10558,3.10558,50200000,50200000,https://www.sec.gov/Archives/edgar/data/1008654/000100865419000013/0001008654-19-000013-index.html,https://www.sec.gov/Archives/edgar/data/1008654/000100865419000013/tup10k122918.htm,1620599128,18:25:28,20210509
3,2017-12-30,TUP,USD,2018-02-27 00:00:00,2018-02-27 14:19:04,FY,2255800000.0,744600000.0,1511200000.0,0.6699175458817271,16700000.0,1145600000.0,0.0,0.0,1282100000.0,2026700000.0,46100000.0,60500000.0,289600000.0,0.1283801755474776,229100000.0,0.10156042202322901,-17900000.0,185100000.0,0.08205514673286639,450500000.0,-265400000.0,-0.11765227413777817,-5.22441,-5.22441,50800000,50800000,https://www.sec.gov/Archives/edgar/data/1008654/000100865418000006/0001008654-18-000006-index.html,https://www.sec.gov/Archives/edgar/data/1008654/000100865418000006/tup10k123017.htm,1620599128,18:25:28,20210509
4,2016-12-31,TUP,USD,2017-02-28 00:00:00,2017-02-28 15:59:25,FY,2213100000.0,715000000.0,1498100000.0,0.6769237720844065,0.0,1170800000.0,0.0,-300000.0,1170800000.0,1885800000.0,48800000.0,57500000.0,384800000.0,0.1738737517509376,327300000.0,0.14789209705842482,19400000.0,301300000.0,0.1361438705887669,77700000.0,223600000.0,0.10103474763905833,4.43,4.41,50474041,50700000,https://www.sec.gov/Archives/edgar/data/1008654/000100865417000010/0001008654-17-000010-index.html,https://www.sec.gov/Archives/edgar/data/1008654/000100865417000010/tup10k123116.htm,1620599128,18:25:28,20210509
5,2015-12-26,TUP,USD,2016-03-04 00:00:00,2016-03-04 16:17:17,FY,2283800000.0,744400000.0,1539400000.0,0.6740520185655486,18100000.0,1199500000.0,0.0,0.0,1224199999.9999998,1968599999.9999998,47600000.0,62400000.0,377600000.0,0.1653384709694369,315200000.0,0.13801558805499606,-93900000.0,259900000.0,0.11380155880549961,74100000.0,185800000.0,0.08135563534460111,3.68651,3.68651,50400000,50400000,https://www.sec.gov/Archives/edgar/data/1008654/000100865416000035/0001008654-16-000035-index.html,https://www.sec.gov/Archives/edgar/data/1008654/000100865416000035/tup10k122615.htm,1620599128,18:25:28,20210509
6,2014-12-27,TUP,USD,2015-02-24,2015-02-24 16:34:22,FY,2606100000.0,884000000.0,1722100000.0,0.6607958251793868,19300000.0,1326800000.0,0.0,0.0,1354400000.0,2238400000.0,46500000.0,63700000.0,431400000.0,0.16553470703349832,367700000.0,0.14109205325966004,-61000000.0,298200000.0,0.11442385173247381,83800000.0,214400000.0,0.08226852384789532,4.20392,4.20392,51000000,51000000,https://www.sec.gov/Archives/edgar/data/1008654/000100865415000004/tup10k122714.htm,https://www.sec.gov/Archives/edgar/data/1008654/000100865415000004/tup10k122714.htm,1620599128,18:25:28,20210509
7,2013-12-28,TUP,USD,2014-02-25,2014-02-25 16:36:57,FY,2671600000.0,889800000.0,1781800000.0,0.6669411588561162,20000000.0,1349700000.0,0.0,5000000.0,1378300000.0,2268100000.0,40200000.0,54800000.0,458300000.0,0.17154514148824673,403500000.0,0.15103308878574637,-22200000.0,360400000.0,0.13490043419673603,86200000.0,274200000.0,0.10263512501871537,5.16384,5.16384,53100000,53100000,https://www.sec.gov/Archives/edgar/data/1008654/000100865414000004/tup10k122813.htm,https://www.sec.gov/Archives/edgar/data/1008654/000100865414000004/tup10k122813.htm,1620599128,18:25:28,20210509
8,2012-12-29,TUP,USD,2013-02-26 00:00:00,2013-02-26 17:22:08,FY,2583800000.0,856200000.0,1727600000.0,0.6686276027556313,18900000.0,1310600000.0,0.0,0.0,1421100000.0,2277300000.0,34900000.0,49600000.0,356100000.0,0.13782026472637202,306500000.0,0.1186237324870346,10600000.0,272800000.0,0.10558092731635575,79800000.0,193000000.0,0.07469618391516371,3.42199,3.42199,56400000,56400000,https://www.sec.gov/Archives/edgar/data/1008654/000100865413000008/0001008654-13-000008-index.html,https://www.sec.gov/Archives/edgar/data/1008654/000100865413000008/tup10k122912.htm,1620599128,18:25:28,20210509
9,2011-12-31,TUP,USD,2012-02-28 00:00:00,2012-02-28 16:11:57,FY,2585000000.0,862500000.0,1722500000.0,0.6663442940038685,0.0,1340000000.0,0.0,0.0,1340000000.0,2202500000.0,49000000.0,49800000.0,432300000.0,0.1672340425531915,382500000.0,0.14796905222437137,-41400000.0,295300000.0,0.11423597678916828,77000000.0,218300000.0,0.08444874274661508,3.63,3.55,58100000,61492958,https://www.sec.gov/Archives/edgar/data/1008654/000100865412000005/0001008654-12-000005-index.html,https://www.sec.gov/Archives/edgar/data/1008654/000100865412000005/tup10k123111.htm,1620599128,18:25:28,20210509
10,2010-12-25,TUP,USD,2011-02-22,2011-02-22 17:05:07,FY,2300400000.0,766200000.0,1534200000.0,0.6669274908711529,0.0,1193100000.0,0.0,2000000.0,1204800000.0,1971000000.0,29300000.0,49700000.0,379100000.0,0.16479742653451573,329400000.0,0.1431924882629108,-2900000.0,299700000.0,0.13028169014084506,74100000.0,225600000.0,0.0980699008868023,3.53605,3.53605,63800000,63800000,https://www.sec.gov/Archives/edgar/data/1008654/000119312511042252/d10k.htm,https://www.sec.gov/Archives/edgar/data/1008654/000119312511042252/d10k.htm,1620599128,18:25:28,20210509
11,2009-12-26,TUP,USD,2010-02-23 00:00:00,2010-02-23 15:32:26,FY,2127500000.0,718500000.0,1409000000.0,0.6622796709753231,0.0,1119100000.0,0.0,9000000.0,1133300000.0,1851800000.0,-31000000.0,51700000.0,327400000.0,0.15388954171562869,275700000.0,0.12958871915393655,-9900000.0,237100000.0,0.11144535840188013,62000000.0,175100000.0,0.08230317273795534,2.76183,2.76183,63400000,63400000,https://www.sec.gov/Archives/edgar/data/1008654/000119312510037512/0001193125-10-037512-index.html,https://www.sec.gov/Archives/edgar/data/1008654/000119312510037512/d10k.htm,1620599128,18:25:28,20210509
12,2008-12-27,TUP,USD,2009-02-25 00:00:00,2009-02-25 08:05:06,FY,2161800000.0,764100000.0,1397700000.0,0.6465445462114904,0.0,1161000000.0,0.0,4000000.0,1154100000.0,1918200000.0,-41000000.0,60600000.0,304200000.0,0.14071606994171523,243600000.0,0.11268387454898696,-4800000.0,201900000.0,0.09339439356092145,40000000.0,161400000.0,0.07466000555092978,2.5619,2.5619,63000000,63000000,https://www.sec.gov/Archives/edgar/data/1008654/000119312509036814/0001193125-09-036814-index.html,https://www.sec.gov/Archives/edgar/data/1008654/000119312509036814/d10k.htm,1620599128,18:25:28,20210509
13,2007-12-29,TUP,USD,2008-02-26,2008-02-26 16:38:01,FY,1981400000.0,695400000.0,1286000000.0,0.6490360351266781,0.0,1083400000.0,0.0,0.0,1091900000.0,1787300000.0,-53000000.0,63500000.0,257600000.0,0.13000908448571716,194100000.0,0.09796103765014635,-3500000.0,141400000.0,0.07136368224487737,24000000.0,116900000.0,0.05899868779650752,1.86741,1.86741,62600000,62600000,https://www.sec.gov/Archives/edgar/data/1008654/000119312508038755/d10k.htm,https://www.sec.gov/Archives/edgar/data/1008654/000119312508038755/d10k.htm,1620599128,18:25:28,20210509
14,2006-12-30,TUP,USD,2007-02-28,2007-02-28 17:09:38,FY,1743700000.0,615000000.0,1128700000.0,0.6473017147445088,0.0,981500000.0,0.0,0.0,976599999.9999999,1591600000.0,-55000000.0,72900000.0,225000000.0,0.12903595802030166,152100000.0,0.08722830762172393,-1300000.0,103800000.0,0.05952858863336583,9000000.0,94200000.0,0.054023054424499624,1.53922,1.53922,61200000,61200000,https://www.sec.gov/Archives/edgar/data/1008654/000119312507042789/d10k.htm,https://www.sec.gov/Archives/edgar/data/1008654/000119312507042789/d10k.htm,1620599128,18:25:28,20210509
15,2005-12-31,TUP,USD,2006-03-16,2006-03-16 13:33:44,FY,1279300000.0,456200000.0,823100000.0,0.6433987336824826,0.0,715700000.0,0.0,0.0,711700000.0,1167900000.0,0.0,50000000.0,161400000.0,0.1261627452513093,111400000.0,0.08707887125771907,3400000.0,65700000.0,0.051356210427577584,-20500000.0,85400000.0,0.06675525678105214,1.44,1.41,59305556,60567376,https://www.sec.gov/Archives/edgar/data/1008654/000119312506056314/d10k.htm,https://www.sec.gov/Archives/edgar/data/1008654/000119312506056314/d10k.htm,1620599128,18:25:28,20210509
16,2004-12-25,TUP,USD,2005-03-10 00:00:00,2005-03-10 14:23:27,FY,1224300000.0,425400000.0,798900000.0,0.6525361431021809,0.0,688800000.0,0.0,1200000.0,696900000.0,1122300000.0,-14000000.0,50800000.0,152800000.0,0.12480601159846443,102000000.0,0.08331291350159274,-1000000.0,102000000.0,0.08331291350159274,15000000.0,86900000.0,0.07097933513027853,1.47789,1.47789,58800000,58800000,https://www.sec.gov/Archives/edgar/data/1008654/000119312505046434/0001193125-05-046434-index.html,https://www.sec.gov/Archives/edgar/data/1008654/000119312505046434/d10k.htm,1620599128,18:25:28,20210509
17,2003-12-27,TUP,USD,2004-03-10 00:00:00,2004-03-10 16:53:18,FY,1174800000.0,408000000.0,766800000.0,0.6527068437180796,0.0,677400000.0,0.0,12200000.0,710200000.0,1118200000.0,-15000000.0,52600000.0,109200000.0,0.09295199182839632,56600000.0,0.04817841334695267,-4300000.0,56600000.0,0.04817841334695267,8000000.0,47900000.0,0.040772897514470545,0.82021,0.82021,58400000,58400000,https://www.sec.gov/Archives/edgar/data/1008654/000119312504038303/0001193125-04-038303-index.html,https://www.sec.gov/Archives/edgar/data/1008654/000119312504038303/d10k.htm,1620599128,18:25:28,20210509
18,2002-12-28,TUP,USD,2003-03-27 00:00:00,2003-03-27 17:21:11,FY,1103500000.0,362600000.0,740900000.0,0.6714091526959673,0.0,625200000.0,0.0,-44300000.0,623500000.0,986100000.0,-24000000.0,48800000.0,166200000.0,0.15061169007702763,117400000.0,0.10638876302673313,-49400000.0,117400000.0,0.10638876302673313,27000000.0,90100000.0,0.08164929768917081,1.53492,1.53492,58700000,58700000,https://www.sec.gov/Archives/edgar/data/1008654/000091664103000817/0000916641-03-000817-index.html,https://www.sec.gov/Archives/edgar/data/1008654/000091664103000817/d10k.htm,1620599128,18:25:28,20210509
19,2001-12-29,TUP,USD,2002-03-26 00:00:00,2002-03-26 00:00:00,FY,1114400000.0,374000000.0,740400000.0,0.6643933955491744,0.0,610400000.0,0.0,1300000.0,658200000.0,1032200000.0,0.0,49900000.0,132100000.0,0.11853912419239053,82200000.0,0.07376166547020818,-600000.0,82200000.0,0.07376166547020818,20700000.0,61500000.0,0.05518664752333094,1.04414,1.04414,58900000,58900000,https://www.sec.gov/Archives/edgar/data/1008654/000100865402000060/0001008654-02-000060-index.html,https://www.sec.gov/Archives/edgar/data/1008654/000100865402000060/tup_10k2001.htm,1620599128,18:25:28,20210509
20,2000-12-30,TUP,USD,2001-03-28 00:00:00,2001-03-28 00:00:00,FY,1073100000.0,358400000.0,714700000.0,0.6660143509458578,0.0,578400000.0,0.0,1700000.0,613600000.0,972000000.0,0.0,52100000.0,153200000.0,0.1427639548970273,101100000.0,0.09421302767682416,1700000.0,101100000.0,0.09421302767682416,26200000.0,74900000.0,0.06979778212654925,1.29138,1.29138,58000000,58000000,https://www.sec.gov/Archives/edgar/data/1008654/000100865401500011/0001008654-01-500011-index.html,https://www.sec.gov/Archives/edgar/data/1008654/000100865401500011/f10k00.txt,1620599128,18:25:28,20210509
21,1999-12-25,TUP,USD,2000-03-17 00:00:00,2000-03-17 00:00:00,FY,1043800000.0,365100000.0,678700000.0,0.6502203487258096,0.0,536800000.0,0.0,2600000.0,575400000.0,940500000.0,0.0,55600000.0,158900000.0,0.15223222839624448,103300000.0,0.09896531902663346,2600000.0,103300000.0,0.09896531902663346,24300000.0,79000000.0,0.07568499712588618,1.36442,1.36442,57900000,57900000,https://www.sec.gov/Archives/edgar/data/1008654/000100865400000038/0001008654-00-000038-index.html,https://www.sec.gov/Archives/edgar/data/1008654/0001008654-00-000038.txt,1620599128,18:25:28,20210509
22,1998-12-26,TUP,USD,1999-03-24 00:00:00,1999-03-24 00:00:00,FY,1082800000.0,406300000.0,676500000.0,0.624769117103805,0.0,562300000.0,0.0,0.0,585000000.0,991300000.0,0.0,64000000.0,155500000.0,0.14360916143332103,91500000.0,0.08450314000738825,0.0,91500000.0,0.08450314000738825,22400000.0,69100000.0,0.06381603250831179,1.17717,1.17717,58700000,58700000,https://www.sec.gov/Archives/edgar/data/1008654/000100865499000029/0001008654-99-000029-index.html,https://www.sec.gov/Archives/edgar/data/1008654/0001008654-99-000029.txt,1620599128,18:25:28,20210509
23,1997-12-27,TUP,USD,1998-03-24 00:00:00,1998-03-24 00:00:00,FY,1229300000.0,473900000.0,755400000.0,0.6144960546652567,0.0,620700000.0,0.0,6100000.0,644600000.0,1118500000.0,0.0,66100000.0,176900000.0,0.14390303424713252,110800000.0,0.0901325957862198,6100000.0,110800000.0,0.0901325957862198,28800000.0,82000000.0,0.06670462865045147,1.32686,1.32686,61800000,61800000,https://www.sec.gov/Archives/edgar/data/1008654/000100865498000036/0001008654-98-000036-index.html,https://www.sec.gov/Archives/edgar/data/1008654/0001008654-98-000036.txt,1620599128,18:25:28,20210509
24,1996-12-28,TUP,USD,1997-03-25 00:00:00,1997-03-25 00:00:00,FY,1369300000.0,487300000.0,882000000.0,0.6441247352661944,0.0,627200000.0,0.0,12300000.0,647500000.0,1134800000.0,0.0,65300000.0,299800000.0,0.21894398597823705,234500000.0,0.17125538596363105,12300000.0,234500000.0,0.17125538596363105,59800000.0,174700000.0,0.12758343679252174,2.78185,2.78185,62800000,62800000,https://www.sec.gov/Archives/edgar/data/1008654/000100865497000006/0001008654-97-000006-index.html,https://www.sec.gov/Archives/edgar/data/1008654/0001008654-97-000006.txt,1620599128,18:25:28,20210509
