,date,symbol,reportedCurrency,fillingDate,acceptedDate,period,revenue,costOfRevenue,grossProfit,grossProfitRatio,researchAndDevelopmentExpenses,generalAndAdministrativeExpenses,sellingAndMarketingExpenses,otherExpenses,operatingExpenses,costAndExpenses,interestExpense,depreciationAndAmortization,ebitda,ebitdaratio,operatingIncome,operatingIncomeRatio,totalOtherIncomeExpensesNet,incomeBeforeTax,incomeBeforeTaxRatio,incomeTaxExpense,netIncome,netIncomeRatio,eps,epsdiluted,weightedAverageShsOut,weightedAverageShsOutDil,link,finalLink,timestamp,est_time,est_date
0,2020-09-30,0225.HK,HKD,2020-09-30,2020-09-30,FY,140010000,89274000,50736000,0.36237411613456183,0.0,0.0,0.0,3187000.0,0.0,89274000,1850000.0,959000.0,51695000,0.369223626883794,50736000,0.36237411613456183,0.0,-49845000,-0.3560102849796443,9754000.0,-59535000,-0.4252196271694879,-0.5403460910586858,-0.5403460910586858,110179385,110179385,https://www1.hkexnews.hk/search/titlesearch.xhtml,https://www1.hkexnews.hk/search/titlesearch.xhtml,1620584605,14:23:25,20210509
1,2019-09-30,0225.HK,HKD,2019-09-30,2019-09-30,FY,139223000,52963000,86260000,0.6195815346602214,0.0,16712000.0,930000.0,20423000.0,0.0,70605000,1912000.0,956000.0,69574000,0.4997306479532836,68618000,0.49286396644232633,0.0,144778000,1.0399000165202588,8627000.0,136847000,0.9829338543200477,1.24,1.24,110179385,110179385,https://www1.hkexnews.hk/search/titlesearch.xhtml,https://www1.hkexnews.hk/search/titlesearch.xhtml,1620584605,14:23:25,20210509
2,2018-09-30,0225.HK,HKD,2018-09-30,2018-09-30,FY,135535000,55832000,79703000,0.5880621241745675,0.0,13791000.0,1292000.0,19492000.0,0.0,70915000,1339000.0,862000.0,65482000,0.48313719703397645,64620000,0.47677721621721325,0.0,488950000,3.607555244032907,8942000.0,480770000,3.547201829785664,4.36,4.36,110179385,110179385,https://www1.hkexnews.hk/search/titlesearch.xhtml,https://www1.hkexnews.hk/search/titlesearch.xhtml,1620584605,14:23:25,20210509
3,2017-09-30,0225.HK,HKD,2017-09-30,2017-09-30,FY,141962000,48072000,93890000,0.6613741705526831,0.0,12493000.0,1588000.0,0.0,0.0,36356000,1706000.0,790000.0,106396000,0.7494681675377918,105606000,0.7439032980656796,0.0,435904000,3.0705681802172413,15483000.0,419883000,2.957714036150519,3.81,3.81,110179385,110179385,https://www1.hkexnews.hk/search/titlesearch.xhtml,https://www1.hkexnews.hk/search/titlesearch.xhtml,1620584605,14:23:25,20210509
4,2016-09-30,0225.HK,HKD,2016-09-30,2016-09-30,FY,146515000,50552000,95963000,0.6549704808381395,0.0,13259000.0,1743000.0,-6134000.0,0.0,32811000,2087000.0,943000.0,114647000,0.7824932600757601,113704000,0.7760570590041975,0.0,272958000,1.8630037880080539,13268000.0,259012000,1.7678189946421867,2.35,2.35,110179385,110179385,https://www1.hkexnews.hk/search/titlesearch.xhtml,https://www1.hkexnews.hk/search/titlesearch.xhtml,1620584605,14:23:25,20210509
5,2015-09-30,0225.HK,HKD,2015-09-30,2015-09-30,FY,132473000,49274000,83199000,0.628044960105078,0.0,11120000.0,1837000.0,0.0,0.0,34933000,2054000.0,1208000.0,98748000,0.7454198213975678,97540000,0.7363009820869159,0.0,183378000,1.38426698270591,10849000.0,172434000,1.3016539219312615,1.57,1.57,110179385,110179385,https://www1.hkexnews.hk/search/titlesearch.xhtml,https://www1.hkexnews.hk/search/titlesearch.xhtml,1620584605,14:23:25,20210509
6,2014-09-30,0225.HK,HKD,2014-09-30,2014-09-30,FY,136215000,49522000,86693000,0.6364423888705355,0.0,11724000.0,2050000.0,0.0,0.0,30263000,1786000.0,1185000.0,107137000,0.7865286495613553,105952000,0.7778291671255001,0.0,192487000,1.4131116250045883,13259000.0,178001000,1.306765040560878,1.62,1.62,110179385,110179385,https://www1.hkexnews.hk/search/titlesearch.xhtml,https://www1.hkexnews.hk/search/titlesearch.xhtml,1620584605,14:23:25,20210509
7,2013-09-30,0225.HK,HKD,2013-09-30,2013-09-30,FY,131015000,48620000,82395000,0.6288974544899439,0.0,11609000.0,2029000.0,0.0,0.0,39658000,1262000.0,1517000.0,92874000,0.7088806625195588,91357000,0.6973018356676717,0.0,237862000,1.8155325726061902,13610000.0,223489000,1.7058275769950006,2.03,2.03,110179385,110179385,https://www1.hkexnews.hk/search/titlesearch.xhtml,https://www1.hkexnews.hk/search/titlesearch.xhtml,1620584605,14:23:25,20210509
8,2012-09-30,0225.HK,HKD,2012-09-30,2012-09-30,FY,133525000,47445000,86080000,0.6446732821568995,0.0,9928000.0,2240000.0,14982000.0,0.0,-272285000,631000.0,1540000.0,407350000,3.050739561879798,405810000,3.0392061411720652,0.0,474843000,3.556210447481745,66302000.0,407184000,3.049496348998315,3.7,3.7,110179385,110179385,https://www1.hkexnews.hk/search/titlesearch.xhtml,https://www1.hkexnews.hk/search/titlesearch.xhtml,1620584605,14:23:25,20210509
9,2011-09-30,0225.HK,HKD,2011-09-30,2011-09-30,FY,120798000,47005000,73793000,0.6108793191940264,0.0,8218000.0,1460000.0,10616000.0,0.0,-443607000,780000.0,1496000.0,565901000,4.6846884882200035,564405000,4.672304177221477,0.0,564588000,4.673819102965281,92766000.0,471409000,3.902456994321098,4.28,4.28,110179385,110179385,https://www1.hkexnews.hk/search/titlesearch.xhtml,https://www1.hkexnews.hk/search/titlesearch.xhtml,1620584605,14:23:25,20210509
10,2010-09-30,0225.HK,HKD,2010-09-30,2010-09-30,FY,118350000,42986000,75364000,0.6367891846218843,0.0,8610000.0,1724000.0,0.0,0.0,-364316000,1075000.0,958000.0,483624000,4.08638783269962,482666000,4.078293198141107,0.0,477775000,4.036966624419096,71599000.0,405455000,3.4258977608787493,3.68,3.68,110179385,110179385,https://www1.hkexnews.hk/search/titlesearch.xhtml,https://www1.hkexnews.hk/search/titlesearch.xhtml,1620584605,14:23:25,20210509
11,2009-09-30,0225.HK,HKD,2009-09-30,2009-09-30,FY,123103000,38586000,84517000,0.6865551611252366,0.0,9434000.0,1533000.0,0.0,0.0,-414852000,2161000.0,1189000.0,539144000,4.379617068633583,537955000,4.3699584900449215,0.0,534880000,4.344979407488038,77951000.0,456684000,3.7097714921650975,4.14,4.14,110179385,110179385,https://www1.hkexnews.hk/search/titlesearch.xhtml,https://www1.hkexnews.hk/search/titlesearch.xhtml,1620584605,14:23:25,20210509
12,2008-09-30,0225.HK,HKD,2008-09-30,2008-09-30,FY,122781000,41147000,81634000,0.6648748584878768,0.0,9290000.0,1685000.0,4937000.0,0.0,52122000,5699000.0,1137000.0,71796000,0.5847484545654458,70659000,0.5754880641141544,0.0,58613000,0.4773784217427778,-6978000.0,65295000,0.5318005228822049,0.59,0.59,110179385,110179385,https://www1.hkexnews.hk/search/titlesearch.xhtml,https://www1.hkexnews.hk/search/titlesearch.xhtml,1620584605,14:23:25,20210509
13,2007-09-30,0225.HK,HKD,2007-09-30,2007-09-30,FY,110605000,41028000,69577000,0.629058360833597,0.0,9203000.0,1574000.0,303489000.0,0.0,51805000,9377000.0,1135000.0,59935000,0.5418832783328059,58800000,0.5316215360969215,0.0,362289000,3.2755209981465576,54130000.0,308159000,2.786121784729443,2.79,2.79,110186022,110186022,https://www1.hkexnews.hk/search/titlesearch.xhtml,https://www1.hkexnews.hk/search/titlesearch.xhtml,1620584605,14:23:25,20210509
14,2006-09-30,0225.HK,HKD,2006-09-30,2006-09-30,FY,105531000,44663000,60868000,0.5767783873932778,0.0,8527000.0,1736000.0,131990000.0,0.0,54926000,11108000.0,0.0,50605000,0.4795273426765595,50605000,0.4795273426765595,0.0,182595000,1.7302498791824203,32210000.0,150385000,1.4250315073295998,1.35,1.35,110136296,110136296,https://www1.hkexnews.hk/search/titlesearch.xhtml,https://www1.hkexnews.hk/search/titlesearch.xhtml,1620584605,14:23:25,20210509
15,2005-09-30,0225.HK,HKD,2005-09-30,2005-09-30,FY,92262000,48473000,43789000,0.47461576813856193,0.0,7783000.0,1447000.0,0.0,0.0,57703000,0.0,0.0,34559000,0.3745745810843034,34559000,0.3745745810843034,0.0,35147000,0.38094773579588564,6234000.0,27763000,0.3009147861524788,0.252,0.252,110170635,110170635,https://www1.hkexnews.hk/search/titlesearch.xhtml,https://www1.hkexnews.hk/search/titlesearch.xhtml,1620584605,14:23:25,20210509
16,2004-09-30,0225.HK,HKD,2004-09-30,2004-09-30,FY,78488000,42038000,36450000,0.46440220161043727,0.0,7408000.0,1246000.0,0.0,0.0,50692000,0.0,0.0,27796000,0.35414330853124043,27796000,0.35414330853124043,0.0,22574000,0.2876108449699317,4414000.0,23293000,0.2967714809907247,0.211,0.211,110393365,110393365,https://www1.hkexnews.hk/search/titlesearch.xhtml,https://www1.hkexnews.hk/search/titlesearch.xhtml,1620584605,14:23:25,20210509
