,date,symbol,reportedCurrency,fillingDate,acceptedDate,period,revenue,costOfRevenue,grossProfit,grossProfitRatio,researchAndDevelopmentExpenses,generalAndAdministrativeExpenses,sellingAndMarketingExpenses,otherExpenses,operatingExpenses,costAndExpenses,interestExpense,depreciationAndAmortization,ebitda,ebitdaratio,operatingIncome,operatingIncomeRatio,totalOtherIncomeExpensesNet,incomeBeforeTax,incomeBeforeTaxRatio,incomeTaxExpense,netIncome,netIncomeRatio,eps,epsdiluted,weightedAverageShsOut,weightedAverageShsOutDil,link,finalLink,timestamp,est_time,est_date
0,2019-12-31,2302.HK,HKD,2019-12-31,2019-12-31,FY,3169836000.0,3137195000.0,32641000.0,0.010297378160889081,0.0,21918000,3560000.0,7656000.0,25478000,3162673000,14884000.0,979000.0,8142000.0,0.0025685871445715173,7163000.0,0.002259738358703731,0.0,-217406000.0,-0.06858588267658011,1917000.0,-219323000.0,-0.06919064582520988,-0.448,-0.448,489168308,489168308,https://www1.hkexnews.hk/search/titlesearch.xhtml,https://www1.hkexnews.hk/search/titlesearch.xhtml,1620585492,14:38:12,20210509
1,2018-12-31,2302.HK,HKD,2018-12-31,2018-12-31,FY,1992052000.0,1969367000.0,22685000.0,0.011387754938124104,0.0,18340000,1982000.0,2464000.0,20322000,1989689000,0.0,1081000.0,3444000.0,0.0017288705314921497,2363000.0,0.0011862140144935976,0.0,4292000.0,0.002154562230303225,-19321000.0,23613000.0,0.01185360623116264,0.048,0.048,489168308,489168308,https://www1.hkexnews.hk/search/titlesearch.xhtml,https://www1.hkexnews.hk/search/titlesearch.xhtml,1620585492,14:38:12,20210509
2,2017-12-31,2302.HK,HKD,2017-12-31,2017-12-31,FY,652060000.0,637830000.0,14230000.0,0.021823145109345767,0.0,17828000,850000.0,-35000.0,18678000,656508000,0.0,2190000.0,-2258000.0,-0.003462871514891268,-4448000.0,-0.006821458148023188,0.0,257000.0,0.00039413550900223906,0.0,257000.0,0.00039413550900223906,0.001,0.001,489168308,489168308,https://www1.hkexnews.hk/search/titlesearch.xhtml,https://www1.hkexnews.hk/search/titlesearch.xhtml,1620585492,14:38:12,20210509
3,2016-12-31,2302.HK,HKD,2016-12-31,2016-12-31,FY,189429000.0,204537000.0,-15108000.0,-0.07975547566634465,0.0,15635000,546000.0,-409000.0,16181000,220718000,0.0,2578000.0,-28711000.0,-0.15156602209798922,-31289000.0,-0.16517534274055187,0.0,-28192000.0,-0.14882620929213583,0.0,-28192000.0,-0.14882620929213583,-0.058,-0.058,489168308,489168308,https://www1.hkexnews.hk/search/titlesearch.xhtml,https://www1.hkexnews.hk/search/titlesearch.xhtml,1620585492,14:38:12,20210509
4,2015-12-31,2302.HK,HKD,2015-12-31,2015-12-31,FY,57755000.0,56170000.0,1585000.0,0.02744351138429573,0.0,18363000,0.0,82000.0,18363000,74533000,0.0,2589000.0,-14189000.0,-0.2456756990736733,-16778000.0,-0.29050298675439357,0.0,-220599000.0,-3.819565405592589,0.0,-220599000.0,-3.819565405592589,-0.451,-0.451,489168308,489168308,https://www1.hkexnews.hk/search/titlesearch.xhtml,https://www1.hkexnews.hk/search/titlesearch.xhtml,1620585492,14:38:12,20210509
5,2014-12-31,2302.HK,HKD,2014-12-31,2014-12-31,FY,520380000.0,480997000.0,39383000.0,0.07568123294515547,0.0,21196000,0.0,1007000.0,21196000,502193000,0.0,4281000.0,22468000.0,0.04317614051270226,18187000.0,0.034949460009992696,0.0,-156223000.0,-0.3002094623159998,174000.0,-156397000.0,-0.3005438333525501,-0.32,-0.32,489168308,489168308,https://www1.hkexnews.hk/search/titlesearch.xhtml,https://www1.hkexnews.hk/search/titlesearch.xhtml,1620585492,14:38:12,20210509
6,2013-12-31,2302.HK,HKD,2013-12-31,2013-12-31,FY,1168097000.0,1024940000.0,143157000.0,0.12255574665460146,0.0,23257000,87000.0,660000.0,23344000,1048284000,8093000.0,4632000.0,124445000.0,0.10653652907249997,119813000.0,0.10257110496816617,0.0,-4749000.0,-0.004065587018886274,13864000.0,-18613000.0,-0.015934464346710933,-0.038,-0.038,489168308,489168308,https://www1.hkexnews.hk/search/titlesearch.xhtml,https://www1.hkexnews.hk/search/titlesearch.xhtml,1620585492,14:38:12,20210509
7,2012-12-31,2302.HK,HKD,2012-12-31,2012-12-31,FY,417442000.0,379743000.0,37699000.0,0.09030955198566508,0.0,23570000,67000.0,2946000.0,23637000,403380000,32464000.0,3029000.0,17091000.0,0.040942214726836304,14062000.0,0.03368611687372138,0.0,-23184000.0,-0.05553825441618237,2954000.0,-26138000.0,-0.06261468659119111,-0.053,-0.053,489168308,489168308,https://www1.hkexnews.hk/search/titlesearch.xhtml,https://www1.hkexnews.hk/search/titlesearch.xhtml,1620585492,14:38:12,20210509
8,2011-12-31,2302.HK,HKD,2011-12-31,2011-12-31,FY,0.0,0.0,0.0,0.0,0.0,25894000,0.0,0.0,19665000,19665000,41118000.0,8785000.0,-10880000.0,0.0,-19665000.0,0.0,0.0,-68178000.0,0.0,-4067000.0,-57393000.0,0.0,-0.131,-0.131,438702555,438702555,https://www1.hkexnews.hk/search/titlesearch.xhtml,https://www1.hkexnews.hk/search/titlesearch.xhtml,1620585492,14:38:12,20210509
9,2010-12-31,2302.HK,HKD,2010-12-31,2010-12-31,FY,168048000.0,149228000.0,18820000.0,0.11199181186327715,0.0,43608000,5088000.0,0.0,36373000,185601000,36366000.0,16622000.0,-931000.0,-0.005540083785585071,-17553000.0,-0.10445229934304484,0.0,-62856000.0,-0.3740359897172236,-7777000.0,-55079000.0,-0.327757545463201,-0.128,-0.128,429168000,429168000,https://www1.hkexnews.hk/search/titlesearch.xhtml,https://www1.hkexnews.hk/search/titlesearch.xhtml,1620585492,14:38:12,20210509
10,2009-12-31,2302.HK,HKD,2009-12-31,2009-12-31,FY,136571000.0,132928000.0,3643000.0,0.026674769899905543,0.0,31393000,5396000.0,-5645000.0,30080000,163008000,9573000.0,16396000.0,-10041000.0,-0.07352219724538885,-26437000.0,-0.19357696729173837,0.0,-41655000.0,-0.3050061872579098,-1265000.0,-40390000.0,-0.29574360588997667,-0.101,-0.101,401771000,401771000,https://www1.hkexnews.hk/search/titlesearch.xhtml,https://www1.hkexnews.hk/search/titlesearch.xhtml,1620585492,14:38:12,20210509
11,2008-12-31,2302.HK,HKD,2008-12-31,2008-12-31,FY,209082000.0,200166000.0,8916000.0,0.04264355611673889,0.0,20584000,8927000.0,0.0,27208000,227374000,2138000.0,17173000.0,-1119000.0,-0.005351967170775102,-18292000.0,-0.08748720597660248,0.0,-20430000.0,-0.09771285906964731,-713000.0,-19717000.0,-0.09430271376780403,-0.081,-0.081,244856000,244856000,https://www1.hkexnews.hk/search/titlesearch.xhtml,https://www1.hkexnews.hk/search/titlesearch.xhtml,1620585492,14:38:12,20210509
12,2007-12-31,2302.HK,HKD,2007-12-31,2007-12-31,FY,234919000.0,209638000.0,25281000.0,0.1076158165154798,0.0,14389000,7975000.0,0.0,31219000,240857000,0.0,17294000.0,11356000.0,0.048340066150460374,-5938000.0,-0.025276797534469327,0.0,-4394000.0,-0.0187043193611415,754000.0,-4356000.0,-0.018542561478637316,-0.0198,-0.0198,220000000,220000000,https://www1.hkexnews.hk/search/titlesearch.xhtml,https://www1.hkexnews.hk/search/titlesearch.xhtml,1620585492,14:38:12,20210509
13,2006-12-31,2302.HK,HKD,2006-12-31,2006-12-31,FY,242831000.0,202042000.0,40789000.0,0.1679727876589068,0.0,23627000,0.0,0.0,23627000,225669000,0.0,14547000.0,31709000.0,0.1305805271979278,17162000.0,0.07067466674353769,0.0,14170000.0,0.05835334038899481,754000.0,13416000.0,0.055248300258204264,0.061,0.061,219934426,219934426,https://www1.hkexnews.hk/search/titlesearch.xhtml,https://www1.hkexnews.hk/search/titlesearch.xhtml,1620585492,14:38:12,20210509
14,2005-12-31,2302.HK,HKD,2005-12-31,2005-12-31,FY,186621000.0,158105000.0,28516000.0,0.15280166755081154,0.0,12624000,5573000.0,0.0,18379000,176484000,0.0,13016000.0,23153000.0,0.12406428001135993,10137000.0,0.05431864581156461,0.0,10550000.0,0.056531687216336855,221000.0,10329000.0,0.0553474689343643,0.047,0.047,219765957,219765957,https://www1.hkexnews.hk/search/titlesearch.xhtml,https://www1.hkexnews.hk/search/titlesearch.xhtml,1620585492,14:38:12,20210509
15,2004-12-31,2302.HK,HKD,2004-12-31,2004-12-31,FY,154584000.0,128899000.0,25685000.0,0.1661556176577136,0.0,12451000,4999000.0,0.0,16123000,145022000,0.0,11424000.0,20986000.0,0.13575790508720179,9562000.0,0.06185633700771102,0.0,9371000.0,0.06062076282150805,957000.0,8414000.0,0.054429953940899445,0.038,0.038,221421053,221421053,https://www1.hkexnews.hk/search/titlesearch.xhtml,https://www1.hkexnews.hk/search/titlesearch.xhtml,1620585492,14:38:12,20210509
16,2003-12-31,2302.HK,HKD,2003-12-31,2003-12-31,FY,150545000.0,103798000.0,46747000.0,0.3105184496330001,0.0,17005000,3288000.0,0.0,18769000,122567000,0.0,8641000.0,36619000.0,0.24324288418745227,27978000.0,0.18584476402404596,0.0,27713000.0,0.18408449300873492,1959000.0,25754000.0,0.17107177255969977,0.117,0.117,220119658,220119658,https://www1.hkexnews.hk/search/titlesearch.xhtml,https://www1.hkexnews.hk/search/titlesearch.xhtml,1620585492,14:38:12,20210509
17,2002-12-31,2302.HK,HKD,2002-12-31,2002-12-31,FY,134163000.0,90218000.0,43945000.0,0.32754932432936057,0.0,10889000,2658000.0,0.0,13554000,103772000,0.0,5534000.0,35925000.0,0.26777129312850784,30391000.0,0.2265229608759494,0.0,30367000.0,0.22634407399953788,1828000.0,28539000.0,0.21271885691285974,0.173,0.173,164965318,164965318,https://www1.hkexnews.hk/search/titlesearch.xhtml,https://www1.hkexnews.hk/search/titlesearch.xhtml,1620585492,14:38:12,20210509
