,date,symbol,reportedCurrency,fillingDate,acceptedDate,period,revenue,costOfRevenue,grossProfit,grossProfitRatio,researchAndDevelopmentExpenses,generalAndAdministrativeExpenses,sellingAndMarketingExpenses,otherExpenses,operatingExpenses,costAndExpenses,interestExpense,depreciationAndAmortization,ebitda,ebitdaratio,operatingIncome,operatingIncomeRatio,totalOtherIncomeExpensesNet,incomeBeforeTax,incomeBeforeTaxRatio,incomeTaxExpense,netIncome,netIncomeRatio,eps,epsdiluted,weightedAverageShsOut,weightedAverageShsOutDil,link,finalLink,timestamp,est_time,est_date
0,2020-12-31,PBHC,USD,2021-03-30,2021-03-30 17:28:53,FY,38487000,0.0,0.0,0.0,0.0,0.0,0.0,0.0,0.0,0.0,10864000.0,55000.0,0.0,0.0,0.0,0.2338451944812534,0.0,9000000.0,0.2338451944812534,1954000.0,6950000.0,0.18058045573830125,1.5567482910487644,1.5567482910487644,4464434.0,4464434.0,https://www.sec.gov/Archives/edgar/data/1609065/000156459021016744/0001564590-21-016744-index.htm,https://www.sec.gov/Archives/edgar/data/1609065/000156459021016744/pbhc-10k_20201231.htm,1620596361,17:39:21,20210509
1,2019-12-31,PBHC,USD,2020-03-23,2020-03-23 14:17:23,FY,32331000,0.0,0.0,0.0,0.0,16420000.0,962000.0,0.0,41000000.0,0.0,13528000.0,1558000.0,0.0,0.0,0.0,0.16859979586155702,0.0,5451000.0,0.16859979586155702,1165000.0,4276000.0,0.13225696699761838,0.8,0.8,4464434.0,4464434.0,https://www.sec.gov/Archives/edgar/data/1609065/000156459020012167/0001564590-20-012167-index.htm,https://www.sec.gov/Archives/edgar/data/1609065/000156459020012167/pbhc-10k_20191231.htm,1620596361,17:39:21,20210509
2,2018-12-31,PBHC,USD,2019-03-27 00:00:00,2019-03-27 15:03:05,FY,28726000,0.0,0.0,0.0,0.0,15791000.0,935000.0,0.0,34000000.0,0.0,9044000.0,1209000.0,0.0,0.0,0.0,0.15856715170925295,0.0,4555000.0,0.15856715170925295,546000.0,4031000.0,0.14032583722063635,0.97,0.94,4171165.0,4265831.0,https://www.sec.gov/Archives/edgar/data/1609065/000156459019009543/0001564590-19-009543-index.html,https://www.sec.gov/Archives/edgar/data/1609065/000156459019009543/pbhc-10k_20181231.htm,1620596361,17:39:21,20210509
3,2017-12-31,PBHC,USD,2018-03-30 00:00:00,2018-03-30 17:08:21,FY,27302000,0.0,0.0,0.0,0.0,14169000.0,809000.0,0.0,29000000.0,0.0,6290000.0,1079000.0,0.0,0.0,0.0,0.15914585012087026,0.0,4345000.0,0.15914585012087026,922000.0,3491000.0,0.12786609039630797,0.74,0.72,4081344.0,4189518.0,https://www.sec.gov/Archives/edgar/data/1609065/000156459018007279/0001564590-18-007279-index.html,https://www.sec.gov/Archives/edgar/data/1609065/000156459018007279/pbhc-10k_20171231.htm,1620596361,17:39:21,20210509
4,2016-12-31,PBHC,USD,2017-03-31 00:00:00,2017-03-31 10:48:38,FY,24472000,0.0,0.0,0.0,0.0,12799000.0,730000.0,0.0,24000000.0,0.0,3804000.0,1047000.0,0.0,0.0,0.0,0.18016508662961753,0.0,4409000.0,0.18016508662961753,1111000.0,3272000.0,0.13370382477933965,0.79,0.78,4105111.0,4189820.0,https://www.sec.gov/Archives/edgar/data/1609065/000160906517000013/0001609065-17-000013-index.html,https://www.sec.gov/Archives/edgar/data/1609065/000160906517000013/form10-k.htm,1620596361,17:39:21,20210509
5,2015-12-31,PBHC,USD,2016-03-29 00:00:00,2016-03-29 14:05:50,FY,22939000,0.0,0.0,0.0,0.0,11704000.0,518000.0,0.0,22000000.0,0.0,2657000.0,1028000.0,0.0,0.0,0.0,0.1745062993155761,0.0,4003000.0,0.1745062993155761,1071000.0,2889000.0,0.125942717642443,0.67,0.66,4123569.0,4190949.0,https://www.sec.gov/Archives/edgar/data/1609065/000160906516000054/0001609065-16-000054-index.html,https://www.sec.gov/Archives/edgar/data/1609065/000160906516000054/form10k.htm,1620596361,17:39:21,20210509
6,2014-12-31,PBHC,USD,2015-03-18,2015-03-18,FY,20844000,0.0,0.0,0.0,0.0,10741000.0,537000.0,0.0,20000000.0,0.0,2614000.0,831000.0,0.0,0.0,0.0,0.18969487622337364,0.0,3954000.0,0.18969487622337364,1153000.0,2745000.0,0.13169257340241797,0.64,0.63,4156203.0,4199843.0,https://www.sec.gov/Archives/edgar/data/1609065/000160906515000006/0001609065-15-000006-index.htm,https://www.sec.gov/Archives/edgar/data/1609065/000160906515000006/form10-k.htm,1620596361,17:39:21,20210509
