,date,symbol,reportedCurrency,fillingDate,acceptedDate,period,revenue,costOfRevenue,grossProfit,grossProfitRatio,researchAndDevelopmentExpenses,generalAndAdministrativeExpenses,sellingAndMarketingExpenses,otherExpenses,operatingExpenses,costAndExpenses,interestExpense,depreciationAndAmortization,ebitda,ebitdaratio,operatingIncome,operatingIncomeRatio,totalOtherIncomeExpensesNet,incomeBeforeTax,incomeBeforeTaxRatio,incomeTaxExpense,netIncome,netIncomeRatio,eps,epsdiluted,weightedAverageShsOut,weightedAverageShsOutDil,link,finalLink,timestamp,est_time,est_date
0,2016-10-31,MGCD,USD,2017-01-30 00:00:00,2017-01-30 16:09:34,FY,30635000.0,19865000.0,20175000.0,0.6585604700505957,2678000.0,-4777000.0,10514000.0,3863000.0,22792000.0,42657000.0,0.0,1382000.0,-1235000.0,-0.0403133670638159,-2617000.0,-0.08542516729231271,0.0,-2851000.0,-0.0930634894728252,106000.0,-3774000.0,-0.12319242696262445,-0.87523,-0.87523,4312000.0,4312000.0,https://www.sec.gov/Archives/edgar/data/815093/000089710117000133/0000897101-17-000133-index.html,https://www.sec.gov/Archives/edgar/data/815093/000089710117000133/MainDocument.htm,1620594955,17:15:55,20210509
1,2015-10-31,MGCD,USD,2016-01-29 00:00:00,2016-01-29 16:59:45,FY,37467000.0,18148000.0,19319000.0,0.5156270851682814,2931000.0,-3109000.0,8831000.0,232000.0,17716000.0,35864000.0,0.0,1066000.0,2669000.0,0.07123602103184136,1603000.0,0.042784316865508314,0.0,427000.0,0.01139669575893453,-3549000.0,3976000.0,0.10612005231270184,0.9381783860311468,0.9361902519425477,4238000.0,4247000.0,https://www.sec.gov/Archives/edgar/data/815093/000089710116001821/0000897101-16-001821-index.html,https://www.sec.gov/Archives/edgar/data/815093/000089710116001821/mgcd160262_10k.htm,1620594955,17:15:55,20210509
2,2014-10-31,MGCD,USD,2015-01-29,2015-01-29 17:08:24,FY,30032000.0,13501000.0,16531000.0,0.5504461907298881,2805000.0,-2641000.0,8519000.0,96000.0,17298000.0,30799000.0,0.0,581000.0,-186000.0,-0.006193393713372403,-767000.0,-0.025539424613745337,0.0,-1291000.0,-0.0429874800213106,-191000.0,-1100000.0,-0.036627597229621736,-0.26373,-0.26373,4171000.0,4171000.0,https://www.sec.gov/Archives/edgar/data/815093/000089710115000112/0000897101-15-000112-index.htm,https://www.sec.gov/Archives/edgar/data/815093/000089710115000112/mgc150289_10k.htm,1620594955,17:15:55,20210509
3,2013-10-31,MGCD,USD,2014-01-28,2014-01-28 17:18:31,FY,31640000.0,13934000.0,17706000.0,0.5596080910240202,2241000.0,-4494000.0,9256000.0,21000.0,16280000.0,30214000.0,0.0,366000.0,1792000.0,0.05663716814159292,1426000.0,0.04506953223767383,0.0,1427000.0,0.04510113780025284,70000.0,1357000.0,0.04288874841972187,0.3407835258663988,0.3354758961681088,3982000.0,4045000.0,https://www.sec.gov/Archives/edgar/data/815093/000089710114000108/0000897101-14-000108-index.htm,https://www.sec.gov/Archives/edgar/data/815093/000089710114000108/mgcd140245_10k.htm,1620594955,17:15:55,20210509
4,2012-10-31,MGCD,USD,2013-01-29 00:00:00,2013-01-29 13:12:56,FY,27158000.0,12347000.0,14811000.0,0.5453641652551734,3246000.0,-3883000.0,8029000.0,437000.0,15858000.0,28205000.0,0.0,671000.0,-376000.0,-0.013844907577877605,-1047000.0,-0.038552176154355994,0.0,-1038000.0,-0.0382207820899919,25000.0,-1000.0,-3.682156270712129e-05,-0.05245488879563575,-0.00026123301985370953,19064.0,3828000.0,https://www.sec.gov/Archives/edgar/data/815093/000089710113000106/0000897101-13-000106-index.html,https://www.sec.gov/Archives/edgar/data/815093/000089710113000106/mgcd130275_10k.htm,1620594955,17:15:55,20210509
5,2011-10-31,MGCD,USD,2012-01-27 00:00:00,2012-01-27 11:20:21,FY,29067000.0,12521000.0,16546000.0,0.569236591323494,3659000.0,-4002000.0,8301000.0,420000.0,16679000.0,29200000.0,0.0,685000.0,552000.0,0.01899060790587264,-133000.0,-0.004575635600509168,0.0,-112000.0,-0.003853166821481405,40000.0,-152000.0,-0.005229297829153335,-0.04035,-0.04035,3767000.0,3767000.0,https://www.sec.gov/Archives/edgar/data/815093/000089710112000109/0000897101-12-000109-index.html,https://www.sec.gov/Archives/edgar/data/815093/000089710112000109/angeion120295_10k.htm,1620594955,17:15:55,20210509
6,2010-10-31,MGCD,USD,2011-01-31,2011-01-31 16:22:09,FY,3519000.0,13250000.0,15791000.0,4.487354362034669,3606000.0,-3553000.0,8067000.0,0.0,16187000.0,29437000.0,0.0,350000.0,-458000.0,-0.1301506109690253,-808000.0,-0.2296106848536516,0.0,-808000.0,-0.2296106848536516,0.0,-849000.0,-0.2412617220801364,-0.20597,-0.20597,4122000.0,4122000.0,https://www.sec.gov/Archives/edgar/data/815093/000089710111000129/0000897101-11-000129-index.htm,https://www.sec.gov/Archives/edgar/data/815093/000089710111000129/angeion110428_10k.htm,1620594955,17:15:55,20210509
7,2009-10-31,MGCD,USD,2010-01-29 00:00:00,2010-01-29 15:38:36,FY,3306000.0,12217000.0,13262000.0,4.011494252873563,3151000.0,-2968000.0,6964000.0,0.0,14111000.0,26328000.0,0.0,410000.0,-1151000.0,-0.34815486993345435,-1561000.0,-0.4721718088324259,0.0,-1561000.0,-0.4721718088324259,0.0,-1593000.0,-0.48185117967332125,-0.38656,-0.38656,4121000.0,4121000.0,https://www.sec.gov/Archives/edgar/data/815093/000089710110000152/0000897101-10-000152-index.html,https://www.sec.gov/Archives/edgar/data/815093/000089710110000152/angeion100327_10k.htm,1620594955,17:15:55,20210509
8,2008-10-31,MGCD,USD,2009-01-26 00:00:00,2009-01-26 16:32:39,FY,30011000.0,14557000.0,15454000.0,0.5149445203425411,2437000.0,-4256000.0,8646000.0,728000.0,16201000.0,30758000.0,0.0,456000.0,-291000.0,-0.009696444636966445,-747000.0,-0.024890873346439638,0.0,-584000.0,-0.019459531505114792,0.0,-686000.0,-0.02285828529539169,-0.17,-0.17,4035294.0,4035294.0,https://www.sec.gov/Archives/edgar/data/815093/000089710109000139/0000897101-09-000139-index.html,https://www.sec.gov/Archives/edgar/data/815093/000089710109000139/angeion090314_10k.htm,1620594955,17:15:55,20210509
9,2007-10-31,MGCD,USD,2008-01-29,2008-01-29 15:09:02,FY,38580000.0,19106000.0,19474000.0,0.5047693105235873,2820000.0,-5887000.0,10107000.0,733000.0,17880000.0,36986000.0,0.0,444000.0,2038000.0,0.05282529808190772,1594000.0,0.041316744427164334,0.0,1776000.0,0.046034214618973564,0.0,1057000.0,0.027397615344738207,0.27,0.27,3914814.0,3914814.0,https://www.sec.gov/Archives/edgar/data/815093/000110465908005409/0001104659-08-005409-index.htm,https://www.sec.gov/Archives/edgar/data/815093/000110465908005409/a08-3686_110k.htm,1620594955,17:15:55,20210509
10,2006-10-31,MGCD,USD,2007-01-29,2007-01-29 16:20:54,FY,6933000.0,3404000.0,3529000.0,0.5090148564834848,483000.0,-1240000.0,1953000.0,0.0,3149000.0,6553000.0,0.0,285000.0,462000.0,0.06663781912591951,177000.0,0.025530073561228904,0.0,186000.0,0.026828212894850715,100000.0,82000.0,0.011827491706332035,0.022708391027416227,0.022558459422283357,3611000.0,3635000.0,https://www.sec.gov/Archives/edgar/data/815093/000110465907005407/0001104659-07-005407-index.htm,https://www.sec.gov/Archives/edgar/data/815093/000110465907005407/a07-2819_110ksb.htm,1620594955,17:15:55,20210509
11,2005-10-31,MGCD,USD,2006-01-09,2006-01-09 17:23:37,FY,2833000.0,12023000.0,11751000.0,4.1478997529121076,2061000.0,-4790000.0,7192000.0,0.0,11655000.0,23678000.0,0.0,415000.0,-275000.0,-0.09707024355806565,-690000.0,-0.2435580656547829,0.0,-919000.0,-0.32439110483586303,0.0,-919000.0,-0.32439110483586303,-0.25485,-0.25485,3606000.0,3606000.0,https://www.sec.gov/Archives/edgar/data/815093/000110465906001307/0001104659-06-001307-index.htm,https://www.sec.gov/Archives/edgar/data/815093/000110465906001307/a06-1362_110ksb.htm,1620594955,17:15:55,20210509
12,2004-10-31,MGCD,USD,2005-01-31,2005-01-31 17:07:01,FY,3104000.0,10952000.0,9736000.0,3.13659793814433,1672000.0,-3732000.0,6131000.0,0.0,10202000.0,21154000.0,0.0,572000.0,-827000.0,-0.266430412371134,-1399000.0,-0.45070876288659795,0.0,-2300000.0,-0.740979381443299,0.0,-2300000.0,-0.740979381443299,-0.63924,-0.63924,3598000.0,3598000.0,https://www.sec.gov/Archives/edgar/data/815093/000110465905003325/0001104659-05-003325-index.htm,https://www.sec.gov/Archives/edgar/data/815093/000110465905003325/a05-2428_110ksb.htm,1620594955,17:15:55,20210509
13,2003-10-31,MGCD,USD,2004-01-30,2004-01-29 18:36:19,FY,2993000.0,10602000.0,8110000.0,2.7096558636819243,1538000.0,-2859000.0,5581000.0,0.0,9841000.0,20443000.0,0.0,611000.0,-1938000.0,-0.6475108586702305,-2549000.0,-0.8516538590043434,0.0,-2784000.0,-0.9301703975943869,0.0,-2784000.0,-0.9301703975943869,-0.77462,-0.77462,3594000.0,3594000.0,https://www.sec.gov/Archives/edgar/data/815093/000110465904002146/0001104659-04-002146-index.htm,https://www.sec.gov/Archives/edgar/data/815093/000110465904002146/a04-1662_110ksb.htm,1620594955,17:15:55,20210509
14,2002-10-31,MGCD,USD,2003-01-29,2003-01-29 17:21:34,FY,13402000.0,8009000.0,5393000.0,0.40240262647366065,1030000.0,-2314000.0,4266000.0,0.0,7248000.0,15257000.0,877000.0,499000.0,-1080000.0,-0.08058498731532607,-1579000.0,-0.11781823608416654,0.0,-1579000.0,-0.11781823608416654,0.0,-1579000.0,-0.11781823608416654,-0.43922,-0.43922,3595000.0,3595000.0,https://www.sec.gov/Archives/edgar/data/815093/000110465903000747/0001104659-03-000747-index.htm,https://www.sec.gov/Archives/edgar/data/815093/000110465903000747/j6844_10kt.htm,1620594955,17:15:55,20210509
15,2001-12-31,MGCD,USD,2002-04-15,2002-04-15 00:00:00,FY,2581000.0,9579000.0,7087000.0,2.745834947694692,1623000.0,-2345000.0,5283000.0,0.0,9844000.0,19423000.0,2041000.0,667000.0,-5152000.0,-1.9961255327392484,-5819000.0,-2.254552499031383,0.0,-6526000.0,-2.5284773343665248,0.0,-6526000.0,-2.5284773343665248,-1.85609,-1.85609,3516000.0,3516000.0,https://www.sec.gov/Archives/edgar/data/815093/000110465902001466/0001104659-02-001466-index.htm,https://www.sec.gov/Archives/edgar/data/815093/000110465902001466/j3010_10ksb.htm,1620594955,17:15:55,20210509
16,2000-12-31,MGCD,USD,2001-04-02,2001-04-02 00:00:00,FY,2435000.0,11213000.0,5838000.0,2.397535934291581,1705000.0,-1946000.0,4821000.0,0.0,9401000.0,20614000.0,2105000.0,672000.0,-5758000.0,-2.3646817248459957,-6430000.0,-2.640657084188912,0.0,4403000.0,1.8082135523613962,0.0,4403000.0,1.8082135523613962,1.22306,1.22306,3600000.0,3600000.0,https://www.sec.gov/Archives/edgar/data/815093/000110465901500251/0001104659-01-500251-index.htm,https://www.sec.gov/Archives/edgar/data/815093/000110465901500251/j0231_10-k.htm,1620594955,17:15:55,20210509
