,date,symbol,reportedCurrency,fillingDate,acceptedDate,period,revenue,costOfRevenue,grossProfit,grossProfitRatio,researchAndDevelopmentExpenses,generalAndAdministrativeExpenses,sellingAndMarketingExpenses,otherExpenses,operatingExpenses,costAndExpenses,interestExpense,depreciationAndAmortization,ebitda,ebitdaratio,operatingIncome,operatingIncomeRatio,totalOtherIncomeExpensesNet,incomeBeforeTax,incomeBeforeTaxRatio,incomeTaxExpense,netIncome,netIncomeRatio,eps,epsdiluted,weightedAverageShsOut,weightedAverageShsOutDil,link,finalLink,timestamp,est_time,est_date
0,2020-12-26,LFUS,USD,2021-02-18,2021-02-18 11:25:37,FY,1445695000,944523000,501172000,0.3466650987933139,52538000.0,204507000.0,0.0,81755000.0,338800000.0,1283323000.0,-21077000.0,56139000.0,218511000,0.15114598860755554,162372000.0,0.11231414648317938,-5083000.0,161253000.0,0.11154012430007712,0.0,129986000.0,0.08991246424729975,5.333634237413319,5.2979824740167105,24371000,24535000,https://www.sec.gov/Archives/edgar/data/889331/000088933121000010/0000889331-21-000010-index.htm,https://www.sec.gov/Archives/edgar/data/889331/000088933121000010/lfus-20201226.htm,1620594405,17:06:45,20210509
1,2019-12-28,LFUS,USD,2020-02-21 00:00:00,2020-02-21 12:48:11,FY,1503873000,962424000,541449000,0.36003638605121574,80539000.0,228093000.0,0.0,40026000.0,348658000.0000001,1311082000.0000002,22266000.0,92503000.0,285294000,0.18970617864673414,192791000.0,0.12819633040821932,583000.0,165884000.0,0.11030452704450443,26802000.0,139082000.0,0.09248254340625837,5.60408,5.60408,24818000,24818000,https://www.sec.gov/Archives/edgar/data/889331/000088933120000014/0000889331-20-000014-index.html,https://www.sec.gov/Archives/edgar/data/889331/000088933120000014/lfus-122819x10k.htm,1620594405,17:06:45,20210509
2,2018-12-29,LFUS,USD,2019-02-22 00:00:00,2019-02-22 16:37:47,FY,1718468000,1065927000,652541000,0.37972252029132925,87301000.0,288001000.0,0.0,52190000.0,427492000.0000002,1493419000.0000002,22569000.0,103193000.0,328242000,0.1910085029223704,225049000.0,0.1309590868145348,1599000.0,204942000.0,0.11925854889354937,40377000.0,164565000.0,0.0957626211253279,6.5213,6.5213,25235000,25235000,https://www.sec.gov/Archives/edgar/data/889331/000088933119000015/0000889331-19-000015-index.html,https://www.sec.gov/Archives/edgar/data/889331/000088933119000015/lfus-122918x10k.htm,1620594405,17:06:45,20210509
3,2017-12-30,LFUS,USD,2018-02-23 00:00:00,2018-02-23 17:16:39,FY,1221534000,715001000,506533000,0.414669587584136,50489000.0,212833000.0,0.0,24700000.0,288022000.00000006,1003023000.0,13380000.0,63010999.99999999,281522000,0.2304659551023549,218511000.0,0.17888245435657132,1282000.0,204037000.0,0.1670334186359119,84518000.0,119519000.0,0.09784336743799191,5.21211,5.21211,22931000,22931000,https://www.sec.gov/Archives/edgar/data/889331/000143774918003245/0001437749-18-003245-index.html,https://www.sec.gov/Archives/edgar/data/889331/000143774918003245/lfus20171230_10k.htm,1620594405,17:06:45,20210509
4,2016-12-31,LFUS,USD,2017-02-27 00:00:00,2017-02-27 16:24:38,FY,1056159000,643042000,413117000,0.391150385500668,42198000.0,206129000.0,0.0,1730000.0,267664000.0,910706000.0,8628000.0,19337000.0,164790000,0.1560276435650314,145453000.0,0.13771884725689976,-13551000.0,123274000.0,0.1167191682312985,18786000.0,104488000.0,0.09893207367451302,4.63,4.6,22559000,22727000,https://www.sec.gov/Archives/edgar/data/889331/000143774917003344/0001437749-17-003344-index.html,https://www.sec.gov/Archives/edgar/data/889331/000143774917003344/lfus20161231_10k.htm,1620594405,17:06:45,20210509
5,2016-01-02,LFUS,USD,2016-03-01 00:00:00,2016-03-01 10:43:19,FY,867864000,537365000,330499000,0.38081888406478437,30802000.0,183642000.0,0.0,41826000.0,226341999.99999997,763707000.0,4091000.0,41599000.00000001,145756000,0.16794797341518947,104157000.0,0.12001534802687978,5417000.0,106948000.0,0.1232312896951596,24482000.0,80866000.0,0.0931781938183863,3.5594,3.5594,22719000,22719000,https://www.sec.gov/Archives/edgar/data/889331/000143774916026441/0001437749-16-026441-index.html,https://www.sec.gov/Archives/edgar/data/889331/000143774916026441/lfus20151226_10k.htm,1620594405,17:06:45,20210509
6,2014-12-27,LFUS,USD,2015-02-24,2015-02-24 15:09:57,FY,852000000,527600000,324400000,0.3807511737089202,31100000.0,147000000.0,0.0,12501000.0,190600000.00000003,718200000.0,4903000.0,41900000.0,175700000,0.20622065727699532,133800000.0,0.15704225352112677,6600000.0,131600000.0,0.1544600938967136,32228000.0,98100000.0,0.11514084507042253,4.32159,4.32159,22700000,22700000,https://www.sec.gov/Archives/edgar/data/889331/000143774915003300/lfus20141227_10k.htm,https://www.sec.gov/Archives/edgar/data/889331/000143774915003300/lfus20141227_10k.htm,1620594405,17:06:45,20210509
7,2013-12-28,LFUS,USD,2014-02-25,2014-02-25 13:59:52,FY,757900000,461600000,296200000,0.39081673043937193,24400000.0,132700000.0,0.0,9279000.0,177100000.00000003,638700000.0,2917000.0,34500000.0,153700000,0.20279720279720279,119200000.0,0.15727668557857238,4600000.0,124200000.0,0.16387386198706955,35451000.0,88800000.0,0.11716585301490962,3.94667,3.94667,22500000,22500000,https://www.sec.gov/Archives/edgar/data/889331/000143774914002746/lfus20131231_10k.htm,https://www.sec.gov/Archives/edgar/data/889331/000143774914002746/lfus20131231_10k.htm,1620594405,17:06:45,20210509
8,2012-12-29,LFUS,USD,2013-02-27 00:00:00,2013-02-27 11:19:23,FY,667900000,409400000,258500000,0.3870339871238209,21200000.0,123800000.0,0.0,6089000.0,159000000.0,568400000.0,1701000.0,31400000.0,130900000,0.19598742326695612,99500000.0,0.14897439736487497,-3200000.0,100100000.0,0.14987273543943705,24720000.0,75300000.0,0.11274142835753856,3.40724,3.40724,22100000,22100000,https://www.sec.gov/Archives/edgar/data/889331/000143774913002025/0001437749-13-002025-index.html,https://www.sec.gov/Archives/edgar/data/889331/000143774913002025/lfus_10k-122912.htm,1620594405,17:06:45,20210509
9,2011-12-31,LFUS,USD,2012-02-24 00:00:00,2012-02-24 11:13:07,FY,664955000,408261000,256694000,0.3860321375130648,19439000.0,116740000.0,0.0,0.0,142790000.0,551051000.0,1691000.0,6611000.0,120515000,0.18123782812370762,113904000.0,0.171295801971562,2888000.0,115101000.0,0.17309592378431624,28077000.0,87024000.0,0.13087201389567715,3.96,3.9,21901000,22255000,https://www.sec.gov/Archives/edgar/data/889331/000143774912001722/0001437749-12-001722-index.html,https://www.sec.gov/Archives/edgar/data/889331/000143774912001722/lfus_10k-123111.htm,1620594405,17:06:45,20210509
10,2011-01-01,LFUS,USD,2011-02-25,2011-02-25 12:49:51,FY,608000000,374100000,233900000,0.38470394736842106,17600000.0,100700000.0,0.0,5025000.0,126299999.99999996,500399999.99999994,1437000.0,32000000.0,139600000,0.22960526315789473,107600000.0,0.1769736842105263,1500000.0,107700000.0,0.17713815789473683,29000000.0,78700000.0,0.1294407894736842,3.54505,3.54505,22200000,22200000,https://www.sec.gov/Archives/edgar/data/889331/000143774911001080/littelfuse_10k-010111.htm,https://www.sec.gov/Archives/edgar/data/889331/000143774911001080/littelfuse_10k-010111.htm,1620594405,17:06:45,20210509
11,2010-01-02,LFUS,USD,2010-02-26 00:00:00,2010-02-26 16:06:05,FY,430100000,304800000,125400000,0.2915601023017903,18100000.0,87700000.0,0.0,5026000.0,111699999.99999999,416500000.0,2377000.0,36600000.0,50300000,0.1169495466170658,13700000.0,0.031853057428505,-500000.0,10800000.0,0.025110439432690073,1400000.0,9400000.0,0.02185538246919321,0.43119,0.43119,21800000,21800000,https://www.sec.gov/Archives/edgar/data/889331/000095012310018129/0000950123-10-018129-index.html,https://www.sec.gov/Archives/edgar/data/889331/000095012310018129/c56611e10vk.htm,1620594405,17:06:45,20210509
12,2008-12-27,LFUS,USD,2009-02-25 00:00:00,2009-02-25 12:29:06,FY,530900000,373100000,157800000,0.297231116971181,24100000.0,107200000.0,0.0,-5568000.0,149299999.99999994,522399999.99999994,3440000.0,32200000.0,40700000,0.07666227161423997,8500000.0,0.016010548125824073,5600000.0,10600000.0,0.019966095309851196,2600000.0,8000000.0,0.015068751177246186,0.36697,0.36697,21800000,21800000,https://www.sec.gov/Archives/edgar/data/889331/000095013709001280/0000950137-09-001280-index.html,https://www.sec.gov/Archives/edgar/data/889331/000095013709001280/c48953e10vk.htm,1620594405,17:06:45,20210509
13,2007-12-29,LFUS,USD,2007-12-29,2007-12-29,FY,536100000,364600000,171500000,0.3199030031710502,21700000.0,103300000.0,0.0,0.0,120199999.99999999,484800000.0,-1600000.0,28700000.0,80000000,0.14922589069203507,51300000.0,0.09569110240626749,1500000.0,51300000.0,0.09569110240626749,14500000.0,36800000.0,0.06864390971833613,1.64286,1.64286,22400000,22400000,,,1620594405,17:06:45,20210509
14,2006-12-30,LFUS,USD,2006-12-30,2006-12-30,FY,534900000,373600000,161300000,0.30155169190502895,18700000.0,110600000.0,0.0,0.0,132399999.99999999,506000000.0,-1600000.0,28500000.0,57400000,0.10730977752851001,28900000.0,0.0540287904281174,2200000.0,29400000.0,0.054963544587773416,6200000.0,23800000.0,0.0444942979996261,1.0625,1.0625,22400000,22400000,,,1620594405,17:06:45,20210509
15,2005-12-31,LFUS,USD,2005-12-31,2005-12-31,FY,467089000,322537000,144552000,0.3094742115528304,16672000.0,98536000.0,0.0,0.0,117586000.0,440123000.0,0.0,2378000.0,29344000,0.06282314505372638,26966000.0,0.05773203821969689,3068000.0,28022000.0,0.05999284932850056,11440000.0,17710000.0,0.037915686303894976,0.79,0.78,22413000,22582000,,,1620594405,17:06:45,20210509
16,2005-01-01,LFUS,USD,2005-01-01,2005-01-01,FY,476800000,303000000,173800000,0.36451342281879195,16100000.0,96100000.0,0.0,0.0,116800000.00000001,419800000.0,-1500000.0,26299999.999999996,83300000,0.17470637583892618,57000000.0,0.11954697986577181,0.0,55500000.0,0.11640100671140939,19000000.0,36000000.0,0.07550335570469799,1.59292,1.59292,22600000,22600000,,,1620594405,17:06:45,20210509
17,2004-01-03,LFUS,USD,2004-01-03,2004-01-03,FY,339400000,235000000,104400000,0.30760164997053624,8700000.0,68600000.0,0.0,0.0,78300000.00000001,313300000.0,-2000000.0,21100000.0,47200000,0.1390689451974072,26100000.0,0.07690041249263406,-100000.0,24000000.0,0.07071302298173247,8600000.0,15300000.0,0.04507955215085445,0.69545,0.69545,22000000,22000000,,,1620594405,17:06:45,20210509
18,2002-12-28,LFUS,USD,2002-12-28,2002-12-28,FY,283300000,194600000,88600000,0.3127426756088952,8300000.0,63600000.0,0.0,0.0,72700000.00000001,267300000.00000003,-2700000.0,18900000.000000004,34800000,0.12283798093893399,15900000.0,0.056124249911754326,1800000.0,15000000.0,0.05294740557712672,5400000.0,9600000.0,0.0338863395693611,0.43636,0.43636,22000000,22000000,,,1620594405,17:06:45,20210509
19,2001-12-29,LFUS,USD,2001-12-29,2001-12-29,FY,272100000,186600000,85600000,0.31459022418228594,8900000.0,62200000.0,0.0,0.0,77000000.00000003,263600000.00000003,-3300000.0,25700000.0,34200000,0.1256890848952591,8500000.0,0.03123851525174568,1100000.0,6400000.0,0.02352076442484381,2300000.0,4100000.0,0.015067989709665565,0.18894,0.18894,21700000,21700000,,,1620594405,17:06:45,20210509
20,2000-12-30,LFUS,USD,2000-12-30,2000-12-30,FY,371900000,221300000,150600000,0.4049475665501479,11200000.0,71100000.0,0.0,0.0,88899999.99999999,310200000.0,-4700000.0,26800000.0,88500000,0.23796719548265663,61700000.0,0.16590481312180694,1900000.0,59000000.0,0.15864479698843775,21700000.0,37300000.0,0.1002957784350632,1.68778,1.68778,22100000,22100000,,,1620594405,17:06:45,20210509
21,2000-01-01,LFUS,USD,2000-01-01,2000-01-01,FY,296400000,179100000,117300000,0.395748987854251,9500000.0,56100000.0,0.0,0.0,72600000.0,251700000.0,-5300000.0,25600000.0,70200000,0.23684210526315788,44600000.0,0.150472334682861,1300000.0,40700000.0,0.13731443994601888,15500000.0,25200000.0,0.08502024291497975,1.15596,1.15596,21800000,21800000,,,1620594405,17:06:45,20210509
22,1999-01-02,LFUS,USD,1999-01-02,1999-01-02,FY,269500000,169300000,100200000,0.3717996289424861,8400000.0,50900000.0,0.0,0.0,66100000.0,235400000.0,-4000000.0,22200000.0,56300000,0.20890538033395176,34100000.0,0.12653061224489795,-100000.0,30000000.0,0.11131725417439703,10100000.0,19900000.0,0.0738404452690167,0.85776,0.85776,23200000,23200000,,,1620594405,17:06:45,20210509
23,1998-01-03,LFUS,USD,1998-01-03,1998-01-03,FY,275200000,164000000,111100000,0.40370639534883723,7900000.0,52200000.0,0.0,0.0,67400000.0,231400000.0,-4100000.0,20400000.0,64200000,0.23328488372093023,43800000.0,0.15915697674418605,1000000.0,40700000.0,0.14789244186046513,15300000.0,25300000.0,0.09193313953488372,1.07203,1.07203,23600000,23600000,,,1620594405,17:06:45,20210509
24,1996-12-28,LFUS,USD,1996-12-28,1996-12-28,FY,241400000,143200000,98300000,0.4072079536039768,7300000.0,46300000.0,0.0,0.0,60600000.00000002,203800000.00000003,-4200000.0,21100000.0,58800000,0.2435791217895609,37700000.0,0.15617232808616405,700000.0,34100000.0,0.14125932062966032,12400000.0,21700000.0,0.08989229494614748,0.91176,0.91176,23800000,23800000,,,1620594405,17:06:45,20210509
25,1995-12-31,LFUS,USD,1995-12-31,1995-12-31,FY,219500000,118100000,101400000,0.4619589977220957,0.0,0.0,0.0,0.0,0.0,185800000.0,0.0,18200000.0,51900000,0.23644646924829157,33700000.0,0.15353075170842825,400000.0,29900000.0,0.13621867881548974,10600000.0,19300000.0,0.08792710706150342,0.475,0.39,20154000,20154000,,,1620594405,17:06:45,20210509
26,1994-12-31,LFUS,USD,1994-12-31,1994-12-31,FY,194500000,106500000,88000000,0.4524421593830334,0.0,0.0,0.0,0.0,0.0,166600000.0,0.0,17200000.0,45100000,0.23187660668380464,27900000.0,0.14344473007712083,600000.0,23400000.0,0.12030848329048843,8200000.0,15200000.0,0.0781491002570694,0.315,0.315,20172000,20172000,,,1620594405,17:06:45,20210509
27,1993-12-31,LFUS,USD,1993-12-31,1993-12-31,FY,160700000,88400000,72300000,0.44990665836963284,0.0,0.0,0.0,0.0,0.0,141400000.0,0.0,16600000.0,35900000,0.22339763534536403,19300000.0,0.12009956440572496,800000.0,14200000.0,0.08836341008089608,4200000.0,10000000.0,0.06222775357809583,0.21,0.21,20038000,20038000,,,1620594405,17:06:45,20210509
28,1992-12-31,LFUS,USD,1992-12-31,1992-12-31,FY,149800000,87900000,61900000,0.41321762349799734,0.0,0.0,0.0,0.0,0.0,139100000.0,0.0,17500000.0,28200000,0.1882510013351135,10700000.0,0.07142857142857142,700000.0,3900000.0,0.0260347129506008,3200000.0,700000.0,0.004672897196261682,0.015,0.015,20000000,20000000,,,1620594405,17:06:45,20210509
