,date,symbol,reportedCurrency,fillingDate,acceptedDate,period,revenue,costOfRevenue,grossProfit,grossProfitRatio,researchAndDevelopmentExpenses,generalAndAdministrativeExpenses,sellingAndMarketingExpenses,otherExpenses,operatingExpenses,costAndExpenses,interestExpense,depreciationAndAmortization,ebitda,ebitdaratio,operatingIncome,operatingIncomeRatio,totalOtherIncomeExpensesNet,incomeBeforeTax,incomeBeforeTaxRatio,incomeTaxExpense,netIncome,netIncomeRatio,eps,epsdiluted,weightedAverageShsOut,weightedAverageShsOutDil,link,finalLink,timestamp,est_time,est_date
0,2020-12-31,GSBC,USD,2021-03-05,2021-03-05 16:45:22,FY,212188000.0,0.0,0.0,0.0,0.0,81094000.0,2631000.0,0.0,0.0,0.0,40565000.0,1154000.0,0.0,0.0,0.0,0.34446811318264936,0.0,73092000.0,0.34446811318264936,13779000.0,59313000.0,0.2795304164231719,4.173794162768051,4.173794162768051,14210811,14210811,https://www.sec.gov/Archives/edgar/data/854560/000110465921032781/0001104659-21-032781-index.htm,https://www.sec.gov/Archives/edgar/data/854560/000110465921032781/gsbc-20201231x10k.htm,1620592810,16:40:10,20210509
1,2019-12-31,GSBC,USD,2020-03-06,2020-03-06 16:42:00,FY,211349000.0,0.0,0.0,0.0,0.0,73094000.0,2808000.0,0.0,176000000.0,0.0,54602000.0,1190000.0,0.0,0.0,0.0,0.4261245617438455,0.0,90061000.0,0.4261245617438455,16449000.0,73612000.0,0.348295946515006,5.18,5.14,14210811,14321401,https://www.sec.gov/Archives/edgar/data/854560/000092708920000176/0000927089-20-000176-index.htm,https://www.sec.gov/Archives/edgar/data/854560/000092708920000176/gs-10k123119.htm,1620592810,16:40:10,20210509
2,2018-12-31,GSBC,USD,2019-03-07,2019-03-07 16:05:39,FY,196996000.0,0.0,0.0,0.0,0.0,70556000.0,2460000.0,0.0,160000000.0,0.0,37757000.0,1562000.0,0.0,0.0,0.0,0.4159982943816118,0.0,81950000.0,0.4159982943816118,14841000.0,67109000.0,0.3406617393246563,4.75,4.71,14128211,14248195,https://www.sec.gov/Archives/edgar/data/854560/000092708919000136/0000927089-19-000136-index.htm,https://www.sec.gov/Archives/edgar/data/854560/000092708919000136/gsbc-10k123118.htm,1620592810,16:40:10,20210509
3,2017-12-31,GSBC,USD,2018-03-06,2018-03-06 11:40:03,FY,186464000.0,0.0,0.0,0.0,0.0,71088000.0,2311000.0,0.0,151000000.0,0.0,27905000.0,1650000.0,0.0,0.0,0.0,0.37713446027115155,0.0,70322000.0,0.37713446027115155,18758000.0,51564000.0,0.27653595332074826,3.69,3.65,13973984,14127123,https://www.sec.gov/Archives/edgar/data/854560/000092708918000121/0000927089-18-000121-index.htm,https://www.sec.gov/Archives/edgar/data/854560/000092708918000121/gsbc-10k123117.htm,1620592810,16:40:10,20210509
4,2016-12-31,GSBC,USD,2017-03-03,2017-03-03 17:25:54,FY,198501000.0,0.0,0.0,0.0,0.0,72841000.0,2228000.0,0.0,152000000.0,0.0,22119000.0,1910000.0,0.0,0.0,0.0,0.31162563412778777,0.0,61858000.0,0.31162563412778777,16516000.0,45342000.0,0.2284220230628561,3.26,3.21,13908589,14125234,https://www.sec.gov/Archives/edgar/data/854560/000092708917000123/0000927089-17-000123-index.htm,https://www.sec.gov/Archives/edgar/data/854560/000092708917000123/gsbc-10k123116.htm,1620592810,16:40:10,20210509
5,2015-12-31,GSBC,USD,2016-03-03,2016-03-03 16:20:29,FY,200280000.0,0.0,0.0,0.0,0.0,70603000.0,2317000.0,0.0,136000000.0,0.0,15997000.0,13895000.0,0.0,0.0,0.0,0.309896145396445,0.0,62066000.0,0.309896145396445,15564000.0,46502000.0,0.23218494108248453,3.33,3.28,13798198,14008537,https://www.sec.gov/Archives/edgar/data/854560/000092708916000767/0000927089-16-000767-index.htm,https://www.sec.gov/Archives/edgar/data/854560/000092708916000767/gsbc-10k123115.htm,1620592810,16:40:10,20210509
6,2014-12-31,GSBC,USD,2015-03-06,2015-03-06 13:52:44,FY,199355000.0,0.0,0.0,0.0,0.0,67777000.0,2404000.0,0.0,141000000.0,0.0,15801000.0,11989000.0,0.0,0.0,0.0,0.287336660730857,0.0,57282000.0,0.287336660730857,13753000.0,43529000.0,0.2183491760928996,3.14,3.1,13678344,13854839,https://www.sec.gov/Archives/edgar/data/854560/000092708915000185/0000927089-15-000185-index.htm,https://www.sec.gov/Archives/edgar/data/854560/000092708915000185/gsbc-10k123114.htm,1620592810,16:40:10,20210509
7,2013-12-31,GSBC,USD,2014-03-10,2014-03-10 16:41:29,FY,190167000.0,0.0,0.0,0.0,0.0,64143000.0,2165000.0,0.0,142000000.0,0.0,19203000.0,16143000.0,0.0,0.0,0.0,0.19525995572312757,0.0,37132000.0,0.19525995572312757,3403000.0,33729000.0,0.17736515799271166,2.46,2.42,13475610,13698347,https://www.sec.gov/Archives/edgar/data/854560/000092708914000068/0000927089-14-000068-index.htm,https://www.sec.gov/Archives/edgar/data/854560/000092708914000068/gsbc-10k123113.htm,1620592810,16:40:10,20210509
8,2012-12-31,GSBC,USD,2013-03-11,2013-03-11 16:13:46,FY,198514000.0,0.0,0.0,0.0,0.0,63196000.0,1572000.0,0.0,181000000.0,0.0,28377000.0,14198000.0,0.0,0.0,0.0,0.2755976908429632,0.0,54710000.0,0.2755976908429632,10623000.0,48706000.0,0.24535297258631633,3.55,3.54,13548732,13587006,https://www.sec.gov/Archives/edgar/data/854560/000092708913000060/0000927089-13-000060-index.htm,https://www.sec.gov/Archives/edgar/data/854560/000092708913000060/gsbc-10k123112.htm,1620592810,16:40:10,20210509
9,2011-12-31,GSBC,USD,2012-03-09,2012-03-09 17:00:55,FY,159295000.0,0.0,0.0,0.0,0.0,60752000.0,1490000.0,-16486000.0,168000000.0,0.0,35146000.0,9460000.0,0.0,0.0,0.0,0.22462726388147777,0.0,35782000.0,0.22462726388147777,5513000.0,30269000.0,0.19001851909978343,1.95,1.93,13466154,13605699,https://www.sec.gov/Archives/edgar/data/854560/000092708912000031/0000927089-12-000031-index.htm,https://www.sec.gov/Archives/edgar/data/854560/000092708912000031/gsbc-10k123111.htm,1620592810,16:40:10,20210509
10,2010-12-31,GSBC,USD,2011-03-04,2011-03-04 17:01:37,FY,157293000.0,0.0,0.0,0.0,0.0,56562000.0,1932000.0,0.0,166000000.0,0.0,47850000.0,5658000.0,0.0,0.0,0.0,0.20826737362756131,0.0,32759000.0,0.20826737362756131,8894000.0,23865000.0,0.15172321718067555,1.52,1.46,13461842,14015068,https://www.sec.gov/Archives/edgar/data/854560/000092708911000068/0000927089-11-000068-index.htm,https://www.sec.gov/Archives/edgar/data/854560/000092708911000068/gsbc-10k123110.htm,1620592810,16:40:10,20210509
11,2009-12-31,GSBC,USD,2010-03-24,2010-03-24 15:16:35,FY,126560000.0,0.0,0.0,0.0,0.0,56937000.0,1488000.0,-85487000.0,181000000.0,0.0,66605000.0,3479000.0,0.0,0.0,0.0,0.7747471554993679,0.0,98052000.0,0.7747471554993679,33005000.0,65047000.0,0.5139617572692794,4.61,4.44,13382646,13895045,https://www.sec.gov/Archives/edgar/data/854560/000092708910000037/0000927089-10-000037-index.htm,https://www.sec.gov/Archives/edgar/data/854560/000092708910000037/gsb-10k123109.htm,1620592810,16:40:10,20210509
12,2008-12-31,GSBC,USD,2009-03-16,2009-03-16 17:23:10,FY,99727000.0,0.0,0.0,0.0,0.0,31081000.0,1073000.0,0.0,181000000.0,0.0,73231000.0,869000.0,0.0,0.0,0.0,-0.08201389794137996,0.0,-8179000.0,-0.08201389794137996,-3751000.0,-4428000.0,-0.04440121531781764,-0.35,-0.35,13381000,13381000,https://www.sec.gov/Archives/edgar/data/854560/000092708909000092/0000927089-09-000092-index.htm,https://www.sec.gov/Archives/edgar/data/854560/000092708909000092/g-10k123108.htm,1620592810,16:40:10,20210509
13,2007-12-31,GSBC,USD,2008-03-17,2008-03-17 17:21:44,FY,100776000.0,0.0,0.0,0.0,0.0,30161000.0,1446000.0,0.0,150000000.0,0.0,92466000.0,-838000.0,0.0,0.0,0.0,0.4330594586012543,0.0,43642000.0,0.4330594586012543,14343000.0,29299000.0,0.2907339048979916,2.16,2.15,13564352,13627442,https://www.sec.gov/Archives/edgar/data/854560/000092708908000117/0000927089-08-000117-index.htm,https://www.sec.gov/Archives/edgar/data/854560/000092708908000117/gs10k1231.htm,1620592810,16:40:10,20210509
14,2006-12-31,GSBC,USD,2007-03-16,2007-03-16 17:09:42,FY,98859000.0,0.0,0.0,0.0,0.0,28285000.0,1201000.0,0.0,135000000.0,0.0,80854000.0,1463000.0,0.0,0.0,0.0,0.4511678248819025,0.0,44602000.0,0.4511678248819025,13859000.0,30743000.0,0.3109782619690671,2.24,2.22,13724554,13848198,https://www.sec.gov/Archives/edgar/data/854560/000092708907000075/0000927089-07-000075-index.htm,https://www.sec.gov/Archives/edgar/data/854560/000092708907000075/gsfinal10k.htm,1620592810,16:40:10,20210509
15,2005-12-31,GSBC,USD,2006-03-16,2006-03-16 17:15:04,FY,79957000.0,0.0,0.0,0.0,0.0,25355000.0,1025000.0,0.0,104000000.0,0.0,56097000.0,3591000.0,0.0,0.0,0.0,0.3968883274760184,0.0,31734000.0,0.3968883274760184,9063000.0,22671000.0,0.2835399026977,1.65,1.63,13740000,13908589,https://www.sec.gov/Archives/edgar/data/854560/000092708906000066/0000927089-06-000066-index.htm,https://www.sec.gov/Archives/edgar/data/854560/000092708906000066/gs10kdraft8.htm,1620592810,16:40:10,20210509
16,2004-12-31,GSBC,USD,2005-03-16,2005-03-16 15:30:41,FY,83874000.0,0.0,0.0,0.0,0.0,22007000.0,794000.0,0.0,0.0,0.0,26477000.0,3529000.0,0.0,0.0,0.0,0.4746763001645325,0.0,39813000.0,0.4746763001645325,12933000.0,26880000.0,0.32048072108162245,1.96,1.92,13714286,14000000,https://www.sec.gov/Archives/edgar/data/854560/000092708905000120/0000927089-05-000120-index.htm,https://www.sec.gov/Archives/edgar/data/854560/000092708905000120/gs10k1204.htm,1620592810,16:40:10,20210509
17,2003-12-31,GSBC,USD,2004-03-15,2004-03-15 13:42:27,FY,74845000.0,0.0,0.0,0.0,0.0,18739000.0,735000.0,0.0,0.0,0.0,23164000.0,4456000.0,0.0,0.0,0.0,0.4603246709867059,0.0,34453000.0,0.4603246709867059,11362000.0,23091000.0,0.30851760304629566,1.685,1.665,13703858,13868468,https://www.sec.gov/Archives/edgar/data/854560/000092708904000108/0000927089-04-000108-index.htm,https://www.sec.gov/Archives/edgar/data/854560/000092708904000108/gs10k.htm,1620592810,16:40:10,20210509
18,2002-12-31,GSBC,USD,2003-03-28,2003-03-28 16:48:56,FY,69647000.0,0.0,0.0,0.0,0.0,15842000.0,622000.0,0.0,0.0,0.0,30337000.0,3388000.0,0.0,0.0,0.0,0.5098999239019627,0.0,35513000.0,0.5098999239019627,12301000.0,23212000.0,0.33328068689247203,1.69,1.67,13734911,13899401,https://www.sec.gov/Archives/edgar/data/854560/000092708903000081/0000927089-03-000081-index.htm,https://www.sec.gov/Archives/edgar/data/854560/000092708903000081/gs10k.htm,1620592810,16:40:10,20210509
19,2001-12-31,GSBC,USD,2001-12-31,2001-12-31,FY,60623000.0,0.0,0.0,0.0,0.0,15126000.0,686000.0,0.0,0.0,0.0,45907000.0,1175000.0,0.0,0.0,0.0,0.4657143328439701,0.0,28233000.0,0.4657143328439701,9475000.0,18758000.0,0.30942051696550815,1.36,1.35,13792647,13894815,,,1620592810,16:40:10,20210509
20,2000-12-31,GSBC,USD,2000-12-31,2000-12-31,FY,52271986.0,0.0,0.0,0.0,0.0,16018122.0,713382.0,0.0,0.0,0.0,48860773.0,2351063.0,0.0,0.0,0.0,0.45266391829841707,0.0,23661642.0,0.45266391829841707,8184000.0,15477642.0,0.29609821979979867,1.08,1.06,14332040,14625360,,,1620592810,16:40:10,20210509
21,1999-12-31,GSBC,USD,1999-12-31,1999-12-31,FY,47924805.0,0.0,0.0,0.0,0.0,16400737.0,611206.0,0.0,0.0,0.0,35463090.0,2287261.0,0.0,0.0,0.0,0.4318344331291489,0.0,20695581.0,0.4318344331291489,7018200.0,13677381.0,0.2853925227238796,0.895,0.88,15281990,15542478,,,1620592810,16:40:10,20210509
22,1998-12-31,GSBC,USD,1998-12-31,1998-12-31,FY,0.0,0.0,0.0,0.0,0.0,0.0,0.0,0.0,0.0,0.0,0.0,1000000.0,0.0,0.0,0.0,0.0,0.0,0.0,0.0,0.0,0.0,0.0,0.0,0.0,16089385,16089385,,,1620592810,16:40:10,20210509
23,1998-06-30,GSBC,USD,1998-06-30,1998-06-30,FY,43600000.0,0.0,0.0,0.0,0.0,10800000.0,600000.0,0.0,0.0,0.0,32000000.0,700000.0,0.0,0.0,0.0,0.48853211009174313,0.0,21300000.0,0.48853211009174313,6900000.0,14400000.0,0.3302752293577982,0.895,0.88,16089385,16363636,,,1620592810,16:40:10,20210509
24,1997-06-30,GSBC,USD,1997-06-30,1997-06-30,FY,37100000.0,0.0,0.0,0.0,0.0,9200000.0,700000.0,0.0,0.0,0.0,28800000.0,1200000.0,0.0,0.0,0.0,0.40700808625336926,0.0,15100000.0,0.40700808625336926,5800000.0,9300000.0,0.25067385444743934,0.55,0.55,16909091,16909091,,,1620592810,16:40:10,20210509
25,1996-06-30,GSBC,USD,1996-09-30 00:00:00,1996-09-30 00:00:00,FY,36100000.0,0.0,0.0,0.0,0.0,8400000.0,500000.0,0.0,0.0,0.0,28100000.0,500000.0,0.0,0.0,0.0,0.5096952908587258,0.0,18400000.0,0.5096952908587258,7100000.0,11300000.0,0.31301939058171746,0.615,0.615,18373984,18373984,https://www.sec.gov/Archives/edgar/data/854560/000085456096000009/0000854560-96-000009-index.html,https://www.sec.gov/Archives/edgar/data/854560/0000854560-96-000009.txt,1620592810,16:40:10,20210509
26,1995-06-30,GSBC,USD,1995-06-30,1995-06-30,FY,31600000.0,0.0,0.0,0.0,0.0,7600000.0,800000.0,0.0,0.0,0.0,23400000.0,-400000.0,0.0,0.0,0.0,0.47468354430379744,0.0,15000000.0,0.47468354430379744,5500000.0,9500000.0,0.30063291139240506,0.13,0.125,18012000,18012000,,,1620592810,16:40:10,20210509
27,1994-06-30,GSBC,USD,1994-06-30,1994-06-30,FY,30400000.0,0.0,0.0,0.0,0.0,7300000.0,800000.0,0.0,0.0,0.0,17400000.0,-100000.0,0.0,0.0,0.0,0.41776315789473684,0.0,12700000.0,0.41776315789473684,4400000.0,11700000.0,0.3848684210526316,0.050417,0.04875,19160000,19160000,,,1620592810,16:40:10,20210509
28,1993-06-30,GSBC,USD,1993-06-30,1993-06-30,FY,27200000.0,0.0,0.0,0.0,0.0,7000000.0,1100000.0,0.0,0.0,0.0,16800000.0,900000.0,0.0,0.0,0.0,0.3382352941176471,0.0,9200000.0,0.3382352941176471,4500000.0,4700000.0,0.17279411764705882,0.02,0.019167,19136000,19136000,,,1620592810,16:40:10,20210509
29,1992-06-30,GSBC,USD,1992-06-30,1992-06-30,FY,23100000.0,0.0,0.0,0.0,0.0,6400000.0,500000.0,0.0,0.0,0.0,22100000.0,700000.0,0.0,0.0,0.0,0.2727272727272727,0.0,6300000.0,0.2727272727272727,2500000.0,3800000.0,0.1645021645021645,0.014583,0.014167,20240000,20240000,,,1620592810,16:40:10,20210509
30,1991-06-30,GSBC,USD,1991-06-30,1991-06-30,FY,20300000.0,0.0,0.0,0.0,0.0,6100000.0,0.0,0.0,0.0,0.0,28300000.0,600000.0,0.0,0.0,0.0,0.2315270935960591,0.0,4700000.0,0.2315270935960591,1400000.0,3300000.0,0.1625615763546798,0.011667,0.011667,22356000,22356000,,,1620592810,16:40:10,20210509
31,1990-06-30,GSBC,USD,1990-06-30,1990-06-30,FY,17300000.0,0.0,0.0,0.0,0.0,5900000.0,0.0,0.0,0.0,0.0,32400000.0,1000000.0,0.0,0.0,0.0,0.1907514450867052,0.0,3300000.0,0.1907514450867052,1000000.0,2300000.0,0.1329479768786127,0.009583,0.009583,24372000,24372000,,,1620592810,16:40:10,20210509
32,1989-06-30,GSBC,USD,1989-06-30,1989-06-30,FY,0.0,0.0,0.0,0.0,0.0,0.0,0.0,0.0,0.0,0.0,0.0,0.0,0.0,0.0,0.0,0.0,0.0,0.0,0.0,0.0,-3700000.0,0.0,-0.0125,-0.0125,296000000,296000000,,,1620592810,16:40:10,20210509
