,date,symbol,reportedCurrency,fillingDate,acceptedDate,period,revenue,costOfRevenue,grossProfit,grossProfitRatio,researchAndDevelopmentExpenses,generalAndAdministrativeExpenses,sellingAndMarketingExpenses,otherExpenses,operatingExpenses,costAndExpenses,interestExpense,depreciationAndAmortization,ebitda,ebitdaratio,operatingIncome,operatingIncomeRatio,totalOtherIncomeExpensesNet,incomeBeforeTax,incomeBeforeTaxRatio,incomeTaxExpense,netIncome,netIncomeRatio,eps,epsdiluted,weightedAverageShsOut,weightedAverageShsOutDil,link,finalLink,timestamp,est_time,est_date
0,2020-06-30,RSW.L,GBP,2020-06-30,2020-06-30,FY,510215000,271633000.0,238582000.0,0.467610713130739,0.0,58584000.0,123276000.0,0.0,181860000,453493000,2253000.0,49005000.0,105727000.0,0.2072204854816107,56722000.0,0.11117274090334467,0.0,3208000.0,0.006287545446527445,2920000.0,288000.0,0.0005644679203865037,0.004,0.004,72778904,72778904,https://find-and-update.company-information.service.gov.uk/search/companies?q=Renishaw+PLC,https://find-and-update.company-information.service.gov.uk/search/companies?q=Renishaw+PLC,1620597437,17:57:17,20210509
1,2019-06-30,RSW.L,GBP,2019-06-30,2019-06-30,FY,573959000,289832000.0,284127000.0,0.4950301328143648,0.0,58593000.0,126822000.0,0.0,185415000,475247000,902000.0,39259000.0,137971000.0,0.24038476615925528,98712000.0,0.17198441003625695,0.0,109944000.0,0.19155375209727524,17712000.0,92232000.0,0.16069440500105409,1.267,1.267,72778904,72778904,https://find-and-update.company-information.service.gov.uk/search/companies?q=Renishaw+PLC,https://find-and-update.company-information.service.gov.uk/search/companies?q=Renishaw+PLC,1620597437,17:57:17,20210509
2,2018-06-30,RSW.L,GBP,2018-06-30,2018-06-30,FY,611507000,284889000.0,326618000.0,0.5341198056604421,0.0,56911000.0,121352000.0,0.0,178263000,463152000,1587000.0,40765000.0,189120000.0,0.3092687409956059,148355000.0,0.24260556297801988,0.0,155225000.0,0.2538401032204047,22870000.0,132924000.0,0.21737118299545222,1.826,1.826,72788543,72788543,https://find-and-update.company-information.service.gov.uk/search/companies?q=Renishaw+PLC,https://find-and-update.company-information.service.gov.uk/search/companies?q=Renishaw+PLC,1620597437,17:57:17,20210509
3,2017-06-30,RSW.L,GBP,2017-06-30,2017-06-30,FY,536807000,251384000.0,285423000.0,0.5317050634585615,0.0,52376000.0,112691000.0,0.0,165067000,416451000,2256000.0,46067000.0,166423000.0,0.3100239005825185,120356000.0,0.2242072104126809,0.0,117101000.0,0.2181435786046009,14343000.0,88955000.0,0.16571132641712943,1.222,1.222,72788543,72788543,https://find-and-update.company-information.service.gov.uk/search/companies?q=Renishaw+PLC,https://find-and-update.company-information.service.gov.uk/search/companies?q=Renishaw+PLC,1620597437,17:57:17,20210509
4,2016-06-30,RSW.L,GBP,2016-06-30,2016-06-30,FY,436598000,218308000.0,218290000.0,0.49997938607139747,0.0,40969000.0,97808000.0,0.0,138777000,357085000,1800000.0,29687000.0,109200000.0,0.2501156670438252,79513000.0,0.18211947833018016,0.0,80036000.0,0.18331737662563732,11465000.0,69095000.0,0.15825771075451558,0.949,0.949,72788543,72788543,https://find-and-update.company-information.service.gov.uk/search/companies?q=Renishaw+PLC,https://find-and-update.company-information.service.gov.uk/search/companies?q=Renishaw+PLC,1620597437,17:57:17,20210509
5,2015-06-30,RSW.L,GBP,2015-06-30,2015-06-30,FY,494720000,221089000.0,273631000.0,0.5531027652005175,0.0,41828000.0,87879000.0,0.0,129707000,350796000,1492000.0,28056000.0,171980000.0,0.3476309831824062,143924000.0,0.29092011642949545,0.0,144196000.0,0.29146992238033637,22850000.0,121908000.0,0.24641817593790427,1.675,1.675,72788543,72788543,https://find-and-update.company-information.service.gov.uk/search/companies?q=Renishaw+PLC,https://find-and-update.company-information.service.gov.uk/search/companies?q=Renishaw+PLC,1620597437,17:57:17,20210509
6,2014-06-30,RSW.L,GBP,2014-06-30,2014-06-30,FY,355498000,178553000.0,176945000.0,0.497738383900894,0.0,31190000.0,75367000.0,26280000.0,106557000,285110000,1736000.0,22953000.0,93341000.0,0.26256406505803126,70388000.0,0.19799830097497031,0.0,96386000.0,0.27112951409009334,10720000.0,86215000.0,0.24251894525426304,1.184,1.184,72788543,72788543,https://find-and-update.company-information.service.gov.uk/search/companies?q=Renishaw+PLC,https://find-and-update.company-information.service.gov.uk/search/companies?q=Renishaw+PLC,1620597437,17:57:17,20210509
7,2013-06-30,RSW.L,GBP,2013-06-30,2013-06-30,FY,346881000,164704000.0,182177000.0,0.5251858706588138,0.0,30817000.0,69386000.0,945000.0,100203000,264907000,6169000.0,21131000.0,103105000.0,0.2972344982861558,81974000.0,0.23631735378991642,0.0,84419000.0,0.24336588051810276,15594000.0,69418000.0,0.20012050242013832,0.954,0.954,72788543,72788543,https://find-and-update.company-information.service.gov.uk/search/companies?q=Renishaw+PLC,https://find-and-update.company-information.service.gov.uk/search/companies?q=Renishaw+PLC,1620597437,17:57:17,20210509
8,2012-06-30,RSW.L,GBP,2012-06-30,2012-06-30,FY,331892000,154996000.0,176896000.0,0.5329926602629771,0.0,-30602000.0,62155000.0,-1380000.0,93802000,248798000,296000.0,20166000.0,103260000.0,0.31112530582237596,83094000.0,0.25036457642847676,0.0,86046000.0,0.2592590360719752,17008000.0,69555000.0,0.20957118580743134,0.956,0.956,72788543,72788543,https://find-and-update.company-information.service.gov.uk/search/companies?q=Renishaw+PLC,https://find-and-update.company-information.service.gov.uk/search/companies?q=Renishaw+PLC,1620597437,17:57:17,20210509
9,2011-06-30,RSW.L,GBP,2011-06-30,2011-06-30,FY,288750000,128443000.0,160307000.0,0.5551757575757575,0.0,-23155000.0,52088000.0,-926000.0,79361000,207804000,208000.0,18630000.0,99576000.0,0.3448519480519481,80946000.0,0.28033246753246754,0.0,82078000.0,0.28425281385281387,16345000.0,66115000.0,0.22896969696969696,0.908,0.908,72788543,72788543,https://find-and-update.company-information.service.gov.uk/search/companies?q=Renishaw+PLC,https://find-and-update.company-information.service.gov.uk/search/companies?q=Renishaw+PLC,1620597437,17:57:17,20210509
10,2010-06-30,RSW.L,GBP,2010-06-30,2010-06-30,FY,181607000,93832000.0,87775000.0,0.48332388068741844,0.0,-19804000.0,39742000.0,-958000.0,61379000,155211000,178000.0,14470000.0,40866000.0,0.22502436580087773,26396000.0,0.1453468203318154,0.0,27057000.0,0.14898654787535723,5745000.0,21814000.0,0.12011651533255877,0.293,0.293,72788543,72788543,https://find-and-update.company-information.service.gov.uk/search/companies?q=Renishaw+PLC,https://find-and-update.company-information.service.gov.uk/search/companies?q=Renishaw+PLC,1620597437,17:57:17,20210509
11,2009-06-30,RSW.L,GBP,2009-06-30,2009-06-30,FY,171247000,101064000.0,70183000.0,0.409834916816061,0.0,-18926000.0,41559000.0,-634000.0,64041000,165105000,255000.0,14764000.0,20906000.0,0.12208097076153158,6142000.0,0.03586632174578241,0.0,4722000.0,0.027574205679515552,1124000.0,3871000.0,0.022604775558111967,0.049,0.049,72789000,72789000,https://find-and-update.company-information.service.gov.uk/search/companies?q=Renishaw+PLC,https://find-and-update.company-information.service.gov.uk/search/companies?q=Renishaw+PLC,1620597437,17:57:17,20210509
12,2008-06-30,RSW.L,GBP,2008-06-30,2008-06-30,FY,201157000,106759000.0,94398000.0,0.46927524272085985,0.0,-14325000.0,35694000.0,-512000.0,58566000,165325000,141000.0,12316000.0,48148000.0,0.2393553294193093,35832000.0,0.17812952072261964,0.0,43059000.0,0.2140566820940857,8443000.0,34716000.0,0.17258161535517033,0.476,0.476,72789000,72789000,https://find-and-update.company-information.service.gov.uk/search/companies?q=Renishaw+PLC,https://find-and-update.company-information.service.gov.uk/search/companies?q=Renishaw+PLC,1620597437,17:57:17,20210509
13,2007-06-30,RSW.L,GBP,2007-06-30,2007-06-30,FY,180883000,97899000.0,82984000.0,0.45877169219882463,0.0,-12503000.0,32911000.0,-128000.0,55348000,153247000,297000.0,11198000.0,38834000.0,0.21469126451905376,27636000.0,0.1527838437000713,0.0,52132000.0,0.28820839990491093,11981000.0,40151000.0,0.2219722140831366,0.552,0.552,72789000,72789000,https://find-and-update.company-information.service.gov.uk/search/companies?q=Renishaw+PLC,https://find-and-update.company-information.service.gov.uk/search/companies?q=Renishaw+PLC,1620597437,17:57:17,20210509
14,2006-06-30,RSW.L,GBP,2006-06-30,2006-06-30,FY,175835000,90901000.0,84934000.0,0.48303238831859413,18074000.0,-12098000.0,30782000.0,0.0,49517000,140418000,15000.0,9970000.0,45387000.0,0.2581226718230159,35417000.0,0.2014217874712088,0.0,38102000.0,0.21669178491199134,7621000.0,30481000.0,0.17335001563966218,0.419,0.419,72789000,72789000,https://find-and-update.company-information.service.gov.uk/search/companies?q=Renishaw+PLC,https://find-and-update.company-information.service.gov.uk/search/companies?q=Renishaw+PLC,1620597437,17:57:17,20210509
15,2005-06-30,RSW.L,GBP,2005-06-30,2005-06-30,FY,154799000,80912000.0,73887000.0,0.4773092849437012,0.0,-9050000.0,26815000.0,0.0,44641000,125553000,106000.0,9050000.0,38296000.0,0.24739177901666032,29246000.0,0.18892886904954168,0.0,31733000.0,0.20499486430790897,6297000.0,25436000.0,0.1643163069528873,0.349,0.349,72789000,72789000,https://find-and-update.company-information.service.gov.uk/search/companies?q=Renishaw+PLC,https://find-and-update.company-information.service.gov.uk/search/companies?q=Renishaw+PLC,1620597437,17:57:17,20210509
16,2004-06-30,RSW.L,GBP,2004-06-30,2004-06-30,FY,127701000,69188000.0,58513000.0,0.4582031464123225,15503000.0,15259000.0,0.0,-2093000.0,40470000,109658000,2340000.0,6779000.0,24822000.0,0.1943759250123335,18043000.0,0.14129098440889265,0.0,20146000.0,0.1577591404922436,4023000.0,16123000.0,0.12625586330569064,0.221,0.221,72955000,72955000,https://find-and-update.company-information.service.gov.uk/search/companies?q=Renishaw+PLC,https://find-and-update.company-information.service.gov.uk/search/companies?q=Renishaw+PLC,1620597437,17:57:17,20210509
17,2003-06-30,RSW.L,GBP,2003-06-30,2003-06-30,FY,110640000,59941000.0,50699000.0,0.4582339117859725,14246000.0,12175000.0,0.0,-2155000.0,35091000,95032000,2348000.0,6295000.0,21903000.0,0.19796637744034706,15608000.0,0.14107013738250182,0.0,17799000.0,0.16087310195227766,3454000.0,14345000.0,0.12965473608098338,0.197,0.197,72789000,72789000,https://find-and-update.company-information.service.gov.uk/search/companies?q=Renishaw+PLC,https://find-and-update.company-information.service.gov.uk/search/companies?q=Renishaw+PLC,1620597437,17:57:17,20210509
18,2002-06-30,RSW.L,GBP,2002-06-30,2002-06-30,FY,104490000,56273000.0,48217000.0,0.4614508565412958,13921000.0,13245000.0,0.0,-2614000.0,34899000,91172000,1811000.0,5826000.0,19144000.0,0.18321370466073308,13318000.0,0.1274571729352091,0.0,16062000.0,0.15371805914441575,880000.0,15182000.0,0.1452962005933582,0.209,0.209,72789000,72789000,https://find-and-update.company-information.service.gov.uk/search/companies?q=Renishaw+PLC,https://find-and-update.company-information.service.gov.uk/search/companies?q=Renishaw+PLC,1620597437,17:57:17,20210509
19,2001-06-30,RSW.L,GBP,2001-06-30,2001-06-30,FY,125348000,60416000.0,64932000.0,0.5180138494431503,12132000.0,-7653000.0,22321000.0,-2852000.0,37016000,97432000,1852000.0,5073000.0,32989000.0,0.26317930880428886,27916000.0,0.22270798098094904,0.0,30795000.0,0.24567603791045728,6082000.0,24713000.0,0.1971551201455149,0.34,0.34,72789000,72789000,https://find-and-update.company-information.service.gov.uk/search/companies?q=Renishaw+PLC,https://find-and-update.company-information.service.gov.uk/search/companies?q=Renishaw+PLC,1620597437,17:57:17,20210509
20,2000-06-30,RSW.L,GBP,2000-06-30,2000-06-30,FY,105594000,50875000.0,54719000.0,0.5182017917684717,9277000.0,-4594000.0,16818000.0,-2584000.0,29052000,79927000,95000.0,4035000.0,29702000.0,0.28128492149175144,25667000.0,0.24307252306002236,0.0,28261000.0,0.26763831278292327,7065000.0,21196000.0,0.20073110214595527,0.291,0.291,72789000,72789000,https://find-and-update.company-information.service.gov.uk/search/companies?q=Renishaw+PLC,https://find-and-update.company-information.service.gov.uk/search/companies?q=Renishaw+PLC,1620597437,17:57:17,20210509
21,1999-06-30,RSW.L,GBP,1999-06-30,1999-06-30,FY,96319000,46271000.0,50048000.0,0.5196067234917306,7262000.0,0.0,0.0,0.0,27329000,73600000,524000.0,3483000.0,26202000.0,0.2720335551656475,22719000.0,0.23587246545333734,0.0,25829000.0,0.26816100665496945,6716000.0,19113000.0,0.19843436912758647,0.263,0.263,72787000,72787000,https://find-and-update.company-information.service.gov.uk/search/companies?q=Renishaw+PLC,https://find-and-update.company-information.service.gov.uk/search/companies?q=Renishaw+PLC,1620597437,17:57:17,20210509
22,1998-06-30,RSW.L,GBP,1998-06-30,1998-06-30,FY,92349000,0.0,0.0,0.0,6232000.0,0.0,0.0,0.0,71554000,71554000,1036000.0,3056000.0,23851000.0,0.2582702573931499,20795000.0,0.22517839933296516,0.0,22380000.0,0.24234155215541045,6280000.0,16100000.0,0.17433865012073763,0.221,0.221,72772000,72772000,https://find-and-update.company-information.service.gov.uk/search/companies?q=Renishaw+PLC,https://find-and-update.company-information.service.gov.uk/search/companies?q=Renishaw+PLC,1620597437,17:57:17,20210509
23,1997-06-30,RSW.L,GBP,1997-06-30,1997-06-30,FY,81401000,0.0,81401000.0,1.0,6671000.0,0.0,0.0,1915000.0,68398000,68398000,331000.0,2872000.0,15875000.0,0.19502217417476445,13003000.0,0.1597400523335094,0.0,18034000.0,0.2215451898625324,4653000.0,13381000.0,0.16438372992960776,0.184,0.184,72740000,72740000,https://find-and-update.company-information.service.gov.uk/search/companies?q=Renishaw+PLC,https://find-and-update.company-information.service.gov.uk/search/companies?q=Renishaw+PLC,1620597437,17:57:17,20210509
24,1996-06-30,RSW.L,GBP,1996-06-30,1996-06-30,FY,77077000,0.0,77077000.0,1.0,5364000.0,0.0,0.0,0.0,58565000,58565000,624000.0,2651000.0,21163000.0,0.27456958625789796,18512000.0,0.24017540900657783,0.0,20115000.0,0.2609727934403259,4207000.0,15908000.0,0.20639101158581677,0.219167,0.219167,72697200,72697200,https://find-and-update.company-information.service.gov.uk/search/companies?q=Renishaw+PLC,https://find-and-update.company-information.service.gov.uk/search/companies?q=Renishaw+PLC,1620597437,17:57:17,20210509
25,1995-06-30,RSW.L,GBP,1995-06-30,1995-06-30,FY,62662000,0.0,62662000.0,1.0,4631000.0,0.0,0.0,0.0,50911000,50911000,850000.0,2618000.0,14369000.0,0.22930962944049024,11751000.0,0.18752992244103284,0.0,13535000.0,0.21600012766908175,3831000.0,9704000.0,0.1548625961507772,0.133333,0.133333,72636750,72636750,https://find-and-update.company-information.service.gov.uk/search/companies?q=Renishaw+PLC,https://find-and-update.company-information.service.gov.uk/search/companies?q=Renishaw+PLC,1620597437,17:57:17,20210509
26,1994-06-30,RSW.L,GBP,1994-06-30,1994-06-30,FY,50874000,0.0,50874000.0,1.0,3532000.0,0.0,0.0,0.0,43756000,43756000,980000.0,2448000.0,9566000.0,0.18803318001336636,7118000.0,0.13991429806974093,0.0,8222000.0,0.1616149703188269,2379000.0,5843000.0,0.11485238039076935,0.080808,0.080808,72522945,72522945,https://find-and-update.company-information.service.gov.uk/search/companies?q=Renishaw+PLC,https://find-and-update.company-information.service.gov.uk/search/companies?q=Renishaw+PLC,1620597437,17:57:17,20210509
27,1993-06-30,RSW.L,GBP,1993-06-30,1993-06-30,FY,48000000,0.0,48000000.0,1.0,4036000.0,0.0,0.0,0.0,43116000,43116000,865000.0,2459000.0,7343000.0,0.15297916666666667,4884000.0,0.10175,0.0,7142000.0,0.14879166666666666,2129000.0,5013000.0,0.1044375,0.06936,0.06936,72292770,72292770,https://find-and-update.company-information.service.gov.uk/search/companies?q=Renishaw+PLC,https://find-and-update.company-information.service.gov.uk/search/companies?q=Renishaw+PLC,1620597437,17:57:17,20210509
28,1992-06-30,RSW.L,GBP,1992-06-30,1992-06-30,FY,44047000,0.0,44047000.0,1.0,3707000.0,0.0,0.0,0.0,37388000,37388000,950000.0,2531000.0,9190000.0,0.2086407700864985,6659000.0,0.15117942198106568,0.0,9087000.0,0.20630235884396214,2745000.0,6342000.0,0.14398256407927895,0.088215,0.088215,72081900,72081900,https://find-and-update.company-information.service.gov.uk/search/companies?q=Renishaw+PLC,https://find-and-update.company-information.service.gov.uk/search/companies?q=Renishaw+PLC,1620597437,17:57:17,20210509
29,1991-06-30,RSW.L,GBP,1991-06-30,1991-06-30,FY,45662000,0.0,45662000.0,1.0,3622000.0,0.0,0.0,8272000.0,45662000,45662000,829000.0,2493000.0,14425000.0,0.31590819499802897,0.0,0.24315623494371688,0.0,11103000.0,0.24315623494371688,3335000.0,7768000.0,0.17011957426306337,0.108418,0.108418,64668780,64668780,https://find-and-update.company-information.service.gov.uk/search/companies?q=Renishaw+PLC,https://find-and-update.company-information.service.gov.uk/search/companies?q=Renishaw+PLC,1620597437,17:57:17,20210509
30,1990-06-30,RSW.L,GBP,1990-06-30,1990-06-30,FY,47561000,0.0,47561000.0,1.0,3021000.0,0.0,0.0,11317000.0,47561000,47561000,769000.0,2306000.0,16498000.0,0.3468808477534114,0.0,0.2822270347553668,0.0,13423000.0,0.2822270347553668,4253000.0,9170000.0,0.1928050293307542,0.102357,0.102357,71567718,71567718,https://find-and-update.company-information.service.gov.uk/search/companies?q=Renishaw+PLC,https://find-and-update.company-information.service.gov.uk/search/companies?q=Renishaw+PLC,1620597437,17:57:17,20210509
31,1989-06-30,RSW.L,GBP,1989-06-30,1989-06-30,FY,39197000,0.0,39197000.0,1.0,2724000.0,0.0,0.0,8918000.0,39197000,39197000,709000.0,1920000.0,12717000.0,0.3244380947521494,0.0,0.2573666352016736,0.0,10088000.0,0.2573666352016736,3069000.0,7019000.0,0.17906982677245709,0.098047,0.098047,42879375,42879375,https://find-and-update.company-information.service.gov.uk/search/companies?q=Renishaw+PLC,https://find-and-update.company-information.service.gov.uk/search/companies?q=Renishaw+PLC,1620597437,17:57:17,20210509
32,1988-06-30,RSW.L,GBP,1988-06-30,1988-06-30,FY,28229000,0.0,28229000.0,1.0,0.0,0.0,0.0,7359000.0,28229000,28229000,752000.0,1675000.0,10456000.0,0.3703992348294307,0.0,0.284423819476425,0.0,8029000.0,0.284423819476425,2337000.0,3957000.0,0.14017499734315775,0.221477,0.221477,17866406,17866406,https://find-and-update.company-information.service.gov.uk/search/companies?q=Renishaw+PLC,https://find-and-update.company-information.service.gov.uk/search/companies?q=Renishaw+PLC,1620597437,17:57:17,20210509
33,1987-06-30,RSW.L,GBP,1987-06-30,1987-06-30,FY,23110000,0.0,0.0,0.0,0.0,0.0,0.0,0.0,20721000,20721000,1171000.0,1212000.0,3601000.0,0.15581999134573776,2389000.0,0.1033751622674167,0.0,7511000.0,0.3250108178277802,2149000.0,5362000.0,0.23202077022933795,0.300116,0.300116,17866406,17866406,https://find-and-update.company-information.service.gov.uk/search/companies?q=Renishaw+PLC,https://find-and-update.company-information.service.gov.uk/search/companies?q=Renishaw+PLC,1620597437,17:57:17,20210509
34,1986-06-30,RSW.L,GBP,1986-06-30,1986-06-30,FY,21387000,0.0,21387000.0,1.0,0.0,0.0,0.0,7326000.0,21387000,21387000,1500000.0,879000.0,9398000.0,0.439425819423014,0.0,0.3281900219759667,0.0,7019000.0,0.3281900219759667,2022000.0,4997000.0,0.23364660775237295,0.279687,0.279687,17866406,17866406,https://find-and-update.company-information.service.gov.uk/search/companies?q=Renishaw+PLC,https://find-and-update.company-information.service.gov.uk/search/companies?q=Renishaw+PLC,1620597437,17:57:17,20210509
