,date,symbol,reportedCurrency,fillingDate,acceptedDate,period,revenue,costOfRevenue,grossProfit,grossProfitRatio,researchAndDevelopmentExpenses,generalAndAdministrativeExpenses,sellingAndMarketingExpenses,otherExpenses,operatingExpenses,costAndExpenses,interestExpense,depreciationAndAmortization,ebitda,ebitdaratio,operatingIncome,operatingIncomeRatio,totalOtherIncomeExpensesNet,incomeBeforeTax,incomeBeforeTaxRatio,incomeTaxExpense,netIncome,netIncomeRatio,eps,epsdiluted,weightedAverageShsOut,weightedAverageShsOutDil,link,finalLink,timestamp,est_time,est_date
0,2020-06-30,HLX.AX,AUD,2020-06-30,2020-06-30,FY,0.0,0.0,0.0,0.0,0.0,266637.0,13085.0,171993.0,656625.0,0.0,0.0,58486.0,-598139.0,0.0,-656625.0,0.0,171993.0,-480596.0,0.0,0.0,-480596.0,0.0,-0.0009790891404947996,-0.0009790891404947996,490860311,490860311,,,1620593135,16:45:35,20210509
1,2019-06-30,HLX.AX,AUD,2019-06-30,2019-06-30,FY,0.0,0.0,0.0,0.0,0.0,436508.0,25140.0,50928.0,777687.0,0.0,0.0,13469.0,-764218.0,0.0,-777687.0,0.0,50928.0,-720037.0,0.0,0.0,-720037.0,0.0,-0.001438,-0.001438,490860311,490860311,,,1620593135,16:45:35,20210509
2,2018-06-30,HLX.AX,AUD,2018-06-30,2018-06-30,FY,0.0,0.0,0.0,0.0,0.0,555206.0,11842.0,523151.0,891714.0,0.0,0.0,45020.0,-846694.0,0.0,-891714.0,0.0,523151.0,-348200.0,0.0,0.0,-348200.0,0.0,-0.000762,-0.000762,446501663,446501663,,,1620593135,16:45:35,20210509
3,2017-06-30,HLX.AX,AUD,2017-06-30,2017-06-30,FY,0.0,0.0,0.0,0.0,0.0,487331.0,43176.0,-2720.0,6332222.0,0.0,0.0,14389.0,-6317833.0,0.0,-6332222.0,0.0,-2720.0,-6312894.0,0.0,0.0,-6312894.0,0.0,-0.016415,-0.016415,384713824,384713824,,,1620593135,16:45:35,20210509
4,2016-06-30,HLX.AX,AUD,2016-06-30,2016-06-30,FY,0.0,0.0,0.0,0.0,0.0,542149.0,20458.0,-919824.0,772761.0,0.0,0.0,8769.0,-763992.0,0.0,-772761.0,0.0,-919824.0,-1670074.0,0.0,-167110.0,-1502964.0,0.0,-0.004569,-0.004569,328256286,328256286,,,1620593135,16:45:35,20210509
5,2015-06-30,HLX.AX,AUD,2015-06-30,2015-06-30,FY,0.0,0.0,0.0,0.0,0.0,369685.0,5641.0,-2773221.0,2026109.0,0.0,0.0,11138.0,-2014971.0,0.0,-2026109.0,0.0,-2773221.0,-4768689.0,0.0,-467258.0,-4301431.0,0.0,-0.013877,-0.013877,310824483,310824483,,,1620593135,16:45:35,20210509
6,2014-06-30,HLX.AX,AUD,2014-06-30,2014-06-30,FY,0.0,0.0,0.0,0.0,0.0,208038.0,19001.0,45473.0,2506651.0,0.0,74757.0,17691.0,-2488960.0,0.0,-2506651.0,0.0,58531.0,-2477431.0,0.0,-505846.0,-1971585.0,0.0,-0.008123,-0.008123,242647894,242647894,,,1620593135,16:45:35,20210509
7,2013-06-30,HLX.AX,AUD,2013-06-30,2013-06-30,FY,54252.0,0.0,54252.0,1.0,0.0,354900.0,11962.0,5592612.0,3241042.0,0.0,0.0,31056.0,-3155734.0,-58.168067536680674,-3186790.0,-58.740507262405075,5549966.0,2437649.0,44.93196564181966,-292641.0,2730290.0,50.32607092826071,0.011254,0.011254,241861016,241861016,,,1620593135,16:45:35,20210509
8,2012-06-30,HLX.AX,AUD,2012-06-30,2012-06-30,FY,81017.0,0.0,81017.0,1.0,0.0,468811.0,27371.0,57993.0,650017.0,0.0,0.0,29605.0,-620412.0,-7.65780021476974,-650017.0,-8.023217349445178,57993.0,-441374.0,-5.447918338126566,0.0,-441374.0,-5.447918338126566,-0.001801,-0.001801,249638664,249638664,,,1620593135,16:45:35,20210509
9,2011-06-30,HLX.AX,AUD,2011-06-30,2011-06-30,FY,92242.0,0.0,92242.0,1.0,0.0,887058.0,45046.0,58075.0,1062091.0,0.0,0.0,35381.0,-934468.0,-10.130612952884803,-969849.0,-10.51418009149845,58075.0,-708373.0,-7.679506081828235,0.0,-708373.0,-7.679506081828235,-0.003929,-0.003929,180701057,180701057,,,1620593135,16:45:35,20210509
10,2010-06-30,HLX.AX,AUD,2010-06-30,2010-06-30,FY,186314.0,0.0,186314.0,1.0,0.0,657109.0,9732.0,-779470.0,6483436.0,0.0,0.0,51298.0,-6245824.0,-33.52310615412691,-6297122.0,-33.79843704713548,-762654.0,-6885378.0,-36.95577358652597,0.0,-6885378.0,-36.95577358652597,-0.042811,-0.042811,160833976,160833976,,,1620593135,16:45:35,20210509
11,2009-06-30,HLX.AX,AUD,2009-06-30,2009-06-30,FY,101817.0,0.0,101817.0,1.0,0.0,655008.0,17010.0,92099.0,2437410.0,0.0,0.0,61910.0,-2273683.0,-22.331074378541892,-2335593.0,-22.93912607914199,92099.0,-1914530.0,-18.803637899368475,0.0,-1914530.0,-18.803637899368475,-0.011951,-0.011951,160401729,160401729,,,1620593135,16:45:35,20210509
12,2008-06-30,HLX.AX,AUD,2008-06-30,2008-06-30,FY,39908.0,0.0,39908.0,1.0,0.0,877786.0,27280.0,226053.0,1351963.0,0.0,0.0,42631.0,-1269424.0,-31.808760148341186,-1312055.0,-32.87699208178811,226053.0,-628512.0,-15.74902275233036,0.0,-628512.0,-15.74902275233036,-0.004093,-0.004093,151134157,151134157,,,1620593135,16:45:35,20210509
13,2007-06-30,HLX.AX,AUD,2007-06-30,2007-06-30,FY,15313.0,0.0,15313.0,1.0,0.0,1087596.0,8669.0,1064398.0,1372203.0,0.0,0.0,49214.0,-1307676.0,-85.396460523738,-1356890.0,-88.61033109122967,1064398.0,-187904.0,-12.270880950826095,0.0,-187904.0,-12.270880950826095,-0.00153,-0.00153,124729478,124729478,,,1620593135,16:45:35,20210509
14,2006-06-30,HLX.AX,AUD,2006-06-30,2006-06-30,FY,6762.0,0.0,6762.0,1.0,0.0,479022.0,25353.0,-998507.0,3859056.0,0.0,0.0,44530.0,-3807764.0,-563.1120970127181,-3852294.0,-569.6974267968056,-998507.0,-4762498.0,-704.3031647441585,0.0,-4762498.0,-704.3031647441585,-0.043156,-0.043156,110409534,110409534,,,1620593135,16:45:35,20210509
15,2005-06-30,HLX.AX,AUD,2005-06-30,2005-06-30,FY,11370.0,0.0,11370.0,1.0,0.0,478718.0,26378.0,280812.0,1647214.0,0.0,0.0,56993.0,-1578851.0,-138.86112576956904,-1635844.0,-143.87370272647317,226311.0,-1297895.0,-114.15083553210202,-1297895.0,-1297895.0,-114.15083553210202,-0.01413,-0.01413,91951041,91951041,,,1620593135,16:45:35,20210509
16,2004-06-30,HLX.AX,AUD,2004-06-30,2004-06-30,FY,10494.0,0.0,10494.0,1.0,0.0,717737.0,74438.0,1039108.0,5821917.0,0.0,0.0,51270.0,-5760153.0,-548.8996569468268,-5811423.0,-553.7853058890795,928108.0,-4769008.0,-454.4509243377168,-4769008.0,-4769008.0,-454.4509243377168,-0.063586,-0.063586,81863228,81863228,,,1620593135,16:45:35,20210509
17,2003-06-30,HLX.AX,AUD,2003-06-30,2003-06-30,FY,34107.0,0.0,34107.0,1.0,0.0,692665.0,35902.0,1759507.0,2322498.0,0.0,0.0,47251.0,-2241140.0,-65.70909197525435,-2288391.0,-67.09446741138183,-485881.0,-2551319.0,-74.80338346966899,-2551319.0,-2551319.0,-74.80338346966899,-0.037852,-0.037852,66740445,66740445,,,1620593135,16:45:35,20210509
18,2002-06-30,HLX.AX,AUD,2002-06-30,2002-06-30,FY,14063.0,0.0,14063.0,1.0,0.0,943572.0,108302.0,-406137.0,2571215.0,0.0,0.0,53854.0,-2503298.0,-178.0059731209557,-2557152.0,-181.83545473938705,-406137.0,-2674929.0,-190.21041029652278,-2674929.0,-2674929.0,-190.21041029652278,-0.040123,-0.040123,66740445,66740445,,,1620593135,16:45:35,20210509
19,2000-12-31,HLX.AX,AUD,2000-12-31,2000-12-31,FY,0.0,0.0,0.0,0.0,0.0,0.0,0.0,0.0,0.0,0.0,0.0,0.0,0.0,0.0,0.0,0.0,0.0,82340.0,0.0,82340.0,82340.0,0.0,0.001514,0.001514,50993205,50993205,,,1620593135,16:45:35,20210509
20,1999-12-31,HLX.AX,AUD,1999-12-31,1999-12-31,FY,0.0,0.0,0.0,0.0,0.0,0.0,0.0,0.0,0.0,0.0,0.0,0.0,0.0,0.0,0.0,0.0,0.0,-2310908.0,0.0,-2310908.0,-2310908.0,0.0,-0.041637,-0.041637,54171067,54171067,,,1620593135,16:45:35,20210509
21,1998-12-31,HLX.AX,AUD,1998-12-31,1998-12-31,FY,0.0,0.0,0.0,0.0,0.0,0.0,0.0,0.0,0.0,0.0,0.0,0.0,0.0,0.0,0.0,0.0,0.0,-4099248.0,0.0,-4099248.0,-4099248.0,0.0,-0.065863,-0.065863,62471871,62471871,,,1620593135,16:45:35,20210509
22,1997-12-31,HLX.AX,AUD,1997-12-31,1997-12-31,FY,0.0,0.0,0.0,0.0,0.0,0.0,0.0,0.0,0.0,0.0,0.0,0.0,-2830975.0,0.0,0.0,0.0,0.0,-2830975.0,0.0,-2830975.0,-2830975.0,0.0,-0.036338116957296725,-0.03633811509156683,77906486,77906490,,,1620593135,16:45:35,20210509
23,1996-12-31,HLX.AX,AUD,1996-12-31,1996-12-31,FY,0.0,0.0,0.0,0.0,0.0,0.0,0.0,0.0,0.0,0.0,0.0,0.0,-1349010.0,0.0,0.0,0.0,0.0,-1349010.0,0.0,-1349010.0,0.0,0.0,-0.024225,-0.024225,98996879,98996879,,,1620593135,16:45:35,20210509
24,1995-12-31,HLX.AX,AUD,1995-12-31,1995-12-31,FY,0.0,0.0,0.0,0.0,0.0,0.0,0.0,0.0,0.0,0.0,0.0,0.0,-1099000.0,0.0,0.0,0.0,0.0,-1099000.0,0.0,-1099000.0,0.0,0.0,-0.025739,-0.025739,42697024,42697024,,,1620593135,16:45:35,20210509
25,1994-12-31,HLX.AX,AUD,1994-12-31,1994-12-31,FY,0.0,0.0,0.0,0.0,0.0,0.0,0.0,0.0,0.0,0.0,0.0,0.0,-462000.0,0.0,0.0,0.0,0.0,-462000.0,0.0,-462000.0,0.0,0.0,-0.012504,-0.012504,36948351,36948351,,,1620593135,16:45:35,20210509
26,1993-12-31,HLX.AX,AUD,1993-12-31,1993-12-31,FY,0.0,0.0,0.0,0.0,0.0,0.0,0.0,0.0,0.0,0.0,0.0,0.0,-156000.0,0.0,0.0,0.0,0.0,-156000.0,0.0,-156000.0,0.0,0.0,-0.00547,-0.00547,28516723,28516723,,,1620593135,16:45:35,20210509
27,1992-12-31,HLX.AX,AUD,1992-12-31,1992-12-31,FY,0.0,0.0,0.0,0.0,0.0,0.0,0.0,0.0,0.0,0.0,0.0,0.0,-1179000.0,0.0,0.0,0.0,0.0,-1179000.0,0.0,-1179000.0,0.0,0.0,-0.003979,-0.003979,26882916,26882916,,,1620593135,16:45:35,20210509
28,1991-12-31,HLX.AX,AUD,1991-12-31,1991-12-31,FY,0.0,0.0,0.0,0.0,0.0,0.0,0.0,0.0,0.0,0.0,0.0,0.0,-1127000.0,0.0,0.0,0.0,0.0,-1127000.0,0.0,-1127000.0,0.0,0.0,0.0,0.0,490860311,490860311,,,1620593135,16:45:35,20210509
29,1990-12-31,HLX.AX,AUD,1990-12-31,1990-12-31,FY,0.0,0.0,0.0,0.0,0.0,0.0,0.0,0.0,0.0,0.0,0.0,0.0,-739000.0,0.0,0.0,0.0,0.0,-739000.0,0.0,-739000.0,0.0,0.0,0.0,0.0,490860311,490860311,,,1620593135,16:45:35,20210509
30,1989-12-31,HLX.AX,AUD,1989-12-31,1989-12-31,FY,0.0,0.0,0.0,0.0,0.0,0.0,0.0,0.0,0.0,0.0,3000.0,0.0,-267000.0,0.0,0.0,0.0,0.0,-270000.0,0.0,-270000.0,0.0,0.0,0.0,0.0,490860311,490860311,,,1620593135,16:45:35,20210509
31,1988-12-31,HLX.AX,AUD,1988-12-31,1988-12-31,FY,0.0,0.0,0.0,0.0,0.0,0.0,0.0,0.0,0.0,0.0,5000.0,0.0,-855000.0,0.0,0.0,0.0,0.0,-860000.0,0.0,-860000.0,0.0,0.0,0.0,0.0,490860311,490860311,,,1620593135,16:45:35,20210509
32,1987-12-31,HLX.AX,AUD,1987-12-31,1987-12-31,FY,0.0,0.0,0.0,0.0,0.0,0.0,0.0,0.0,0.0,0.0,0.0,0.0,-961000.0,0.0,0.0,0.0,0.0,-961000.0,0.0,-961000.0,750000.0,0.0,0.001527929602766356,0.001527929602766356,490860311,490860311,,,1620593135,16:45:35,20210509
