,date,symbol,reportedCurrency,fillingDate,acceptedDate,period,revenue,costOfRevenue,grossProfit,grossProfitRatio,researchAndDevelopmentExpenses,generalAndAdministrativeExpenses,sellingAndMarketingExpenses,otherExpenses,operatingExpenses,costAndExpenses,interestExpense,depreciationAndAmortization,ebitda,ebitdaratio,operatingIncome,operatingIncomeRatio,totalOtherIncomeExpensesNet,incomeBeforeTax,incomeBeforeTaxRatio,incomeTaxExpense,netIncome,netIncomeRatio,eps,epsdiluted,weightedAverageShsOut,weightedAverageShsOutDil,link,finalLink,timestamp,est_time,est_date
0,2019-12-31,TEI.TO,CAD,2019-12-31,2019-12-31,FY,16589725,18594047.0,-2004322.0,-0.12081707201294778,0.0,2677048.0,0.0,176190.0,2166172.0,20760219,3290835.0,0.0,2240291.0,0.13504087620500038,-4170494.0,-0.2513901827787983,3325100.0,-4136229.0,-0.24932474769774665,0.0,-4136229.0,-0.24932474769774665,-0.04,-0.04,94856227.0,94856227.0,https://www.sedar.com/ModifyCompanyDocumentSearchForm.do?lang=EN&company_search=Toscana Energy Income Corp&document_selection=0&industry_group=A&FromDate=13&FromMonth=05&FromYear=2000&ToDate=13&ToMonth=11&ToYear=2020&Variable=Issuer,https://www.sedar.com/ModifyCompanyDocumentSearchForm.do?lang=EN&company_search=Toscana Energy Income Corp&document_selection=0&industry_group=A&FromDate=13&FromMonth=05&FromYear=2000&ToDate=13&ToMonth=11&ToYear=2020&Variable=Issuer,1620598697,18:18:17,20210509
1,2018-12-31,TEI.TO,CAD,2018-12-31,2018-12-31,FY,15147313,19398562.0,-4251249.0,-0.2806602728814015,0.0,3455143.0,0.0,337286.0,2827946.0,22226508,3825827.0,0.0,81617.0,0.005388216378706903,-7079195.0,-0.46735648758297926,-6045011.0,-16950033.0,-1.119012527172311,0.0,-16950033.0,-1.119012527172311,-2.39,-2.39,7096342.0,7096342.0,https://www.sedar.com/ModifyCompanyDocumentSearchForm.do?lang=EN&company_search=Toscana Energy Income Corp&document_selection=0&industry_group=A&FromDate=13&FromMonth=05&FromYear=2000&ToDate=13&ToMonth=11&ToYear=2020&Variable=Issuer,https://www.sedar.com/ModifyCompanyDocumentSearchForm.do?lang=EN&company_search=Toscana Energy Income Corp&document_selection=0&industry_group=A&FromDate=13&FromMonth=05&FromYear=2000&ToDate=13&ToMonth=11&ToYear=2020&Variable=Issuer,1620598697,18:18:17,20210509
2,2017-12-31,TEI.TO,CAD,2017-12-31,2017-12-31,FY,20614640,13763191.0,6851449.0,0.3323584113038113,0.0,2803872.0,0.0,0.0,11151608.0,24914799,3978798.0,8347736.0,4047577.0,0.19634478215481813,-4300159.0,-0.20859733665007005,-1906128.0,-10185085.0,-0.4940704761276452,0.0,-10185085.0,-0.4940704761276452,-1.41,-1.41,7241450.0,7241450.0,https://www.sedar.com/ModifyCompanyDocumentSearchForm.do?lang=EN&company_search=Toscana Energy Income Corp&document_selection=0&industry_group=A&FromDate=13&FromMonth=05&FromYear=2000&ToDate=13&ToMonth=11&ToYear=2020&Variable=Issuer,https://www.sedar.com/ModifyCompanyDocumentSearchForm.do?lang=EN&company_search=Toscana Energy Income Corp&document_selection=0&industry_group=A&FromDate=13&FromMonth=05&FromYear=2000&ToDate=13&ToMonth=11&ToYear=2020&Variable=Issuer,1620598697,18:18:17,20210509
3,2016-12-31,TEI.TO,CAD,2016-12-31,2016-12-31,FY,21831041,11905545.0,9925496.0,0.4546506050719249,0.0,3429073.0,0.0,0.0,14283788.0,26189333,3645673.0,10854715.0,6496423.0,0.2975773349516406,-4358292.0,-0.1996373878826942,-8807798.0,-16811763.0,-0.7700852652880822,0.0,-16811763.0,-0.7700852652880822,-2.33,-2.33,7217525.0,7217525.0,https://www.sedar.com/ModifyCompanyDocumentSearchForm.do?lang=EN&company_search=Toscana Energy Income Corp&document_selection=0&industry_group=A&FromDate=13&FromMonth=05&FromYear=2000&ToDate=13&ToMonth=11&ToYear=2020&Variable=Issuer,https://www.sedar.com/ModifyCompanyDocumentSearchForm.do?lang=EN&company_search=Toscana Energy Income Corp&document_selection=0&industry_group=A&FromDate=13&FromMonth=05&FromYear=2000&ToDate=13&ToMonth=11&ToYear=2020&Variable=Issuer,1620598697,18:18:17,20210509
4,2015-12-31,TEI.TO,CAD,2015-12-31,2015-12-31,FY,26717507,14806908.0,11910599.0,0.44579754391006615,0.0,8000325.0,0.0,0.0,18764502.0,33571410,3181190.0,10764177.0,3910274.0,0.1463562449894745,-6853903.0,-0.25653228050057214,-5440000.0,-15475093.0,-0.5792117131287736,0.0,-15475093.0,-0.5792117131287736,-2.16,-2.16,7176527.0,7176527.0,https://www.sedar.com/ModifyCompanyDocumentSearchForm.do?lang=EN&company_search=Toscana Energy Income Corp&document_selection=0&industry_group=A&FromDate=13&FromMonth=05&FromYear=2000&ToDate=13&ToMonth=11&ToYear=2020&Variable=Issuer,https://www.sedar.com/ModifyCompanyDocumentSearchForm.do?lang=EN&company_search=Toscana Energy Income Corp&document_selection=0&industry_group=A&FromDate=13&FromMonth=05&FromYear=2000&ToDate=13&ToMonth=11&ToYear=2020&Variable=Issuer,1620598697,18:18:17,20210509
5,2014-12-31,TEI.TO,CAD,2014-12-31,2014-12-31,FY,41863591,16242976.0,25620615.0,0.6120023244064275,0.0,4771036.0,0.0,0.0,17644935.0,33887911,3344895.0,0.0,32467579.0,0.7755564734043001,7975680.0,0.19051590676967964,-6037244.0,-1406459.0,-0.03359623401633176,0.0,-1406459.0,-0.03359623401633176,-0.22,-0.22,6352737.0,6352737.0,https://www.sedar.com/ModifyCompanyDocumentSearchForm.do?lang=EN&company_search=Toscana Energy Income Corp&document_selection=0&industry_group=A&FromDate=13&FromMonth=05&FromYear=2000&ToDate=13&ToMonth=11&ToYear=2020&Variable=Issuer,https://www.sedar.com/ModifyCompanyDocumentSearchForm.do?lang=EN&company_search=Toscana Energy Income Corp&document_selection=0&industry_group=A&FromDate=13&FromMonth=05&FromYear=2000&ToDate=13&ToMonth=11&ToYear=2020&Variable=Issuer,1620598697,18:18:17,20210509
6,2013-12-31,TEI.TO,CAD,2013-12-31,2013-12-31,FY,38645784,18709884.0,19935900.0,0.5158622218661678,0.0,4674169.0,0.0,0.0,23281561.0,41991445,2288321.0,0.0,15261731.0,0.3949132200293828,-3345661.0,-0.08657247062189241,-2472869.0,-8106851.0,-0.20977323166739223,0.0,-8106851.0,-0.20977323166739223,-1.69,-1.69,4789504.0,4789504.0,https://www.sedar.com/ModifyCompanyDocumentSearchForm.do?lang=EN&company_search=Toscana Energy Income Corp&document_selection=0&industry_group=A&FromDate=13&FromMonth=05&FromYear=2000&ToDate=13&ToMonth=11&ToYear=2020&Variable=Issuer,https://www.sedar.com/ModifyCompanyDocumentSearchForm.do?lang=EN&company_search=Toscana Energy Income Corp&document_selection=0&industry_group=A&FromDate=13&FromMonth=05&FromYear=2000&ToDate=13&ToMonth=11&ToYear=2020&Variable=Issuer,1620598697,18:18:17,20210509
7,2012-12-31,TEI.TO,CAD,2012-12-31,2012-12-31,FY,31500900,7794483.0,23706417.0,0.7525631648619563,0.0,6936950.0,0.0,0.0,13194744.0,20989227,2277515.0,0.0,17237996.0,0.5472223333301588,10511673.0,0.3336943706370294,-445666.0,8257021.0,0.2621201616461752,0.0,8257021.0,0.2621201616461752,3.84,3.23,2151263.0,2887125.0,https://www.sedar.com/ModifyCompanyDocumentSearchForm.do?lang=EN&company_search=Toscana Energy Income Corp&document_selection=0&industry_group=A&FromDate=13&FromMonth=05&FromYear=2000&ToDate=13&ToMonth=11&ToYear=2020&Variable=Issuer,https://www.sedar.com/ModifyCompanyDocumentSearchForm.do?lang=EN&company_search=Toscana Energy Income Corp&document_selection=0&industry_group=A&FromDate=13&FromMonth=05&FromYear=2000&ToDate=13&ToMonth=11&ToYear=2020&Variable=Issuer,1620598697,18:18:17,20210509
8,2011-12-31,TEI.TO,CAD,2011-12-31,2011-12-31,FY,15584397,6489170.0,9095227.0,0.5836110951228975,0.0,1974203.0,0.0,0.0,9117965.0,15607135,1325023.0,0.0,8126746.0,0.5214668235158537,-22738.0,-0.001459023406552079,0.0,-340977.0,-0.021879383591164932,0.0,-340977.0,-0.021879383591164932,-0.18,-0.18,1875000.0,1875000.0,https://www.sedar.com/ModifyCompanyDocumentSearchForm.do?lang=EN&company_search=Toscana Energy Income Corp&document_selection=0&industry_group=A&FromDate=13&FromMonth=05&FromYear=2000&ToDate=13&ToMonth=11&ToYear=2020&Variable=Issuer,https://www.sedar.com/ModifyCompanyDocumentSearchForm.do?lang=EN&company_search=Toscana Energy Income Corp&document_selection=0&industry_group=A&FromDate=13&FromMonth=05&FromYear=2000&ToDate=13&ToMonth=11&ToYear=2020&Variable=Issuer,1620598697,18:18:17,20210509
