,date,symbol,reportedCurrency,fillingDate,acceptedDate,period,revenue,costOfRevenue,grossProfit,grossProfitRatio,researchAndDevelopmentExpenses,generalAndAdministrativeExpenses,sellingAndMarketingExpenses,otherExpenses,operatingExpenses,costAndExpenses,interestExpense,depreciationAndAmortization,ebitda,ebitdaratio,operatingIncome,operatingIncomeRatio,totalOtherIncomeExpensesNet,incomeBeforeTax,incomeBeforeTaxRatio,incomeTaxExpense,netIncome,netIncomeRatio,eps,epsdiluted,weightedAverageShsOut,weightedAverageShsOutDil,link,finalLink,timestamp,est_time,est_date
0,2019-12-31,AEF,USD,2019-12-31,2019-12-31,FY,19695260.0,5816300.0,13878960.0,0.7046852897600743,0.0,1598447.0,0.0,-110160.0,1490480.0,6795020.0,65600370.0,0.0,144100980,7.316531,12900240.0,0.6549921148540309,0.0,78500610.0,3.9857615487178135,0.0,78500610.0,3.9857615487178135,1.54676,1.54676,50751780.0,50751780.0,,,1620586223,14:50:23,20210509
1,2018-12-31,AEF,USD,2018-12-31,2018-12-31,FY,16864060.0,5196690.0,11667370.0,0.6918482263464433,0.0,1847024.0,0.0,60660.0,2261805.0,6877519.999999999,-106993260.0,0.0,-203999980,-12.09673,9986540.0,0.5921788703313436,0.0,-97006720.0,-5.75227554930426,0.0,-97006720.0,-5.75227554930426,-1.62267,-1.62267,59782150.0,59782150.0,,,1620586223,14:50:23,20210509
2,2017-12-31,AEF,USD,2017-12-31,2017-12-31,FY,2038510.0,1062870.0,975640.0,0.4786044709125783,0.0,766355.0,0.0,-104240.0,913997.0,1745140.0,26414270.0,0.0,53121910,26.059185,293370.0,0.14391393714036232,0.0,26707640.0,13.101549661272204,0.0,26707640.0,13.101549661272204,2.85408,2.85408,9357690.0,9357690.0,,,1620586223,14:50:23,20210509
3,2016-12-31,AEF,USD,2016-12-31,2016-12-31,FY,2015610.0,960770.0,1054840.0,0.5233353674569982,0.0,675009.0,0.0,-130510.0,901950.0,1582140.0,10520100.0,0.0,21473660,10.653678,433470.0,0.21505648414127734,0.0,10953560.0,5.434364782869702,0.0,10953560.0,5.434364782869702,1.17054,1.17054,9357690.0,9357690.0,,,1620586223,14:50:23,20210509
4,2015-12-31,AEF,USD,2015-12-31,2015-12-31,FY,2043750.0,1027840.0,1015910.0,0.49708134556574923,0.0,702823.0,0.0,-145840.0,759487.0,1521150.0,-11053180.0,0.0,-21583760,-10.560861,522600.0,0.25570642201834864,0.0,-10530580.0,-5.152577370030581,0.0,-10530580.0,-5.152577370030581,-1.12189,-1.12189,9386500.0,9386500.0,,,1620586223,14:50:23,20210509
5,2014-12-31,AEF,USD,2014-12-31,2014-12-31,FY,2572680.0,1270790.0,1301890.0,0.506044280672295,0.0,1210466.0,0.0,-173530.0,1312086.0,2299580.0,-10576970.0,0.0,-20880850,-8.116381,273100.0,0.1061538939938119,0.0,-10303880.0,-4.0051152883374534,0.0,-10303880.0,-4.0051152883374534,-1.09773,-1.09773,9386500.0,9386500.0,,,1620586223,14:50:23,20210509
6,2013-12-31,AEF,USD,2013-12-31,2013-12-31,FY,2950000.0,1740000.0,1200000.0,0.4067796610169492,0.0,888942.0,0.0,-210000.0,1033868.0,2400000.0,-30420000.0,0.0,-60300000,-20.440678,540000.0,0.18305084745762712,-220000.0,-29880000.0,-10.128813559322033,0.0,-29880000.0,-10.128813559322033,-3.18211,-3.18211,9390000.0,9390000.0,,,1620586223,14:50:23,20210509
7,2012-12-31,AEF,USD,2012-12-31,2012-12-31,FY,3750000.0,1970000.0,1780000.0,0.4746666666666667,0.0,806849.0,0.0,-300000.0,888781.0,2550000.0,18670000.0,0.0,38540000,10.277333,1200000.0,0.32,-320000.0,19870000.0,5.298666666666667,0.0,19870000.0,5.298666666666667,2.11608,2.11608,9390000.0,9390000.0,,,1620586223,14:50:23,20210509
8,2011-12-31,AEF,USD,2011-12-31,2011-12-31,FY,4200000.0,2090000.0,2110000.0,0.5023809523809524,0.0,877006.0,0.0,-170000.0,1090418.0,2850000.0,-40370000.0,0.0,-79390000,-18.902381,1350000.0,0.32142857142857145,-220000.0,-39020000.0,-9.290476190476191,0.0,-39020000.0,-9.290476190476191,-4.20474,-4.20474,9280000.0,9280000.0,,,1620586223,14:50:23,20210509
9,2010-12-31,AEF,USD,2010-12-31,2010-12-31,FY,4030000.0,2440000.0,1590000.0,0.3945409429280397,0.0,1516526.0,0.0,-210000.0,1728235.0,3650000.0,49640000.0,0.0,99660000,24.729529,380000.0,0.09429280397022333,-230000.0,50020000.0,12.411910669975185,0.0,50020000.0,12.411910669975185,6.5557,6.5557,7630000.0,7630000.0,,,1620586223,14:50:23,20210509
10,2009-12-31,AEF,USD,2009-12-31,2009-12-31,FY,4160000.0,1920000.0,2240000.0,0.5384615384615384,0.0,1220000.0,0.0,-100000.0,1120000.0,3040000.0,88240000.0,0.0,177590000,42.689904,1110000.0,0.2668269230769231,-120000.0,89350000.0,21.478365384615383,0.0,89350000.0,21.478365384615383,8.78564,8.78564,10170000.0,10170000.0,,,1620586223,14:50:23,20210509
11,2008-12-31,AEF,USD,2008-12-31,2008-12-31,FY,5290000.0,2090000.0,3190000.0,0.6030245746691871,0.0,1200000.0,0.0,10000.0,1210000.0,3300000.0,-71160000.0,0.0,-140340000,-26.529301,1980000.0,0.3742911153119093,0.0,-69180000.0,-13.07750472589792,0.0,-69180000.0,-13.07750472589792,-6.80236,-6.80236,10170000.0,10170000.0,,,1620586223,14:50:23,20210509
12,2007-12-31,AEF,USD,2007-12-31,2007-12-31,FY,4850000.0,2670000.0,2180000.0,0.44948453608247424,0.0,1020000.0,0.0,10000.0,1030000.0000000002,3700000.0,39080000.0,0.0,79300000,16.350515,1140000.0,0.23505154639175257,0.0,40220000.0,8.29278350515464,0.0,40220000.0,8.29278350515464,3.96647,3.96647,10140000.0,10140000.0,,,1620586223,14:50:23,20210509
13,2006-12-31,AEF,USD,2006-12-31,2006-12-31,FY,3390000.0,2120000.0,1270000.0,0.3746312684365782,0.0,1180000.0,0.0,20000.0,1199999.9999999998,3319999.9999999995,43360000.0,0.0,86790000,25.60177,70000.0,0.02064896755162242,0.0,43430000.0,12.811209439528023,0.0,43430000.0,12.811209439528023,4.28304,4.28304,10140000.0,10140000.0,,,1620586223,14:50:23,20210509
14,2005-12-31,AEF,USD,2005-12-31,2005-12-31,FY,4270000.0,2230000.0,2040000.0,0.477751756440281,0.0,860000.0,0.0,10000.0,870000.0000000001,3100000.0,27460000.0,0.0,56090000,13.135831,1170000.0,0.27400468384074944,0.0,28630000.0,6.704918032786885,0.0,28630000.0,6.704918032786885,2.82347,2.82347,10140000.0,10140000.0,,,1620586223,14:50:23,20210509
15,2004-12-31,AEF,USD,2004-12-31,2004-12-31,FY,4370000.0,1920000.0,2450000.0,0.5606407322654462,0.0,790000.0,0.0,10000.0,800000.0000000003,2720000.0000000005,33110000.0,0.0,67860000,15.528604,1650000.0,0.37757437070938216,10000.0,34750000.0,7.951945080091533,0.0,34750000.0,7.951945080091533,3.42702,3.42702,10140000.0,10140000.0,,,1620586223,14:50:23,20210509
16,2003-12-31,AEF,USD,2003-12-31,2003-12-31,FY,2660000.0,1470000.0,1190000.0,0.4473684210526316,0.0,460000.0,0.0,10000.0,459999.99999999994,1930000.0,65600000.0,0.0,131920000,49.593985,730000.0,0.2744360902255639,0.0,66320000.0,24.93233082706767,0.0,66320000.0,24.93233082706767,6.54043,6.54043,10140000.0,10140000.0,,,1620586223,14:50:23,20210509
17,2002-12-31,AEF,USD,2002-12-31,2002-12-31,FY,2280000.0,1310000.0,970000.0,0.42543859649122806,0.0,-270000.0,0.0,10000.0,-250000.0,1060000.0,-19030000.0,0.0,-36840000,-16.157895,1220000.0,0.5350877192982456,0.0,-17810000.0,-7.81140350877193,0.0,-17810000.0,-7.81140350877193,-1.75641,-1.75641,10140000.0,10140000.0,,,1620586223,14:50:23,20210509
18,2001-12-31,AEF,USD,2001-12-31,2001-12-31,FY,6800000.0,1620000.0,5180000.0,0.7617647058823529,0.0,2340000.0,0.0,30000.0,2370000.0,3990000.0,-9350000.0,0.0,-15880000,-2.335294,2820000.0,0.4147058823529412,0.0,-6530000.0,-0.9602941176470589,0.0,-6530000.0,-0.9602941176470589,-0.48299,-0.48299,13520000.0,13520000.0,,,1620586223,14:50:23,20210509
19,2000-12-31,AEF,USD,2000-12-31,2000-12-31,FY,5040000.0,2370000.0,2670000.0,0.5297619047619048,0.0,3380000.0,0.0,190000.0,3559999.9999999995,5930000.0,-47290000.0,0.0,-95470000,-18.94246,-890000.0,-0.1765873015873016,0.0,-48180000.0,-9.55952380952381,0.0,-48180000.0,-9.55952380952381,-3.56361,-3.56361,13520000.0,13520000.0,,,1620586223,14:50:23,20210509
20,1999-12-31,AEF,USD,1999-12-31,1999-12-31,FY,5640000.0,2680000.0,2960000.0,0.524822695035461,0.0,1700000.0,0.0,10000.0,1709999.9999999995,4389999.999999999,45740000.0,0.0,92720000,16.439716,1250000.0,0.22163120567375885,0.0,46980000.0,8.329787234042554,0.0,46980000.0,8.329787234042554,3.27844,3.27844,14330000.0,14330000.0,,,1620586223,14:50:23,20210509
21,1998-12-31,AEF,USD,1998-12-31,1998-12-31,FY,9370000.0,3160000.0,6210000.0,0.6627534685165422,0.0,700000.0,0.0,20000.0,719999.9999999998,3880000.0,-96320000.0,0.0,-187140000,-19.972252,5490000.0,0.5859124866595518,0.0,-90820000.0,-9.69263607257204,0.0,-90820000.0,-9.69263607257204,-6.50107,-6.50107,13970000.0,13970000.0,,,1620586223,14:50:23,20210509
22,1997-12-31,AEF,USD,1997-12-31,1997-12-31,FY,14310000.0,4950000.0,9370000.0,0.6547868623340322,0.0,390000.0,0.0,7520000.0,7909999.999999999,12859999.999999998,32610000.0,0.0,66680000,4.659679,1460000.0,0.10202655485674354,7520000.0,34070000.0,2.3808525506638714,0.0,34070000.0,2.3808525506638714,2.41974,2.41974,14080000.0,14080000.0,,,1620586223,14:50:23,20210509
23,1996-12-31,AEF,USD,1996-12-31,1996-12-31,FY,13700000.0,4670000.0,9030000.0,0.6591240875912409,0.0,380000.0,0.0,2110000.0,2490000.0,7160000.0,-48260000.0,0.0,-89980000,-6.567883,6540000.0,0.47737226277372263,2110000.0,-41720000.0,-3.0452554744525546,0.0,-41720000.0,-3.0452554744525546,-2.97575,-2.97575,14020000.0,14020000.0,,,1620586223,14:50:23,20210509
24,1995-12-31,AEF,USD,1995-12-31,1995-12-31,FY,14600000.0,4660000.0,9950000.0,0.6815068493150684,0.0,520000.0,0.0,350000.0,870000.0000000001,5530000.0,5910000.0,0.0,20890000,1.430822,9080000.0,0.6219178082191781,350000.0,14980000.0,1.026027397260274,0.0,14980000.0,1.026027397260274,1.06847,1.06847,14020000.0,14020000.0,,,1620586223,14:50:23,20210509
25,1994-12-31,AEF,USD,1994-12-31,1994-12-31,FY,10520000.0,3820000.0,6700000.0,0.6368821292775665,0.0,730000.0,0.0,140000.0,859999.9999999999,4680000.0,87170000.0,0.0,180170000,17.126426,5830000.0,0.5541825095057035,100000.0,93000000.0,8.840304182509506,0.0,93000000.0,8.840304182509506,6.65236,6.65236,13980000.0,13980000.0,,,1620586223,14:50:23,20210509
26,1993-12-31,AEF,USD,1993-12-31,1993-12-31,FY,8540000.0,2770000.0,5770000.0,0.6756440281030445,0.0,450000.0,0.0,290000.0,739999.9999999998,3510000.0,79040000.0,0.0,163120000,19.100703,5030000.0,0.5889929742388759,250000.0,84080000.0,9.84543325526932,0.0,84080000.0,9.84543325526932,6.02292,6.02292,13960000.0,13960000.0,,,1620586223,14:50:23,20210509
27,1992-12-31,AEF,USD,1992-12-31,1992-12-31,FY,8310000.0,2440000.0,5870000.0,0.7063778580024067,0.0,490000.0,0.0,1210000.0,1699999.9999999998,4139999.9999999995,21020000.0,0.0,46210000,5.56077,4170000.0,0.5018050541516246,1160000.0,25190000.0,3.0312876052948257,0.0,25190000.0,3.0312876052948257,2.3238,2.3238,10840000.0,10840000.0,,,1620586223,14:50:23,20210509
28,1991-12-31,AEF,USD,1991-12-31,1991-12-31,FY,8740000.0,2060000.0,6680000.0,0.7643020594965675,0.0,320000.0,0.0,1140000.0,1460000.0,3520000.0,78010000.0,0.0,161230000,18.447368,5210000.0,0.5961098398169337,1100000.0,83220000.0,9.521739130434783,0.0,83220000.0,9.521739130434783,7.69843,7.69843,10810000.0,10810000.0,,,1620586223,14:50:23,20210509
29,1990-12-31,AEF,USD,1990-12-31,1990-12-31,FY,10130000.0,1210000.0,8920000.0,0.8805528134254689,0.0,210000.0,0.0,360000.0,570000.0000000001,1780000.0,12630000.0,0.0,33600000,3.316881,8350000.0,0.824284304047384,310000.0,20970000.0,2.0700888450148076,0.0,20970000.0,2.0700888450148076,1.9507,1.9507,10750000.0,10750000.0,,,1620586223,14:50:23,20210509
30,1989-12-31,AEF,USD,1989-12-31,1989-12-31,FY,630000.0,250000.0,390000.0,0.6190476190476191,0.0,60000.0,0.0,80000.0,130000.0,380000.0,7170000.0,0.0,14590000,23.15873,250000.0,0.3968253968253968,80000.0,7420000.0,11.777777777777779,0.0,7420000.0,11.777777777777779,0.69023,0.69023,10750000.0,10750000.0,,,1620586223,14:50:23,20210509
