,date,symbol,reportedCurrency,fillingDate,acceptedDate,period,revenue,costOfRevenue,grossProfit,grossProfitRatio,researchAndDevelopmentExpenses,generalAndAdministrativeExpenses,sellingAndMarketingExpenses,otherExpenses,operatingExpenses,costAndExpenses,interestExpense,depreciationAndAmortization,ebitda,ebitdaratio,operatingIncome,operatingIncomeRatio,totalOtherIncomeExpensesNet,incomeBeforeTax,incomeBeforeTaxRatio,incomeTaxExpense,netIncome,netIncomeRatio,eps,epsdiluted,weightedAverageShsOut,weightedAverageShsOutDil,link,finalLink,timestamp,est_time,est_date
0,2020-12-31,TCPC,USD,2021-02-25,2021-02-25 08:10:43,FY,172103726,0.0,172103726,1.0,0.0,8524090.0,0.0,88881744.0,88881744.0,88881744.0,-41237035.0,0.0,83221982.0,0.48355711950129426,83221982,0.48355711950129426,0.0,83221982,0.48355711950129426,0.0,83221982,0.48355711950129426,1.4406511892965732,1.4406511892965732,57766920,57766920,https://www.sec.gov/Archives/edgar/data/1370755/000137075521000009/0001370755-21-000009-index.htm,https://www.sec.gov/Archives/edgar/data/1370755/000137075521000009/tcpc1231202010-k.htm,1620598654,18:17:34,20210509
1,2019-12-31,TCPC,USD,2020-02-26,2020-02-26 07:58:06,FY,195165920,72452490.0,122713430,0.6287646429253632,0.0,8740358.0,0.0,2860740.0,8740358.0,100307820.00000001,-46398795.0,0.0,-15818005.0,-0.081049,94858100,0.48603823864330414,0.0,30580790,0.15669123994599057,0.0,30580790,0.15669123994599057,0.52038,0.52038,58766362,58766362,https://www.sec.gov/Archives/edgar/data/1370755/000137075520000007/0001370755-20-000007-index.htm,https://www.sec.gov/Archives/edgar/data/1370755/000137075520000007/tcpc1231201910-k.htm,1620598654,18:17:34,20210509
2,2018-12-31,TCPC,USD,2019-02-28,2019-02-28 08:03:39,FY,190499180,65820030.0,124679150,0.6544865442465422,0.0,9027528.0,0.0,2686680.0,9120228.0,97021829.99999999,-40468761.0,0.0,5099819.0,0.026771,93477350,0.49069686284213926,0.0,45568580,0.23920617401082778,92700.0,45475880,0.2387195577429782,0.7732,0.7732,58815216,58815216,https://www.sec.gov/Archives/edgar/data/1370755/000137075519000010/0001370755-19-000010-index.htm,https://www.sec.gov/Archives/edgar/data/1370755/000137075519000010/tcpc1231201810-k.htm,1620598654,18:17:34,20210509
3,2017-12-31,TCPC,USD,2018-02-27,2018-02-27 08:09:33,FY,175969500,55559540.0,120409960,0.6842660802013986,0.0,7879489.0,0.0,2721950.0,7915869.0,62531500.0,-33091143.0,2131838.0,115569838.0,0.65676062044843,113438000,0.6446458050969059,0.0,90647720,0.5151331338669485,36380.0,90611340,0.5149263934943271,1.58965,1.58965,57000658,57000658,https://www.sec.gov/Archives/edgar/data/1370755/000137075518000012/0001370755-18-000012-index.htm,https://www.sec.gov/Archives/edgar/data/1370755/000137075518000012/tcpc1231201710-k.htm,1620598654,18:17:34,20210509
4,2016-12-31,TCPC,USD,2017-02-28,2017-02-28 08:32:16,FY,148180770,44811750.0,103369020,0.697587278025347,0.0,8283156.0,0.0,3149760.0,8852667.0,52357930.0,-25192990.0,-14514060.0,81308780.0,0.5487134396723677,95822840,0.6466617766934265,0.0,95937340,0.6474344815457498,569510.0,95367820,0.6435910678558359,1.87186,1.87186,50948035,50948035,https://www.sec.gov/Archives/edgar/data/1370755/000156761917000341/0001567619-17-000341-index.htm,https://www.sec.gov/Archives/edgar/data/1370755/000156761917000341/s001562x1_10k.htm,1620598654,18:17:34,20210509
5,2015-12-31,TCPC,USD,2016-02-29,2016-02-29 08:45:54,FY,146868230,38108010.0,108760220,0.7405292485651934,0.0,7999070.0,0.0,2564660.0,8875776.0,45488710.0,-18895977.0,4329371.0,105708891.0,0.7197532849684374,101379520,0.6902753577135096,0.0,78974410,0.5377228962315403,876710.0,78097700,0.5317535317202365,1.59829,1.59829,48863188,48863188,https://www.sec.gov/Archives/edgar/data/1370755/000156761916001893/0001567619-16-001893-index.htm,https://www.sec.gov/Archives/edgar/data/1370755/000156761916001893/s001209x1_10k.htm,1620598654,18:17:34,20210509
6,2014-12-31,TCPC,USD,2015-03-10,2015-03-10,FY,106581450,24054120.0,82527330,0.7743123217032607,0.0,7823793.0,0.0,1360560.0,8632606.0,28480070.0,-7010215.0,6085664.0,84187044.0,0.7898845812287223,78101380,0.7327858647072263,0.0,50796800,0.4766007593253798,808810.0,49987990,0.4690121029503727,1.26887,1.26887,39395671,39395671,https://www.sec.gov/Archives/edgar/data/1370755/000114420415014972/0001144204-15-014972-index.htm,https://www.sec.gov/Archives/edgar/data/1370755/000114420415014972/v403832_10k.htm,1620598654,18:17:34,20210509
7,2013-12-31,TCPC,USD,2014-03-06,2014-03-06,FY,69600000,11600000.0,58000000,0.8333333333333334,0.0,4286773.0,0.0,900000.0,5264397.0,14300000.000000002,-1194158.0,-55997303.0,-697303.0,-0.010018721264367815,55300000,0.7945402298850575,0.0,64400000,0.9252873563218391,1000000.0,63400000,0.9109195402298851,2.44788,2.44788,25926493,25926493,https://www.sec.gov/Archives/edgar/data/1370755/000114420414013647/0001144204-14-013647-index.htm,https://www.sec.gov/Archives/edgar/data/1370755/000114420414013647/v370328_10k.htm,1620598654,18:17:34,20210509
8,2012-12-31,TCPC,USD,2013-03-07,2013-03-07 09:01:06,FY,52200000,8100000.0,44100000,0.8448275862068966,0.0,3292777.0,0.0,600000.0,4772755.0,10400000.0,-190702.0,-3450486.0,38349514.0,0.7346650191570882,41800000,0.8007662835249042,0.0,29000000,0.5555555555555556,1500000.0,27500000,0.5268199233716475,1.27907,1.27907,21475847,21475847,https://www.sec.gov/Archives/edgar/data/1370755/000114420413013426/0001144204-13-013426-index.htm,https://www.sec.gov/Archives/edgar/data/1370755/000114420413013426/v337072_10k.htm,1620598654,18:17:34,20210509
