,date,symbol,reportedCurrency,fillingDate,acceptedDate,period,revenue,costOfRevenue,grossProfit,grossProfitRatio,researchAndDevelopmentExpenses,generalAndAdministrativeExpenses,sellingAndMarketingExpenses,otherExpenses,operatingExpenses,costAndExpenses,interestExpense,depreciationAndAmortization,ebitda,ebitdaratio,operatingIncome,operatingIncomeRatio,totalOtherIncomeExpensesNet,incomeBeforeTax,incomeBeforeTaxRatio,incomeTaxExpense,netIncome,netIncomeRatio,eps,epsdiluted,weightedAverageShsOut,weightedAverageShsOutDil,link,finalLink,timestamp,est_time,est_date
0,2020-12-31,CIZN,USD,2021-03-12,2021-03-12 09:12:48,FY,42746000.0,0.0,40561000.0,1.0,0.0,20571000.0,642000.0,8590000.0,0.0,0.0,7427000.0,1121000.0,9804000.0,0.2417100170114149,8683000.0,0.20313011743788892,2673000.0,8683000.0,0.20313011743788892,1752000.0,6931000.0,0.1621438263229308,1.3687522414280682,1.3687522414280682,5578820.0,5580726.0,https://www.sec.gov/Archives/edgar/data/1075706/000119312521078829/0001193125-21-078829-index.htm,https://www.sec.gov/Archives/edgar/data/1075706/000119312521078829/d90504d10k.htm,1620590322,15:58:42,20210509
1,2019-12-31,CIZN,USD,2020-03-13,2020-03-13 07:14:13,FY,34550000.0,0.0,0.0,0.0,0.0,16782000.0,551000.0,0.0,38000000.0,0.0,9722000.0,912000.0,0.0,0.0,0.0,0.21001447178002894,0.0,7256000.0,0.21001447178002894,1354000.0,5902000.0,0.17082489146164978,1.1655425954275658,1.1649980270831446,5063736.0,5066103.0,https://www.sec.gov/Archives/edgar/data/1075706/000119312520072154/0001193125-20-072154-index.htm,https://www.sec.gov/Archives/edgar/data/1075706/000119312520072154/d798066d10k.htm,1620590322,15:58:42,20210509
2,2018-12-31,CIZN,USD,2019-03-15,2019-03-15 10:55:17,FY,34741279.0,0.0,0.0,0.0,0.0,17150240.0,639684.0,0.0,32000000.0,0.0,4458692.0,936632.0,0.0,0.0,0.0,0.21590618468594666,0.0,7500857.0,0.21590618468594666,827730.0,6673127.0,0.1920806369851841,1.3648095275104204,1.3620800299149782,4889420.0,4899218.0,https://www.sec.gov/Archives/edgar/data/1075706/000119312519076104/0001193125-19-076104-index.htm,https://www.sec.gov/Archives/edgar/data/1075706/000119312519076104/d673625d10k.htm,1620590322,15:58:42,20210509
3,2017-12-31,CIZN,USD,2018-03-15,2018-03-15 06:33:20,FY,34573583.0,0.0,0.0,0.0,0.0,17527089.0,649612.0,0.0,31000000.0,0.0,3342539.0,1003381.0,0.0,0.0,0.0,0.22485777652839742,0.0,7774139.0,0.22485777652839742,4070591.0,3703548.0,0.10712074591748272,0.7591273970825371,0.7564671125410756,4878691.0,4895848.0,https://www.sec.gov/Archives/edgar/data/1075706/000119312518083037/0001193125-18-083037-index.htm,https://www.sec.gov/Archives/edgar/data/1075706/000119312518083037/d512214d10k.htm,1620590322,15:58:42,20210509
4,2016-12-31,CIZN,USD,2017-03-15,2017-03-15 14:49:24,FY,34004143.0,0.0,0.0,0.0,0.0,16302863.0,783303.0,0.0,30000000.0,0.0,3097557.0,980514.0,0.0,0.0,0.0,0.2455109367114472,0.0,8348389.0,0.2455109367114472,1611735.0,6736654.0,0.1981127417326765,1.3844427254762053,1.3816969184340593,4865968.0,4875638.0,https://www.sec.gov/Archives/edgar/data/1075706/000119312517083390/0001193125-17-083390-index.htm,https://www.sec.gov/Archives/edgar/data/1075706/000119312517083390/d337601d10k.htm,1620590322,15:58:42,20210509
5,2015-12-31,CIZN,USD,2016-03-15,2016-03-15 11:42:59,FY,35672314.0,0.0,0.0,0.0,0.0,15317544.0,793282.0,0.0,29000000.0,0.0,3076879.0,1040207.0,0.0,0.0,0.0,0.28223386349424934,0.0,10067935.0,0.28223386349424934,2479034.0,7588901.0,0.21273924085777,1.55762678537269,1.5573378266676188,4872092.0,4872996.0,https://www.sec.gov/Archives/edgar/data/1075706/000119312516504671/0001193125-16-504671-index.htm,https://www.sec.gov/Archives/edgar/data/1075706/000119312516504671/d98711d10k.htm,1620590322,15:58:42,20210509
6,2014-12-31,CIZN,USD,2015-03-13,2015-03-13 15:22:23,FY,35573120.0,0.0,0.0,0.0,0.0,15234450.0,769081.0,0.0,30000000.0,0.0,3018295.0,1190393.0,0.0,0.0,0.0,0.26081069076876023,0.0,9277850.0,0.26081069076876023,1828091.0,7449759.0,0.20942101789216128,1.5296888327460096,1.529489407070658,4870114.0,4870749.0,https://www.sec.gov/Archives/edgar/data/1075706/000119312515091019/0001193125-15-091019-index.htm,https://www.sec.gov/Archives/edgar/data/1075706/000119312515091019/d838457d10k.htm,1620590322,15:58:42,20210509
7,2013-12-31,CIZN,USD,2014-03-14,2014-03-14 11:12:32,FY,34466802.0,0.0,0.0,0.0,0.0,14387056.0,621216.0,0.0,31000000.0,0.0,4080457.0,1140753.0,0.0,0.0,0.0,0.25879288133549494,0.0,8919763.0,0.25879288133549494,1769903.0,7149860.0,0.2074419320945413,1.4687200665394573,1.468266444444125,4868089.0,4869593.0,https://www.sec.gov/Archives/edgar/data/1075706/000119312514099176/0001193125-14-099176-index.htm,https://www.sec.gov/Archives/edgar/data/1075706/000119312514099176/d663206d10k.htm,1620590322,15:58:42,20210509
8,2012-12-31,CIZN,USD,2013-03-15,2013-03-15 10:17:55,FY,34886035.0,0.0,0.0,0.0,0.0,16120548.0,636652.0,0.0,33000000.0,0.0,5709021.0,76955.0,0.0,0.0,0.0,0.24178176167053664,0.0,8434807.0,0.24178176167053664,1650808.0,6783999.0,0.19446173805650313,1.4,1.39,4856584.0,4864844.0,https://www.sec.gov/Archives/edgar/data/1075706/000119312513109053/0001193125-13-109053-index.htm,https://www.sec.gov/Archives/edgar/data/1075706/000119312513109053/d464507d10k.htm,1620590322,15:58:42,20210509
9,2011-12-31,CIZN,USD,2012-03-14,2012-03-14 16:02:33,FY,37773955.0,0.0,0.0,0.0,0.0,14056536.0,0.0,0.0,36000000.0,0.0,6642093.0,1365948.0,0.0,0.0,0.0,0.22594692559992724,0.0,8534909.0,0.22594692559992724,1317062.0,7217847.0,0.19107999149149196,1.490566053321598,1.4885814227782534,4842353.0,4848809.0,https://www.sec.gov/Archives/edgar/data/1075706/000119312512114798/0001193125-12-114798-index.htm,https://www.sec.gov/Archives/edgar/data/1075706/000119312512114798/d282654d10k.htm,1620590322,15:58:42,20210509
10,2010-12-31,CIZN,USD,2011-03-15,2011-03-15 14:58:49,FY,36820522.0,0.0,0.0,0.0,0.0,13780388.0,0.0,0.0,36000000.0,0.0,8726299.0,1292849.0,0.0,0.0,0.0,0.25108258921478627,0.0,9244992.0,0.25108258921478627,2082461.0,7162531.0,0.19452551487455827,1.4812074109475075,1.4759873101703072,4835603.0,4852705.0,https://www.sec.gov/Archives/edgar/data/1075706/000119312511067074/0001193125-11-067074-index.htm,https://www.sec.gov/Archives/edgar/data/1075706/000119312511067074/d10k.htm,1620590322,15:58:42,20210509
11,2009-12-31,CIZN,USD,2010-03-15,2010-03-15 13:02:43,FY,37611071.0,0.0,0.0,0.0,0.0,13257839.0,0.0,0.0,40000000.0,0.0,11335741.0,1561204.0,0.0,0.0,0.0,0.23318416005755327,0.0,8770306.0,0.23318416005755327,1631332.0,7138974.0,0.18981044171807818,1.47,1.45,4854919.0,4913627.0,https://www.sec.gov/Archives/edgar/data/1075706/000119312510056717/0001193125-10-056717-index.htm,https://www.sec.gov/Archives/edgar/data/1075706/000119312510056717/d10k.htm,1620590322,15:58:42,20210509
12,2008-12-31,CIZN,USD,2009-03-13,2009-03-13 13:37:46,FY,33645818.0,0.0,0.0,0.0,0.0,12054144.0,0.0,0.0,37000000.0,0.0,13774804.0,2363397.0,0.0,0.0,0.0,0.3139419288305013,0.0,10562833.0,0.3139419288305013,2289066.0,8273767.0,0.24590773807312397,1.7,1.69,4860095.0,4895511.0,https://www.sec.gov/Archives/edgar/data/1075706/000119312509053510/0001193125-09-053510-index.htm,https://www.sec.gov/Archives/edgar/data/1075706/000119312509053510/d10k.htm,1620590322,15:58:42,20210509
13,2007-12-31,CIZN,USD,2008-03-12,2008-03-12 12:45:12,FY,29115747.0,0.0,0.0,0.0,0.0,10539810.0,0.0,0.0,37000000.0,0.0,16762754.0,2067794.0,0.0,0.0,0.0,0.305070105190844,0.0,8882344.0,0.305070105190844,1968110.0,6914234.0,0.23747403767452713,1.41,1.39,4913946.0,4964475.0,https://www.sec.gov/Archives/edgar/data/1075706/000119312508053913/0001193125-08-053913-index.htm,https://www.sec.gov/Archives/edgar/data/1075706/000119312508053913/d10k.htm,1620590322,15:58:42,20210509
14,2006-12-31,CIZN,USD,2007-03-15,2007-03-15 11:43:35,FY,29493210.0,0.0,0.0,0.0,0.0,9980336.0,0.0,0.0,31000000.0,0.0,13181705.0,2184846.0,0.0,0.0,0.0,0.3807973767521406,0.0,11230937.0,0.3807973767521406,2836413.0,8394524.0,0.2846256477338343,1.67,1.65,5016257.0,5080755.0,https://www.sec.gov/Archives/edgar/data/1075706/000119312507055310/0001193125-07-055310-index.htm,https://www.sec.gov/Archives/edgar/data/1075706/000119312507055310/d10k.htm,1620590322,15:58:42,20210509
15,2005-12-31,CIZN,USD,2006-03-13,2006-03-13 13:41:28,FY,28933347.0,0.0,0.0,0.0,0.0,9523367.0,0.0,0.0,28000000.0,0.0,9847280.0,2744121.0,0.0,0.0,0.0,0.3571006147335806,0.0,10332116.0,0.3571006147335806,2365984.0,7966132.0,0.2753270128063649,1.59,1.57,5006493.0,5066165.0,https://www.sec.gov/Archives/edgar/data/1075706/000119312506052075/0001193125-06-052075-index.htm,https://www.sec.gov/Archives/edgar/data/1075706/000119312506052075/d10k.htm,1620590322,15:58:42,20210509
16,2004-12-31,CIZN,USD,2005-03-16,2005-03-16 15:42:00,FY,28009373.0,0.0,0.0,0.0,0.0,8607066.0,0.0,0.0,0.0,0.0,7536969.0,2981748.0,0.0,0.0,0.0,0.3651982498858507,0.0,10228974.0,0.3651982498858507,2682889.0,7546085.0,0.2694128497628276,1.51,1.49,4992792.0,5056637.0,https://www.sec.gov/Archives/edgar/data/1075706/000119312505052665/0001193125-05-052665-index.htm,https://www.sec.gov/Archives/edgar/data/1075706/000119312505052665/d10k.htm,1620590322,15:58:42,20210509
17,2003-12-31,CIZN,USD,2004-03-26,2004-03-26 13:55:00,FY,26860185.0,0.0,0.0,0.0,0.0,7925908.0,0.0,0.0,0.0,0.0,8188448.0,1503020.0,0.0,0.0,0.0,0.36543411744930276,0.0,9815628.0,0.36543411744930276,2844699.0,6970929.0,0.25952647012669494,1.4,1.39,4974910.0,5019759.0,https://www.sec.gov/Archives/edgar/data/1075706/000119312504050382/0001193125-04-050382-index.htm,https://www.sec.gov/Archives/edgar/data/1075706/000119312504050382/d10k.htm,1620590322,15:58:42,20210509
18,2002-12-31,CIZN,USD,2003-03-31 00:00:00,2003-03-28 19:53:24,FY,24885349.0,0.0,0.0,0.0,0.0,7102641.0,0.0,0.0,0.0,0.0,9746343.0,1192749.0,0.0,0.0,0.0,0.37221318455288693,0.0,9262655.0,0.37221318455288693,2965155.0,6297500.0,0.25306054578539366,1.27,1.26,4963448.0,4999168.0,https://www.sec.gov/Archives/edgar/data/1075706/000089924303000715/0000899243-03-000715-index.html,https://www.sec.gov/Archives/edgar/data/1075706/000089924303000715/d10k.txt,1620590322,15:58:42,20210509
19,2001-12-31,CIZN,USD,2002-03-28 00:00:00,2002-03-28 00:00:00,FY,19700453.0,0.0,0.0,0.0,0.0,5597105.0,0.0,0.0,0.0,0.0,13398603.0,608118.0,0.0,0.0,0.0,0.4197276072788783,0.0,8268824.0,0.4197276072788783,2557926.0,5710898.0,0.2898866335713194,0.7671105581739031,0.764423923804139,7444687.0,7470852.0,https://www.sec.gov/Archives/edgar/data/1075706/000089924302000836/0000899243-02-000836-index.html,https://www.sec.gov/Archives/edgar/data/1075706/000089924302000836/d10k.txt,1620590322,15:58:42,20210509
20,2000-12-31,CIZN,USD,2001-03-28 00:00:00,2001-03-28 00:00:00,FY,17859000.0,0.0,0.0,0.0,0.0,4901589.0,0.0,0.0,0.0,0.0,14063919.0,439832.0,0.0,0.0,0.0,0.45744868133714095,0.0,8169576.0,0.45744868133714095,2635211.0,5534365.0,0.30989221121003413,1.113333,1.112379,4963125.0,4975251.0,https://www.sec.gov/Archives/edgar/data/1075706/000089924301000726/0000899243-01-000726-index.html,https://www.sec.gov/Archives/edgar/data/1075706/000089924301000726/0000899243-01-000726-0001.txt,1620590322,15:58:42,20210509
21,1999-12-31,CIZN,USD,1999-12-31,1999-12-31,FY,17623617.0,0.0,0.0,0.0,0.0,4656363.0,0.0,0.0,0.0,0.0,10974212.0,525013.0,0.0,0.0,0.0,0.47742617193734976,0.0,8413976.0,0.47742617193734976,2792620.0,5621356.0,0.3189672131435902,1.132624304243798,1.1301402443167858,4963125.0,4974034.0,,,1620590322,15:58:42,20210509
22,1998-12-31,CIZN,USD,1998-12-31,1998-12-31,FY,4167116.0,0.0,0.0,0.0,0.0,4663908.0,0.0,0.0,0.0,0.0,10860128.0,517047.0,0.0,0.0,0.0,1.7276020153986593,0.0,7199118.0,1.7276020153986593,2486682.0,4712436.0,1.1308626877677512,0.946667,0.946667,4963125.0,4963125.0,,,1620590322,15:58:42,20210509
