,date,symbol,reportedCurrency,fillingDate,acceptedDate,period,revenue,costOfRevenue,grossProfit,grossProfitRatio,researchAndDevelopmentExpenses,generalAndAdministrativeExpenses,sellingAndMarketingExpenses,otherExpenses,operatingExpenses,costAndExpenses,interestExpense,depreciationAndAmortization,ebitda,ebitdaratio,operatingIncome,operatingIncomeRatio,totalOtherIncomeExpensesNet,incomeBeforeTax,incomeBeforeTaxRatio,incomeTaxExpense,netIncome,netIncomeRatio,eps,epsdiluted,weightedAverageShsOut,weightedAverageShsOutDil,link,finalLink,timestamp,est_time,est_date
0,2020-06-30,TFW.L,GBP,2020-06-30,2020-06-30,FY,113342000.0,63351000.0,49991000.0,0.4410633304512008,0.0,20489000.0,13434000.0,64000.0,33659000.0,97010000.0,139000.0,5817000.0,22149000.0,0.19541740925693918,16332000.0,0.14409486333398033,0.0,15943000.0,0.1406627728467823,2629000.0,13314000.0,0.11746748778034621,0.11471615231168729,0.11471615231168729,116060378,116060378,https://find-and-update.company-information.service.gov.uk/search/companies?q=FW+Thorpe+PLC,https://find-and-update.company-information.service.gov.uk/search/companies?q=FW+Thorpe+PLC,1620598737,18:18:57,20210509
1,2019-06-30,TFW.L,GBP,2019-06-30,2019-06-30,FY,110643000.0,60264000.0,50379000.0,0.45532930235080393,0.0,19840000.0,13182000.0,224000.0,32730000.0,92994000.0,115000.0,5022000.0,22671000.0,0.20490225319270086,17649000.0,0.15951302838860118,0.0,19569000.0,0.17686613703532986,3429000.0,16140000.0,0.14587456956156286,0.1391,0.1383,116060378,116689595,https://find-and-update.company-information.service.gov.uk/search/companies?q=FW+Thorpe+PLC,https://find-and-update.company-information.service.gov.uk/search/companies?q=FW+Thorpe+PLC,1620598737,18:18:57,20210509
2,2018-06-30,TFW.L,GBP,2018-06-30,2018-06-30,FY,109614000.0,58305000.0,51309000.0,0.468088017953911,0.0,20261000.0,11823000.0,161000.0,31843000.0,90148000.0,61000.0,4595000.0,24061000.0,0.21950663236447898,19466000.0,0.17758680460525114,0.0,19567000.0,0.17850821975295125,3457000.0,16110000.0,0.14697027751929498,0.1391,0.1381,115834897,116692591,https://find-and-update.company-information.service.gov.uk/search/companies?q=FW+Thorpe+PLC,https://find-and-update.company-information.service.gov.uk/search/companies?q=FW+Thorpe+PLC,1620598737,18:18:57,20210509
3,2017-06-30,TFW.L,GBP,2017-06-30,2017-06-30,FY,105448000.0,59025000.0,46423000.0,0.4402454290266292,0.0,17636000.0,10598000.0,59000.0,28001000.0,87026000.0,2000.0,3999000.0,22421000.0,0.21262612851832183,18422000.0,0.1747022228965936,0.0,18351000.0,0.17402890524239437,3851000.0,14500000.0,0.13750853501251803,0.1254,0.1247,115675590,116303503,https://find-and-update.company-information.service.gov.uk/search/companies?q=FW+Thorpe+PLC,https://find-and-update.company-information.service.gov.uk/search/companies?q=FW+Thorpe+PLC,1620598737,18:18:57,20210509
4,2016-06-30,TFW.L,GBP,2016-06-30,2016-06-30,FY,88946000.0,50000000.0,38946000.0,0.43786117419557935,0.0,14532000.0,8455000.0,84000.0,22751000.0,72751000.0,3000.0,3800000.0,19995000.0,0.22479931643918782,16195000.0,0.18207676567805184,0.0,16269000.0,0.1829087311402424,3270000.0,12999000.0,0.1461448519326333,0.1124,0.1121,115675590,115938805,https://find-and-update.company-information.service.gov.uk/search/companies?q=FW+Thorpe+PLC,https://find-and-update.company-information.service.gov.uk/search/companies?q=FW+Thorpe+PLC,1620598737,18:18:57,20210509
5,2015-06-30,TFW.L,GBP,2015-06-30,2015-06-30,FY,73544000.0,41314000.0,32230000.0,0.43824105297508975,0.0,12331000.0,6181000.0,155000.0,18512000.0,59826000.0,0.0,2784000.0,16502000.0,0.2243826824757968,13718000.0,0.18652779288589144,0.0,14395000.0,0.1957331665397585,2691000.0,11451000.0,0.1557027085826172,0.099,0.0989,115675590,115706334,https://find-and-update.company-information.service.gov.uk/search/companies?q=FW+Thorpe+PLC,https://find-and-update.company-information.service.gov.uk/search/companies?q=FW+Thorpe+PLC,1620598737,18:18:57,20210509
6,2014-06-30,TFW.L,GBP,2014-06-30,2014-06-30,FY,62947000.0,35566000.0,27381000.0,0.4349849873703274,0.0,10516000.0,5232000.0,157000.0,15748000.0,51314000.0,0.0,2708000.0,14341000.0,0.22782658426930594,11633000.0,0.18480626558851096,0.0,12423000.0,0.19735650626717716,2234000.0,10189000.0,0.1618663319935819,0.0872,0.0872,116792165,116792165,https://find-and-update.company-information.service.gov.uk/search/companies?q=FW+Thorpe+PLC,https://find-and-update.company-information.service.gov.uk/search/companies?q=FW+Thorpe+PLC,1620598737,18:18:57,20210509
7,2013-06-30,TFW.L,GBP,2013-06-30,2013-06-30,FY,55332000.0,31036000.0,24296000.0,0.43909491794983013,0.0,9019000.0,4527000.0,140000.0,13546000.0,44582000.0,0.0,2264000.0,13014000.0,0.23519843851659075,10750000.0,0.19428178992264875,0.0,11573000.0,0.20915564230463385,2008000.0,9565000.0,0.17286561121954747,0.0816,0.0816,117192140,117192140,https://find-and-update.company-information.service.gov.uk/search/companies?q=FW+Thorpe+PLC,https://find-and-update.company-information.service.gov.uk/search/companies?q=FW+Thorpe+PLC,1620598737,18:18:57,20210509
8,2012-06-30,TFW.L,GBP,2012-06-30,2012-06-30,FY,55559000.0,30674000.0,24885000.0,0.4479022300617362,0.0,8907000.0,4128000.0,0.0,13035000.0,43709000.0,0.0,2055000.0,13905000.0,0.2502744829820551,11850000.0,0.21328677621987438,0.0,12658000.0,0.22782987454777803,2718000.0,11317000.0,0.20369337101099733,0.0965,0.0965,117235590,117235590,https://find-and-update.company-information.service.gov.uk/search/companies?q=FW+Thorpe+PLC,https://find-and-update.company-information.service.gov.uk/search/companies?q=FW+Thorpe+PLC,1620598737,18:18:57,20210509
9,2011-06-30,TFW.L,GBP,2011-06-30,2011-06-30,FY,52833000.0,29635000.0,23198000.0,0.4390816345844453,0.0,3958000.0,3994000.0,70000.0,12242000.0,41877000.0,0.0,1647000.0,12603000.0,0.2385440917608313,10956000.0,0.20737039350405997,0.0,11613000.0,0.21980580319118734,3201000.0,9411000.0,0.17812730679688832,0.0803,0.0803,117235590,117235590,https://find-and-update.company-information.service.gov.uk/search/companies?q=FW+Thorpe+PLC,https://find-and-update.company-information.service.gov.uk/search/companies?q=FW+Thorpe+PLC,1620598737,18:18:57,20210509
10,2010-06-30,TFW.L,GBP,2010-06-30,2010-06-30,FY,46950000.0,25723000.0,21227000.0,0.4521192758253461,0.0,3858000.0,3376000.0,78000.0,10833000.0,36556000.0,126000.0,1480000.0,11874000.0,0.2529073482428115,10394000.0,0.22138445154419595,0.0,10700000.0,0.22790202342917998,2954000.0,8216000.0,0.17499467518636846,0.0701,0.0701,117235590,117235590,https://find-and-update.company-information.service.gov.uk/search/companies?q=FW+Thorpe+PLC,https://find-and-update.company-information.service.gov.uk/search/companies?q=FW+Thorpe+PLC,1620598737,18:18:57,20210509
11,2009-06-30,TFW.L,GBP,2009-06-30,2009-06-30,FY,53356000.0,29900000.0,23456000.0,0.4396131644051278,0.0,5632000.0,3577000.0,112000.0,13096000.0,42996000.0,0.0,1878000.0,12238000.0,0.22936501986655672,10360000.0,0.19416747882150087,0.0,11547000.0,0.21641427393357823,3072000.0,8475000.0,0.15883874353399804,0.0714,0.0714,118649010,118649010,https://find-and-update.company-information.service.gov.uk/search/companies?q=FW+Thorpe+PLC,https://find-and-update.company-information.service.gov.uk/search/companies?q=FW+Thorpe+PLC,1620598737,18:18:57,20210509
12,2008-06-30,TFW.L,GBP,2008-06-30,2008-06-30,FY,51780000.0,29247000.0,22533000.0,0.43516801853997683,0.0,4738000.0,3644000.0,8000.0,12211000.0,41458000.0,0.0,1911000.0,12233000.0,0.23624951718810352,10322000.0,0.1993433758207802,0.0,11720000.0,0.22634221707222865,2989000.0,8731000.0,0.1686172267284666,0.0733,0.0732,119089700,119328400,https://find-and-update.company-information.service.gov.uk/search/companies?q=FW+Thorpe+PLC,https://find-and-update.company-information.service.gov.uk/search/companies?q=FW+Thorpe+PLC,1620598737,18:18:57,20210509
13,2007-06-30,TFW.L,GBP,2007-06-30,2007-06-30,FY,45694000.0,26567000.0,19127000.0,0.4185888738127544,0.0,4754000.0,3006000.0,4000.0,10805000.0,37372000.0,0.0,1844000.0,10166000.0,0.2224799754891233,8322000.0,0.18212456777695102,0.0,9208000.0,0.2015144220247735,2170000.0,7038000.0,0.1540245984155469,0.0588,0.0587,118928340,119261940,https://find-and-update.company-information.service.gov.uk/search/companies?q=FW+Thorpe+PLC,https://find-and-update.company-information.service.gov.uk/search/companies?q=FW+Thorpe+PLC,1620598737,18:18:57,20210509
14,2006-06-30,TFW.L,GBP,2006-06-30,2006-06-30,FY,44204000.0,25681000.0,18523000.0,0.41903447651796216,846000.0,0.0,0.0,4000.0,11302000.0,36983000.0,54000.0,1104000.0,8325000.0,0.1883313727264501,7221000.0,0.16335625735227582,0.0,7420000.0,0.16785811238801918,2224000.0,5196000.0,0.117545923445842,0.0438,0.0435,118692440,119435590,https://find-and-update.company-information.service.gov.uk/search/companies?q=FW+Thorpe+PLC,https://find-and-update.company-information.service.gov.uk/search/companies?q=FW+Thorpe+PLC,1620598737,18:18:57,20210509
15,2005-06-30,TFW.L,GBP,2005-06-30,2005-06-30,FY,41572000.0,25067000.0,16505000.0,0.3970220340613875,1030000.0,0.0,0.0,5000.0,10786000.0,35853000.0,62000.0,1121000.0,6840000.0,0.16453382084095064,5719000.0,0.13756855575868374,0.0,5716000.0,0.13749639180217454,1479000.0,4237000.0,0.10191956124314443,0.0358,0.0355,118257150,119435590,https://find-and-update.company-information.service.gov.uk/search/companies?q=FW+Thorpe+PLC,https://find-and-update.company-information.service.gov.uk/search/companies?q=FW+Thorpe+PLC,1620598737,18:18:57,20210509
16,2004-06-30,TFW.L,GBP,2004-06-30,2004-06-30,FY,37258000.0,22878000.0,14380000.0,0.3859573782811745,1134000.0,0.0,0.0,-342000.0,8778000.0,31656000.0,0.0,1168000.0,6770000.0,0.18170594234795212,5602000.0,0.15035697031510012,0.0,5362000.0,0.1439154007193086,1479000.0,3883000.0,0.10421922808524343,0.0331,0.0325,117430940,119435590,https://find-and-update.company-information.service.gov.uk/search/companies?q=FW+Thorpe+PLC,https://find-and-update.company-information.service.gov.uk/search/companies?q=FW+Thorpe+PLC,1620598737,18:18:57,20210509
17,2003-06-30,TFW.L,GBP,2003-06-30,2003-06-30,FY,32677000.0,20301000.0,12376000.0,0.37873733818894023,907000.0,0.0,0.0,-245000.0,8951000.0,29252000.0,0.0,1193000.0,4618000.0,0.1413226428374698,3425000.0,0.1048137833950485,0.0,3732000.0,0.11420877069498424,1110000.0,2622000.0,0.08023992410564006,0.0224,0.0218,117050000,120275229,https://find-and-update.company-information.service.gov.uk/search/companies?q=FW+Thorpe+PLC,https://find-and-update.company-information.service.gov.uk/search/companies?q=FW+Thorpe+PLC,1620598737,18:18:57,20210509
18,2002-06-30,TFW.L,GBP,2002-06-30,2002-06-30,FY,29452000.0,19113000.0,10339000.0,0.35104576938747795,517000.0,0.0,0.0,-196000.0,8793000.0,27906000.0,0.0,1275000.0,2821000.0,0.09578296889854679,1546000.0,0.05249219068314546,0.0,1242000.0,0.04217031101453212,513000.0,729000.0,0.024752139073747115,0.0063,0.0062,116620000,117580645,https://find-and-update.company-information.service.gov.uk/search/companies?q=FW+Thorpe+PLC,https://find-and-update.company-information.service.gov.uk/search/companies?q=FW+Thorpe+PLC,1620598737,18:18:57,20210509
19,2001-06-30,TFW.L,GBP,2001-06-30,2001-06-30,FY,33054000.0,21771000.0,11283000.0,0.34135051733526955,512000.0,0.0,0.0,0.0,8189000.0,29960000.0,0.0,1185000.0,4279000.0,0.12945483148786835,3094000.0,0.09360440491317239,0.0,3230000.0,0.09771888425001513,899000.0,2331000.0,0.07052096569250317,0.0198,0.0197,117980000,118360000,https://find-and-update.company-information.service.gov.uk/search/companies?q=FW+Thorpe+PLC,https://find-and-update.company-information.service.gov.uk/search/companies?q=FW+Thorpe+PLC,1620598737,18:18:57,20210509
20,2000-06-30,TFW.L,GBP,2000-06-30,2000-06-30,FY,27173000.0,16932000.0,10241000.0,0.3768814632171641,542000.0,0.0,0.0,0.0,7557000.0,24489000.0,0.0,1069000.0,3753000.0,0.13811504066536637,2684000.0,0.09877451882383248,0.0,3017000.0,0.11102933058550768,1004000.0,2013000.0,0.07408088911787436,0.016,0.016,125920000,125920000,https://find-and-update.company-information.service.gov.uk/search/companies?q=FW+Thorpe+PLC,https://find-and-update.company-information.service.gov.uk/search/companies?q=FW+Thorpe+PLC,1620598737,18:18:57,20210509
21,1999-06-30,TFW.L,GBP,1999-06-30,1999-06-30,FY,25410000.0,16008000.0,9402000.0,0.37001180637544273,532000.0,0.0,0.0,0.0,7337000.0,23345000.0,0.0,970000.0,3035000.0,0.11944116489571036,2065000.0,0.081267217630854,0.0,3388000.0,0.13333333333333333,1036000.0,2352000.0,0.09256198347107437,0.0181,0.0181,129970000,129970000,https://find-and-update.company-information.service.gov.uk/search/companies?q=FW+Thorpe+PLC,https://find-and-update.company-information.service.gov.uk/search/companies?q=FW+Thorpe+PLC,1620598737,18:18:57,20210509
22,1998-06-30,TFW.L,GBP,1998-06-30,1998-06-30,FY,26659000.0,16804000.0,9855000.0,0.36966877977418505,332000.0,0.0,0.0,0.0,6287000.0,23091000.0,0.0,822000.0,4390000.0,0.16467234329869837,3568000.0,0.13383847856258674,0.0,4042000.0,0.1516185903447241,1240000.0,2802000.0,0.10510521775010316,0.0217,0.0217,129180000,129180000,https://find-and-update.company-information.service.gov.uk/search/companies?q=FW+Thorpe+PLC,https://find-and-update.company-information.service.gov.uk/search/companies?q=FW+Thorpe+PLC,1620598737,18:18:57,20210509
23,1997-06-30,TFW.L,GBP,1997-06-30,1997-06-30,FY,23699000.0,15236000.0,8463000.0,0.3571036752605595,325000.0,0.0,0.0,0.0,5606000.0,20842000.0,0.0,730000.0,3587000.0,0.15135659732478163,2857000.0,0.12055360985695598,0.0,3115000.0,0.13144014515380395,1010000.0,2105000.0,0.08882231317777121,0.0163,0.0163,129180000,129180000,https://find-and-update.company-information.service.gov.uk/search/companies?q=FW+Thorpe+PLC,https://find-and-update.company-information.service.gov.uk/search/companies?q=FW+Thorpe+PLC,1620598737,18:18:57,20210509
24,1996-06-30,TFW.L,GBP,1996-06-30,1996-06-30,FY,21273000.0,0.0,21273000.0,1.0,286000.0,0.0,0.0,8000.0,19378000.0,19378000.0,0.0,660000.0,2555000.0,0.12010529779532741,1895000.0,0.08908005452921544,0.0,2218000.0,0.10426362055187327,686000.0,1532000.0,0.07201617073285385,0.0119,0.0119,129000000,129000000,https://find-and-update.company-information.service.gov.uk/search/companies?q=FW+Thorpe+PLC,https://find-and-update.company-information.service.gov.uk/search/companies?q=FW+Thorpe+PLC,1620598737,18:18:57,20210509
25,1995-06-30,TFW.L,GBP,1995-06-30,1995-06-30,FY,20913000.0,0.0,20913000.0,1.0,268000.0,0.0,0.0,0.0,18081000.0,18081000.0,0.0,568000.0,3400000.0,0.1625783005785875,2832000.0,0.13541816095251757,0.0,3140000.0,0.15014584229904843,1050000.0,2090000.0,0.0999378377086023,0.0164,0.0164,127190000,127190000,https://find-and-update.company-information.service.gov.uk/search/companies?q=FW+Thorpe+PLC,https://find-and-update.company-information.service.gov.uk/search/companies?q=FW+Thorpe+PLC,1620598737,18:18:57,20210509
26,1994-06-30,TFW.L,GBP,1994-06-30,1994-06-30,FY,19468000.0,0.0,19468000.0,1.0,223000.0,0.0,0.0,0.0,17128000.0,17128000.0,0.0,523000.0,2863000.0,0.14706184507910416,2340000.0,0.12019724676392028,0.0,2510000.0,0.12892952537497432,808000.0,1702000.0,0.08742551880008219,0.0137,0.0137,124610000,124610000,https://find-and-update.company-information.service.gov.uk/search/companies?q=FW+Thorpe+PLC,https://find-and-update.company-information.service.gov.uk/search/companies?q=FW+Thorpe+PLC,1620598737,18:18:57,20210509
27,1993-06-30,TFW.L,GBP,1993-06-30,1993-06-30,FY,16122000.0,0.0,16122000.0,1.0,0.0,0.0,0.0,0.0,14625000.0,14625000.0,0.0,473000.0,1970000.0,0.12219327626845304,1497000.0,0.0928544845552661,0.0,1656000.0,0.10271678451804987,592000.0,1064000.0,0.06599677459372286,0.0086,0.0086,123890000,123890000,https://find-and-update.company-information.service.gov.uk/search/companies?q=FW+Thorpe+PLC,https://find-and-update.company-information.service.gov.uk/search/companies?q=FW+Thorpe+PLC,1620598737,18:18:57,20210509
28,1992-06-30,TFW.L,GBP,1992-06-30,1992-06-30,FY,14739000.0,0.0,14739000.0,1.0,0.0,0.0,0.0,0.0,13116000.0,13116000.0,0.0,408000.0,2031000.0,0.13779767962548342,1623000.0,0.11011601872582943,0.0,1825000.0,0.12382115475948165,621000.0,1204000.0,0.0816880385372142,0.0097,0.0097,123850000,123850000,https://find-and-update.company-information.service.gov.uk/search/companies?q=FW+Thorpe+PLC,https://find-and-update.company-information.service.gov.uk/search/companies?q=FW+Thorpe+PLC,1620598737,18:18:57,20210509
29,1991-06-30,TFW.L,GBP,1991-06-30,1991-06-30,FY,13275000.0,0.0,13275000.0,1.0,0.0,0.0,0.0,1508000.0,13275000.0,13275000.0,0.0,332000.0,332000.0,0.025009416195856875,0.0,0.1208286252354049,0.0,1604000.0,0.1208286252354049,589000.0,1015000.0,0.07645951035781544,0.0082,0.0082,77250000,77250000,https://find-and-update.company-information.service.gov.uk/search/companies?q=FW+Thorpe+PLC,https://find-and-update.company-information.service.gov.uk/search/companies?q=FW+Thorpe+PLC,1620598737,18:18:57,20210509
30,1990-06-30,TFW.L,GBP,1990-06-30,1990-06-30,FY,11460000.0,0.0,11460000.0,1.0,0.0,0.0,0.0,1110000.0,11460000.0,11460000.0,0.0,295000.0,295000.0,0.02574171029668412,0.0,0.11910994764397906,0.0,1365000.0,0.11910994764397906,466000.0,899000.0,0.07844677137870855,0.0073,0.0073,123000000,123000000,https://find-and-update.company-information.service.gov.uk/search/companies?q=FW+Thorpe+PLC,https://find-and-update.company-information.service.gov.uk/search/companies?q=FW+Thorpe+PLC,1620598737,18:18:57,20210509
31,1989-06-30,TFW.L,GBP,1989-06-30,1989-06-30,FY,9661000.0,0.0,9661000.0,1.0,0.0,0.0,0.0,1009000.0,9661000.0,9661000.0,0.0,236000.0,236000.0,0.02442811303177725,0.0,0.128558120277404,0.0,1242000.0,0.128558120277404,420000.0,1685000.0,0.17441258668874857,0.013721,0.013721,122800000,122800000,https://find-and-update.company-information.service.gov.uk/search/companies?q=FW+Thorpe+PLC,https://find-and-update.company-information.service.gov.uk/search/companies?q=FW+Thorpe+PLC,1620598737,18:18:57,20210509
32,1988-06-30,TFW.L,GBP,1988-06-30,1988-06-30,FY,9339000.0,0.0,9339000.0,1.0,0.0,0.0,0.0,1310000.0,9339000.0,9339000.0,0.0,182000.0,182000.0,0.01948816789806189,0.0,0.1714316307955884,0.0,1601000.0,0.1714316307955884,550000.0,1051000.0,0.11253881571902773,0.008559,0.008559,122800000,122800000,https://find-and-update.company-information.service.gov.uk/search/companies?q=FW+Thorpe+PLC,https://find-and-update.company-information.service.gov.uk/search/companies?q=FW+Thorpe+PLC,1620598737,18:18:57,20210509
33,1987-06-30,TFW.L,GBP,1987-06-30,1987-06-30,FY,8294000.0,0.0,0.0,0.0,0.0,0.0,0.0,0.0,8294000.0,8294000.0,0.0,156000.0,156000.0,0.018808777429467086,0.0,0.16903785869303112,0.0,1402000.0,0.16903785869303112,487000.0,915000.0,0.11032071376898964,0.007451,0.007451,122800000,122800000,https://find-and-update.company-information.service.gov.uk/search/companies?q=FW+Thorpe+PLC,https://find-and-update.company-information.service.gov.uk/search/companies?q=FW+Thorpe+PLC,1620598737,18:18:57,20210509
34,1986-06-30,TFW.L,GBP,1986-06-30,1986-06-30,FY,7532000.0,0.0,7532000.0,1.0,0.0,0.0,0.0,1133000.0,7532000.0,7532000.0,0.0,144000.0,144000.0,0.019118428040361127,0.0,0.18348380244291024,0.0,1382000.0,0.18348380244291024,541000.0,841000.0,0.11165693043016463,0.006849,0.006849,122800000,122800000,https://find-and-update.company-information.service.gov.uk/search/companies?q=FW+Thorpe+PLC,https://find-and-update.company-information.service.gov.uk/search/companies?q=FW+Thorpe+PLC,1620598737,18:18:57,20210509
