,date,symbol,reportedCurrency,fillingDate,acceptedDate,period,revenue,costOfRevenue,grossProfit,grossProfitRatio,researchAndDevelopmentExpenses,generalAndAdministrativeExpenses,sellingAndMarketingExpenses,otherExpenses,operatingExpenses,costAndExpenses,interestExpense,depreciationAndAmortization,ebitda,ebitdaratio,operatingIncome,operatingIncomeRatio,totalOtherIncomeExpensesNet,incomeBeforeTax,incomeBeforeTaxRatio,incomeTaxExpense,netIncome,netIncomeRatio,eps,epsdiluted,weightedAverageShsOut,weightedAverageShsOutDil,link,finalLink,timestamp,est_time,est_date
0,2020-12-31,CRIN.DE,EUR,2020-12-31,2020-12-31,FY,18316000000,0.0,0.0,0.0,0.0,1981000000,155000000.0,0.0,0.0,0.0,4682000000,1215000000.0,0.0,0.0,0.0,-0.1367656693601223,0.0,-2505000000,-0.1367656693601223,322000000,-2785000000,-0.15205284996724175,-1.2528785537078044,-1.2528785537078044,2222881054,2222881054,https://www.bundesanzeiger.de/pub/de/suche;wwwsid=627BFD7A56A5CB624C47FDDEAB2FC509.web07-pub?0,https://www.bundesanzeiger.de/pub/de/suche;wwwsid=627BFD7A56A5CB624C47FDDEAB2FC509.web07-pub?0,1620590679,16:04:39,20210509
1,2019-12-31,CRIN.DE,EUR,2019-12-31,2019-12-31,FY,19210000000,0.0,0.0,0.0,0.0,2013000000,155000000.0,0.0,10570000000.0,0.0,5365000000,0.0,0.0,0.0,0.0,0.15726184279021344,0.0,3021000000,0.15726184279021344,862000000,3373000000,0.17558563248308173,1.462,1.453,2222881054,2236839506,https://www.bundesanzeiger.de/pub/de/suche;wwwsid=627BFD7A56A5CB624C47FDDEAB2FC509.web07-pub?0,https://www.bundesanzeiger.de/pub/de/suche;wwwsid=627BFD7A56A5CB624C47FDDEAB2FC509.web07-pub?0,1620590679,16:04:39,20210509
2,2018-12-31,CRIN.DE,EUR,2018-12-31,2018-12-31,FY,20673538000,0.0,0.0,0.0,0.0,2450868000,206596000.0,-224000000.0,11813448000.0,0.0,4893763000,0.0,0.0,0.0,0.0,0.17381509638069692,0.0,3593373000,0.17381509638069692,-501694000,3892439000,0.18828122211108714,1.712,1.704,2219405841,2229240899,https://www.bundesanzeiger.de/pub/de/suche;wwwsid=627BFD7A56A5CB624C47FDDEAB2FC509.web07-pub?0,https://www.bundesanzeiger.de/pub/de/suche;wwwsid=627BFD7A56A5CB624C47FDDEAB2FC509.web07-pub?0,1620590679,16:04:39,20210509
3,2017-12-31,CRIN.DE,EUR,2017-12-31,2017-12-31,FY,19670918000,0.0,0.0,0.0,0.0,2643612000,248959000.0,-102000000.0,13686036000.0,0.0,8343715000,1041926000.0,0.0,0.0,0.0,0.18807663170574956,0.0,3699640000,0.18807663170574956,595662000,5473075000,0.2782318039249617,2.793483,2.778486,1947809468,1958506624,https://www.bundesanzeiger.de/pub/de/suche;wwwsid=627BFD7A56A5CB624C47FDDEAB2FC509.web07-pub?0,https://www.bundesanzeiger.de/pub/de/suche;wwwsid=627BFD7A56A5CB624C47FDDEAB2FC509.web07-pub?0,1620590679,16:04:39,20210509
4,2016-12-31,CRIN.DE,EUR,2016-12-31,2016-12-31,FY,18820905000,0.0,0.0,0.0,0.0,2957995000,281016000.0,-84000000.0,16936030000.0,0.0,9502377000,1140631000.0,0.0,0.0,0.0,-0.5974662748682914,0.0,-11244856000,-0.5974662748682914,711568000,-11790094000,-0.6264360826432098,-9.823082643119948,-9.781189078310138,1200243796,1205384530,https://www.bundesanzeiger.de/pub/de/suche;wwwsid=627BFD7A56A5CB624C47FDDEAB2FC509.web07-pub?0,https://www.bundesanzeiger.de/pub/de/suche;wwwsid=627BFD7A56A5CB624C47FDDEAB2FC509.web07-pub?0,1620590679,16:04:39,20210509
5,2015-12-31,CRIN.DE,EUR,2015-12-31,2015-12-31,FY,23192247000,0.0,0.0,0.0,0.0,2858569000,330449000.0,-90000000.0,16533034000.0,0.0,12310718000,1130567000.0,0.0,0.0,0.0,0.1033088773157685,0.0,2395965000,0.1033088773157685,54591000,1694240000,0.07305199879942638,1.4560822495471066,1.4505921249260787,1163560644,1167964427,https://www.bundesanzeiger.de/pub/de/suche;wwwsid=627BFD7A56A5CB624C47FDDEAB2FC509.web07-pub?0,https://www.bundesanzeiger.de/pub/de/suche;wwwsid=627BFD7A56A5CB624C47FDDEAB2FC509.web07-pub?0,1620590679,16:04:39,20210509
6,2014-12-31,CRIN.DE,EUR,2014-12-31,2014-12-31,FY,23167014000,0.0,0.0,0.0,0.0,3062778000,353221000.0,-156000000.0,15516030000.0,0.0,15231882000,1089116000.0,0.0,0.0,0.0,0.1588204245916198,0.0,3679395000,0.1588204245916198,1167242000,2007828000,0.0866675351428544,1.723553,1.718543,1145644155,1147329995,https://www.bundesanzeiger.de/pub/de/suche;wwwsid=627BFD7A56A5CB624C47FDDEAB2FC509.web07-pub?0,https://www.bundesanzeiger.de/pub/de/suche;wwwsid=627BFD7A56A5CB624C47FDDEAB2FC509.web07-pub?0,1620590679,16:04:39,20210509
7,2013-12-31,CRIN.DE,EUR,2013-12-31,2013-12-31,FY,26206864000,0.0,0.0,0.0,0.0,2917520000,367018000.0,181489000.0,16295813000.0,0.0,18114699000,655568000.0,0.0,0.0,0.0,-0.5800087717477376,0.0,-15200211000,-0.5800087717477376,-2377512000,-13964832000,-0.5328692513533859,-12.287206720831161,-12.228987436669863,1136534309,1141945077,https://www.bundesanzeiger.de/pub/de/suche;wwwsid=627BFD7A56A5CB624C47FDDEAB2FC509.web07-pub?0,https://www.bundesanzeiger.de/pub/de/suche;wwwsid=627BFD7A56A5CB624C47FDDEAB2FC509.web07-pub?0,1620590679,16:04:39,20210509
8,2012-12-31,CRIN.DE,EUR,2012-12-31,2012-12-31,FY,24517574000,0.0,0.0,0.0,0.0,2846372000,382141000.0,-597988000.0,16066574000.0,0.0,14342857000,609579000.0,0.0,0.0,0.0,-0.013340961059197782,0.0,-327088000,-0.013340961059197782,-1724428000,864891000,0.035276369513557906,0.8060320220908268,0.8044252267024137,1073023126,1075166431,https://www.bundesanzeiger.de/pub/de/suche;wwwsid=627BFD7A56A5CB624C47FDDEAB2FC509.web07-pub?0,https://www.bundesanzeiger.de/pub/de/suche;wwwsid=627BFD7A56A5CB624C47FDDEAB2FC509.web07-pub?0,1620590679,16:04:39,20210509
9,2011-12-31,CRIN.DE,EUR,2011-12-31,2011-12-31,FY,26308313000,0.0,0.0,0.0,0.0,2793268000,0.0,-8677456000.0,15935295000.0,0.0,14184168000,0.0,0.0,0.0,0.0,-0.2937115732202213,0.0,-7727056000,-0.2937115732202213,1114626000,-9206448000,-0.3499444453165811,-16.574188748107574,-16.56792518595727,555468997,555678994,https://www.bundesanzeiger.de/pub/de/suche;wwwsid=627BFD7A56A5CB624C47FDDEAB2FC509.web07-pub?0,https://www.bundesanzeiger.de/pub/de/suche;wwwsid=627BFD7A56A5CB624C47FDDEAB2FC509.web07-pub?0,1620590679,16:04:39,20210509
10,2010-12-31,CRIN.DE,EUR,2010-12-31,2010-12-31,FY,26836618000,0.0,0.0,0.0,0.0,2797752000,0.0,5736000.0,15831347000.0,0.0,12885464000,1671666000.0,0.0,0.0,0.0,0.08103439114421944,0.0,2174689000,0.08103439114421944,530120000,1323343000,0.04931109426679621,2.4081453118616536,2.407279182155902,549527885,549725603,https://www.bundesanzeiger.de/pub/de/suche;wwwsid=627BFD7A56A5CB624C47FDDEAB2FC509.web07-pub?0,https://www.bundesanzeiger.de/pub/de/suche;wwwsid=627BFD7A56A5CB624C47FDDEAB2FC509.web07-pub?0,1620590679,16:04:39,20210509
11,2009-12-31,CRIN.DE,EUR,2009-12-31,2009-12-31,FY,19843201000,0.0,0.0,0.0,0.0,2893378000,0.0,819499000.0,15447772000.0,0.0,17712471000,1518016000.0,0.0,0.0,0.0,0.1473011839168489,0.0,2922927000,0.1473011839168489,888307000,1702325000,0.08578883013884706,3.3948241364434986,3.3929829296140244,501447183,501719294,https://www.bundesanzeiger.de/pub/de/suche;wwwsid=627BFD7A56A5CB624C47FDDEAB2FC509.web07-pub?0,https://www.bundesanzeiger.de/pub/de/suche;wwwsid=627BFD7A56A5CB624C47FDDEAB2FC509.web07-pub?0,1620590679,16:04:39,20210509
12,2008-12-31,CRIN.DE,EUR,2008-12-31,2008-12-31,FY,21504195000,0.0,0.0,0.0,0.0,3091906000,0.0,-464935000.0,16876348000.0,0.0,36068639000,1533131000.0,0.0,0.0,0.0,0.2322679830609795,0.0,4994736000,0.2322679830609795,465434000,4529302000,0.21062411310909337,9.146884441732393,9.139921921898821,495174289,495551498,https://www.bundesanzeiger.de/pub/de/suche;wwwsid=627BFD7A56A5CB624C47FDDEAB2FC509.web07-pub?0,https://www.bundesanzeiger.de/pub/de/suche;wwwsid=627BFD7A56A5CB624C47FDDEAB2FC509.web07-pub?0,1620590679,16:04:39,20210509
13,2007-12-31,CRIN.DE,EUR,2007-12-31,2007-12-31,FY,23999057000,0.0,0.0,0.0,0.0,2629532000,0.0,162981000.0,15396289000.0,0.0,28056647000,1456023000.0,0.0,0.0,0.0,0.3838457069375684,0.0,9211935000,0.3838457069375684,2533713000,6678222000,0.2782701836993012,14.346613,14.319947,415186034,415953075,https://www.bundesanzeiger.de/pub/de/suche;wwwsid=627BFD7A56A5CB624C47FDDEAB2FC509.web07-pub?0,https://www.bundesanzeiger.de/pub/de/suche;wwwsid=627BFD7A56A5CB624C47FDDEAB2FC509.web07-pub?0,1620590679,16:04:39,20210509
14,2006-12-31,CRIN.DE,EUR,2006-12-31,2006-12-31,FY,21086373000,0.0,0.0,0.0,0.0,2700075000,0.0,154362000.0,13945819000.0,0.0,22140073000,1368768000.0,0.0,0.0,0.0,0.3728380409471084,0.0,7861802000,0.3728380409471084,1790119000,6127857000,0.29060744586088844,14.053281,13.999948,387945821,389000062,https://www.bundesanzeiger.de/pub/de/suche;wwwsid=627BFD7A56A5CB624C47FDDEAB2FC509.web07-pub?0,https://www.bundesanzeiger.de/pub/de/suche;wwwsid=627BFD7A56A5CB624C47FDDEAB2FC509.web07-pub?0,1620590679,16:04:39,20210509
15,2005-12-31,CRIN.DE,EUR,2005-12-31,2005-12-31,FY,10113059000,0.0,0.0,0.0,0.0,2111018000,0.0,176643000.0,6221485000.0,0.0,5725925000,469626000.0,0.0,0.0,0.0,0.4022736345155309,0.0,4068217000,0.4022736345155309,1395923000,2731462000,0.27009256052001673,10.822544475313526,10.789023502805556,252386304,253170456,https://www.bundesanzeiger.de/pub/de/suche;wwwsid=627BFD7A56A5CB624C47FDDEAB2FC509.web07-pub?0,https://www.bundesanzeiger.de/pub/de/suche;wwwsid=627BFD7A56A5CB624C47FDDEAB2FC509.web07-pub?0,1620590679,16:04:39,20210509
16,2004-12-31,CRIN.DE,EUR,2004-12-31,2004-12-31,FY,10542511000,0.0,0.0,0.0,0.0,2080970000,0.0,141205000.0,6438475000.0,0.0,4592503000,747385000.0,0.0,0.0,0.0,0.289766735837411,0.0,3054869000,0.289766735837411,1036262000,2130516000,0.20208809836669842,9.012916,9.012465,236384772,236396591,https://www.bundesanzeiger.de/pub/de/suche;wwwsid=627BFD7A56A5CB624C47FDDEAB2FC509.web07-pub?0,https://www.bundesanzeiger.de/pub/de/suche;wwwsid=627BFD7A56A5CB624C47FDDEAB2FC509.web07-pub?0,1620590679,16:04:39,20210509
17,2003-12-31,CRIN.DE,EUR,2003-12-31,2003-12-31,FY,10670480000,0.0,0.0,0.0,0.0,1935734000,0.0,217752000.0,6473024000.0,0.0,4746808000,749745000.0,0.0,0.0,0.0,0.22153445768137892,0.0,2363879000,0.22153445768137892,1385620000,978259000,0.09167900600535309,8.29402,8.293605,236384772,236396591,https://www.bundesanzeiger.de/pub/de/suche;wwwsid=627BFD7A56A5CB624C47FDDEAB2FC509.web07-pub?0,https://www.bundesanzeiger.de/pub/de/suche;wwwsid=627BFD7A56A5CB624C47FDDEAB2FC509.web07-pub?0,1620590679,16:04:39,20210509
