,date,symbol,reportedCurrency,fillingDate,acceptedDate,period,revenue,costOfRevenue,grossProfit,grossProfitRatio,researchAndDevelopmentExpenses,generalAndAdministrativeExpenses,sellingAndMarketingExpenses,otherExpenses,operatingExpenses,costAndExpenses,interestExpense,depreciationAndAmortization,ebitda,ebitdaratio,operatingIncome,operatingIncomeRatio,totalOtherIncomeExpensesNet,incomeBeforeTax,incomeBeforeTaxRatio,incomeTaxExpense,netIncome,netIncomeRatio,eps,epsdiluted,weightedAverageShsOut,weightedAverageShsOutDil,link,finalLink,timestamp,est_time,est_date
0,2020-06-30,INTG,USD,2020-09-09,2020-09-09 16:53:42,FY,58017000,45384000.0,12633000.0,0.21774652257097057,0.0,2870000.0,0.0,0.0,7742000.0,53126000,10318000.0,4872000.0,9763000.0,0.16827826326766293,4891000.0,0.0843028767430236,-2456000.0,-7883000.0,-0.13587396797490392,-2794000.0,-3781000.0,-0.06517055345846907,-1.6438708746166946,-1.4413396491533035,2300059.0,2623254.0,https://www.sec.gov/Archives/edgar/data/69422/000149315220017491/0001493152-20-017491-index.htm,https://www.sec.gov/Archives/edgar/data/69422/000149315220017491/form10-k.htm,1620593668,16:54:28,20210509
1,2019-06-30,INTG,USD,2019-08-30,2019-08-30 16:31:58,FY,74753000,52276000.0,22477000.0,0.30068358460530015,0.0,2346000.0,0.0,0.0,7281000.0,59557000,10938000.0,4935000.0,20131000.0,0.26930022875336107,15196000.0,0.20328281139218493,-1745000.0,2513000.0,0.03361737990448544,-301000.0,1457000.0,0.019490856554252003,0.63,0.55,2328156.0,2658551.0,https://www.sec.gov/Archives/edgar/data/69422/000114420419043033/tv527966_10k.htm,https://www.sec.gov/Archives/edgar/data/69422/000114420419043033/tv527966_10k.htm,1620593668,16:54:28,20210509
2,2018-06-30,INTG,USD,2018-08-31 00:00:00,2018-08-31 17:20:51,FY,71579000,47682000.0,23897000.0,0.33385490157727826,0.0,3053000.0,0.0,0.0,8107000.0,55789000,10954000.0,5054000.0,20844000.0,0.2912027270568183,15790000.0,0.220595426032775,4033000.0,8869000.0,0.12390505595216474,3056000.0,4081000.0,0.057013928666228925,1.73,1.53,2354489.0,2672489.0,https://www.sec.gov/Archives/edgar/data/69422/000114420418047626/0001144204-18-047626-index.html,https://www.sec.gov/Archives/edgar/data/69422/000114420418047626/tv501819_10k.htm,1620593668,16:54:28,20210509
3,2017-06-30,INTG,USD,2017-10-13,2017-10-13 14:36:20,FY,69005000,47883000.0,21122000.0,0.30609376132164334,0.0,2821000.0,0.0,0.0,8126000.0,56009000,10764000.0,5305000.0,18301000.0,0.26521266574885877,12996000.0,0.18833417868270416,-3387000.0,-1155000.0,-0.016737917542207086,521000.0,-1653000.0,-0.023954785885080793,-0.7,-0.7,2371765.0,2371765.0,https://www.sec.gov/Archives/edgar/data/69422/000114420417052400/v475706_10k.htm,https://www.sec.gov/Archives/edgar/data/69422/000114420417052400/v475706_10k.htm,1620593668,16:54:28,20210509
4,2016-06-30,INTG,USD,2016-09-28,2016-09-28 17:27:48,FY,72898000,54036000.0,18862000.0,0.2587450958874043,0.0,2722000.0,0.0,0.0,7868000.0,61904000,10842000.0,5146000.0,16140000.0,0.2214052511728717,10994000.0,0.150813465389997,-13359000.0,-13207000.0,-0.1811709511920766,-3940000.0,-7136000.0,-0.09789020274904661,-2.99,-2.99,2384098.0,2384098.0,https://www.sec.gov/Archives/edgar/data/69422/000114420416125824/v449390_10k.htm,https://www.sec.gov/Archives/edgar/data/69422/000114420416125824/v449390_10k.htm,1620593668,16:54:28,20210509
5,2015-06-30,INTG,USD,2015-09-04 00:00:00,2015-09-04 17:21:37,FY,72737000,55253000.0,17484000.0,0.24037285013129495,0.0,2859000.0,0.0,458000.0,7802000.0,63055000,11894000.0,4943000.0,14625000.0,0.20106685730783508,9682000.0,0.1331096965780827,7016000.0,4804000.0,0.066046166325254,2747000.0,2942000.0,0.04044709020168553,1.23,1.21,2384521.0,2432741.0,https://www.sec.gov/Archives/edgar/data/69422/000114420415053888/0001144204-15-053888-index.html,https://www.sec.gov/Archives/edgar/data/69422/000114420415053888/v419740_10k.htm,1620593668,16:54:28,20210509
6,2014-06-30,INTG,USD,2014-09-29 00:00:00,2014-09-29 15:00:40,FY,67295000,49787000.0,17508000.0,0.2601679173787057,0.0,2168000.0,0.0,0.0,6891000.0,56678000,10113000.0,4723000.0,15340000.0,0.22795155657924066,10617000.0,0.15776803625826585,-10819000.0,-10315000.0,-0.1532803328627684,-3567000.0,-4692000.0,-0.0697228620254105,-1.98,-1.98,2368861.0,2368861.0,https://www.sec.gov/Archives/edgar/data/69422/000114420414058304/0001144204-14-058304-index.html,https://www.sec.gov/Archives/edgar/data/69422/000114420414058304/v389906_10k.htm,1620593668,16:54:28,20210509
7,2013-06-30,INTG,USD,2013-09-18 00:00:00,2013-09-18 12:06:00,FY,62039000,47164000.0,14875000.0,0.23976853269717435,0.0,1949000.0,0.0,0.0,6526000.0,53690000,7876000.0,4577000.0,12926000.0,0.20835281032898662,8349000.0,0.13457663727655184,-95000.0,378000.0,0.006092941536775255,-247000.0,-715000.0,-0.011525008462418801,-0.3036106310430193,-0.29703447427806084,2354990.0,2407128.0,https://www.sec.gov/Archives/edgar/data/69422/000114420413051363/0001144204-13-051363-index.html,https://www.sec.gov/Archives/edgar/data/69422/000114420413051363/v354289_10k.htm,1620593668,16:54:28,20210509
8,2012-06-30,INTG,USD,2012-09-20 00:00:00,2012-09-20 16:19:22,FY,56999000,41350000.0,15649000.0,0.2745486762925665,0.0,1844000.0,0.0,0.0,6290000.0,47640000,7866000.0,4446000.0,13805000.0,0.24219723153037773,9359000.0,0.16419586308531728,-5797000.0,-3053000.0,-0.05356234319900349,-1481000.0,-2327000.0,-0.04082527763644976,-0.97,-0.97,2389659.0,2389659.0,https://www.sec.gov/Archives/edgar/data/69422/000114420412052239/0001144204-12-052239-index.html,https://www.sec.gov/Archives/edgar/data/69422/000114420412052239/v323545_10k.htm,1620593668,16:54:28,20210509
9,2011-06-30,INTG,USD,2011-09-22 00:00:00,2011-09-21 20:31:23,FY,50214000,36743000.0,13471000.0,0.26827179671008083,0.0,1877000.0,0.0,0.0,8188000.0,44931000,7944000.0,6311000.0,11594000.0,0.2308917831680408,5283000.0,0.10520970247341378,13264000.0,12143000.0,0.24182498904687935,3796000.0,8751000.0,0.17427410682279842,3.63,3.49,2411242.0,2506888.0,https://www.sec.gov/Archives/edgar/data/69422/000114420411054229/0001144204-11-054229-index.html,https://www.sec.gov/Archives/edgar/data/69422/000114420411054229/v235400_10k.htm,1620593668,16:54:28,20210509
10,2010-06-30,INTG,USD,2010-09-27 00:00:00,2010-09-24 20:30:55,FY,44835000,33080000.0,11755000.0,0.2621835619493699,0.0,1814000.0,0.0,0.0,8719000.0,41799000,7486000.0,6905000.0,9941000.0,0.22172409947585592,3036000.0,0.06771495483439277,-2371000.0,-6396000.0,-0.1426564068250251,-1713000.0,-2549000.0,-0.05685290509646482,-1.07,-1.07,2383602.0,2383602.0,https://www.sec.gov/Archives/edgar/data/69422/000121430510000016/0001214305-10-000016-index.html,https://www.sec.gov/Archives/edgar/data/69422/000121430510000016/ig10k63010.txt,1620593668,16:54:28,20210509
11,2009-06-30,INTG,USD,2009-06-30,2009-06-30,FY,45608000,33668000.0,11940000.0,0.2617961761094545,0.0,1663000.0,0.0,0.0,9124000.0,42792000,7440000.0,6777000.0,9593000.0,0.21033590598140678,2816000.0,0.06174355376249781,4832000.0,413000.0,0.009055428872127697,827000.0,389000.0,0.008529205402560955,0.16469916786698066,0.16395066307295805,2361882.0,2372665.0,,,1620593668,16:54:28,20210509
12,2008-06-30,INTG,USD,2008-06-30,2008-06-30,FY,49051000,0.0,49051000.0,1.0,0.0,1817000.0,0.0,0.0,51638000.0,51638000,4483000.0,6708000.0,4121000.0,0.08401459705204786,-2587000.0,-0.05274102464781554,198000.0,-6070000.0,-0.1237487512996677,-2005000.0,-301000.0,-0.00613647020448105,-0.13,-0.13,2350591.0,2350591.0,,,1620593668,16:54:28,20210509
13,2007-06-30,INTG,USD,2007-06-30,2007-06-30,FY,45010000,0.0,0.0,0.0,0.0,1747000.0,0.0,0.0,35655000.0,35655000,0.0,6849000.0,16204000.0,0.3600088869140191,9355000.0,0.2078427016218618,-2322000.0,-6291000.0,-0.1397689402355032,-1441000.0,-3592000.0,-0.07980448789157965,-1.526111072165255,-1.31819174331959,2353695.0,2724945.0,,,1620593668,16:54:28,20210509
14,2006-06-30,INTG,USD,2006-06-30,2006-06-30,FY,12014000,0.0,0.0,0.0,0.0,1659000.0,0.0,0.0,11172000.0,11172000,0.0,2362000.0,3204000.0,0.2666888629931746,842000.0,0.07008490094889296,385000.0,-5640000.0,-0.469452305643416,-2647000.0,-1923000.0,-0.1600632595305477,-0.8062866036508054,-0.6982550522729055,2385008.0,2754008.0,,,1620593668,16:54:28,20210509
15,2005-06-30,INTG,USD,2006-03-24,2006-03-24,FY,12966000,0.0,0.0,0.0,0.0,1460000.0,0.0,0.0,10871000.0,10871000,0.0,3016000.0,5111000.0,0.3941847909918248,2095000.0,0.16157643066481567,-8668000.0,-12694000.0,-0.9790220576893414,-2668000.0,-3128000.0,-0.24124633657257444,-1.274890525704858,-1.108809362774916,2453544.0,2821044.0,https://www.sec.gov/Archives/edgar/data/69422/000121430506000015/0001214305-06-000015-index.htm,https://www.sec.gov/Archives/edgar/data/69422/000121430506000015/ig10ka63005.txt,1620593668,16:54:28,20210509
16,2004-06-30,INTG,USD,2004-06-30,2004-06-30,FY,13757000,0.0,0.0,0.0,0.0,1892000.0,0.0,0.0,15452000.0,15452000,0.0,2826000.0,1131000.0,0.08221269172057862,-1695000.0,-0.123210002180708,6189000.0,8407000.0,0.6111070727629571,3515000.0,3071000.0,0.22323180926074,1.22,1.08,2518124.0,2836124.0,,,1620593668,16:54:28,20210509
17,2003-06-30,INTG,USD,2003-06-30,2003-06-30,FY,14148000,0.0,0.0,0.0,0.0,1850000.0,0.0,0.0,15197000.0,15197000,0.0,2724000.0,1675000.0,0.1183912920554142,-1049000.0,-0.07414475544246536,4877000.0,5568000.0,0.3935538592027142,2199000.0,2567000.0,0.1814390726604467,0.95,0.86,2710646.0,2998646.0,,,1620593668,16:54:28,20210509
18,2002-06-30,INTG,USD,2002-06-30,2002-06-30,FY,12800000,0.0,0.0,0.0,0.0,1928000.0,0.0,0.0,13915000.0,13915000,0.0,2493000.0,1378000.0,0.10765625,-1115000.0,-0.087109375,-2608000.0,-12373000.0,-0.966640625,-5094000.0,-4204000.0,-0.3284375,-1.506667,-1.506667,2788975.0,2788975.0,,,1620593668,16:54:28,20210509
19,2001-06-30,INTG,USD,2001-06-30,2001-06-30,FY,13151000,0.0,0.0,0.0,0.0,1619000.0,0.0,0.0,12985000.0,12985000,0.0,2415000.0,2581000.0,0.19625883963196716,166000.0,0.01262261424986693,-6413000.0,-756000.0,-0.057486122728309635,308000.0,-2511000.0,-0.190936050490457,-0.873333,-0.873333,2883097.0,2883097.0,,,1620593668,16:54:28,20210509
20,2000-06-30,INTG,USD,2000-06-30,2000-06-30,FY,11817000,0.0,0.0,0.0,0.0,1868000.0,0.0,0.0,11073000.0,11073000,0.0,1994000.0,2738000.0,0.2317000930862317,744000.0,0.06296014216806296,21319000.0,36050000.0,3.050689684353051,15934000.0,17254000.0,1.46009985613946,5.833333,5.42,2956983.0,3181533.0,,,1620593668,16:54:28,20210509
21,1999-06-30,INTG,USD,1999-06-30,1999-06-30,FY,12764000,0.0,0.0,0.0,0.0,1636000.0,0.0,0.0,11961000.0,11961000,0.0,2084000.0,2887000.0,0.2261830147289251,803000.0,0.06291131306800377,-7127000.0,-2495000.0,-0.1954716389846443,-1005000.0,-1737000.0,-0.13608586649952992,-0.553333,-0.553333,3138445.0,3138445.0,,,1620593668,16:54:28,20210509
22,1998-06-30,INTG,USD,1998-06-30,1998-06-30,FY,11876000,0.0,0.0,0.0,0.0,1907000.0,0.0,0.0,12538000.0,12538000,0.0,1938000.0,1276000.0,0.10744358369821488,-662000.0,-0.05574267430111148,1447000.0,1869000.0,0.15737622094981477,934000.0,154000.0,0.012967329067025935,0.048889,0.048889,3203104.0,3203104.0,,,1620593668,16:54:28,20210509
23,1997-06-30,INTG,USD,1997-06-30,1997-06-30,FY,11559419,0.0,0.0,0.0,0.0,824775.0,0.0,0.0,10648932.0,10648932,0.0,1652500.0,2562987.0,0.22172282188231088,910487.0,0.07876580994252393,1481306.0,3308062.0,0.2861789160856614,1438847.0,1869215.0,0.16170492651923077,0.577778,0.577778,3235167.0,3235167.0,,,1620593668,16:54:28,20210509
24,1996-06-30,INTG,USD,1996-06-30,1996-06-30,FY,11136328,0.0,0.0,0.0,0.0,1026333.0,0.0,0.0,10652918.0,10652918,0.0,1594990.0,2078400.0,0.18663243395848256,483410.0,0.04340838380478736,274219.0,905832.0,0.08134027661541578,358828.0,547004.0,0.04911888371104012,0.19198161482382042,0.17634499146812418,2849252.0,3101897.0,,,1620593668,16:54:28,20210509
25,1995-06-30,INTG,USD,1995-06-30,1995-06-30,FY,10999933,0.0,0.0,0.0,0.0,1557041.0,0.0,0.0,10749246.0,10749246,0.0,1674842.0,1925529.0,0.17504915711759336,250687.0,0.022789866083729782,-1592311.0,-976016.0,-0.08872926771463062,-436879.0,491299.0,0.044663817497797485,0.165926,0.165926,2981961.0,2981961.0,,,1620593668,16:54:28,20210509
