,date,symbol,reportedCurrency,fillingDate,acceptedDate,period,revenue,costOfRevenue,grossProfit,grossProfitRatio,researchAndDevelopmentExpenses,generalAndAdministrativeExpenses,sellingAndMarketingExpenses,otherExpenses,operatingExpenses,costAndExpenses,interestExpense,depreciationAndAmortization,ebitda,ebitdaratio,operatingIncome,operatingIncomeRatio,totalOtherIncomeExpensesNet,incomeBeforeTax,incomeBeforeTaxRatio,incomeTaxExpense,netIncome,netIncomeRatio,eps,epsdiluted,weightedAverageShsOut,weightedAverageShsOutDil,link,finalLink,timestamp,est_time,est_date
0,2020-06-30,RND.AX,AUD,2020-06-30,2020-06-30,FY,2540000.0,-25478675.0,28018675.0,11.030974409448818,0.0,348136.0,0.0,-477653.0,30111306.0,0.0,63950.0,1921554.0,-171077.0,-0.0673531496062992,-2092631.0,-0.8238704724409449,-477653.0,-2538126.0,-0.9992622047244094,-1001636.0,-1536490.0,-0.6049173228346457,-0.025544953550360173,-0.025544953550360173,60148475,60148475,,,1620597341,17:55:41,20210509
1,2019-06-30,RND.AX,AUD,2019-06-30,2019-06-30,FY,79424150.0,10953547.0,68470603.0,0.862087954356452,0.0,748101.0,0.0,-2979962.0,32387697.0,0.0,74181.0,1982640.0,38065546.0,0.47926916435366324,36082906.0,0.45430647983012723,40217633.0,76293636.0,0.960584859894629,8905276.0,67388360.0,0.848461834341318,1.1204,1.1204,60148475,60148475,,,1620597341,17:55:41,20210509
2,2018-06-30,RND.AX,AUD,2018-06-30,2018-06-30,FY,44791500.0,-3484491.0,48275991.0,1.0777935769063327,0.0,640237.0,0.0,-780534.0,28328847.0,0.0,53802.0,1483697.0,21430841.0,0.47845776542424345,19947144.0,0.4453332440306755,10788166.0,30697412.0,0.6853401203353314,8594177.0,22103235.0,0.4934694082582633,0.3675,0.3675,60148475,60148475,,,1620597341,17:55:41,20210509
3,2017-06-30,RND.AX,AUD,2017-06-30,2017-06-30,FY,34785950.0,-6964208.0,41750158.0,1.2002017481195713,0.0,1377228.0,0.0,-1108599.0,25341620.0,0.0,32659.0,1301642.0,17710180.0,0.5091187677783703,16408538.0,0.47170015480387917,7635730.0,24038662.0,0.6910451489753765,7517245.0,16521417.0,0.4749451143349542,0.2747,0.2747,60148475,60148475,,,1620597341,17:55:41,20210509
4,2016-06-30,RND.AX,AUD,2016-06-30,2016-06-30,FY,32090300.0,-7363340.0,39453640.0,1.2294568763769738,0.0,1669930.0,0.0,-1091201.0,23681529.0,0.0,27601.0,953886.0,16725997.0,0.5212165981620615,15772111.0,0.49149154105757814,6632529.0,22401295.0,0.6980706007734424,7114086.0,15287209.0,0.4763809936335902,0.2542,0.2542,60148475,60148475,,,1620597341,17:55:41,20210509
5,2015-06-30,RND.AX,AUD,2015-06-30,2015-06-30,FY,24313606.0,-5201726.0,29515332.0,1.2139430078779758,0.0,1440054.0,0.0,-941422.0,22000916.0,0.0,1829.0,893699.0,8408115.0,0.34581933259920394,7514416.0,0.30906217695556965,1682419.0,9241386.0,0.38009113086721896,3101586.0,6139800.0,0.2525252732975931,0.1012,0.1012,60660852,60660852,,,1620597341,17:55:41,20210509
6,2014-06-30,RND.AX,AUD,2014-06-30,2014-06-30,FY,28627023.0,4459219.0,24167804.0,0.8442304322038655,0.0,1497917.0,0.0,-699418.0,19019832.0,0.0,46181.0,2917534.0,8065506.0,0.2817444901623197,5147972.0,0.17982910762324117,307139.0,5466166.0,0.19094426968532494,2525942.0,2940224.0,0.10270799027897522,0.0483,0.0483,60841209,60841209,,,1620597341,17:55:41,20210509
7,2013-06-30,RND.AX,AUD,2013-06-30,2013-06-30,FY,26853793.0,-6593825.0,33447618.0,1.2455453872009812,0.0,2630780.0,0.0,-847410.0,21487079.0,0.0,287613.0,5781366.0,17741905.0,0.6606852521727564,11960539.0,0.4453947716063798,-61815.0,11678468.0,0.4348908178446151,4122523.0,7555945.0,0.2813734730136633,0.1242,0.1242,60841209,60841209,,,1620597341,17:55:41,20210509
8,2012-06-30,RND.AX,AUD,2012-06-30,2012-06-30,FY,15285272.0,-5984793.0,21270065.0,1.3915398430593842,0.0,1886915.0,0.0,-679479.0,15459538.0,0.0,337650.0,3694128.0,9504655.0,0.6218178518511153,5810527.0,0.3801389337396155,-672294.0,4901157.0,0.3206457170013069,1747879.0,3153278.0,0.20629518401766092,0.0518,0.0518,60841209,60841209,,,1620597341,17:55:41,20210509
9,2011-06-30,RND.AX,AUD,2011-06-30,2011-06-30,FY,13139338.0,-4699962.0,17839300.0,1.3577015828346908,0.0,1272488.0,0.0,-640332.0,12525318.0,0.0,94745.0,1624882.0,6938864.0,0.5280984475778003,5313982.0,0.40443300872540155,2225033.0,7593995.0,0.5779587221213124,2664456.0,5388317.0,0.41009044747916523,0.0886,0.0886,60841209,60841209,,,1620597341,17:55:41,20210509
10,2010-06-30,RND.AX,AUD,2010-06-30,2010-06-30,FY,15083346.0,-4108576.0,19191922.0,1.2723915502568197,0.0,1084968.0,0.0,-714178.0,13804328.0,0.0,471289.0,3279374.0,8666968.0,0.5746051307183433,5387594.0,0.3571882525269924,575937.0,5582400.0,0.3701035565981182,1433433.0,4148967.0,0.27506940436160515,0.0844,0.0844,49140981,49140981,,,1620597341,17:55:41,20210509
11,2009-06-30,RND.AX,AUD,2009-06-30,2009-06-30,FY,11741858.0,-1956037.0,13697895.0,1.166586667970265,0.0,732623.0,0.0,-474156.0,9439109.0,0.0,1047867.0,1819545.0,6078331.0,0.5176634737023732,4258786.0,0.3627012011216623,-596034.0,2743344.0,0.2336379813143712,1153778.0,1589566.0,0.13537601970659158,0.036585,0.032945,43459572,48248371,,,1620597341,17:55:41,20210509
12,2008-06-30,RND.AX,AUD,2008-06-30,2008-06-30,FY,13340716.0,846739.0,12493977.0,0.9365297184948694,0.0,2108629.0,0.0,-607784.0,7800676.0,0.0,1253451.0,319169.0,5012470.0,0.37572720984390945,4693301.0,0.3518027817997175,426515.0,4037965.0,0.3026797812051467,1883311.0,2154654.0,0.1615096221222309,0.049558,0.049558,43459572,43459572,,,1620597341,17:55:41,20210509
13,2007-06-30,RND.AX,AUD,2007-06-30,2007-06-30,FY,11004410.0,500623.0,10503787.0,0.9545070567163528,0.0,945461.0,0.0,-486066.0,6998790.0,0.0,297824.0,1452394.0,4957391.0,0.450491303032148,3504997.0,0.3185083979968031,-486066.0,2854081.0,0.25935793013891706,860717.0,1993364.0,0.18114228750110184,0.045825,0.045825,43459572,43459572,,,1620597341,17:55:41,20210509
14,2006-06-30,RND.AX,AUD,2006-06-30,2006-06-30,FY,7945916.0,2827131.0,5118785.0,0.6442032611469842,0.0,946620.0,41947.0,-279149.0,2746986.0,0.0,909240.0,873533.0,3245332.0,0.40842767529885793,2371799.0,0.2984928358165377,-451649.0,1075589.0,0.1353637516429824,491042.0,584547.0,0.07356571602317467,0.01344,0.01344,43459572,43459572,,,1620597341,17:55:41,20210509
15,2005-06-30,RND.AX,AUD,2005-06-30,2005-06-30,FY,3923.0,173649.0,-169726.0,-43.2643385164415,0.0,588842.0,182290.0,153336.0,1490411.0,0.0,370073.0,21098.0,-1639039.0,-417.802447106806,-1660137.0,-423.1804741269437,32175.0,-1965393.0,-500.9923527912312,-1965393.0,-1965393.0,-500.9923527912312,-0.047318,-0.047318,41555590,41555590,,,1620597341,17:55:41,20210509
16,2004-06-30,RND.AX,AUD,2004-06-30,2004-06-30,FY,8158641.0,1962077.0,6196564.0,0.7595093349492887,0.0,589823.0,210400.0,-91726.0,4153599.0,0.0,1460.0,2705052.0,4748017.0,0.5819617507376534,2042965.0,0.25040506133313134,-91726.0,1969851.0,0.2414435198214997,1969851.0,1969851.0,0.2414435198214997,0.048065,0.046758,40995198,42128350,,,1620597341,17:55:41,20210509
17,2003-06-30,RND.AX,AUD,2003-06-30,2003-06-30,FY,8085161.0,1748820.0,6336341.0,0.7837000401105185,0.0,764802.0,0.0,-254791.0,4779293.0,0.0,63184.0,3649300.0,5206348.0,0.6439386921299403,1557048.0,0.19258095169657105,-293757.0,1219892.0,0.15088035971083322,1219892.0,1219892.0,0.15088035971083322,0.029772,0.028839,40995198,42300130,,,1620597341,17:55:41,20210509
18,2002-06-30,RND.AX,AUD,2002-06-30,2002-06-30,FY,826415.0,0.0,826415.0,1.0,0.0,0.0,0.0,-638736.0,193116.0,0.0,190928.0,193116.0,826415.0,1.0,633299.0,0.7663207952421,-705542.0,-355559.0,-0.43024267468523686,-355559.0,-355559.0,-0.43024267468523686,-0.009986,-0.009986,35749986,35749986,,,1620597341,17:55:41,20210509
19,2001-06-30,RND.AX,AUD,2001-06-30,2001-06-30,FY,0.0,0.0,0.0,0.0,0.0,0.0,0.0,-302940.0,419444.0,0.0,43499.0,0.0,-700507.0,0.0,-419444.0,0.0,-831940.0,-1273006.0,0.0,-1273006.0,-1273006.0,0.0,-0.000467,-0.000467,28852264,28852264,,,1620597341,17:55:41,20210509
20,2000-06-30,RND.AX,AUD,2000-06-30,2000-06-30,FY,0.0,0.0,0.0,0.0,0.0,0.0,0.0,0.0,0.0,0.0,11228.0,0.0,78327.0,0.0,0.0,0.0,0.0,67099.0,0.0,67099.0,67099.0,0.0,0.00252,0.00252,26860509,26860509,,,1620597341,17:55:41,20210509
21,1999-06-30,RND.AX,AUD,1999-06-30,1999-06-30,FY,0.0,0.0,0.0,0.0,0.0,0.0,0.0,0.0,0.0,0.0,11814.0,0.0,288845.0,0.0,0.0,0.0,0.0,277031.0,0.0,277031.0,277031.0,0.0,0.01036,0.01036,26860509,26860509,,,1620597341,17:55:41,20210509
22,1998-06-30,RND.AX,AUD,1998-06-30,1998-06-30,FY,0.0,0.0,0.0,0.0,0.0,0.0,0.0,0.0,0.0,0.0,11626.0,0.0,-562225.0,0.0,0.0,0.0,0.0,-573851.0,0.0,-573851.0,-573851.0,0.0,-0.027999,-0.027999,20495414,20495414,,,1620597341,17:55:41,20210509
23,1997-06-30,RND.AX,AUD,1997-06-30,1997-06-30,FY,151433.0,0.0,151433.0,1.0,0.0,0.0,0.0,0.0,75294.0,0.0,0.0,37751.0,189184.0,1.2492917659955227,151433.0,1.0,-151433.0,-494862.0,-3.2678610342527716,-494862.0,-494862.0,-3.2678610342527716,-0.018666,-0.018666,26511415,26511415,,,1620597341,17:55:41,20210509
24,1996-06-30,RND.AX,AUD,1996-06-30,1996-06-30,FY,0.0,0.0,0.0,0.0,0.0,0.0,0.0,0.0,47338.0,0.0,100.0,47338.0,0.0,0.0,-47338.0,0.0,47338.0,-121978.0,0.0,-121978.0,-121978.0,0.0,-0.006066,-0.006066,20106985,20106985,,,1620597341,17:55:41,20210509
25,1995-06-30,RND.AX,AUD,1995-06-30,1995-06-30,FY,0.0,0.0,0.0,0.0,0.0,0.0,0.0,0.0,52000.0,0.0,0.0,52000.0,0.0,0.0,-52000.0,0.0,52000.0,-361000.0,0.0,-361000.0,-361000.0,0.0,-0.018573,-0.018573,19437165,19437165,,,1620597341,17:55:41,20210509
26,1994-06-30,RND.AX,AUD,1994-06-30,1994-06-30,FY,0.0,0.0,0.0,0.0,0.0,0.0,0.0,0.0,47000.0,0.0,1000.0,47000.0,0.0,0.0,-47000.0,0.0,47000.0,-550000.0,0.0,-550000.0,-550000.0,0.0,-0.028279,-0.028279,19449071,19449071,,,1620597341,17:55:41,20210509
27,1993-06-30,RND.AX,AUD,1993-06-30,1993-06-30,FY,0.0,0.0,0.0,0.0,0.0,0.0,0.0,0.0,52000.0,0.0,0.0,52000.0,0.0,0.0,-52000.0,0.0,52000.0,-573000.0,0.0,-573000.0,-573000.0,0.0,-0.029492,-0.029492,31324009,31324009,,,1620597341,17:55:41,20210509
28,1992-06-30,RND.AX,AUD,1992-06-30,1992-06-30,FY,0.0,0.0,0.0,0.0,0.0,0.0,0.0,0.0,43000.0,0.0,0.0,43000.0,0.0,0.0,-43000.0,0.0,43000.0,-1801000.0,0.0,-1801000.0,-1801000.0,0.0,-0.092863,-0.092863,19390338,19390338,,,1620597341,17:55:41,20210509
29,1991-06-30,RND.AX,AUD,1991-06-30,1991-06-30,FY,2000.0,0.0,2000.0,1.0,0.0,0.0,0.0,0.0,305000.0,0.0,1000.0,47000.0,-256000.0,-128.0,-303000.0,-151.5,303000.0,449000.0,224.5,449000.0,449000.0,224.5,0.007464860912932539,0.007464860912932539,60148475,60148475,,,1620597341,17:55:41,20210509
30,1990-06-30,RND.AX,AUD,1990-06-30,1990-06-30,FY,6472000.0,0.0,6472000.0,1.0,0.0,0.0,0.0,0.0,1147000.0,0.0,1000.0,959000.0,6284000.0,0.9709517923362175,5325000.0,0.8227750309023486,-5325000.0,-759000.0,-0.11727441285537701,-759000.0,-759000.0,-0.11727441285537701,-0.012618773792685518,-0.012618773792685518,60148475,60148475,,,1620597341,17:55:41,20210509
31,1989-06-30,RND.AX,AUD,1989-06-30,1989-06-30,FY,4110000.0,0.0,4110000.0,1.0,0.0,0.0,0.0,0.0,576000.0,0.0,77000.0,560000.0,4094000.0,0.9961070559610705,3534000.0,0.8598540145985402,-3534000.0,448000.0,0.10900243309002433,448000.0,448000.0,0.10900243309002433,0.007448235387513981,0.007448235387513981,60148475,60148475,,,1620597341,17:55:41,20210509
