,date,symbol,reportedCurrency,fillingDate,acceptedDate,period,revenue,costOfRevenue,grossProfit,grossProfitRatio,researchAndDevelopmentExpenses,generalAndAdministrativeExpenses,sellingAndMarketingExpenses,otherExpenses,operatingExpenses,costAndExpenses,interestExpense,depreciationAndAmortization,ebitda,ebitdaratio,operatingIncome,operatingIncomeRatio,totalOtherIncomeExpensesNet,incomeBeforeTax,incomeBeforeTaxRatio,incomeTaxExpense,netIncome,netIncomeRatio,eps,epsdiluted,weightedAverageShsOut,weightedAverageShsOutDil,link,finalLink,timestamp,est_time,est_date
0,2020-12-31,8063.HK,HKD,2020-12-31,2020-12-31,FY,32914000.0,6404000.0,26510000.0,0.8054323388223856,0.0,5867000.0,0.0,5118000.0,0.0,62529000,17616000.0,9199000.0,-20416000.0,-0.6202831621802273,-29615000.0,-0.8997690952178404,0.0,-276853000.0,-8.411405480950355,-9769000.0,-267084000.0,-8.114601689250774,-0.0626536084752351,-0.0626536084752351,4262867000,4262867000,https://www1.hkexnews.hk/search/titlesearch.xhtml,https://www1.hkexnews.hk/search/titlesearch.xhtml,1620585782,14:43:02,20210509
1,2019-12-31,8063.HK,HKD,2019-12-31,2019-12-31,FY,71134000.0,7339000.0,63795000.0,0.8968285208198611,0.0,5699000.0,0.0,8452000.0,76642000.0,83981000,14919000.0,8927000.0,-3920000.0,-0.055107262349931116,-12847000.0,-0.18060280597182782,0.0,-55900000.0,-0.7858408074900891,-1307000.0,-54593000.0,-0.7674670340484157,-0.0128,-0.0128,4262867000,4262867000,https://www1.hkexnews.hk/search/titlesearch.xhtml,https://www1.hkexnews.hk/search/titlesearch.xhtml,1620585782,14:43:02,20210509
2,2018-12-31,8063.HK,HKD,2018-12-31,2018-12-31,FY,56438000.0,0.0,0.0,0.0,0.0,0.0,0.0,10206000.0,88217000.0,88217000,2063000.0,5712000.0,-26067000.0,-0.46186966228427656,-31779000.0,-0.5630780679683901,0.0,-66119000.0,-1.1715333640455012,-1463000.0,-64656000.0,-1.1456111130798399,-0.0152,-0.0152,4262867000,4262867000,https://www1.hkexnews.hk/search/titlesearch.xhtml,https://www1.hkexnews.hk/search/titlesearch.xhtml,1620585782,14:43:02,20210509
3,2017-12-31,8063.HK,HKD,2017-12-31,2017-12-31,FY,49549000.0,0.0,0.0,0.0,0.0,0.0,0.0,0.0,73702000.0,73702000,701000.0,8492000.0,-15661000.0,-0.31607096005973884,-24153000.0,-0.48745686088518436,0.0,-30099000.0,-0.6074592827302266,-1650000.0,-28449000.0,-0.5741589133988577,-0.0073,-0.0073,3906669000,3906669000,https://www1.hkexnews.hk/search/titlesearch.xhtml,https://www1.hkexnews.hk/search/titlesearch.xhtml,1620585782,14:43:02,20210509
4,2016-12-31,8063.HK,HKD,2016-12-31,2016-12-31,FY,37374000.0,3469000.0,33905000.0,0.9071814630491786,0.0,0.0,0.0,-20739000.0,46113000.0,49582000,2755000.0,11342000.0,-866000.0,-0.023171188526783324,-12208000.0,-0.32664419114892707,0.0,-59492000.0,-1.5918017873387917,-3700000.0,-55792000.0,-1.492802483009579,-0.0241,-0.0241,2310576000,2310576000,https://www1.hkexnews.hk/search/titlesearch.xhtml,https://www1.hkexnews.hk/search/titlesearch.xhtml,1620585782,14:43:02,20210509
5,2015-12-31,8063.HK,HKD,2015-12-31,2015-12-31,FY,56741000.0,16681000.0,40060000.0,0.706015050845068,0.0,0.0,0.0,-19954000.0,43576000.0,60257000,737000.0,10079000.0,6563000.0,0.11566592058652474,-3516000.0,-0.06196577430781974,0.0,-131554000.0,-2.318499850196507,-5372000.0,-126182000.0,-2.22382404257944,-0.165,-0.165,764572000,764572000,https://www1.hkexnews.hk/search/titlesearch.xhtml,https://www1.hkexnews.hk/search/titlesearch.xhtml,1620585782,14:43:02,20210509
6,2014-12-31,8063.HK,HKD,2014-12-31,2014-12-31,FY,48969000.0,1500000.0,47469000.0,0.9693683759112908,0.0,0.0,0.0,-18092000.0,40182000.0,41682000,73000.0,11227000.0,18514000.0,0.37807592558557457,7287000.0,0.1488084298229492,0.0,-5743000.0,-0.11727827809430456,-208000.0,-5535000.0,-0.11303069288733689,-0.0201,-0.0201,274901000,274901000,https://www1.hkexnews.hk/search/titlesearch.xhtml,https://www1.hkexnews.hk/search/titlesearch.xhtml,1620585782,14:43:02,20210509
7,2013-12-31,8063.HK,HKD,2013-12-31,2013-12-31,FY,52516000.0,0.0,52516000.0,1.0,0.0,0.0,0.0,0.0,48125000.0,48125000,0.0,12944000.0,17335000.0,0.33008987737070605,4391000.0,0.08361261329880418,0.0,-36796000.0,-0.700662655190799,173000.0,-36969000.0,-0.7039568893289664,-0.2959,-0.2959,124932300,124932300,https://www1.hkexnews.hk/search/titlesearch.xhtml,https://www1.hkexnews.hk/search/titlesearch.xhtml,1620585782,14:43:02,20210509
8,2012-12-31,8063.HK,HKD,2012-12-31,2012-12-31,FY,58108000.0,2435000.0,55673000.0,0.9580952708749225,0.0,0.0,0.0,0.0,64277000.0,66712000,0.0,13855000.0,5251000.0,0.09036621463481792,-8604000.0,-0.14806911268672127,0.0,-32604000.0,-0.561093136917464,981000.0,-33585000.0,-0.5779754939078956,-0.2688,-0.2688,124932300,124932300,https://www1.hkexnews.hk/search/titlesearch.xhtml,https://www1.hkexnews.hk/search/titlesearch.xhtml,1620585782,14:43:02,20210509
9,2011-12-31,8063.HK,HKD,2011-12-31,2011-12-31,FY,63001000.0,9897000.0,53104000.0,0.8429072554403898,0.0,0.0,0.0,0.0,50780000.0,60677000,1000.0,8704000.0,11028000.0,0.1750448405580864,2324000.0,0.03688830336026412,0.0,2323000.0,0.03687243059633974,2496000.0,-173000.0,-0.0027459881589181126,-0.0014,-0.0014,123018053,123018053,https://www1.hkexnews.hk/search/titlesearch.xhtml,https://www1.hkexnews.hk/search/titlesearch.xhtml,1620585782,14:43:02,20210509
10,2010-12-31,8063.HK,HKD,2010-12-31,2010-12-31,FY,10823000.0,10643000.0,180000.0,0.016631248267578305,0.0,11563000.0,0.0,0.0,3876000.0,14519000,88000.0,817000.0,-2879000.0,-0.26600757645754414,-3696000.0,-0.34149496442760785,0.0,0.0,0.0,0.0,-3784000.0,-0.3496257969139795,-0.0316,-0.0316,119832300,119832300,https://www1.hkexnews.hk/search/titlesearch.xhtml,https://www1.hkexnews.hk/search/titlesearch.xhtml,1620585782,14:43:02,20210509
11,2009-12-31,8063.HK,HKD,2009-12-31,2009-12-31,FY,8359000.0,8195000.0,164000.0,0.019619571719105156,0.0,12045000.0,0.0,0.0,6922000.0,15117000,360000.0,690000.0,-6068000.0,-0.7259241536068908,-6758000.0,-0.8084699126689795,0.0,0.0,0.0,0.0,-7118000.0,-0.8515372652231128,-0.0594,-0.0594,119832300,119832300,https://www1.hkexnews.hk/search/titlesearch.xhtml,https://www1.hkexnews.hk/search/titlesearch.xhtml,1620585782,14:43:02,20210509
12,2008-12-31,8063.HK,HKD,2008-12-31,2008-12-31,FY,8007000.0,7924000.0,83000.0,0.010365929811415013,0.0,10717000.0,0.0,0.0,3786000.0,11710000,48000.0,157000.0,-3546000.0,-0.442862495316598,-3703000.0,-0.4624703384538529,0.0,-26086000.0,-3.2578993380791808,0.0,-26086000.0,-3.2578993380791808,-0.2261,-0.2261,115355000,115355000,https://www1.hkexnews.hk/search/titlesearch.xhtml,https://www1.hkexnews.hk/search/titlesearch.xhtml,1620585782,14:43:02,20210509
13,2007-12-31,8063.HK,HKD,2007-12-31,2007-12-31,FY,187610000.0,170148000.0,17462000.0,0.09307606204360108,0.0,0.0,0.0,0.0,21233000.0,191381000,0.0,195000.0,-3576000.0,-0.019060817653643196,-3771000.0,-0.020100207878044882,0.0,-893000.0,-0.004759874207131816,0.0,-893000.0,-0.004759874207131816,-0.0135,-0.0135,66148148,66148148,https://www1.hkexnews.hk/search/titlesearch.xhtml,https://www1.hkexnews.hk/search/titlesearch.xhtml,1620585782,14:43:02,20210509
14,2006-12-31,8063.HK,HKD,2006-12-31,2006-12-31,FY,74817000.0,69395000.0,5422000.0,0.07247016052501437,0.0,0.0,0.0,0.0,11766000.0,81161000,0.0,174000.0,-6170000.0,-0.0824678883141532,-6344000.0,-0.08479356296028977,0.0,-3603000.0,-0.048157504310517664,0.0,-3603000.0,-0.048157504310517664,-0.065,-0.065,55430769,55430769,https://www1.hkexnews.hk/search/titlesearch.xhtml,https://www1.hkexnews.hk/search/titlesearch.xhtml,1620585782,14:43:02,20210509
15,2005-12-31,8063.HK,HKD,2005-12-31,2005-12-31,FY,32765000.0,31854000.0,911000.0,0.027804059209522357,0.0,0.0,0.0,0.0,16482000.0,48336000,0.0,139000.0,-15432000.0,-0.4709903860827102,-15571000.0,-0.47523271783915766,0.0,-8855000.0,-0.2702578971463452,0.0,-8855000.0,-0.2702578971463452,-0.1595,-0.1595,55517241,55517241,https://www1.hkexnews.hk/search/titlesearch.xhtml,https://www1.hkexnews.hk/search/titlesearch.xhtml,1620585782,14:43:02,20210509
