,date,symbol,reportedCurrency,fillingDate,acceptedDate,period,revenue,costOfRevenue,grossProfit,grossProfitRatio,researchAndDevelopmentExpenses,generalAndAdministrativeExpenses,sellingAndMarketingExpenses,otherExpenses,operatingExpenses,costAndExpenses,interestExpense,depreciationAndAmortization,ebitda,ebitdaratio,operatingIncome,operatingIncomeRatio,totalOtherIncomeExpensesNet,incomeBeforeTax,incomeBeforeTaxRatio,incomeTaxExpense,netIncome,netIncomeRatio,eps,epsdiluted,weightedAverageShsOut,weightedAverageShsOutDil,link,finalLink,timestamp,est_time,est_date
0,2020-12-31,CHMG,USD,2021-03-24,2021-03-24 16:21:42,FY,82870000.0,0.0,0.0,0.0,0.0,37349000.0,631000.0,0.0,0.0,0.0,3988000.0,484000.0,0.0,0.0,0.0,0.288029443707011,0.0,23869000.0,0.288029443707011,4607000.0,19262000.0,0.2324363460842283,3.956048469911686,3.956048469911686,4869000.0,4869000.0,https://www.sec.gov/Archives/edgar/data/763563/000076356321000045/0000763563-21-000045-index.htm,https://www.sec.gov/Archives/edgar/data/763563/000076356321000045/chmg-20201231.htm,1620590247,15:57:27,20210509
1,2019-12-31,CHMG,USD,2020-03-12 00:00:00,2020-03-12 15:26:28,FY,79897000.0,0.0,0.0,0.0,0.0,36704000.0,932000.0,0.0,68000000.0,0.0,6321000.0,609000.0,0.0,0.0,0.0,0.23834436837428188,0.0,19043000.0,0.23834436837428188,3434000.0,15609000.0,0.19536403119015733,3.21,3.21,4869000.0,4869000.0,https://www.sec.gov/Archives/edgar/data/763563/000076356320000052/0000763563-20-000052-index.html,https://www.sec.gov/Archives/edgar/data/763563/000076356320000052/chmg201910k.htm,1620590247,15:57:27,20210509
2,2018-12-31,CHMG,USD,2019-03-13 00:00:00,2019-03-13 17:12:51,FY,82691000.0,0.0,0.0,0.0,0.0,35215000.0,1181000.0,0.0,64000000.0,0.0,4073000.0,734000.0,0.0,0.0,0.0,0.28582312464476184,0.0,23635000.0,0.28582312464476184,4009000.0,19626000.0,0.23734142772490355,4.06,4.06,4832000.0,4832000.0,https://www.sec.gov/Archives/edgar/data/763563/000076356319000080/0000763563-19-000080-index.html,https://www.sec.gov/Archives/edgar/data/763563/000076356319000080/chmg201810k.htm,1620590247,15:57:27,20210509
3,2017-12-31,CHMG,USD,2018-03-08 00:00:00,2018-03-08 17:17:16,FY,76784000.0,0.0,0.0,0.0,0.0,33527000.0,794000.0,0.0,66000000.0,0.0,3068000.0,860000.0,0.0,0.0,0.0,0.19134194623879974,0.0,14692000.0,0.19134194623879974,7262000.0,7430000.0,0.09676495103146489,2.16,2.16,4800000.0,4800000.0,https://www.sec.gov/Archives/edgar/data/763563/000076356318000053/0000763563-18-000053-index.html,https://www.sec.gov/Archives/edgar/data/763563/000076356318000053/chmg201710k.htm,1620590247,15:57:27,20210509
4,2016-12-31,CHMG,USD,2017-03-08 00:00:00,2017-03-08 16:39:49,FY,72809000.0,0.0,0.0,0.0,0.0,34872000.0,877000.0,0.0,63000000.0,0.0,3839000.0,986000.0,0.0,0.0,0.0,0.19820351879575326,0.0,14431000.0,0.19820351879575326,4404000.0,10027000.0,0.13771649109313408,2.11,2.11,4762000.0,4762000.0,https://www.sec.gov/Archives/edgar/data/763563/000076356317000052/0000763563-17-000052-index.html,https://www.sec.gov/Archives/edgar/data/763563/000076356317000052/chmg201610k.htm,1620590247,15:57:27,20210509
5,2015-12-31,CHMG,USD,2016-03-11 00:00:00,2016-03-11 17:30:08,FY,70396000.0,0.0,0.0,0.0,0.0,34792000.0,899000.0,0.0,61000000.0,0.0,3602000.0,1136000.0,0.0,0.0,0.0,0.20016762316040684,0.0,14091000.0,0.20016762316040684,4658000.0,9433000.0,0.13399909085743508,2.0,2.0,4719278.0,4719278.0,https://www.sec.gov/Archives/edgar/data/763563/000076356316000156/0000763563-16-000156-index.html,https://www.sec.gov/Archives/edgar/data/763563/000076356316000156/chmg201510k.htm,1620590247,15:57:27,20210509
6,2014-12-31,CHMG,USD,2015-03-13,2015-03-13 16:26:42,FY,75513000.0,0.0,0.0,0.0,0.0,34557000.0,1079000.0,0.0,68000000.0,0.0,3645000.0,1310000.0,0.0,0.0,0.0,0.15713850595261744,0.0,11866000.0,0.15713850595261744,3709000.0,8157000.0,0.10802113543363394,1.83,1.83,4683067.0,4683067.0,https://www.sec.gov/Archives/edgar/data/763563/000076356315000045/chmg10k123114.htm,https://www.sec.gov/Archives/edgar/data/763563/000076356315000045/chmg10k123114.htm,1620590247,15:57:27,20210509
7,2013-12-31,CHMG,USD,2014-03-14,2014-03-14 16:19:14,FY,63487014.0,0.0,0.0,0.0,0.0,30920548.0,1033200.0,0.0,55000000.0,0.0,4032510.0,921413.0,0.0,0.0,0.0,0.19773103520036397,0.0,12553353.0,0.19773103520036397,3822297.0,8731056.0,0.1375250692999989,1.87,1.87,4659685.0,4659685.0,https://www.sec.gov/Archives/edgar/data/763563/000076356314000057/chmg10k12312013.htm,https://www.sec.gov/Archives/edgar/data/763563/000076356314000057/chmg10k12312013.htm,1620590247,15:57:27,20210509
8,2012-12-31,CHMG,USD,2013-03-15 00:00:00,2013-03-15 09:58:45,FY,63180097.0,0.0,0.0,0.0,0.0,29770031.0,1068494.0,0.0,53000000.0,0.0,5295426.0,1046720.0,0.0,0.0,0.0,0.25968181087154707,0.0,16406722.0,0.25968181087154707,5384482.0,11022240.0,0.1744574719472178,2.38,2.38,4640912.0,4640912.0,https://www.sec.gov/Archives/edgar/data/763563/000076356313000110/0000763563-13-000110-index.html,https://www.sec.gov/Archives/edgar/data/763563/000076356313000110/chmg10k12312012.htm,1620590247,15:57:27,20210509
9,2011-12-31,CHMG,USD,2012-03-28 00:00:00,2012-03-28 14:58:47,FY,61380861.0,0.0,0.0,0.0,0.0,26816522.0,0.0,67400.0,50000000.0,0.0,6798796.0,1041193.0,0.0,0.0,0.0,0.2536768749464104,0.0,15570905.0,0.2536768749464104,5033150.0,10537755.0,0.17167818809188748,2.4,2.4,4382843.0,4382843.0,https://www.sec.gov/Archives/edgar/data/763563/000076356312000069/0000763563-12-000069-index.html,https://www.sec.gov/Archives/edgar/data/763563/000076356312000069/chemung1231201110k.htm,1620590247,15:57:27,20210509
10,2010-12-31,CHMG,USD,2011-03-16,2011-03-16 16:32:49,FY,54567800.0,0.0,0.0,0.0,0.0,23819800.0,0.0,393005.0,47000000.0,0.0,8215811.0,730894.0,0.0,0.0,0.0,0.2786828862442686,0.0,15207112.0,0.2786828862442686,5105239.0,10101873.0,0.18512516539057833,2.8,2.8,3606541.0,3606541.0,https://www.sec.gov/Archives/edgar/data/763563/000076356311000053/cfcform10k123110.htm,https://www.sec.gov/Archives/edgar/data/763563/000076356311000053/cfcform10k123110.htm,1620590247,15:57:27,20210509
11,2009-12-31,CHMG,USD,2010-03-15 00:00:00,2010-03-15 12:29:15,FY,51107278.0,0.0,0.0,0.0,0.0,25742791.0,0.0,2242446.0,0.0,0.0,11334735.0,933305.0,0.0,0.0,0.0,0.13879623954928688,0.0,7093498.0,0.13879623954928688,1860663.0,5232835.0,0.10238923309513764,1.45,1.45,3603129.0,3603129.0,https://www.sec.gov/Archives/edgar/data/763563/000076356310000051/0000763563-10-000051-index.html,https://www.sec.gov/Archives/edgar/data/763563/000076356310000051/annual10k2009.htm,1620590247,15:57:27,20210509
12,2008-12-31,CHMG,USD,2009-03-13 00:00:00,2009-03-13 14:02:04,FY,48609674.0,0.0,0.0,0.0,0.0,15991039.0,0.0,0.0,0.0,0.0,14770045.0,4034659.0,0.0,0.0,0.0,0.2548559984171052,0.0,12388467.0,0.2548559984171052,4034623.0,8353844.0,0.17185558578319204,2.32,2.32,3593751.0,3593751.0,https://www.sec.gov/Archives/edgar/data/763563/000076356309000046/0000763563-09-000046-index.html,https://www.sec.gov/Archives/edgar/data/763563/000076356309000046/annual10k2008.htm,1620590247,15:57:27,20210509
13,2007-12-31,CHMG,USD,2008-03-13,2008-03-13 15:12:00,FY,42564849.0,0.0,0.0,0.0,0.0,14639226.0,0.0,0.0,0.0,0.0,17938999.0,3297720.0,0.0,0.0,0.0,0.25348369026282697,0.0,10789495.0,0.25348369026282697,3530112.0,7259383.0,0.17054877840633242,2.02,2.02,3594998.0,3594998.0,https://www.sec.gov/Archives/edgar/data/763563/000076356308000060/annual10k2007.htm,https://www.sec.gov/Archives/edgar/data/763563/000076356308000060/annual10k2007.htm,1620590247,15:57:27,20210509
14,2006-12-31,CHMG,USD,2007-03-15,2007-03-15 11:53:31,FY,38858064.0,0.0,0.0,0.0,0.0,13521295.0,0.0,0.0,45000000.0,0.0,15078547.0,3113748.0,0.0,0.0,0.0,0.23701245126365533,0.0,9209845.0,0.23701245126365533,2621279.0,6588566.0,0.1695546643806032,1.81,1.81,3638905.0,3638905.0,https://www.sec.gov/Archives/edgar/data/763563/000076356307000051/annual10k2006.htm,https://www.sec.gov/Archives/edgar/data/763563/000076356307000051/annual10k2006.htm,1620590247,15:57:27,20210509
15,2005-12-31,CHMG,USD,2006-03-15,2006-03-15 15:05:41,FY,37751196.0,0.0,0.0,0.0,0.0,13251227.0,0.0,0.0,40000000.0,0.0,11221969.0,3033385.0,0.0,0.0,0.0,0.2419957502803355,0.0,9135629.0,0.2419957502803355,2546088.0,6589541.0,0.1745518473110097,1.79,1.79,3688837.0,3688837.0,https://www.sec.gov/Archives/edgar/data/763563/000076356306000050/annual10k2005.htm,https://www.sec.gov/Archives/edgar/data/763563/000076356306000050/annual10k2005.htm,1620590247,15:57:27,20210509
16,2004-12-31,CHMG,USD,2005-03-14,2005-03-14 11:49:40,FY,39525118.0,0.0,0.0,0.0,0.0,3353199.0,0.0,0.0,0.0,0.0,10945714.0,3091830.0,0.0,0.0,0.0,0.31735009620970644,0.0,12543300.0,0.31735009620970644,3810646.0,8732654.0,0.22093935304633372,2.32,2.32,3771600.0,3771600.0,https://www.sec.gov/Archives/edgar/data/763563/000076356305000040/annual10k2004.htm,https://www.sec.gov/Archives/edgar/data/763563/000076356305000040/annual10k2004.htm,1620590247,15:57:27,20210509
17,2003-12-31,CHMG,USD,2004-03-12,2004-03-12 11:14:29,FY,39210115.0,0.0,0.0,0.0,0.0,12234290.0,0.0,0.0,0.0,0.0,12840259.0,3993681.0,0.0,0.0,0.0,0.242036321495104,0.0,9490272.0,0.242036321495104,2536821.0,6953451.0,0.17733819449394628,1.82,1.82,3820806.0,3820806.0,https://www.sec.gov/Archives/edgar/data/763563/000076356304000029/annual10k2003.htm,https://www.sec.gov/Archives/edgar/data/763563/000076356304000029/annual10k2003.htm,1620590247,15:57:27,20210509
18,2002-12-31,CHMG,USD,2003-03-24,2003-03-24 08:41:46,FY,37450134.0,0.0,0.0,0.0,0.0,12300261.0,0.0,0.0,0.0,0.0,17094198.0,3069718.0,0.0,0.0,0.0,0.2339491228522707,0.0,8761426.0,0.2339491228522707,2221533.0,6539893.0,0.1746293618068229,1.66,1.66,3928332.0,3928332.0,https://www.sec.gov/Archives/edgar/data/763563/000076356303000047/exhibit10k2002.htm,https://www.sec.gov/Archives/edgar/data/763563/000076356303000047/exhibit10k2002.htm,1620590247,15:57:27,20210509
19,2001-12-31,CHMG,USD,2002-03-25,2002-03-25 00:00:00,FY,37636840.0,0.0,0.0,0.0,0.0,11843804.0,0.0,0.0,0.0,0.0,21692048.0,2042850.0,0.0,0.0,0.0,0.3317196661568825,0.0,12484880.0,0.3317196661568825,3991628.0,8493252.0,0.22566325972106052,2.1,2.1,4051022.0,4051022.0,https://www.sec.gov/Archives/edgar/data/763563/000076356302000018/exhibit10k2001.htm,https://www.sec.gov/Archives/edgar/data/763563/000076356302000018/exhibit10k2001.htm,1620590247,15:57:27,20210509
20,2000-12-31,CHMG,USD,2001-03-26 00:00:00,2001-03-26 00:00:00,FY,35955317.0,0.0,0.0,0.0,0.0,10749425.0,0.0,0.0,0.0,0.0,22054858.0,2239110.0,0.0,0.0,0.0,0.35458382970173785,0.0,12749174.0,0.35458382970173785,3994075.0,8755099.0,0.2434994245774554,2.14,2.14,4094489.0,4094489.0,https://www.sec.gov/Archives/edgar/data/763563/000076356301500014/0000763563-01-500014-index.html,https://www.sec.gov/Archives/edgar/data/763563/000076356301500014/exh10k00.htm,1620590247,15:57:27,20210509
21,1999-12-31,CHMG,USD,1999-12-31,1999-12-31,FY,34854237.0,0.0,0.0,0.0,0.0,10566102.0,0.0,0.0,0.0,0.0,18727539.0,2528938.0,0.0,0.0,0.0,0.3600862357136092,0.0,12550531.0,0.3600862357136092,4159030.0,8391501.0,0.24075985367288344,2.03,2.03,4132148.0,4132148.0,,,1620590247,15:57:27,20210509
22,1998-12-31,CHMG,USD,1998-12-31,1998-12-31,FY,9017019.0,0.0,0.0,0.0,0.0,10229166.0,0.0,0.0,0.0,0.0,17666411.0,2046749.0,0.0,0.0,0.0,1.1847779182898472,0.0,10683165.0,1.1847779182898472,3386027.0,7297138.0,0.8092627951654532,1.77,1.77,4116405.0,4116405.0,,,1620590247,15:57:27,20210509
23,1997-12-31,CHMG,USD,1997-12-31,1997-12-31,FY,8317908.0,0.0,0.0,0.0,0.0,8041859.0,0.0,0.0,0.0,0.0,16097864.0,1483178.0,0.0,0.0,0.0,1.2652362829692274,0.0,10524119.0,1.2652362829692274,3666899.0,6857220.0,0.8243923832771414,1.655,1.655,4143088.0,4143088.0,,,1620590247,15:57:27,20210509
24,1996-12-31,CHMG,USD,1996-12-31,1996-12-31,FY,7847160.0,0.0,0.0,0.0,0.0,9903688.0,0.0,0.0,0.0,0.0,15042669.0,1440752.0,0.0,0.0,0.0,1.2009676112122092,0.0,9424185.0,1.2009676112122092,3266662.0,6157523.0,0.7846817192461987,1.48,1.48,4158624.0,4158624.0,,,1620590247,15:57:27,20210509
25,1995-12-31,CHMG,USD,1995-12-31,1995-12-31,FY,7300160.0,0.0,0.0,0.0,0.0,9873138.0,0.0,0.0,0.0,0.0,14226927.0,1250236.0,0.0,0.0,0.0,1.1590661026607636,0.0,8461368.0,1.1590661026607636,2859476.0,5601892.0,0.7673656467803446,1.34,1.34,4175502.0,4175502.0,,,1620590247,15:57:27,20210509
26,1994-12-31,CHMG,USD,1994-12-31,1994-12-31,FY,6308966.0,0.0,0.0,0.0,0.0,8673066.0,0.0,0.0,0.0,0.0,10276351.0,986183.0,0.0,0.0,0.0,1.1079929738090204,0.0,6990290.0,1.1079929738090204,2342765.0,4647525.0,0.736653993697224,1.225,1.225,3798976.0,3798976.0,,,1620590247,15:57:27,20210509
27,1993-12-31,CHMG,USD,1993-12-31,1993-12-31,FY,7025605.0,0.0,0.0,0.0,0.0,8161607.0,0.0,0.0,0.0,0.0,9785180.0,971073.0,0.0,0.0,0.0,1.1753120193919242,0.0,8257278.0,1.1753120193919242,2830032.0,4494063.0,0.6396691815153286,1.185,1.185,3787236.0,3787236.0,,,1620590247,15:57:27,20210509
