,date,symbol,reportedCurrency,fillingDate,acceptedDate,period,revenue,costOfRevenue,grossProfit,grossProfitRatio,researchAndDevelopmentExpenses,generalAndAdministrativeExpenses,sellingAndMarketingExpenses,otherExpenses,operatingExpenses,costAndExpenses,interestExpense,depreciationAndAmortization,ebitda,ebitdaratio,operatingIncome,operatingIncomeRatio,totalOtherIncomeExpensesNet,incomeBeforeTax,incomeBeforeTaxRatio,incomeTaxExpense,netIncome,netIncomeRatio,eps,epsdiluted,weightedAverageShsOut,weightedAverageShsOutDil,link,finalLink,timestamp,est_time,est_date
0,2020-12-31,1523.HK,USD,2020-12-31,2020-12-31,FY,52818000,22018000.0,30800000.0,0.5831345374682874,7425000.0,5535000.0,2475000.0,4000.0,0.0,37341000,60000.0,2339000.0,17816000.0,0.3373092506342535,15477000.0,0.2930251050778144,0.0,16042000.0,0.3037222159112424,1812000.0,14230000.0,0.26941572948616,0.0134,0.0133,1061940299,1069924812,https://www1.hkexnews.hk/search/titlesearch.xhtml,https://www1.hkexnews.hk/search/titlesearch.xhtml,1620585243,14:34:03,20210509
1,2019-12-31,1523.HK,USD,2019-12-31,2019-12-31,FY,45910000,17136000.0,28774000.0,0.6267479851884121,7221000.0,5537000.0,2411000.0,7000.0,15169000.0,32305000,95000.0,2054000.0,15659000.0,0.3410803746460466,13605000.0,0.296340666521455,0.0,13994000.0,0.3048137660640383,1905000.0,12089000.0,0.2633195382269658,0.0117,0.0114,1036681885,1061819512,https://www1.hkexnews.hk/search/titlesearch.xhtml,https://www1.hkexnews.hk/search/titlesearch.xhtml,1620585243,14:34:03,20210509
2,2018-12-31,1523.HK,USD,2018-12-31,2018-12-31,FY,41806000,15617000.0,26189000.0,0.6264411806917667,7318000.0,4814000.0,2107000.0,0.0,14239000.0,29856000,32000.0,829000.0,12779000.0,0.30567382672343685,11950000.0,0.28584413720518587,0.0,12213000.0,0.2921351002248481,1593000.0,10620000.0,0.25403052193465053,0.0104,0.01,1020193468,1058794166,https://www1.hkexnews.hk/search/titlesearch.xhtml,https://www1.hkexnews.hk/search/titlesearch.xhtml,1620585243,14:34:03,20210509
3,2017-12-31,1523.HK,USD,2017-12-31,2017-12-31,FY,37132000,14157000.0,22975000.0,0.6187385543466551,7189000.0,3958000.0,1636000.0,0.0,12573000.0,26730000,26000.0,639000.0,11041000.0,0.29734460842400084,10402000.0,0.2801357319831951,0.0,10629000.0,0.28624905741678336,1875000.0,8754000.0,0.2357535279543251,0.0087,0.0084,1005086005,1046429900,https://www1.hkexnews.hk/search/titlesearch.xhtml,https://www1.hkexnews.hk/search/titlesearch.xhtml,1620585243,14:34:03,20210509
4,2016-12-31,1523.HK,USD,2016-12-31,2016-12-31,FY,28358000,10413000.0,17945000.0,0.6328020311728613,4990000.0,4664000.0,1697000.0,0.0,11247000.0,21660000,23000.0,445000.0,7143000.0,0.2518865928485789,6698000.0,0.2361943719585302,0.0,6675000.0,0.23538331335072996,1435000.0,5240000.0,0.18478030890753933,0.006,0.006,867486000,867486000,https://www1.hkexnews.hk/search/titlesearch.xhtml,https://www1.hkexnews.hk/search/titlesearch.xhtml,1620585243,14:34:03,20210509
5,2015-12-31,1523.HK,USD,2015-12-31,2015-12-31,FY,21859638,9166358.0,12693280.0,0.5806720129583116,3906731.0,1709413.0,1003184.0,0.0,8552142.0,17718500,1307.0,331824.0,4472962.0,0.2046219612602917,4141138.0,0.18944220393768643,0.0,4139921.0,0.1893865305546231,783292.0,3356629.0,0.15355373222557483,0.003356629,0.0026853032,1000000000,1250000000,https://www1.hkexnews.hk/search/titlesearch.xhtml,https://www1.hkexnews.hk/search/titlesearch.xhtml,1620585243,14:34:03,20210509
6,2014-12-31,1523.HK,USD,2014-12-31,2014-12-31,FY,17946325,6910340.0,11035985.0,0.6149440066420284,3968575.0,2049013.0,1035434.0,0.0,6753302.0,13663642,4427.0,243504.0,4526187.0,0.2522069002985291,4282683.0,0.23863843990343428,0.0,4285015.0,0.2387683829419115,542055.0,3742960.0,0.20856414892742664,0.004991,0.003743,750000000,1250000000,https://www1.hkexnews.hk/search/titlesearch.xhtml,https://www1.hkexnews.hk/search/titlesearch.xhtml,1620585243,14:34:03,20210509
7,2013-12-31,1523.HK,USD,2013-12-31,2013-12-31,FY,13305919,4654963.0,8650956.0,0.6501584745856337,3135593.0,1706299.0,830339.0,0.0,5651515.0,10306478,3638.0,200738.0,3200179.0,0.2405079273366988,2999441.0,0.22542155863116256,0.0,3008737.0,0.2261201950800993,443660.0,2565077.0,0.192777139256597,0.00342,0.002565,750000000,1250000000,https://www1.hkexnews.hk/search/titlesearch.xhtml,https://www1.hkexnews.hk/search/titlesearch.xhtml,1620585243,14:34:03,20210509
