,date,symbol,reportedCurrency,fillingDate,acceptedDate,period,revenue,costOfRevenue,grossProfit,grossProfitRatio,researchAndDevelopmentExpenses,generalAndAdministrativeExpenses,sellingAndMarketingExpenses,otherExpenses,operatingExpenses,costAndExpenses,interestExpense,depreciationAndAmortization,ebitda,ebitdaratio,operatingIncome,operatingIncomeRatio,totalOtherIncomeExpensesNet,incomeBeforeTax,incomeBeforeTaxRatio,incomeTaxExpense,netIncome,netIncomeRatio,eps,epsdiluted,weightedAverageShsOut,weightedAverageShsOutDil,link,finalLink,timestamp,est_time,est_date
0,2020-12-31,KGX.SW,EUR,2020-12-31,2020-12-31,FY,8341600000,6296800000,2044800000,0.24513282823439148,156800000,556000000,915800000,11500000.0,0.0,7922000000,133000000.0,937800000,1357400000,0.16272657523736453,419600000,0.05030210031648605,0.0,301600000,0.03615613311594898,90700000,215300000,0.025810396087081616,1.81,1.81,118900000,118900000,https://www.six-group.com/en/products-services/the-swiss-stock-exchange.html,https://www.six-group.com/en/products-services/the-swiss-stock-exchange.html,1620594129,17:02:09,20210509
1,2019-12-31,KGX.SW,EUR,2019-12-31,2019-12-31,FY,8806500000,6474600000,2331900000,0.26479305058763414,155300000,546900000,940200000,22000000.0,1640500000.0,8115100000,144600000.0,898000000,1589400000,0.18048032703117015,691400000,0.07851019133594504,0.0,621600000,0.07058422755918924,176800000,454800000,0.0516436722875149,3.86,3.86,117900000,117900000,https://www.six-group.com/en/products-services/the-swiss-stock-exchange.html,https://www.six-group.com/en/products-services/the-swiss-stock-exchange.html,1620594129,17:02:09,20210509
2,2018-12-31,KGX.SW,EUR,2018-12-31,2018-12-31,FY,7995700000,5898100000,2097600000,0.26234100829195695,137700000,467100000,885500000,31900000.0,1487900000.0,7386000000,142000000.0,897900000,1507600000,0.1885513463486624,609700000,0.07625348624885876,0.0,545300000,0.06819915704691272,143700000,399900000,0.05001438273071776,3.391351881396343,3.3908423819108404,117917578,117935296,https://www.six-group.com/en/products-services/the-swiss-stock-exchange.html,https://www.six-group.com/en/products-services/the-swiss-stock-exchange.html,1620594129,17:02:09,20210509
3,2017-12-31,KGX.SW,EUR,2017-12-31,2017-12-31,FY,7653600000,5699100000,1954500000,0.25537002195045466,137000000,456800000,829600000,22700000.0,1420900000.0,7120000000,146700000.0,636400000,1170000000,0.1528692380056444,533600000,0.06971882512804432,0.0,468300000,0.06118689244277203,41900000,424800000,0.055503292568203196,3.72,3.71,114328999,114356934,https://www.six-group.com/en/products-services/the-swiss-stock-exchange.html,https://www.six-group.com/en/products-services/the-swiss-stock-exchange.html,1620594129,17:02:09,20210509
4,2016-12-31,KGX.SW,EUR,2016-12-31,2016-12-31,FY,5587200000,4034600000,1552600000,0.277885166093929,96500000,411200000,662400000,43400000.0,1164100000.0,5198700000,139000000.0,454700000,843200000,0.1509163802978236,388500000,0.06953393470790378,0.0,339200000,0.06071019473081329,93100000,245500000,0.04393971935853379,2.377925351857401,2.377066864479942,103241256,103278542,https://www.six-group.com/en/products-services/the-swiss-stock-exchange.html,https://www.six-group.com/en/products-services/the-swiss-stock-exchange.html,1620594129,17:02:09,20210509
5,2015-12-31,KGX.SW,EUR,2015-12-31,2015-12-31,FY,5097900000,3601700000,1496200000,0.29349339924282547,143000000,355900000,618000000,41400000.0,1111600000.0,4713300000,136900000.0,401400000,786000000,0.15418113340787384,384600000,0.07544282940034132,0.0,330200000,0.06477176876753173,109200000,217100000,0.04258616292983385,2.199105670015635,2.1986889251360298,98721950,98740662,https://www.six-group.com/en/products-services/the-swiss-stock-exchange.html,https://www.six-group.com/en/products-services/the-swiss-stock-exchange.html,1620594129,17:02:09,20210509
6,2014-12-31,KGX.SW,EUR,2014-12-31,2014-12-31,FY,4677900000,3337400000,1340500000,0.28656020864062937,125700000,323600000,570500000,43400000.0,1008400000.0,4345800000,169800000.0,367200000,699300000,0.1494901558391586,332100000,0.07099339447187841,0.0,258300000,0.05521708458923876,80000000,176700000,0.03777335984095427,1.79,1.79,98692041,98692041,https://www.six-group.com/en/products-services/the-swiss-stock-exchange.html,https://www.six-group.com/en/products-services/the-swiss-stock-exchange.html,1620594129,17:02:09,20210509
7,2013-12-31,KGX.SW,EUR,2013-12-31,2013-12-31,FY,4494600000,3255200000,1239400000,0.2757531259733903,113600000,290000000,538200000,50000000.0,931200000.0,4186400000,258900000.0,334600000,642800000,0.14301606372090953,308200000,0.06857117429804654,0.0,154300000,0.03433008499087794,15900000,138800000,0.030881502247141014,1.69,1.69,81980688,81980688,https://www.six-group.com/en/products-services/the-swiss-stock-exchange.html,https://www.six-group.com/en/products-services/the-swiss-stock-exchange.html,1620594129,17:02:09,20210509
8,2012-12-31,KGX.SW,EUR,2012-12-31,2012-12-31,FY,4726664000,3429914000,1296750000,0.27434782755871795,124454000,313190000,562404000,38102000.0,994852000.0,4424766000,293937000.0,365269000,667167000,0.14114965650192185,301898000,0.06387126311495804,0.0,310628000,0.06571823171691493,149540000,159008000,0.03364063957158791,2.486443,2.486443,63950000,63950000,https://www.six-group.com/en/products-services/the-swiss-stock-exchange.html,https://www.six-group.com/en/products-services/the-swiss-stock-exchange.html,1620594129,17:02:09,20210509
9,2011-12-31,KGX.SW,EUR,2011-12-31,2011-12-31,FY,4368395000,3256378000,1112017000,0.2545596265905441,119526000,283322000,520547000,0.0,911935000.0,4168313000,0.0,356021000,556103000,0.1273014459544066,200082000,0.045802176772018095,0.0,-58885000,-0.013479779186634908,34041000,-95093000,-0.02176840693206544,-1.48699,-1.48699,63950000,63950000,https://www.six-group.com/en/products-services/the-swiss-stock-exchange.html,https://www.six-group.com/en/products-services/the-swiss-stock-exchange.html,1620594129,17:02:09,20210509
10,2010-12-31,KGX.SW,EUR,2010-12-31,2010-12-31,FY,3534474000,2684353000,850121000,0.2405226350512127,103255000,247526000,483639000,2231000.0,812685000.0,3497038000,250761000.0,345571000,383007000,0.10836322462691761,37436000,0.01059167502717519,0.0,-231420000,-0.06547508907973294,-34722000,-198655000,-0.05620496854694645,-3.106411,-3.106411,63950000,63950000,https://www.six-group.com/en/products-services/the-swiss-stock-exchange.html,https://www.six-group.com/en/products-services/the-swiss-stock-exchange.html,1620594129,17:02:09,20210509
11,2009-12-31,KGX.SW,EUR,2009-12-31,2009-12-31,FY,3084343000,2484174000,600169000,0.19458568648169156,100526000,260423000,433692000,2429000.0,774878000.0,3259052000,233700000.0,364927000,190218000,0.06167212920223205,-174709000,-0.056643829820483646,0.0,-405110000,-0.13134401718615601,-38888000,-367514000,-0.11915471139234514,-5.746896,-5.746896,63950000,63950000,https://www.six-group.com/en/products-services/the-swiss-stock-exchange.html,https://www.six-group.com/en/products-services/the-swiss-stock-exchange.html,1620594129,17:02:09,20210509
