,date,symbol,reportedCurrency,fillingDate,acceptedDate,period,revenue,costOfRevenue,grossProfit,grossProfitRatio,researchAndDevelopmentExpenses,generalAndAdministrativeExpenses,sellingAndMarketingExpenses,otherExpenses,operatingExpenses,costAndExpenses,interestExpense,depreciationAndAmortization,ebitda,ebitdaratio,operatingIncome,operatingIncomeRatio,totalOtherIncomeExpensesNet,incomeBeforeTax,incomeBeforeTaxRatio,incomeTaxExpense,netIncome,netIncomeRatio,eps,epsdiluted,weightedAverageShsOut,weightedAverageShsOutDil,link,finalLink,timestamp,est_time,est_date
0,2020-12-31,SRLP,USD,2021-03-05,2021-03-04 17:39:56,FY,2335983000,2105871000,230112000,0.09850756619376083,0.0,81514000,0.0,1948000.0,150490000,2256361000,40669000,39094000,118716000,0.05082057532096766,79622000.0,0.034085008324118794,1948000.0,41200000,0.017637114653659722,7389000.0,33811000,0.01447399231929342,1.4870530374479987,1.4870530374479987,22736916,22736916,https://www.sec.gov/Archives/edgar/data/1525287/000152528721000017/0001525287-21-000017-index.htm,https://www.sec.gov/Archives/edgar/data/1525287/000152528721000017/srlp-20201231.htm,1620598281,18:11:21,20210509
1,2019-12-31,SRLP,USD,2020-03-05,2020-03-05 16:44:08,FY,3502410000,3262018000,240392000,0.06863616766740616,0.0,78135000,0.0,-378000.0,163059000,3425077000,42944000,34015000,111348000,0.031791823344497074,77333000.0,0.022079939241836335,-378000.0,34566000,0.009869204347863328,3310000.0,31256000,0.008924140805902222,1.3746807174728535,1.3726301259375844,22736916,22770883,https://www.sec.gov/Archives/edgar/data/1525287/000152528720000012/0001525287-20-000012-index.htm,https://www.sec.gov/Archives/edgar/data/1525287/000152528720000012/srlp-20191231x10k.htm,1620598281,18:11:21,20210509
2,2018-12-31,SRLP,USD,2019-03-14,2019-03-14 16:51:21,FY,3771133000,3478763000,292370000,0.07752842448144895,0.0,80799000,0.0,293000.0,169458000,3648221000,38931000,33378000,156290000,0.041443778302170727,122912000.0,0.03259285737204177,293000.0,84851000,0.022500134574940742,5032000.0,79819000,0.021165787576306643,3.17,3.16,22728218,22737404,https://www.sec.gov/Archives/edgar/data/1525287/000152528719000016/0001525287-19-000016-index.htm,https://www.sec.gov/Archives/edgar/data/1525287/000152528719000016/srlp-20181231x10k.htm,1620598281,18:11:21,20210509
3,2017-12-31,SRLP,USD,2018-03-14,2018-03-14 17:08:02,FY,2854996000,2630913000,224083000,0.07848802590266327,0.0,87582000,0.0,108000.0,159866000,2790779000,31345000,28125000,92342000,0.03234400328406765,64217000.0,0.022492851128337835,108000.0,33319000,0.011670419152951528,3822000.0,29497000,0.010331713249335552,1.15,1.13,22208964,22474872,https://www.sec.gov/Archives/edgar/data/1525287/000152528718000037/0001525287-18-000037-index.htm,https://www.sec.gov/Archives/edgar/data/1525287/000152528718000037/srlp-20171231x10k.htm,1620598281,18:11:21,20210509
4,2016-12-31,SRLP,USD,2017-03-10,2017-03-10 16:46:50,FY,2389998000,2200326000,189672000,0.07936073586672457,0.0,84257000,0.0,-114000.0,150139000,2350465000,27533000,21237000,60770000,0.025426799520334328,39533000.0,0.016541018025956505,-114000.0,12274000,0.005135569151103892,2108000.0,10166000,0.0042535600448201216,0.4,0.38,21274397,21632587,https://www.sec.gov/Archives/edgar/data/1525287/000152528717000047/0001525287-17-000047-index.htm,https://www.sec.gov/Archives/edgar/data/1525287/000152528717000047/srlp-20161231x10k.htm,1620598281,18:11:21,20210509
5,2015-12-31,SRLP,USD,2016-03-10,2016-03-10 16:27:49,FY,3481914000,3209266000,272648000,0.07830405920421929,0.0,94403000,0.0,298000.0,165871000,3375137000,27367000,20342000,127119000,0.036508368673091866,106777000.0,0.030666179578243462,298000.0,80164000,0.023022969550655185,1816000.0,78348000,0.02250141732392012,3.71,3.65,21047911,21213303,https://www.sec.gov/Archives/edgar/data/1525287/000152528716000068/0001525287-16-000068-index.htm,https://www.sec.gov/Archives/edgar/data/1525287/000152528716000068/srlp-20151231x10k.htm,1620598281,18:11:21,20210509
6,2014-12-31,SRLP,USD,2015-03-16,2015-03-16 15:35:36,FY,5069762000,4772656000,297106000,0.0586035399689374,0.0,76420000,0.0,-288000.0,139413000,4912069000,29651000,17625000,175318000,0.034581110513669085,157693000.0,0.031104615956330888,-288000.0,128323000,0.025311444600357967,5509000.0,122814000,0.02422480581928698,5.88,5.84,20203898,20267536,https://www.sec.gov/Archives/edgar/data/1525287/000119312515093473/0001193125-15-093473-index.htm,https://www.sec.gov/Archives/edgar/data/1525287/000119312515093473/d857177d10k.htm,1620598281,18:11:21,20210509
7,2013-12-31,SRLP,USD,2014-03-27,2014-03-27 16:37:35,FY,4600734000,4490194000,110540000,0.024026600972801297,0.0,53580000,0.0,568000.0,105419000,4595613000,28695000,15452000,20573000,0.0044716777801107385,5121000.0,0.0011130832601928301,568000.0,-22403000,-0.004869440397988669,5097000.0,-27500000,-0.00597730709925851,-1.5,-1.5,20144000,20144000,https://www.sec.gov/Archives/edgar/data/1525287/000119312514118659/0001193125-14-118659-index.htm,https://www.sec.gov/Archives/edgar/data/1525287/000119312514118659/d662340d10k.htm,1620598281,18:11:21,20210509
