,date,symbol,reportedCurrency,fillingDate,acceptedDate,period,revenue,costOfRevenue,grossProfit,grossProfitRatio,researchAndDevelopmentExpenses,generalAndAdministrativeExpenses,sellingAndMarketingExpenses,otherExpenses,operatingExpenses,costAndExpenses,interestExpense,depreciationAndAmortization,ebitda,ebitdaratio,operatingIncome,operatingIncomeRatio,totalOtherIncomeExpensesNet,incomeBeforeTax,incomeBeforeTaxRatio,incomeTaxExpense,netIncome,netIncomeRatio,eps,epsdiluted,weightedAverageShsOut,weightedAverageShsOutDil,link,finalLink,timestamp,est_time,est_date
0,2020-06-30,QTM.AX,AUD,2020-06-30,2020-06-30,FY,58309000.0,31032000.0,27277000.0,0.46780085407055516,77000.0,11788000.0,1174000.0,722000.0,20219000.0,0.0,736000.0,1553000.0,8611000.0,0.14767874599118488,7058000.0,0.12104477867910614,722000.0,7235000.0,0.12408033065221492,816000.0,5446000.0,0.09339896070932446,0.0049,0.0048,1114455832.0,1134583333.0,,,1620597018,17:50:18,20210509
1,2019-06-30,QTM.AX,AUD,2019-06-30,2019-06-30,FY,57955000.0,35044000.0,22911000.0,0.3953239582434648,145000.0,12186000.0,848000.0,1184000.0,20706000.0,0.0,1092000.0,628000.0,2833000.0,0.04888275386075403,2205000.0,0.03804676041756535,1184000.0,2610000.0,0.0450349409024243,-197000.0,1905000.0,0.03287033042878095,0.0017,0.0017,1093308291.0,1093308291.0,,,1620597018,17:50:18,20210509
2,2018-06-30,QTM.AX,AUD,2018-06-30,2018-06-30,FY,65349000.0,35066000.0,30283000.0,0.4634041836906456,224000.0,13098000.0,890000.0,1487000.0,25089000.0,0.0,1371000.0,501000.0,5695000.0,0.08714746973939923,5194000.0,0.07948094079480941,1487000.0,5618000.0,0.08596918085969181,1031000.0,3127000.0,0.047850770478507706,0.003,0.003,1033308291.0,1033308291.0,,,1620597018,17:50:18,20210509
3,2017-06-30,QTM.AX,AUD,2017-06-30,2017-06-30,FY,57625000.0,33606000.0,24019000.0,0.4168156182212581,515000.0,13710000.0,664000.0,251000.0,23231000.0,0.0,1277000.0,405000.0,1193000.0,0.02070281995661605,788000.0,0.013674620390455531,-155000.0,-243000.0,-0.004216919739696312,498000.0,-1709000.0,-0.029657266811279826,-0.0017,-0.0017,1018308291.0,1018308291.0,,,1620597018,17:50:18,20210509
4,2016-06-30,QTM.AX,AUD,2016-06-30,2016-06-30,FY,57838000.0,36761000.0,21077000.0,0.3644143988381341,524000.0,14789000.0,648000.0,2053000.0,22583000.0,0.0,1592000.0,438000.0,-1068000.0,-0.01846536878868564,-1506000.0,-0.026038244752584806,2064000.0,-580000.0,-0.010028009267263736,-100000.0,-642000.0,-0.011099968878591928,-0.0006,-0.0006,1018308291.0,1018308291.0,,,1620597018,17:50:18,20210509
5,2015-06-30,QTM.AX,AUD,2015-06-30,2015-06-30,FY,38476000.0,21686000.0,16790000.0,0.43637592265308245,398000.0,12243000.0,587000.0,4645000.0,19430000.0,0.0,892000.0,232000.0,-2408000.0,-0.06258446823994178,-2640000.0,-0.0686142010604013,4645000.0,1596000.0,0.04148040336833351,192000.0,409000.0,0.01063000311882732,0.0004,0.0004,1018308291.0,1018308291.0,,,1620597018,17:50:18,20210509
6,2014-06-30,QTM.AX,AUD,2014-06-30,2014-06-30,FY,31684000.0,18231000.0,13453000.0,0.42459916677187226,249000.0,9161000.0,206000.0,445000.0,13064000.0,0.0,763000.0,211000.0,600000.0,0.01893700290367378,389000.0,0.012277490215881834,887000.0,844000.0,0.02663805075116778,5557000.0,-4722000.0,-0.14903421285191265,-0.0046,-0.0046,1018308291.0,1018308291.0,,,1620597018,17:50:18,20210509
7,2013-06-30,QTM.AX,AUD,2013-06-30,2013-06-30,FY,41702000.0,24313000.0,17389000.0,0.416982398925711,555000.0,11686000.0,386000.0,36000.0,16853000.0,0.0,740000.0,365000.0,901000.0,0.021605678384729748,536000.0,0.012853100570716033,-403000.0,-329000.0,-0.00788930986523428,3000.0,-408000.0,-0.009783703419500264,-0.0004,-0.0004,1018308291.0,1018308291.0,,,1620597018,17:50:18,20210509
8,2012-06-30,QTM.AX,AUD,2012-06-30,2012-06-30,FY,41307000.0,22568000.0,18739000.0,0.4536519234028131,167000.0,13274000.0,678000.0,-449000.0,19418000.0,0.0,1069000.0,651000.0,-28000.0,-0.0006778512116590408,-679000.0,-0.01643789188273174,-976000.0,-2533000.0,-0.06132132568329823,-580000.0,-3696000.0,-0.08947635993899339,-0.0036,-0.0036,1018308291.0,1018308291.0,,,1620597018,17:50:18,20210509
9,2011-06-30,QTM.AX,AUD,2011-06-30,2011-06-30,FY,43749000.0,23774000.0,19975000.0,0.4565818647283367,124000.0,14975000.0,468000.0,-3682000.0,19652000.0,0.0,1523000.0,632000.0,955000.0,0.021829070378751515,323000.0,0.007383025897734805,-5535000.0,-6684000.0,-0.15278063498594255,-1461000.0,-9866000.0,-0.2255137260280235,-0.0097,-0.0097,1018308291.0,1018308291.0,,,1620597018,17:50:18,20210509
10,2010-06-30,QTM.AX,AUD,2010-06-30,2010-06-30,FY,79418000.0,39303000.0,40115000.0,0.5051121911909139,29000.0,14033000.0,1175000.0,-680000.0,23628000.0,0.0,1562000.0,529000.0,17016000.0,0.21425873227731748,16487000.0,0.2075977738044272,-2056000.0,13048000.0,0.16429524792868117,4579000.0,8469000.0,0.10663829358583696,0.0083,0.0083,1018308291.0,1018308291.0,,,1620597018,17:50:18,20210509
11,2009-06-30,QTM.AX,AUD,2009-06-30,2009-06-30,FY,106374000.0,47371000.0,59003000.0,0.5546750145712298,33000.0,9303000.0,1385000.0,0.0,17039000.0,0.0,1630000.0,232000.0,42196000.0,0.3966758794442251,41964000.0,0.39449489536916915,15000.0,40397000.0,0.3797638520691146,10136000.0,30261000.0,0.284477409893395,0.0297,0.0296,1018308291.0,1022331081.0,,,1620597018,17:50:18,20210509
12,2008-06-30,QTM.AX,AUD,2008-06-30,2008-06-30,FY,29488000.0,12654000.0,16834000.0,0.5708762886597938,229000.0,6292000.0,235000.0,-691000.0,12865000.0,0.0,1650000.0,144000.0,4113000.0,0.13948046663049377,3969000.0,0.1345971242539338,-10180000.0,-7759000.0,-0.26312398263700487,-55000.0,-7704000.0,-0.26125881714595767,-0.0075,-0.0075,1018308291.0,1018308291.0,,,1620597018,17:50:18,20210509
13,2007-06-30,QTM.AX,AUD,2007-06-30,2007-06-30,FY,35498000.0,17118000.0,18380000.0,0.5177756493323568,171000.0,5418000.0,231000.0,0.0,12043000.0,0.0,1560000.0,75000.0,6412000.0,0.18062989464195167,6337000.0,0.1785170995549045,-106000.0,4844000.0,0.13645839202208576,929000.0,3915000.0,0.11028790354386163,0.0038,0.0038,1018308291.0,1018308291.0,,,1620597018,17:50:18,20210509
14,2006-06-30,QTM.AX,AUD,2006-06-30,2006-06-30,FY,11815000.0,12436000.0,-621000.0,-0.052560304697418535,509000.0,3760000.0,89000.0,14050000.0,5497000.0,0.0,477000.0,44000.0,-6074000.0,-0.5140922556072789,-6118000.0,-0.5178163351671604,13256000.0,6668000.0,0.5643673296656793,2515000.0,4153000.0,0.35150232754972494,0.0047,0.0047,888362000.0,888362000.0,,,1620597018,17:50:18,20210509
15,2005-06-30,QTM.AX,AUD,2005-06-30,2005-06-30,FY,15229000.0,9589000.0,5640000.0,0.3703460502987721,944000.0,4121000.0,210000.0,12000.0,7776000.0,0.0,596000.0,506000.0,-1630000.0,-0.10703263510407775,-2136000.0,-0.1402587169216626,-678000.0,-3401000.0,-0.2233239214656248,-3401000.0,337000.0,0.022128833147284786,-0.0028,-0.0028,884680000.0,884680000.0,,,1620597018,17:50:18,20210509
16,2004-06-30,QTM.AX,AUD,2004-06-30,2004-06-30,FY,13976000.0,9908000.0,4068000.0,0.29107040641099025,1168000.0,3482000.0,0.0,9000.0,8478000.0,0.0,295000.0,626000.0,-3784000.0,-0.2707498568975386,-4410000.0,-0.3155409273039496,263000.0,-4355000.0,-0.3116056096164854,-4355000.0,97000.0,0.006940469376073268,-0.0031,-0.0031,877335000.0,877335000.0,,,1620597018,17:50:18,20210509
17,2003-06-30,QTM.AX,AUD,2003-06-30,2003-06-30,FY,7818563.0,3499766.0,4318797.0,0.5523773358352424,0.0,2149678.0,0.0,270046.0,67690518.0,0.0,505069.0,62792528.0,-579193.0,-0.07407921378903003,-63371721.0,-8.105290064171639,270046.0,-63602446.0,-8.134799962601823,-63602446.0,124534.0,0.015927990859701455,-0.0718,-0.0718,872059402.0,872059402.0,,,1620597018,17:50:18,20210509
18,2002-06-30,QTM.AX,AUD,2002-06-30,2002-06-30,FY,1757206.0,1009781.0,747425.0,0.4253485362558516,0.0,1986202.0,69809.0,-939000.0,2056011.0,0.0,196006.0,1073000.0,-235586.0,-0.13406851558667568,-1308586.0,-0.7446969791817237,-939000.0,-1462104.0,-0.8320618072098548,-1462104.0,-1466971.0,-0.834831545077811,-0.004875,-0.004875,301538080.0,301538080.0,,,1620597018,17:50:18,20210509
19,2001-06-30,QTM.AX,AUD,2001-06-30,2001-06-30,FY,0.0,0.0,0.0,0.0,0.0,7000.0,0.0,-40499.5,18600.0,0.0,0.0,0.0,-18600.0,0.0,-18600.0,0.0,-40499.5,4947.18,0.0,4947.18,4947.18,0.0,0.0003,0.0003,16120100.0,16120100.0,,,1620597018,17:50:18,20210509
20,2000-06-30,QTM.AX,AUD,2000-06-30,2000-06-30,FY,60000.0,0.0,60000.0,1.0,0.0,55000.0,0.0,450.0,55064.0,0.0,0.0,0.0,-55064.0,-0.9177333333333333,-55064.0,-0.9177333333333333,450.0,4643.0,0.07738333333333333,0.0,4643.0,0.07738333333333333,0.0003,0.0003,16120100.0,16120100.0,,,1620597018,17:50:18,20210509
21,1999-06-30,QTM.AX,AUD,1999-06-30,1999-06-30,FY,0.0,0.0,0.0,0.0,0.0,0.0,0.0,0.0,0.0,0.0,0.0,0.0,0.0,0.0,0.0,0.0,0.0,-16895.0,0.0,-16895.0,-16895.0,0.0,-0.001,-0.001,17000000.0,17000000.0,,,1620597018,17:50:18,20210509
22,1998-06-30,QTM.AX,AUD,1998-06-30,1998-06-30,FY,0.0,0.0,0.0,0.0,0.0,0.0,0.0,0.0,0.0,0.0,0.0,0.0,-17817.0,0.0,0.0,0.0,0.0,-17817.0,0.0,-17817.0,-17817.0,0.0,-0.0025,-0.0025,16120100.0,16120100.0,,,1620597018,17:50:18,20210509
23,1997-06-30,QTM.AX,AUD,1997-06-30,1997-06-30,FY,0.0,0.0,0.0,0.0,0.0,0.0,0.0,0.0,0.0,0.0,3.0,0.0,5586.0,0.0,0.0,0.0,0.0,5583.0,0.0,5583.0,14889.0,0.0,0.0009236295060204341,0.0009236295060204341,16120100.0,16120100.0,,,1620597018,17:50:18,20210509
24,1996-06-30,QTM.AX,AUD,1996-06-30,1996-06-30,FY,0.0,0.0,0.0,0.0,0.0,0.0,0.0,0.0,0.0,0.0,2.0,0.0,-4724.0,0.0,0.0,0.0,0.0,-4726.0,0.0,-4726.0,-14153.0,0.0,-0.0005,-0.0005,16120100.0,16120100.0,,,1620597018,17:50:18,20210509
25,1995-06-30,QTM.AX,AUD,1995-06-30,1995-06-30,FY,0.0,0.0,0.0,0.0,0.0,0.0,0.0,0.0,0.0,0.0,0.0,0.0,-11000.0,0.0,0.0,0.0,0.0,-11000.0,0.0,-11000.0,-11000.0,0.0,-0.00075,-0.00075,14666667.0,14666667.0,,,1620597018,17:50:18,20210509
26,1994-06-30,QTM.AX,AUD,1994-06-30,1994-06-30,FY,0.0,0.0,0.0,0.0,0.0,0.0,0.0,0.0,0.0,0.0,0.0,0.0,-9000.0,0.0,0.0,0.0,0.0,-9000.0,0.0,-9000.0,-12000.0,0.0,-0.00075,-0.00075,16000000.0,16000000.0,,,1620597018,17:50:18,20210509
27,1993-06-30,QTM.AX,AUD,1993-06-30,1993-06-30,FY,0.0,0.0,0.0,0.0,0.0,0.0,0.0,0.0,0.0,0.0,0.0,0.0,-50000.0,0.0,0.0,0.0,0.0,-50000.0,0.0,-50000.0,-50000.0,0.0,-0.028,-0.028,1785714.0,1785714.0,,,1620597018,17:50:18,20210509
28,1992-06-30,QTM.AX,AUD,1992-06-30,1992-06-30,FY,0.0,0.0,0.0,0.0,0.0,0.0,0.0,0.0,0.0,0.0,11000.0,0.0,32000.0,0.0,0.0,0.0,0.0,21000.0,0.0,21000.0,12000.0,0.0,0.015,0.015,1800000.0,1800000.0,,,1620597018,17:50:18,20210509
29,1991-06-30,QTM.AX,AUD,1991-06-30,1991-06-30,FY,0.0,0.0,0.0,0.0,0.0,0.0,0.0,0.0,0.0,0.0,51000.0,0.0,63000.0,0.0,0.0,0.0,0.0,12000.0,0.0,12000.0,7000.0,0.0,0.003920000627200101,0.003920000627200101,1785714.0,1785714.0,,,1620597018,17:50:18,20210509
30,1990-06-30,QTM.AX,AUD,1990-06-30,1990-06-30,FY,0.0,0.0,0.0,0.0,0.0,0.0,0.0,0.0,0.0,0.0,32000.0,0.0,24000.0,0.0,0.0,0.0,0.0,-8000.0,0.0,-8000.0,-3000.0,0.0,-0.001680000268800043,-0.001680000268800043,1785714.0,1785714.0,,,1620597018,17:50:18,20210509
