,date,symbol,reportedCurrency,fillingDate,acceptedDate,period,revenue,costOfRevenue,grossProfit,grossProfitRatio,researchAndDevelopmentExpenses,generalAndAdministrativeExpenses,sellingAndMarketingExpenses,otherExpenses,operatingExpenses,costAndExpenses,interestExpense,depreciationAndAmortization,ebitda,ebitdaratio,operatingIncome,operatingIncomeRatio,totalOtherIncomeExpensesNet,incomeBeforeTax,incomeBeforeTaxRatio,incomeTaxExpense,netIncome,netIncomeRatio,eps,epsdiluted,weightedAverageShsOut,weightedAverageShsOutDil,link,finalLink,timestamp,est_time,est_date
0,2020-09-30,BRKS,USD,2020-11-18,2020-11-18 16:10:22,FY,897273000,517249000,380024000.0,0.4235321914289185,59063000.0,241137000.0,0.0,-1391000.0,300200000.0,817449000,2944000.0,65496000.0,145320000.0,0.16195739758133812,79824000.0,0.08896289089273833,-2757000.0,74972000.0,0.08355539506928215,9937000.0,64853000.0,0.07227789089831077,0.8816699974169692,0.8781719702098849,73557000.0,73850000.0,https://www.sec.gov/Archives/edgar/data/933974/000155837020013971/0001558370-20-013971-index.htm,https://www.sec.gov/Archives/edgar/data/933974/000155837020013971/brks-20200930x10k.htm,1620589668,15:47:48,20210509
1,2019-09-30,BRKS,USD,2019-12-17 00:00:00,2019-12-17 07:57:25,FY,780848000,464588000,316260000.0,0.4050212077126406,56368000.0,211960000.0,0.0,-1455000.0,268328000.0,732916000,22250000.0,54454000.0,102386000.0,0.13112154990471897,47932000.0,0.06138454603200623,-17688000.0,9443000.0,0.012093262709259677,-111000.0,437416000.0,0.5601807265946765,6.08,6.05,71992000.0,72386000.0,https://www.sec.gov/Archives/edgar/data/933974/000155837019011541/0001558370-19-011541-index.html,https://www.sec.gov/Archives/edgar/data/933974/000155837019011541/brks-20190930x10k42a7dd.htm,1620589668,15:47:48,20210509
2,2018-09-30,BRKS,USD,2018-11-29 00:00:00,2018-11-29 12:46:09,FY,631560000,385479000,246081000.0,0.38963993919817597,46936000.0,167022000.0,0.0,-3304000.0,213958000.0,599437000,9520000.0,37429000.0,69552000.0,0.11012730381911458,32123000.0,0.050862942554943315,-4018000.0,20466000.0,0.03240547216416492,-47251000.0,116575000.0,0.1845826208119577,1.65,1.64,70489000.0,70937000.0,https://www.sec.gov/Archives/edgar/data/933974/000155837018009497/0001558370-18-009497-index.html,https://www.sec.gov/Archives/edgar/data/933974/000155837018009497/brks-20180930x10k.htm,1620589668,15:47:48,20210509
3,2017-09-30,BRKS,USD,2017-11-17 00:00:00,2017-11-17 07:56:11,FY,692885000,425481000,267404000.0,0.38592840081687435,47004000.0,153061000.0,0.0,-645000.0,200065000.0,625546000,408000.0,28149000.0,95488000.0,0.13781219105623588,67339000.0,0.0971864017838458,-2024000.0,65371000.0,0.09434610361026721,12140000.0,62612000.0,0.09036420185167812,0.9,0.89,69575000.0,70485000.0,https://www.sec.gov/Archives/edgar/data/933974/000155837017009004/0001558370-17-009004-index.html,https://www.sec.gov/Archives/edgar/data/933974/000155837017009004/brks-20170930x10k.htm,1620589668,15:47:48,20210509
4,2016-09-30,BRKS,USD,2016-11-29 00:00:00,2016-11-29 07:47:00,FY,560323000,362242000,198081000.0,0.3535121706587094,51543000.0,130261000.0,0.0,-579000.0,181804000.0,544046000,157000.0,28046000.0,44323000.0,0.07910258904239162,16277000.0,0.029049316197978667,-12618000.0,3954000.0,0.007056644114198418,75810000.0,-69476000.0,-0.12399276845676512,-1.01,-1.01,68507000.0,68507000.0,https://www.sec.gov/Archives/edgar/data/933974/000093397416000096/0000933974-16-000096-index.html,https://www.sec.gov/Archives/edgar/data/933974/000093397416000096/brks10-k2016.htm,1620589668,15:47:48,20210509
5,2015-09-30,BRKS,USD,2015-11-05 00:00:00,2015-11-05 17:04:40,FY,552708000,363603000,189105000.0,0.3421426865542022,52232000.0,115270000.0,0.0,421000.0,167502000.0,531105000,395000.0,25160000.0,46763000.0,0.0846070619567656,21603000.0,0.039085737857964785,-4292000.0,17815000.0,0.03223220941256504,3430000.0,14221000.0,0.02572968004805431,0.21095963566776935,0.207457439204073,67411000.0,68549000.0,https://www.sec.gov/Archives/edgar/data/933974/000093397415000037/0000933974-15-000037-index.html,https://www.sec.gov/Archives/edgar/data/933974/000093397415000037/brks10-k2015.htm,1620589668,15:47:48,20210509
6,2014-09-30,BRKS,USD,2014-11-13 00:00:00,2014-11-13 16:19:49,FY,482848000,315511000,167337000.0,0.3465624792895487,52649000.0,111098000.0,0.0,256000.0,163747000.0,479258000,202000.0,23459000.0,27049000.0,0.05601969978129764,3590000.0,0.007435052024653721,-6033000.0,-1695000.0,-0.0035104214991053084,-1980000.0,31361000.0,0.06495004639141096,0.47,0.46,66648000.0,67644000.0,https://www.sec.gov/Archives/edgar/data/933974/000093397414000042/0000933974-14-000042-index.html,https://www.sec.gov/Archives/edgar/data/933974/000093397414000042/brks10-k2014.htm,1620589668,15:47:48,20210509
7,2013-09-30,BRKS,USD,2013-11-22 00:00:00,2013-11-22 16:03:58,FY,450952000,304970000,145982000.0,0.32371959765119124,48991000.0,99545000.0,0.0,1227000.0,148536000.0,453506000,2000.0,24155000.0,21601000.0,0.04790088523834022,-2554000.0,-0.005663573950220866,-5238000.0,-6762000.0,-0.014994944029519772,-2170000.0,-2215000.0,-0.0049118309709237345,-0.03,-0.03,65912000.0,65912000.0,https://www.sec.gov/Archives/edgar/data/933974/000093397413000033/0000933974-13-000033-index.html,https://www.sec.gov/Archives/edgar/data/933974/000093397413000033/brks10-k2013.htm,1620589668,15:47:48,20210509
8,2012-09-30,BRKS,USD,2012-11-21 00:00:00,2012-11-21 15:06:16,FY,519451000,345965000,173486000.0,0.3339795283867006,47464000.0,110160000.0,0.0,0.0,157624000.0,503589000,14000.0,21620000.0,37482000.0,0.07215695031870185,15862000.0,0.03053608521304223,-5641000.0,11420000.0,0.021984749283378027,-123282000.0,136789000.0,0.26333378894255666,2.1,2.08,65128000.0,65722000.0,https://www.sec.gov/Archives/edgar/data/933974/000119312512478743/0001193125-12-478743-index.html,https://www.sec.gov/Archives/edgar/data/933974/000119312512478743/d412819d10k.htm,1620589668,15:47:48,20210509
9,2011-09-30,BRKS,USD,2011-11-28 00:00:00,2011-11-28 14:01:31,FY,688105000,465084000,223021000.0,0.324108965928165,39846000.0,102542000.0,0.0,0.0,142388000.0,607472000,65000.0,17249000.0,97882000.0,0.14224863937916452,80633000.0,0.1171812441415191,45855000.0,127576000.0,0.18540193720435108,1954000.0,128352000.0,0.18652967207039622,1.99,1.97,64549000.0,65003000.0,https://www.sec.gov/Archives/edgar/data/933974/000095012311100638/0000950123-11-100638-index.html,https://www.sec.gov/Archives/edgar/data/933974/000095012311100638/b86630e10vk.htm,1620589668,15:47:48,20210509
10,2010-09-30,BRKS,USD,2010-11-23 00:00:00,2010-11-23 14:17:22,FY,592972000,426677000,166295000.0,0.28044325870361503,31162000.0,85597000.0,0.0,0.0,116759000.0,543436000,80000.0,18420000.0,67956000.0,0.11460237582887556,49536000.0,0.08353851446611307,5487000.0,56064000.0,0.09454746598490317,-2746000.0,58982000.0,0.09946844033107803,0.9248161562945889,0.9190949605759342,63777000.0,64174000.0,https://www.sec.gov/Archives/edgar/data/933974/000095012310108180/0000950123-10-108180-index.html,https://www.sec.gov/Archives/edgar/data/933974/000095012310108180/b83431e10vk.htm,1620589668,15:47:48,20210509
11,2009-09-30,BRKS,USD,2009-11-18 00:00:00,2009-11-18 15:55:50,FY,218706000,224702000,-5996000.0,-0.02741580020667014,31607000.0,91231000.0,0.0,0.0,122838000.0,347540000,454000.0,25856000.0,-102978000.0,-0.47085127980027985,-128834000.0,-0.5890739165820782,-100410000.0,-226917000.0,-1.0375435516172395,643000.0,-227858000.0,-1.0418461313361316,-3.62,-3.62,62911000.0,62911000.0,https://www.sec.gov/Archives/edgar/data/933974/000095012309063911/0000950123-09-063911-index.html,https://www.sec.gov/Archives/edgar/data/933974/000095012309063911/b77442e10vk.htm,1620589668,15:47:48,20210509
12,2008-09-30,BRKS,USD,2008-11-26 00:00:00,2008-11-26 12:18:01,FY,526366000,399538000,126828000.0,0.24095021334964645,42924000.0,110516000.0,0.0,0.0,357010000.0,756548000,0.0,34538000.0,-195644000.0,-0.3716881409513532,-230182000.0,-0.4373040811906544,-215829000.0,-236152000.0,-0.448645999171679,1233000.0,-235946000.0,-0.44825463650767716,-3.66,-3.66,64542000.0,64542000.0,https://www.sec.gov/Archives/edgar/data/933974/000095013508007630/0000950135-08-007630-index.html,https://www.sec.gov/Archives/edgar/data/933974/000095013508007630/b73008bae10vk.htm,1620589668,15:47:48,20210509
13,2007-09-30,BRKS,USD,2007-11-29 00:00:00,2007-11-29 13:37:18,FY,743258000,523663000,219595000.0,0.29544922489902564,51715000.0,120421000.0,0.0,0.0,172136000.0,695799000,0.0,32801000.0,80260000.0,0.10798403784419408,47459000.0,0.0638526595071967,-2117000.0,55636000.0,0.07485422289433817,2287000.0,151472000.0,0.20379464465905514,2.06,2.04,73492000.0,74074000.0,https://www.sec.gov/Archives/edgar/data/933974/000095013507007225/0000950135-07-007225-index.html,https://www.sec.gov/Archives/edgar/data/933974/000095013507007225/b67559bae10vk.htm,1620589668,15:47:48,20210509
14,2006-09-30,BRKS,USD,2006-12-14,2006-12-14 11:55:50,FY,692870000,448086000,244784000.0,0.3532899389495865,70671000.0,141032000.0,0.0,0.0,211703000.0,659789000,0.0,33901000.0,66982000.0,0.0966732576096526,33081000.0,0.04774488720827861,-7505000.0,29907000.0,0.04316394128768745,4732000.0,25930000.0,0.03742404780117482,0.35853048131299864,0.3574924517116347,72323000.0,72533000.0,https://www.sec.gov/Archives/edgar/data/933974/000095013506007417/b63216bae10vk.htm,https://www.sec.gov/Archives/edgar/data/933974/000095013506007417/b63216bae10vk.htm,1620589668,15:47:48,20210509
15,2005-09-30,BRKS,USD,2005-12-13,2005-12-13 16:41:48,FY,463746000,300944000,162802000.0,0.351058553604775,62771000.0,83152000.0,0.0,0.0,149023000.0,449967000,0.0,3100000.0,16879000.0,0.03639707943572559,13779000.0,0.029712385659391133,-14790000.0,-1196000.0,-0.0025789979859664556,5204000.0,-10057000.0,-0.02168644042212763,-0.22,-0.22,44919000.0,44919000.0,https://www.sec.gov/Archives/edgar/data/933974/000095013505006941/b57998bae10vk.htm,https://www.sec.gov/Archives/edgar/data/933974/000095013505006941/b57998bae10vk.htm,1620589668,15:47:48,20210509
16,2004-09-30,BRKS,USD,2004-12-14,2004-12-14 12:23:04,FY,539769000,335445000,204324000.0,0.37853970865314607,67133000.0,96768000.0,0.0,0.0,167564000.0,503009000,0.0,3663000.0,40423000.0,0.07488944344710423,36760000.0,0.06810320711267227,-6267000.0,25985000.0,0.048140964004972496,8053000.0,17721000.0,0.032830710915224846,0.41205878249546574,0.40766983367457266,43006000.0,43469000.0,https://www.sec.gov/Archives/edgar/data/933974/000095013504005642/b52428bae10vk.htm,https://www.sec.gov/Archives/edgar/data/933974/000095013504005642/b52428bae10vk.htm,1620589668,15:47:48,20210509
17,2003-09-30,BRKS,USD,2003-12-02,2003-12-02 16:24:40,FY,343610000,239944000,103666000.0,0.3016966910159774,72894000.0,98308000.0,0.0,0.0,215807000.0,455751000,0.0,44605000.0,-67536000.0,-0.19654841244434096,-112141000.0,-0.32636128168563194,-62524000.0,-180854000.0,-0.5263350891999651,4906000.0,-185760000.0,-0.5406129041646052,-5.05,-5.05,36774000.0,36774000.0,https://www.sec.gov/Archives/edgar/data/933974/000095013503005890/b48616bae10vk.htm,https://www.sec.gov/Archives/edgar/data/933974/000095013503005890/b48616bae10vk.htm,1620589668,15:47:48,20210509
18,2002-09-30,BRKS,USD,2002-12-30,2002-12-30 16:46:40,FY,304254000,221210000,83044000.0,0.2729430015710558,75055000.0,101205000.0,0.0,0.0,675830000.0,897040000,0.0,499570000.0,-93216000.0,-0.3063755940760023,-592786000.0,-1.948326069665477,-34176000.0,-627412000.0,-2.062132297356814,92816000.0,-719954000.0,-2.3662926370729718,-27.9,-27.9,25807000.0,25807000.0,https://www.sec.gov/Archives/edgar/data/933974/000095013502005743/b44487bpe10vk.htm,https://www.sec.gov/Archives/edgar/data/933974/000095013502005743/b44487bpe10vk.htm,1620589668,15:47:48,20210509
19,2001-09-30,BRKS,USD,2001-09-30,2001-09-30,FY,381716000,229332000,152384000.0,0.3992077879889761,60868000.0,95919000.0,0.0,0.0,186974000.0,416306000,0.0,30187000.0,-4403000.0,-0.011534753586435988,-34590000.0,-0.09061710800699997,-10404000.0,-36099000.0,-0.09457030881597837,-6439000.0,-29660000.0,-0.07770174684844229,-1.65,-1.65,18015000.0,18015000.0,,,1620589668,15:47:48,20210509
20,2000-09-30,BRKS,USD,2000-12-22 00:00:00,2000-12-22 00:00:00,FY,321099000,159657000,161442000.0,0.5027795165976848,42950000.0,70856000.0,0.0,0.0,144019000.0,303676000,0.0,30213000.0,47636000.0,0.14835300016505812,17423000.0,0.05426052401284339,-580000.0,25506000.0,0.07943344575971896,12753000.0,12753000.0,0.03971672287985948,0.84,0.78,15224000.0,16351000.0,https://www.sec.gov/Archives/edgar/data/933974/000095013500005529/0000950135-00-005529-index.html,https://www.sec.gov/Archives/edgar/data/933974/000095013500005529/b36902bre10-k.txt,1620589668,15:47:48,20210509
21,1999-09-30,BRKS,USD,1999-09-30,1999-09-30,FY,103900000,47800000,56100000.0,0.5399422521655438,22400000.0,31600000.0,0.0,0.0,64400000.0,112200000,0.0,10400000.0,2100000.0,0.02021174205967276,-8300000.0,-0.07988450433108758,-3300000.0,-8900000.0,-0.08565928777670838,-1000000.0,-7900000.0,-0.07603464870067372,-0.76,-0.76,11192000.0,11192000.0,,,1620589668,15:47:48,20210509
22,1998-09-30,BRKS,USD,1998-12-30 00:00:00,1998-12-30 00:00:00,FY,99900000,64300000,35600000.0,0.3563563563563564,22700000.0,26500000.0,0.0,0.0,57300000.0,121600000,0.0,8100000.0,-13600000.0,-0.13613613613613615,-21700000.0,-0.2172172172172172,-100000.0,-22700000.0,-0.22722722722722724,-4300000.0,-18400000.0,-0.1841841841841842,-1.84,-1.84,10269000.0,10269000.0,https://www.sec.gov/Archives/edgar/data/933974/000092701698004370/0000927016-98-004370-index.html,https://www.sec.gov/Archives/edgar/data/933974/0000927016-98-004370.txt,1620589668,15:47:48,20210509
23,1997-09-30,BRKS,USD,1997-09-30,1997-09-30,FY,86400000,53600000,32800000.0,0.37962962962962965,14200000.0,12800000.0,0.0,0.0,31800000.0,85400000,0.0,4800000.0,5800000.0,0.06712962962962964,1000000.0,0.011574074074074073,100000.0,400000.0,0.004629629629629629,-400000.0,800000.0,0.009259259259259259,0.1,0.1,8435000.0,8435000.0,,,1620589668,15:47:48,20210509
24,1996-09-30,BRKS,USD,1996-12-30 00:00:00,1996-12-30 00:00:00,FY,90400000,49500000,40900000.0,0.4524336283185841,12400000.0,12400000.0,0.0,0.0,27900000.0,77400000,0.0,3100000.0,16100000.0,0.17809734513274336,13000000.0,0.14380530973451328,300000.0,13000000.0,0.14380530973451328,4500000.0,8500000.0,0.09402654867256637,1.04,1.04,8199000.0,8199000.0,https://www.sec.gov/Archives/edgar/data/933974/000092701696002081/0000927016-96-002081-index.html,https://www.sec.gov/Archives/edgar/data/933974/0000927016-96-002081.txt,1620589668,15:47:48,20210509
25,1995-09-30,BRKS,USD,1995-09-30,1995-09-30,FY,45700000,26100000,19600000.0,0.4288840262582057,0.0,11800000.0,0.0,0.0,13000000.0,39100000,0.0,1200000.0,7800000.0,0.17067833698030635,6600000.0,0.14442013129102846,500000.0,6700000.0,0.14660831509846828,2100000.0,4600000.0,0.10065645514223195,0.72,0.72,6388889.0,6388889.0,,,1620589668,15:47:48,20210509
26,1994-09-30,BRKS,USD,1994-09-30,1994-09-30,FY,24000000,14200000,9800000.0,0.4083333333333333,0.0,6500000.0,0.0,0.0,7300000.0,21500000,0.0,800000.0,3300000.0,0.1375,2500000.0,0.10416666666666667,0.0,2200000.0,0.09166666666666666,700000.0,1500000.0,0.0625,0.32,0.32,4687500.0,4687500.0,,,1620589668,15:47:48,20210509
