,date,symbol,reportedCurrency,fillingDate,acceptedDate,period,revenue,costOfRevenue,grossProfit,grossProfitRatio,researchAndDevelopmentExpenses,generalAndAdministrativeExpenses,sellingAndMarketingExpenses,otherExpenses,operatingExpenses,costAndExpenses,interestExpense,depreciationAndAmortization,ebitda,ebitdaratio,operatingIncome,operatingIncomeRatio,totalOtherIncomeExpensesNet,incomeBeforeTax,incomeBeforeTaxRatio,incomeTaxExpense,netIncome,netIncomeRatio,eps,epsdiluted,weightedAverageShsOut,weightedAverageShsOutDil,link,finalLink,timestamp,est_time,est_date
0,2021-01-02,PGTI,USD,2021-03-02,2021-03-02 12:17:06,FY,882621000,561297000.0,321324000.0,0.36405659960504,0.0,224386000.0,0.0,0.0,224386000.0,785683000.0,-27719000.0,24014000.0,108725000.0,0.12318424329355408,84711000.0,0.09597664229607046,0.0,56992000.0,0.06457131656736016,11884000.0,45108000.0,0.05110687373176029,0.766009475775638,0.7627324991545485,58887000,59140000,https://www.sec.gov/Archives/edgar/data/1354327/000156459021010144/0001564590-21-010144-index.htm,https://www.sec.gov/Archives/edgar/data/1354327/000156459021010144/pgti-10k_20210102.htm,1620596530,17:42:10,20210509
1,2019-12-28,PGTI,USD,2020-02-26,2020-02-26 09:59:33,FY,744956000,484588000.0,260368000.0,0.349507890398896,0.0,171912000.0,0.0,0.0,177824000.0,662412000.0,26468000.0,34732000.0,117276000.0,0.15742674735152143,82544000.0,0.11080385955680604,0.0,56127000.0,0.07534270480404212,12439000.0,43688000.0,0.058645074339961016,0.7487745518116066,0.7385967878275571,58346000,59150000,https://www.sec.gov/Archives/edgar/data/1354327/000156459020006608/0001564590-20-006608-index.htm,https://www.sec.gov/Archives/edgar/data/1354327/000156459020006608/pgti-10k_20191228.htm,1620596530,17:42:10,20210509
2,2018-12-29,PGTI,USD,2019-02-27,2019-02-27 14:57:50,FY,698493000,455025000.0,243468000.0,0.3485618324020427,0.0,150910000.0,0.0,0.0,151734000.00000003,606759000.0,26598000.0,24450000.0,116184000.0,0.1663352388642406,91734000.0,0.13133130897517942,0.0,65205000.0,0.09335097130536742,11272000.0,53933000.0,0.07721337221704441,1.0280589390213684,0.9968025727276087,52461000,54106000,https://www.sec.gov/Archives/edgar/data/1354327/000156459019004831/0001564590-19-004831-index.htm,https://www.sec.gov/Archives/edgar/data/1354327/000156459019004831/pgti-10k_20181229.htm,1620596530,17:42:10,20210509
3,2017-12-30,PGTI,USD,2018-03-14,2018-03-14 16:32:12,FY,511081000,352097000.0,158984000.0,0.3110739784887327,0.0,98803000.0,0.0,0.0,98803000.0,450900000.0,20340000.0,19528000.0,79709000.0,0.15596157947566042,60181000.0,0.11775237193321607,0.0,39902000.0,0.07807372999583237,63000.0,39839000.0,0.07795046186416635,0.8044707402770486,0.7701631611506341,49522000,51728000,https://www.sec.gov/Archives/edgar/data/1354327/000119312518082384/0001193125-18-082384-index.htm,https://www.sec.gov/Archives/edgar/data/1354327/000119312518082384/d451998d10k.htm,1620596530,17:42:10,20210509
4,2016-12-31,PGTI,USD,2017-03-10,2017-03-10 12:58:43,FY,458550000,318452000.0,140098000.0,0.3055239341402246,0.0,83995000.0,0.0,0.0,80995000.0,399447000.0,17509000.0,15673000.0,74776000.0,0.16307054846799696,59103000.0,0.1288910696761531,-3431000.0,35547000.0,0.07752044488060189,11800000.0,23747000.0,0.05178715516301385,0.49,0.47,48856000,50579000,https://www.sec.gov/Archives/edgar/data/1354327/000119312517078296/0001193125-17-078296-index.htm,https://www.sec.gov/Archives/edgar/data/1354327/000119312517078296/d258198d10k.htm,1620596530,17:42:10,20210509
5,2016-01-02,PGTI,USD,2016-03-11,2016-03-11 15:06:58,FY,389810000,270678000.0,119132000.0,0.3056155562966573,0.0,68190000.0,0.0,388000.0,68190000.0,338868000.0,11775000.0,10421000.0,61363000.0,0.157417716323337,50942000.0,0.1306841794720505,0.0,38849000.0,0.0996613734896488,15297000.0,23552000.0,0.06041917857417716,0.4879018892940007,0.4675984752223634,48272000,50368000,https://www.sec.gov/Archives/edgar/data/1354327/000119312516501425/0001193125-16-501425-index.htm,https://www.sec.gov/Archives/edgar/data/1354327/000119312516501425/d109928d10k.htm,1620596530,17:42:10,20210509
6,2015-01-03,PGTI,USD,2015-03-19,2015-03-19 12:02:13,FY,306388000,213596000.0,92792000.0,0.3028578142747105,0.0,56377000.0,0.0,1750000.0,59002000.00000001,272598000.0,5989000.0,5979999.999999999,39770000.0,0.12980273378852958,33790000.0,0.11028499810697547,0.0,26080000.0,0.08512082718644333,9675000.0,16405000.0,0.05354321970834367,0.34627237419790613,0.32956988167225826,47376000,49777000,https://www.sec.gov/Archives/edgar/data/1354327/000119312515098115/0001193125-15-098115-index.htm,https://www.sec.gov/Archives/edgar/data/1354327/000119312515098115/d847691d10k.htm,1620596530,17:42:10,20210509
7,2013-12-28,PGTI,USD,2014-02-28,2014-02-28 11:44:00,FY,239300000,159200000.0,80100000.0,0.3347262849979106,0.0,54600000.0,0.0,770000.0,52700000.00000002,211900000.00000003,3526000.0,11100000.0,38500000.0,0.16088591725867113,27400000.0,0.11450062682824906,-100000.0,23400000.0,0.09778520685332219,-3374000.0,26800000.0,0.11199331383201003,0.5482702890693726,0.513301794640976,48881000,52211000,https://www.sec.gov/Archives/edgar/data/1354327/000119312514075673/0001193125-14-075673-index.htm,https://www.sec.gov/Archives/edgar/data/1354327/000119312514075673/d650177d10k.htm,1620596530,17:42:10,20210509
8,2012-12-29,PGTI,USD,2013-03-01,2013-03-01 13:03:09,FY,174500000,114900000.0,59600000.0,0.34154727793696277,0.0,47100000.0,0.0,238000.0,47099999.99999999,162000000.0,3446000.0,12200000.0,24800000.0,0.14212034383954156,12600000.0,0.07220630372492837,-300000.0,9100000.0,0.052148997134670486,110000.0,9000000.0,0.05157593123209169,0.1678478179783663,0.16286055517353698,53620000,55262000,https://www.sec.gov/Archives/edgar/data/1354327/000119312513086990/0001193125-13-086990-index.htm,https://www.sec.gov/Archives/edgar/data/1354327/000119312513086990/d444295d10k.htm,1620596530,17:42:10,20210509
9,2011-12-31,PGTI,USD,2012-03-15,2012-03-15 14:03:00,FY,167276000,128171000.0,39105000.0,0.2337753174394414,0.0,48619000.0,0.0,0.0,48619000.0,176790000.0,4227000.0,14092000.0,4578000.0,0.027367942801119108,-9514000.0,-0.056876061120543296,-5540000.0,-19222000.0,-0.11491188215882733,-2324000.0,-16898000.0,-0.10101867572156197,-0.31,-0.31,53659000,53659000,https://www.sec.gov/Archives/edgar/data/1354327/000119312512116968/0001193125-12-116968-index.htm,https://www.sec.gov/Archives/edgar/data/1354327/000119312512116968/d263847d10k.htm,1620596530,17:42:10,20210509
10,2011-01-01,PGTI,USD,2011-03-21,2011-03-21 17:00:07,FY,175700000,125600000.0,50100000.0,0.28514513375071143,0.0,53900000.0,0.0,-19000.0,59500000.0,185100000.0,-5123000.0,15200000.0,5900000.0,0.03357996585088219,-9300000.0,-0.05293113261240751,-19000.0,-14400000.0,-0.08195788275469551,77000.0,-14500000.0,-0.08252703471826978,-0.28884,-0.28884,50174000,50174000,https://www.sec.gov/Archives/edgar/data/1354327/000135432711000005/0001354327-11-000005-index.htm,https://www.sec.gov/Archives/edgar/data/1354327/000135432711000005/form10k_2010.htm,1620596530,17:42:10,20210509
11,2010-01-02,PGTI,USD,2010-03-18,2010-03-18 17:07:14,FY,166000000,118700000.0,47300000.0,0.2849397590361446,0.0,49400000.0,0.0,37000.0,55600000.00000001,174300000.0,-6698000.0,16100000.0,7800000.0,0.046987951807228916,-8300000.0,-0.05,37000.0,-15000000.0,-0.09036144578313253,-5584000.0,-9400000.0,-0.056626506024096385,-0.25967,-0.25967,36451000,36451000,https://www.sec.gov/Archives/edgar/data/1354327/000135432710000012/0001354327-10-000012-index.htm,https://www.sec.gov/Archives/edgar/data/1354327/000135432710000012/form10k_2009.htm,1620596530,17:42:10,20210509
12,2009-01-03,PGTI,USD,2009-03-19,2009-03-19 16:28:49,FY,218600000,150300000.0,68300000.0,0.31244281793229645,0.0,62100000.0,0.0,-40000.0,250800000.0,401100000.0,-9283000.0,17100000.0,-165500000.0,-0.7570905763952425,-182600000.0,-0.8353156450137237,-40000.0,-191800000.0,-0.8774016468435498,-28789000.0,-163000000.0,-0.7456541628545288,-5.07788,-5.07788,30687000,30687000,https://www.sec.gov/Archives/edgar/data/1354327/000135432709000022/0001354327-09-000022-index.htm,https://www.sec.gov/Archives/edgar/data/1354327/000135432709000022/form10k_2008.htm,1620596530,17:42:10,20210509
13,2007-12-29,PGTI,USD,2008-03-10,2008-03-10 15:34:13,FY,278400000,187400000.0,91000000.0,0.32686781609195403,0.0,77000000.0,0.0,692000.0,77799999.99999999,265199999.99999997,-11404000.0,16000000.0,29200000.0,0.10488505747126436,13200000.0,0.04741379310344827,-700000.0,1100000.0,0.003951149425287357,456000.0,600000.0,0.0021551724137931034,0.02198285337436799,0.021172983273343216,27294000,28338000,https://www.sec.gov/Archives/edgar/data/1354327/000119312508051492/0001193125-08-051492-index.htm,https://www.sec.gov/Archives/edgar/data/1354327/000119312508051492/d10k.htm,1620596530,17:42:10,20210509
14,2006-12-30,PGTI,USD,2007-03-21,2007-03-21 12:05:21,FY,371600000,229900000.0,141700000.0,0.38132400430570507,0.0,113100000.0,0.0,-178000.0,114200000.00000001,344100000.0,-28509000.0,15600000.000000002,43100000.0,0.1159849300322928,27500000.0,0.0740043057050592,200000.0,-900000.0,-0.0024219590958019376,101000.0,-1000000.0,-0.002691065662002153,-0.04405,-0.04405,21204000,21204000,https://www.sec.gov/Archives/edgar/data/1354327/000095012307004192/0000950123-07-004192-index.htm,https://www.sec.gov/Archives/edgar/data/1354327/000095012307004192/y30674e10vk.htm,1620596530,17:42:10,20210509
15,2005-12-31,PGTI,USD,2005-12-31,2005-12-31,FY,332813000,209475000.0,123338000.0,0.37059249488451473,0.0,0.0,0.0,0.0,0.0,307455000.0,0.0,15523000.0,40881000.0,0.12283474503700276,25358000.0,0.07619293717493007,-6914000.0,11773000.0,0.03537421915610268,3910000.0,7863000.0,0.023625879998677938,0.5,0.45,15723000,17299000,,,1620596530,17:42:10,20210509
16,2004-12-31,PGTI,USD,2004-12-31,2004-12-31,FY,256394000,166313000.0,90081000.0,0.3513381748402849,0.0,0.0,0.0,0.0,0.0,235831000.0,0.0,15038000.0,35601000.0,0.13885270326138677,20563000.0,0.08020078472975187,-124000.0,10028000.0,0.03911167968049174,3619000.0,6409000.0,0.024996684789815673,0.44,0.41,15720000,15720000,,,1620596530,17:42:10,20210509
17,2003-12-31,PGTI,USD,2003-12-31,2003-12-31,FY,222594000,0.0,0.0,0.0,0.0,0.0,0.0,0.0,0.0,0.0,0.0,0.0,222594000.0,1.0,222594000.0,1.0,0.0,0.0,0.0,0.0,14965000.0,0.06723002416956432,0.950219,0.950219,15749000,15749000,,,1620596530,17:42:10,20210509
18,2002-12-31,PGTI,USD,2002-12-31,2002-12-31,FY,160627000,96327000.0,64300000.0,0.4003062996880973,0.0,0.0,0.0,0.0,0.0,137088000.0,0.0,0.0,23539000.0,0.14654447882361,23539000.0,0.14654447882361,0.0,15909000.0,0.09904312475486686,6287000.0,9622000.0,0.05990275607463253,0.610959,0.610959,15749000,15749000,,,1620596530,17:42:10,20210509
