,date,symbol,reportedCurrency,fillingDate,acceptedDate,period,revenue,costOfRevenue,grossProfit,grossProfitRatio,researchAndDevelopmentExpenses,generalAndAdministrativeExpenses,sellingAndMarketingExpenses,otherExpenses,operatingExpenses,costAndExpenses,interestExpense,depreciationAndAmortization,ebitda,ebitdaratio,operatingIncome,operatingIncomeRatio,totalOtherIncomeExpensesNet,incomeBeforeTax,incomeBeforeTaxRatio,incomeTaxExpense,netIncome,netIncomeRatio,eps,epsdiluted,weightedAverageShsOut,weightedAverageShsOutDil,link,finalLink,timestamp,est_time,est_date
0,2020-12-31,FMX,MXN,2020-12-31,2020-12-31,FY,492966000000,303313000000,189653000000,0.38471821586072874,0.0,22988000000.0,123405000000.0,-7656000000.0,0.0,451463000000,17516000000,28049000000,69552000000,0.14108883776974476,41503000000.0,0.08419039041232053,-7271000000.0,18936000000.0,0.03841238543834666,14819000000.0,-1930000000.0,-0.003915077307562793,-1.93,-1.93,1000000000,1000000000.0,,,1620592160,16:29:20,20210509
1,2019-12-31,FMX,MXN,2020-04-28,2020-04-28,FY,26867000000,16714000000,10153000000,0.3778985372389921,0.0,0.0,6462000000.0,260000000.0,141797000000.0,23176000000,-749000000,25810000000,27298000000,1.016041984590762,1488000000.0,0.055383928239103736,54000000.0,1713000000.0,0.06375851416235531,0.0,1713000000.0,0.06375851416235531,1.713,1.713,1000000000,1000000000.0,https://www.sec.gov/Archives/edgar/data/1061736/000119312520123260/0001193125-20-123260-index.htm,https://www.sec.gov/Archives/edgar/data/1061736/000119312520123260/d869153d20f.htm,1620592160,16:29:20,20210509
2,2018-12-31,FMX,MXN,2019-04-24,2019-04-24,FY,23924000000,15002000000,8922000000,0.3729309480020064,0.0,0.0,5835000000.0,150000000.0,132022000000.0,20837000000,-500000000,17237000000,18950000000,0.7920916234743354,1713000000.0,0.07160173883965892,34000000.0,1713000000.0,0.07160173883965892,0.0,1713000000.0,0.07160173883965892,1.713,1.713,1000000000,1000000000.0,https://www.sec.gov/Archives/edgar/data/1061736/000119312519117240/0001193125-19-117240-index.htm,https://www.sec.gov/Archives/edgar/data/1061736/000119312519117240/d694088d20f.htm,1620592160,16:29:20,20210509
3,2017-12-31,FMX,MXN,2018-04-24,2018-04-24,FY,23445000000,14776000000,8669000000,0.3697590104499893,0.0,0.0,5674000000.0,1729000000.0,129611000000.0,20450000000,-566000000,1587000000,3618000000,0.1543186180422265,2031000000.0,0.08662827895073577,1769000000.0,2031000000.0,0.08662827895073577,0.0,2031000000.0,0.08662827895073577,2.031,2.031,999999999,999999999.0,https://www.sec.gov/Archives/edgar/data/1061736/000119312518129003/0001193125-18-129003-index.htm,https://www.sec.gov/Archives/edgar/data/1061736/000119312518129003/d536132d20f.htm,1620592160,16:29:20,20210509
4,2016-12-31,FMX,MXN,2017-04-21,2017-04-21,FY,19377000000,12189000000,7188000000,0.3709552562316148,0.0,0.0,4634000000.0,287000000.0,110521000000.0,16823000000,-468000000,586000000,586000000,0.03024203953140321,0.0,0.0,56000000.0,0.0,0.0,0.0,0.0,0.0,0.0,0.0,1000000000,1000000000.0,https://www.sec.gov/Archives/edgar/data/1061736/000119312517132722/0001193125-17-132722-index.htm,https://www.sec.gov/Archives/edgar/data/1061736/000119312517132722/d257565d20f.htm,1620592160,16:29:20,20210509
5,2015-12-31,FMX,MXN,2016-04-21,2016-04-21,FY,18121000000,10957000000,7164000000,0.39534242039622536,0.0,0.0,4442000000.0,-159000000.0,88292000000.0,15399000000,452000000,568000000,2031000000,0.11207990728988466,1463000000.0,0.08073505877159097,24000000.0,1463000000.0,0.08073505877159097,0.0,1463000000.0,0.08073505877159097,1.463,1.463,1000000000,1000000000.0,https://www.sec.gov/Archives/edgar/data/1061736/000119312516548524/0001193125-16-548524-index.htm,https://www.sec.gov/Archives/edgar/data/1061736/000119312516548524/d172566d20f.htm,1620592160,16:29:20,20210509
6,2014-12-31,FMX,MXN,2015-04-21,2015-04-21,FY,17861000000,10392000000,7469000000,0.41817367448631093,0.0,0.0,4679000000.0,-86000000.0,79316000000.0,15071000000,454000000,612000000,2222000000,0.12440512849224568,1610000000.0,0.09014052964559655,74000000.0,1610000000.0,0.09014052964559655,0.0,1610000000.0,0.09014052964559655,1.61,1.61,999999999,999999999.0,https://www.sec.gov/Archives/edgar/data/1061736/000119312515140330/0001193125-15-140330-index.htm,https://www.sec.gov/Archives/edgar/data/1061736/000119312515140330/d897805d20f.htm,1620592160,16:29:20,20210509
7,2013-12-31,FMX,MXN,2014-04-16,2014-04-16,FY,19705000000,11333000000,8372000000,0.424866785079929,0.0,0.0,5312000000.0,-110000000.0,79655000000.0,16645000000,331000000,672000000,2587000000,0.13128647551382897,1915000000.0,0.0971834559756407,50000000.0,1915000000.0,0.0971834559756407,0.0,1915000000.0,0.0971834559756407,1.915,1.915,1000000000,1000000000.0,https://www.sec.gov/Archives/edgar/data/1061736/000119312514145967/0001193125-14-145967-index.htm,https://www.sec.gov/Archives/edgar/data/1061736/000119312514145967/d698770d20f.htm,1620592160,16:29:20,20210509
8,2012-12-31,FMX,MXN,2013-04-08,2013-04-08,FY,18383000000,10569000000,7814000000,0.42506663765435454,0.0,0.0,4789000000.0,-152000000.0,71635000000.0,15358000000,193000000,553000000,2677000000,0.14562367404667356,2124000000.0,0.11554153293804058,135000000.0,2124000000.0,0.11554153293804058,0.0,2124000000.0,0.11554153293804058,2.124,2.124,1000000000,1000000000.0,https://www.sec.gov/Archives/edgar/data/1061736/000119312513146138/0001193125-13-146138-index.htm,https://www.sec.gov/Archives/edgar/data/1061736/000119312513146138/d513408d20f.htm,1620592160,16:29:20,20210509
9,2011-12-31,FMX,MXN,2012-04-27,2012-04-27,FY,14554000000,8459000000,6095000000,0.4187852136869589,0.0,0.0,3576000000.0,591000000.0,58131000000.0,12626000000,210000000,5743000000,7671000000,0.5270715954376803,1928000000.0,0.13247217259859834,0.0,2033000000.0,0.13968668407310705,0.0,2033000000.0,0.13968668407310705,2.033,2.033,1000000000,1000000000.0,https://www.sec.gov/Archives/edgar/data/1061736/000119312512191729/0001193125-12-191729-index.htm,https://www.sec.gov/Archives/edgar/data/1061736/000119312512191729/d333867d20f.htm,1620592160,16:29:20,20210509
10,2010-12-31,FMX,MXN,2011-06-29,2011-06-29,FY,13705000000,7974000000,5731000000,0.4181685516234951,0.0,0.0,3285000000.0,627000000.0,48441000000.0,11886000000,264000000,4884000000,6703000000,0.4890915724188252,1819000000.0,0.13272528274352427,0.0,1908000000.0,0.13921926304268514,0.0,1908000000.0,0.13921926304268514,2.15,2.15,887441860,887441860.0,https://www.sec.gov/Archives/edgar/data/1061736/000119312511175989/0001193125-11-175989-index.htm,https://www.sec.gov/Archives/edgar/data/1061736/000119312511175989/d20f.htm,1620592160,16:29:20,20210509
11,2009-12-31,FMX,MXN,2010-06-25,2010-06-25,FY,15090000000,8133000000,6957000000,0.4610337972166998,0.0,0.0,4037000000.0,851000000.0,63826000000.0,13021000000,398000000,2786000000,4855000000,0.32173624917163685,2069000000.0,0.13711066931742877,0.0,1454000000.0,0.09635520212060968,0.0,1454000000.0,0.09635520212060968,1.6384171916343906,1.6384171916343906,887441860,887441860.0,https://www.sec.gov/Archives/edgar/data/1061736/000119312510147430/0001193125-10-147430-index.htm,https://www.sec.gov/Archives/edgar/data/1061736/000119312510147430/d20f.htm,1620592160,16:29:20,20210509
12,2008-12-31,FMX,MXN,2009-06-30,2009-06-30,FY,12147000000,6535000000,5612000000,0.4620070799374331,0.0,0.0,3283000000.0,689000000.0,54939000000.0,10507000000,356000000,2439000000,4079000000,0.33580307894953487,1640000000.0,0.13501276035235038,0.0,975000000.0,0.08026673252654977,0.0,975000000.0,0.08026673252654977,1.098663522588398,1.098663522588398,887441860,887441860.0,https://www.sec.gov/Archives/edgar/data/1061736/000119312509141851/0001193125-09-141851-index.htm,https://www.sec.gov/Archives/edgar/data/1061736/000119312509141851/d20f.htm,1620592160,16:29:20,20210509
13,2007-12-31,FMX,MXN,2008-06-30,2008-06-30,FY,13516000000,7310000000,6206000000,0.45915951464930455,0.0,0.0,3571000000.0,842000000.0,48186000000.0,11723000000,417000000,2114000000,3907000000,0.2890648120745783,1793000000.0,0.1326575910032554,0.0,1547000000.0,0.11445693992305415,0.0,1547000000.0,0.11445693992305415,1.7432127891735916,1.7432127891735916,887441860,887441860.0,https://www.sec.gov/Archives/edgar/data/1061736/000119312508143966/0001193125-08-143966-index.htm,https://www.sec.gov/Archives/edgar/data/1061736/000119312508143966/d20f.htm,1620592160,16:29:20,20210509
14,2006-12-31,FMX,MXN,2007-06-28,2007-06-28,FY,11707000000,6291000000,5416000000,0.4626291962073973,0.0,0.0,3028000000.0,778000000.0,41097000000.0,10097000000,374000000,2080000000,3690000000,0.3151960365593235,1610000000.0,0.137524557956778,0.0,1296000000.0,0.11070299820620141,0.0,1296000000.0,0.11070299820620141,1.460377359255963,1.460377359255963,887441860,887441860.0,https://www.sec.gov/Archives/edgar/data/1061736/000119312507145533/0001193125-07-145533-index.htm,https://www.sec.gov/Archives/edgar/data/1061736/000119312507145533/d20f.htm,1620592160,16:29:20,20210509
15,2005-12-31,FMX,MXN,2006-06-29,2006-06-29,FY,9935000000,5288000000,4647000000,0.46774031202818317,0.0,0.0,2513000000.0,667000000.0,33800000000.0,8468000000,425000000,1930000000,3397000000,0.3419224962254655,1467000000.0,0.14765978862606946,0.0,1195000000.0,0.12028183190739809,0.0,1195000000.0,0.12028183190739809,1.3465670866596264,1.3465670866596264,887441860,887441860.0,https://www.sec.gov/Archives/edgar/data/1061736/000119312506139222/0001193125-06-139222-index.htm,https://www.sec.gov/Archives/edgar/data/1061736/000119312506139222/d20f.htm,1620592160,16:29:20,20210509
16,2004-12-31,FMX,MXN,2005-04-08,2005-04-08,FY,8430000000,4483000000,3947000000,0.468208778173191,0.0,0.0,2120000000.0,594000000.0,30249000000.0,7197000000,338000000,1776000000,3009000000,0.35693950177935946,1233000000.0,0.14626334519572953,0.0,1045000000.0,0.1239620403321471,0.0,1045000000.0,0.1239620403321471,0.0688470588261213,0.0688470588261213,15178571428,15178571428.0,https://www.sec.gov/Archives/edgar/data/1061736/000119312505072413/0001193125-05-072413-index.htm,https://www.sec.gov/Archives/edgar/data/1061736/000119312505072413/d20f.htm,1620592160,16:29:20,20210509
17,2003-12-31,FMX,MXN,2003-12-31,2003-12-31,FY,75891000000,39371000000,36520000000,0.48121648153272456,0.0,5740000000.0,18696000000.0,0.0,0.0,63807000000,2540000000,5108000000,17192000000,0.22653542580806682,12084000000.0,0.15922836700003953,-2204000000.0,8035000000.0,0.10587553201301868,3378000000.0,3093000000.0,0.04075582084832194,8.683333,8.683333,317838000,317838000.0,,,1620592160,16:29:20,20210509
18,2002-12-31,FMX,MXN,2002-12-31,2002-12-31,FY,52945452560,26368830180,26576622380,0.5019623233908949,0.0,4663025330.0,12511000000.0,0.0,0.0,43532465900,903896070,4633766060,14046752720,0.2653061224489796,9412986660.0,0.17778649921507064,-706493480.0,8238960730.0,0.1556122448979592,3625973890.0,2836363530.0,0.05357142857142857,8.923911,8.923911,317838627,317838627.0,,,1620592160,16:29:20,20210509
19,2001-12-31,FMX,MXN,2001-12-31,2001-12-31,FY,49540682880,24301946880,25238736000,0.5094547457315953,0.0,17116865280.0,0.0,0.0,0.0,41418812160,891313920,3492495360,11614366080,0.23444097668441344,8121870720.0,0.1639434551129062,-27285120.0,7667118720.0,0.1547640903249495,2801272320.0,3265119360.0,0.06590783917752892,10.242734,10.242734,318774201,318774201.0,,,1620592160,16:29:20,20210509
20,2000-12-31,FMX,MXN,2000-12-31,2000-12-31,FY,45454000000,22713000000,22741000000,0.5003080036960443,0.0,4138000000.0,11543000000.0,0.0,0.0,38394000000,1028000000,3489155100,10549155100,0.23208419721036652,7060000000.0,0.15532186386236635,-572000000.0,5869000000.0,0.12911954943459322,2314000000.0,2535000000.0,0.05577066924803098,7.05,7.05,320256000,320256000.0,,,1620592160,16:29:20,20210509
21,1999-12-31,FMX,MXN,1999-12-31,1999-12-31,FY,38627000000,19769000000,18858000000,0.48820773034405984,0.0,3275000000.0,9587000000.0,0.0,0.0,32631000000,1002000000,2936000000,8932000000,0.23123721749035647,5996000000.0,0.1552282082481166,367000000.0,5760000000.0,0.14911849224635618,1852000000.0,2930000000.0,0.07585367747948327,8.15,8.15,320480427,320480427.0,,,1620592160,16:29:20,20210509
22,1998-12-31,FMX,MXN,1998-12-31,1998-12-31,FY,33530000000,18370000000,15160000000,0.452132418729496,0.0,2599000000.0,7891000000.0,0.0,0.0,28860000000,1102000000,2334276000,7004276000,0.20889579481061735,4670000000.0,0.1392782582761706,-1009000000.0,2908000000.0,0.08672830301222785,870000000.0,1360000000.0,0.04056069191768565,4.7,4.7,262449877,262449877.0,,,1620592160,16:29:20,20210509
23,1997-12-31,FMX,MXN,1997-12-31,1997-12-31,FY,24579000000,13445000000,11134000000,0.45298832336547457,0.0,1924000000.0,5698000000.0,0.0,0.0,21067000000,997000000,1855000000,5367000000,0.21835713413889907,3512000000.0,0.14288620366979943,279000000.0,3056000000.0,0.12433378086984824,837000000.0,1675000000.0,0.06814760567964523,415.193,8.501379,87245132,1588.0,,,1620592160,16:29:20,20210509
24,1996-12-31,FMX,MXN,1996-12-31,1996-12-31,FY,26544000000,15643000000,10901000000,0.4106766124171187,0.0,2215000000.0,6148000000.0,0.0,0.0,24006000000,1518000000,2018000000,4556000000,0.17163954189270644,2538000000.0,0.09561482820976491,2034000000.0,3464000000.0,0.13050030138637733,468000000.0,1434000000.0,0.05402350813743219,9.0,9.0,153890013,153890013.0,,,1620592160,16:29:20,20210509
