,date,symbol,reportedCurrency,fillingDate,acceptedDate,period,revenue,costOfRevenue,grossProfit,grossProfitRatio,researchAndDevelopmentExpenses,generalAndAdministrativeExpenses,sellingAndMarketingExpenses,otherExpenses,operatingExpenses,costAndExpenses,interestExpense,depreciationAndAmortization,ebitda,ebitdaratio,operatingIncome,operatingIncomeRatio,totalOtherIncomeExpensesNet,incomeBeforeTax,incomeBeforeTaxRatio,incomeTaxExpense,netIncome,netIncomeRatio,eps,epsdiluted,weightedAverageShsOut,weightedAverageShsOutDil,link,finalLink,timestamp,est_time,est_date
0,2020-06-30,AZY.AX,AUD,2020-06-30,2020-06-30,FY,0.0,0.0,0.0,0.0,0.0,2410347.0,0.0,144407.0,2484600.0,0.0,0.0,74253.0,-2410347.0,0.0,-2484600.0,0.0,144407.0,-1861294.0,0.0,0.0,-1861294.0,0.0,-0.001470548986338262,-0.001470548986338262,1265713701,1265713701,,,1620589069,15:37:49,20210509
1,2019-06-30,AZY.AX,AUD,2019-06-30,2019-06-30,FY,0.0,0.0,0.0,0.0,0.0,1944166.0,0.0,96938.0,1944166.0,0.0,0.0,0.0,-1944166.0,0.0,-1944166.0,0.0,96938.0,-1785944.0,0.0,0.0,-1785944.0,0.0,-0.0014,-0.0014,1265713701,1265713701,,,1620589069,15:37:49,20210509
2,2018-06-30,AZY.AX,AUD,2018-06-30,2018-06-30,FY,0.0,0.0,0.0,0.0,0.0,1924986.0,0.0,0.0,1930189.0,0.0,0.0,5203.0,-1924986.0,0.0,-1930189.0,0.0,0.0,-1872379.0,0.0,0.0,-1872379.0,0.0,-0.0016,-0.0016,1202689310,1202689310,,,1620589069,15:37:49,20210509
3,2017-06-30,AZY.AX,AUD,2017-06-30,2017-06-30,FY,0.0,0.0,0.0,0.0,0.0,1888967.0,0.0,223821.0,1890455.0,0.0,0.0,1488.0,-1888967.0,0.0,-1890455.0,0.0,223821.0,-1600854.0,0.0,0.0,-1600854.0,0.0,-0.0015,-0.0015,1076091773,1076091773,,,1620589069,15:37:49,20210509
4,2016-06-30,AZY.AX,AUD,2016-06-30,2016-06-30,FY,0.0,0.0,0.0,0.0,0.0,1804568.0,0.0,205236.0,1805253.0,0.0,0.0,685.0,-1804568.0,0.0,-1805253.0,0.0,205236.0,-1587403.0,0.0,0.0,-1587403.0,0.0,-0.0026,-0.0026,615062344,615062344,,,1620589069,15:37:49,20210509
5,2015-06-30,AZY.AX,AUD,2015-06-30,2015-06-30,FY,0.0,0.0,0.0,0.0,0.0,670546.0,0.0,0.0,674437.0,0.0,0.0,3891.0,-670546.0,0.0,-674437.0,0.0,0.0,-653826.0,0.0,0.0,-653826.0,0.0,-0.0021,-0.0021,304580588,304580588,,,1620589069,15:37:49,20210509
6,2014-06-30,AZY.AX,AUD,2014-06-30,2014-06-30,FY,0.0,0.0,0.0,0.0,0.0,1377439.0,0.0,0.0,1452275.0,0.0,0.0,74836.0,-1377439.0,0.0,-1452275.0,0.0,0.0,-1412166.0,0.0,0.0,-1412166.0,0.0,-0.006002,-0.006002,234153820,234153820,,,1620589069,15:37:49,20210509
7,2013-06-30,AZY.AX,AUD,2013-06-30,2013-06-30,FY,0.0,0.0,0.0,0.0,0.0,1476966.0,0.0,0.0,1554741.0,0.0,0.0,77775.0,-1476966.0,0.0,-1554741.0,0.0,0.0,-1499147.0,0.0,0.0,-1499147.0,0.0,-0.009044,-0.009044,165271513,165271513,,,1620589069,15:37:49,20210509
8,2012-06-30,AZY.AX,AUD,2012-06-30,2012-06-30,FY,0.0,0.0,0.0,0.0,0.0,1369797.0,0.0,0.0,1445037.0,0.0,0.0,75240.0,-1369797.0,0.0,-1445037.0,0.0,0.0,-1189034.0,0.0,0.0,-1189034.0,0.0,-0.012498,-0.012498,95267426,95267426,,,1620589069,15:37:49,20210509
