,date,symbol,reportedCurrency,fillingDate,acceptedDate,period,revenue,costOfRevenue,grossProfit,grossProfitRatio,researchAndDevelopmentExpenses,generalAndAdministrativeExpenses,sellingAndMarketingExpenses,otherExpenses,operatingExpenses,costAndExpenses,interestExpense,depreciationAndAmortization,ebitda,ebitdaratio,operatingIncome,operatingIncomeRatio,totalOtherIncomeExpensesNet,incomeBeforeTax,incomeBeforeTaxRatio,incomeTaxExpense,netIncome,netIncomeRatio,eps,epsdiluted,weightedAverageShsOut,weightedAverageShsOutDil,link,finalLink,timestamp,est_time,est_date
0,2020-12-31,THRY,USD,2021-03-25,2021-03-25 16:56:38,FY,1109435000,366696000,742739000,0.669475003042089,0.0,156286000,263006000,-42236000.0,565815000,932511000,68539000,146523000,323447000,0.29154209124464253,176924000.0,0.1594721637590305,-67147000.0,41238000,0.03717027135433802,-107983000.0,149221000,0.13450179595920447,4.73,4.42,31522845.0,33795594.0,https://www.sec.gov/Archives/edgar/data/1556739/000162828021005660/0001628280-21-005660-index.htm,https://www.sec.gov/Archives/edgar/data/1556739/000162828021005660/dxm-20201231.htm,1620598793,18:19:53,20210509
1,2019-12-31,THRY,USD,2019-12-31,2019-12-31,FY,1421374000,476355000,945019000,0.6648630128312464,0.0,179956000,352740000,-53161000.0,738966000,1215321000,92951000,206270000,412323000,0.2900876194442842,206053000.0,0.14496747513321617,-59536000.0,53566000,0.03768606995766069,18062000.0,35504000,0.024978647421438693,0.863999,0.809999,40845160.0,43456570.0,,,1620598793,18:19:53,20210509
2,2018-12-31,THRY,USD,2018-12-31,2018-12-31,FY,1792953000,640822000,1152131000,0.6425885118014806,0.0,243734000,479379000,0.0,990088000,1630910000,82697000,266975000,429018000,0.23928011498349372,162043000.0,0.09037771765350235,-18375000.0,60971000,0.034005910919025766,9920000.0,51051000,0.028473139005874667,0.89045,0.89045,57331668.0,57331668.0,,,1620598793,18:19:53,20210509
3,2017-12-31,THRY,USD,2017-12-31,2017-12-31,FY,1318166000,553293000,764873000,0.5802554458239706,0.0,223887000,370548000,-40804000.0,895870000,1449163000,67815000,301435000,170438000,0.12929934469558463,-130997000.0,-0.09937822702148288,-40053000.0,-238865000,-0.18121010555574943,-67541000.0,-171324000,-0.12997149069237107,-3.041998,-3.041998,56436726.0,56436726.0,,,1620598793,18:19:53,20210509
4,2014-12-31,THRY,USD,2015-03-16,2015-03-16,FY,1815000000,576000000,1239000000,0.6826446280991736,0.0,164000000,436000000,0.0,1243000000,1819000000,356000000,643000000,639000000,0.35206611570247937,-4000000.0,-0.0022038567493112946,2000000.0,-358000000,-0.1972451790633609,13000000.0,-371000000,-0.20440771349862258,-38.573969,-38.573969,9611118.0,9611118.0,https://www.sec.gov/Archives/edgar/data/1556739/000155673915000005/0001556739-15-000005-index.htm,https://www.sec.gov/Archives/edgar/data/1556739/000155673915000005/dexmedia2014123110-k.htm,1620598793,18:19:53,20210509
5,2013-12-31,THRY,USD,2013-12-31,2013-12-31,FY,1444000000,479000000,965000000,0.6682825484764543,0.0,209000000,383000000,0.0,1357000000,1836000000,316000000,765000000,373000000,0.2583102493074792,-392000000.0,-0.27146814404432135,-487000000.0,-1195000000,-0.8275623268698061,-376000000.0,-819000000,-0.567174515235457,-98.801921,-98.801921,8277784.0,8277784.0,,,1620598793,18:19:53,20210509
6,2012-12-31,THRY,USD,2012-12-31,2012-12-31,FY,1278000000,358000000,920000000,0.7198748043818466,0.0,118000000,280000000,0.0,817000000,1175000000,196000000,419000000,522000000,0.4084507042253521,103000000.0,0.08059467918622848,140000000.0,47000000,0.036776212832550864,6000000.0,41000000,0.032081377151799685,4.241376,4.241376,9666674.0,9666674.0,,,1620598793,18:19:53,20210509
7,2011-12-31,THRY,USD,2011-12-31,2011-12-31,FY,1481000000,363000000,1118000000,0.7548953409858203,0.0,162000000,333000000,0.0,747000000,1110000000,227000000,252000000,623000000,0.42066171505739364,371000000.0,0.25050641458474004,-788000000.0,-644000000,-0.4348413234301148,-125000000.0,-519000000,-0.350438892640108,-53.689614,-53.689614,9666674.0,9666674.0,,,1620598793,18:19:53,20210509
