,date,symbol,reportedCurrency,fillingDate,acceptedDate,period,revenue,costOfRevenue,grossProfit,grossProfitRatio,researchAndDevelopmentExpenses,generalAndAdministrativeExpenses,sellingAndMarketingExpenses,otherExpenses,operatingExpenses,costAndExpenses,interestExpense,depreciationAndAmortization,ebitda,ebitdaratio,operatingIncome,operatingIncomeRatio,totalOtherIncomeExpensesNet,incomeBeforeTax,incomeBeforeTaxRatio,incomeTaxExpense,netIncome,netIncomeRatio,eps,epsdiluted,weightedAverageShsOut,weightedAverageShsOutDil,link,finalLink,timestamp,est_time,est_date
0,2020-12-31,VILN.SW,CHF,2020-12-31,2020-12-31,FY,62360475,38981350,23379125,0.3749029333083175,0.0,0.0,0.0,0.0,0.0,61316003,303884.0,1785409.0,2829881.0,0.045379400974736,1044472.0,0.013606535229245768,0.0,848510.0,0.013606535229245768,300965.0,635628.0,0.010192802412104783,6.088390804597701,6.088390804597701,104400.0,104400.0,https://www.six-group.com/en/products-services/the-swiss-stock-exchange.html,https://www.six-group.com/en/products-services/the-swiss-stock-exchange.html,1620599518,18:31:58,20210509
1,2019-12-31,VILN.SW,CHF,2019-12-31,2019-12-31,FY,94754773,61180360,33574413,0.35432951752203556,0.0,0.0,0.0,0.0,30953803.0,92134163,299030.0,2179444.0,4800054.0,0.050657648665360634,2620610.0,0.02765675983414577,0.0,2436492.0,0.025713659827985656,-176525.0,2694982.0,0.02844164905550457,25.81,25.81,104400.0,104400.0,https://www.six-group.com/en/products-services/the-swiss-stock-exchange.html,https://www.six-group.com/en/products-services/the-swiss-stock-exchange.html,1620599518,18:31:58,20210509
2,2018-12-31,VILN.SW,CHF,2018-12-31,2018-12-31,FY,95509514,62383381,33126133,0.3468359497672661,0.0,3815000.0,0.0,0.0,31794592.0,94177973,301627.0,1869791.0,3201332.0,0.03351846183616849,1331541.0,0.013941448806869648,0.0,1254712.0,0.013137036798239807,-22972.0,1359470.0,0.014233869936768812,13.02,13.02,104400.0,104400.0,https://www.six-group.com/en/products-services/the-swiss-stock-exchange.html,https://www.six-group.com/en/products-services/the-swiss-stock-exchange.html,1620599518,18:31:58,20210509
3,2017-12-31,VILN.SW,CHF,2017-12-31,2017-12-31,FY,92568921,60403034,32165887,0.34748041407979685,0.0,4049000.0,0.0,0.0,29741962.0,90144996,303645.0,1851242.0,4275167.0,0.04618361058783434,2423925.0,0.026185084300593717,0.0,2299877.0,0.024845023309713204,591376.0,26090653.0,0.28185110853782125,249.91,249.91,104400.0,104400.0,https://www.six-group.com/en/products-services/the-swiss-stock-exchange.html,https://www.six-group.com/en/products-services/the-swiss-stock-exchange.html,1620599518,18:31:58,20210509
4,2016-12-31,VILN.SW,CHF,2016-12-31,2016-12-31,FY,81877565,52468113,29409452,0.3591881610060094,0.0,3709000.0,0.0,0.0,27049842.0,79517955,311104.0,1890603.0,4250213.0,0.05190937224378864,2359610.0,0.028818761280944297,0.0,2151887.0,0.0262817659513934,366716.0,2867963.0,0.0350274583764185,27.47,27.47,104400.0,104400.0,https://www.six-group.com/en/products-services/the-swiss-stock-exchange.html,https://www.six-group.com/en/products-services/the-swiss-stock-exchange.html,1620599518,18:31:58,20210509
5,2015-12-31,VILN.SW,CHF,2015-12-31,2015-12-31,FY,84046182,54648790,29397392,0.3497766501754952,0.0,4324000.0,0.0,0.0,27493848.0,82142638,312603.0,1801281.0,3704825.0,0.044080824516216574,1903544.0,0.022648786116185503,0.0,1687105.0,0.020073547183856608,379884.0,2699260.0,0.0321163904863638,25.83,25.83,104500.0,104500.0,https://www.six-group.com/en/products-services/the-swiss-stock-exchange.html,https://www.six-group.com/en/products-services/the-swiss-stock-exchange.html,1620599518,18:31:58,20210509
6,2014-12-31,VILN.SW,CHF,2014-12-31,2014-12-31,FY,89075736,58771404,30304332,0.3402086063032923,0.0,4055000.0,0.0,0.0,27995031.0,86766435,349578.0,1788729.0,4098030.0,0.04600613123196647,2309301.0,0.025925140826229043,0.0,2077284.0,0.023320424767525917,408214.0,2742498.0,0.030788384392355737,26.24,26.24,104516.0,104516.0,https://www.six-group.com/en/products-services/the-swiss-stock-exchange.html,https://www.six-group.com/en/products-services/the-swiss-stock-exchange.html,1620599518,18:31:58,20210509
7,2013-12-31,VILN.SW,CHF,2013-12-31,2013-12-31,FY,104109832,71176912,32932920,0.3163286249467774,0.0,4186000.0,0.0,0.0,29455547.0,100632459,441068.0,1829510.0,5306883.0,0.050973888806198436,3477373.0,0.03340100481576034,0.0,3148256.0,0.030239756798378082,591870.0,3837976.0,0.036864683443154536,36.73,36.73,104492.0,104492.0,https://www.six-group.com/en/products-services/the-swiss-stock-exchange.html,https://www.six-group.com/en/products-services/the-swiss-stock-exchange.html,1620599518,18:31:58,20210509
8,2012-12-31,VILN.SW,CHF,2012-12-31,2012-12-31,FY,94120879,67269270,26851609,0.2852885489945329,0.0,3406000.0,0.0,0.0,24023092.0,91292362,455275.0,1801048.0,4629565.0,0.04918743905908486,2828517.0,0.03005196115943626,0.0,2511823.0,0.026687202953130092,488538.0,3061405.0,0.03252631119180262,29.16,29.16,104986.0,104986.0,https://www.six-group.com/en/products-services/the-swiss-stock-exchange.html,https://www.six-group.com/en/products-services/the-swiss-stock-exchange.html,1620599518,18:31:58,20210509
9,2011-12-31,VILN.SW,CHF,2011-12-31,2011-12-31,FY,79204349,57856682,21347667,0.2695264498670395,0.0,7715679.0,0.0,0.0,21976395.0,79833077,0.0,1951098.0,1322370.0,0.01669567412264193,-628728.0,-0.007938048957387428,0.0,2001376.0,0.025268511455096992,370562.0,2224896.0,0.028090578713045163,21.19,21.19,104997.0,104997.0,https://www.six-group.com/en/products-services/the-swiss-stock-exchange.html,https://www.six-group.com/en/products-services/the-swiss-stock-exchange.html,1620599518,18:31:58,20210509
10,2010-12-31,VILN.SW,CHF,2010-12-31,2010-12-31,FY,97999245,68607002,29392243,0.299923157571265,0.0,10454261.0,0.0,0.0,28127649.0,96734651,0.0,2415082.0,3679676.0,0.037548003558598844,1264594.0,0.012904119822555776,0.0,3915296.0,0.03995230779584067,820815.0,3149549.0,0.03213850269968917,30.0,30.0,104985.0,104985.0,https://www.six-group.com/en/products-services/the-swiss-stock-exchange.html,https://www.six-group.com/en/products-services/the-swiss-stock-exchange.html,1620599518,18:31:58,20210509
11,2009-12-31,VILN.SW,CHF,2009-12-31,2009-12-31,FY,94067275,65573429,28493846,0.3029092317174065,0.0,9761020.0,0.0,0.0,23775454.0,89348883,0.0,2339102.0,7057494.0,0.07502602791459623,4718392.0,0.050159760660654834,0.0,4390763.0,0.046676838464811486,918053.0,3472710.0,0.03691730200539986,33.073429,33.073429,105000.0,105000.0,https://www.six-group.com/en/products-services/the-swiss-stock-exchange.html,https://www.six-group.com/en/products-services/the-swiss-stock-exchange.html,1620599518,18:31:58,20210509
12,2008-12-31,VILN.SW,CHF,2008-12-31,2008-12-31,FY,101799177,73847734,27951443,0.2745743514213283,0.0,9607350.0,0.0,0.0,23578341.0,97426075,0.0,2025199.0,6398301.0,0.06285218789146006,4373102.0,0.042958127254800894,0.0,4257087.0,0.041818481499118605,872636.0,3384451.0,0.033246349329523556,32.232867,32.232867,104400.0,104400.0,https://www.six-group.com/en/products-services/the-swiss-stock-exchange.html,https://www.six-group.com/en/products-services/the-swiss-stock-exchange.html,1620599518,18:31:58,20210509
13,2007-12-31,VILN.SW,CHF,2007-12-31,2007-12-31,FY,96391493,65957790,30433703,0.3157301754834319,0.0,14053228.0,0.0,0.0,25623960.0,91581750,407364.0,1889433.0,6699176.0,0.0694996600996729,4809743.0,0.049898002928536446,0.0,-4773974.0,-0.04952692246399794,1016564.0,3757410.0,0.038980722085091055,35.78,35.78,105000.0,105000.0,https://www.six-group.com/en/products-services/the-swiss-stock-exchange.html,https://www.six-group.com/en/products-services/the-swiss-stock-exchange.html,1620599518,18:31:58,20210509
14,2006-12-31,VILN.SW,CHF,2006-12-31,2006-12-31,FY,91482932,63301853,28181079,0.30804739620719634,0.0,12880381.0,0.0,0.0,23525405.0,86827258,177006.0,1815987.0,6471661.0,0.07074173136470965,4655674.0,0.05089117607205681,0.0,-4371326.0,-0.047782967865524904,932945.0,3458198.0,0.037801564995752435,32.935219,32.935219,105000.0,105000.0,https://www.six-group.com/en/products-services/the-swiss-stock-exchange.html,https://www.six-group.com/en/products-services/the-swiss-stock-exchange.html,1620599518,18:31:58,20210509
15,2005-12-31,VILN.SW,CHF,2005-12-31,2005-12-31,FY,85759294,59038744,26720550,0.3115761424062096,0.0,12303808.0,0.0,0.0,22547002.0,81585746,123993.0,1776064.0,5949612.0,0.06937571104538244,4173548.0,0.04866583906346057,0.0,-3790117.0,-0.044194825111316796,794487.0,3001213.0,0.03499577550160336,28.58,28.58,105000.0,105000.0,https://www.six-group.com/en/products-services/the-swiss-stock-exchange.html,https://www.six-group.com/en/products-services/the-swiss-stock-exchange.html,1620599518,18:31:58,20210509
16,2004-12-31,VILN.SW,CHF,2004-12-31,2004-12-31,FY,81985504,56318661,25666843,0.313065624381598,0.0,11672345.0,0.0,0.0,21522430.0,77841091,81106.0,1583998.0,5728411.0,0.06987102256515981,4144413.0,0.05055055830357523,0.0,-3682749.0,-0.04491951406433996,769559.0,2916677.0,0.03557552076523186,27.78,27.78,105000.0,105000.0,https://www.six-group.com/en/products-services/the-swiss-stock-exchange.html,https://www.six-group.com/en/products-services/the-swiss-stock-exchange.html,1620599518,18:31:58,20210509
