,date,symbol,reportedCurrency,fillingDate,acceptedDate,period,revenue,costOfRevenue,grossProfit,grossProfitRatio,researchAndDevelopmentExpenses,generalAndAdministrativeExpenses,sellingAndMarketingExpenses,otherExpenses,operatingExpenses,costAndExpenses,interestExpense,depreciationAndAmortization,ebitda,ebitdaratio,operatingIncome,operatingIncomeRatio,totalOtherIncomeExpensesNet,incomeBeforeTax,incomeBeforeTaxRatio,incomeTaxExpense,netIncome,netIncomeRatio,eps,epsdiluted,weightedAverageShsOut,weightedAverageShsOutDil,link,finalLink,timestamp,est_time,est_date
0,2020-12-31,GRWG,USD,2021-03-29,2021-03-29 06:18:27,FY,193365479.0,142317178.0,51048301.0,0.2639990409042971,0.0,21450953.0,0.0,111807.0,42610712.0,184927890.0,14053.0,2435965.0,10873554.0,0.05623317076157115,8437589.0,0.04363544642836688,111807.0,8579269.0,0.044368152187081955,3250891.0,5328378.0,0.027555994107924506,0.16228433597613467,0.16228433597613467,32833594.0,32833594.0,https://www.sec.gov/Archives/edgar/data/1604868/000121390021018097/0001213900-21-018097-index.htm,https://www.sec.gov/Archives/edgar/data/1604868/000121390021018097/f10k2020_growgeneration.htm,1620592801,16:40:01,20210509
1,2019-12-31,GRWG,USD,2020-03-27 00:00:00,2020-03-27 09:16:12,FY,79733568.0,57171721.0,22561847.0,0.28296547572033903,0.0,9281751.0,0.0,-4545.0,20421726.0,77593447.0,401497.0,1044553.0,3184674.0,0.03994144599173086,2140121.0,0.02684090344483267,-4545.0,1878804.0,0.0235635259668801,0.0,1878804.0,0.0235635259668801,0.06,0.05,32833594.0,39228696.0,https://www.sec.gov/Archives/edgar/data/1604868/000121390020007584/0001213900-20-007584-index.html,https://www.sec.gov/Archives/edgar/data/1604868/000121390020007584/f10k2019_growgeneration.htm,1620592801,16:40:01,20210509
2,2018-12-31,GRWG,USD,2019-04-01 00:00:00,2019-04-01 15:51:35,FY,29000730.0,22556172.0,6444558.0,0.22222054410354497,0.0,5146806.0,0.0,115875.0,10700206.0,33256378.0,1013166.0,351070.0,-3904578.0,-0.13463723154555074,-4255648.0,-0.14674278888841763,115875.0,-5073755.0,-0.17495266498464004,0.0,-5073755.0,-0.17495266498464004,-0.22,-0.22,23492650.0,23492650.0,https://www.sec.gov/Archives/edgar/data/1604868/000121390019005471/0001213900-19-005471-index.html,https://www.sec.gov/Archives/edgar/data/1604868/000121390019005471/f10k2018_growgeneration.htm,1620592801,16:40:01,20210509
3,2017-12-31,GRWG,USD,2018-03-27 00:00:00,2018-03-27 17:27:25,FY,14363886.0,11094331.0,3269555.0,0.22762329080027507,0.0,3005201.0,0.0,1212.0,6120068.0,17214399.0,15339.0,151561.0,-2698952.0,-0.18789845589139317,-2850513.0,-0.19844998769831507,323270.0,-2542582.0,-0.17701212610570705,0.0,-2542582.0,-0.17701212610570705,-0.18,-0.18,14510582.0,14510582.0,https://www.sec.gov/Archives/edgar/data/1604868/000121390018003536/0001213900-18-003536-index.html,https://www.sec.gov/Archives/edgar/data/1604868/000121390018003536/f10k2017_growgeneration.htm,1620592801,16:40:01,20210509
4,2016-12-31,GRWG,USD,2017-03-31 00:00:00,2017-03-31 12:30:31,FY,7980471.0,5776194.0,2204277.0,0.27620888541540967,0.0,2072979.0,107744.0,0.0,2538275.0,8314469.0,5251.0,52962.0,-281036.0,-0.0352154653528595,-333998.0,-0.041851915757854394,-66828.0,-431244.0,-0.05403741207755783,0.0,-431244.0,-0.05403741207755783,-0.05,-0.05,9153053.0,9153053.0,https://www.sec.gov/Archives/edgar/data/1604868/000121390017003102/0001213900-17-003102-index.html,https://www.sec.gov/Archives/edgar/data/1604868/000121390017003102/f10k2016_growgeneration.htm,1620592801,16:40:01,20210509
5,2015-12-31,GRWG,USD,2015-12-31,2015-12-31,FY,3455146.0,2351836.0,1103310.0,0.3193236986222869,0.0,1391749.0,51332.0,-11220.0,0.0,3951971.0,2916.0,16436.0,-480389.0,-0.13903580340743923,-496825.0,-0.14379276592074547,-21011.0,-528756.0,-0.1530343435559597,0.0,-528756.0,-0.1530343435559597,-0.049957,-0.049957,10584262.0,10584262.0,,,1620592801,16:40:01,20210509
