,date,symbol,reportedCurrency,fillingDate,acceptedDate,period,revenue,costOfRevenue,grossProfit,grossProfitRatio,researchAndDevelopmentExpenses,generalAndAdministrativeExpenses,sellingAndMarketingExpenses,otherExpenses,operatingExpenses,costAndExpenses,interestExpense,depreciationAndAmortization,ebitda,ebitdaratio,operatingIncome,operatingIncomeRatio,totalOtherIncomeExpensesNet,incomeBeforeTax,incomeBeforeTaxRatio,incomeTaxExpense,netIncome,netIncomeRatio,eps,epsdiluted,weightedAverageShsOut,weightedAverageShsOutDil,link,finalLink,timestamp,est_time,est_date
0,2020-06-30,BNO.AX,AUD,2020-06-30,2020-06-30,FY,46662.0,0.0,46662.0,1.0,5827844.0,5472145.0,0.0,8277347.0,12736432.0,0.0,1766529.0,0.0,-4433992.0,-95.02361664737903,-12689770.0,-271.95083794093694,8451281.0,-6026587.0,-129.15406540654067,-207612.0,-7118288.0,-152.54999785692854,-0.012870473398933364,-0.012870473398933364,553071187.0,553071187.0,,,1620589542,15:45:42,20210509
1,2019-06-30,BNO.AX,AUD,2019-06-30,2019-06-30,FY,3824426.0,0.0,3824426.0,1.0,8977465.0,9353893.0,0.0,7534931.0,19183556.0,0.0,2364301.0,0.0,-7541550.0,-1.9719429791555647,-15359130.0,-4.016061495241377,7534931.0,-9905851.0,-2.590153659660299,-236736.0,-9669115.0,-2.52825260575051,-0.017437,-0.017437,553071187.0,553071187.0,,,1620589542,15:45:42,20210509
2,2018-06-30,BNO.AX,AUD,2018-06-30,2018-06-30,FY,3753458.0,0.0,3753458.0,1.0,25246525.0,6761924.0,0.0,4224139.0,32721195.0,0.0,2057799.0,1667810.0,-27299927.0,-7.273273605299433,-28967737.0,-7.7176131982827565,4203933.0,-26246699.0,-6.992671557800834,-1161135.0,-25085564.0,-6.683320820427457,-0.047128,-0.047128,511679121.0,511679121.0,,,1620589542,15:45:42,20210509
3,2017-06-30,BNO.AX,AUD,2017-06-30,2017-06-30,FY,5375625.0,0.0,5375625.0,1.0,24223275.0,7446418.0,0.0,21672484.0,32508669.0,0.0,1969380.0,1742630.0,-25390414.0,-4.723248738518777,-27133044.0,-5.0474212765957445,21672484.0,-6227039.0,-1.1583841878851295,522576.0,-6749615.0,-1.2555963260086036,-0.013196,-0.013196,510685725.0,510685725.0,,,1620589542,15:45:42,20210509
4,2016-06-30,BNO.AX,AUD,2016-06-30,2016-06-30,FY,6983198.0,0.0,6983198.0,1.0,24770876.0,10560040.0,0.0,13518187.0,37017619.0,0.0,1858217.0,1937612.0,-28096809.0,-4.023487376414073,-30034421.0,-4.300955092494871,13378028.0,-17324118.0,-2.4808286976826377,-715361.0,-16608757.0,-2.3783883830875197,-0.034215,-0.034215,485125785.0,485125785.0,,,1620589542,15:45:42,20210509
5,2015-06-30,BNO.AX,AUD,2015-06-30,2015-06-30,FY,6629113.0,0.0,6629113.0,1.0,23181790.0,8652948.0,0.0,9038836.0,33021716.0,0.0,845411.0,1713492.0,-24679111.0,-3.722837580231322,-26392603.0,-3.9813174100366067,9030773.0,-17277206.0,-2.6062621047491574,-327801.0,-16949405.0,-2.5568134077666196,-0.037702,-0.037702,443057506.0,443057506.0,,,1620589542,15:45:42,20210509
6,2014-06-30,BNO.AX,AUD,2014-06-30,2014-06-30,FY,19142065.0,0.0,19142065.0,1.0,17785002.0,4594080.0,0.0,7840357.0,22982784.0,0.0,582024.0,1500936.0,-2339783.0,-0.12223252820424546,-3840719.0,-0.20064287734891717,7833592.0,3946945.0,0.2061922263872785,740329.0,3206616.0,0.1675167229867833,0.00754,0.00754,442314247.0,442314247.0,,,1620589542,15:45:42,20210509
7,2013-06-30,BNO.AX,AUD,2013-06-30,2013-06-30,FY,1637207.0,0.0,1637207.0,1.0,16170505.0,4938300.0,0.0,9544123.0,21710749.0,0.0,41684.0,1245815.0,-18827727.0,-11.499906242765881,-20073542.0,-12.26084545204119,9543939.0,-9963175.0,-6.085470560533885,38175.0,-10001350.0,-6.1087877098008985,-0.025449,-0.025449,397258523.0,397258523.0,,,1620589542,15:45:42,20210509
8,2012-06-30,BNO.AX,AUD,2012-06-30,2012-06-30,FY,1126113.0,0.0,1126113.0,1.0,9103342.0,3730954.0,0.0,7775486.0,13196168.0,0.0,45125.0,696717.0,-11373338.0,-10.099641865425584,-12070055.0,-10.718333772898458,7769662.0,-3328896.0,-2.956094104232879,-192658.0,-3136238.0,-2.7850118060976117,-0.008433,-0.008433,368101224.0,368101224.0,,,1620589542,15:45:42,20210509
9,2011-06-30,BNO.AX,AUD,2011-06-30,2011-06-30,FY,3183179.0,0.0,3183179.0,1.0,9096660.0,3124164.0,0.0,-323854.0,13121280.0,0.0,301775.0,942506.0,-8995595.0,-2.8259783694225176,-9938101.0,-3.122067907585467,-340393.0,-10106903.0,-3.175097284821243,-750406.0,-9356497.0,-2.9393562221917144,-0.027174,-0.027174,343182718.0,343182718.0,,,1620589542,15:45:42,20210509
10,2010-06-30,BNO.AX,AUD,2010-06-30,2010-06-30,FY,2993308.0,0.0,2993308.0,1.0,8586455.0,2785530.0,0.0,402393.0,11849319.0,0.0,241319.0,954421.0,-7901590.0,-2.639751739547016,-8856011.0,-2.9586033244824788,402393.0,-8214082.0,-2.7441486141753537,0.0,-8214082.0,-2.7441486141753537,-0.0253,-0.0253,321007228.0,321007228.0,,,1620589542,15:45:42,20210509
11,2009-06-30,BNO.AX,AUD,2009-06-30,2009-06-30,FY,3610495.0,337621.0,3610495.0,1.0,8103521.0,2784769.0,0.0,710471.0,11223923.0,0.0,271618.0,1033628.0,-6579800.0,-1.8224093926179097,-7613428.0,-2.108693683276116,710471.0,-6899183.0,-1.9108690082661797,-36884.0,-6862299.0,-1.9006532345287834,-0.026237,-0.026237,259301317.0,259301317.0,,,1620589542,15:45:42,20210509
12,2008-06-30,BNO.AX,AUD,2008-06-30,2008-06-30,FY,1125995.0,213059.0,1125995.0,1.0,7624371.0,3803992.0,0.0,5387368.0,11911648.0,0.0,306017.0,1041993.0,-9743660.0,-8.653377679296977,-10785653.0,-9.57877521658622,5387368.0,-5142954.0,-4.567474988787694,-359037.0,-4783917.0,-4.248613004498244,-0.019678,-0.019678,240447281.0,240447281.0,,,1620589542,15:45:42,20210509
13,2007-06-30,BNO.AX,AUD,2007-06-30,2007-06-30,FY,817295.0,144758.0,817295.0,1.0,6449456.0,3734848.0,0.0,2271233.0,11018298.0,0.0,305029.0,969315.0,-9231688.0,-11.295417199420038,-10201003.0,-12.48142102912657,2271233.0,-7898735.0,-9.66448467199726,-2448937.0,-5449798.0,-6.668091692718051,-0.033734,-0.033734,192537178.0,192537178.0,,,1620589542,15:45:42,20210509
14,2006-06-30,BNO.AX,AUD,2006-06-30,2006-06-30,FY,652375.0,70626.0,652375.0,1.0,6808183.0,2501062.0,0.0,3072567.0,9309245.0,0.0,328858.0,969823.0,-7687047.0,-11.783172255221308,-8656870.0,-13.269775819122437,3072567.0,-5553388.0,-8.512570224180877,-156438.0,-5396950.0,-8.272772561793447,-0.03186,-0.03186,164811353.0,164811353.0,,,1620589542,15:45:42,20210509
15,2005-06-30,BNO.AX,AUD,2005-06-30,2005-06-30,FY,295552.0,40527.0,295552.0,1.0,4457955.0,1249419.0,158970.0,1615663.0,6545704.0,0.0,317639.0,520390.0,-5729762.0,-19.386646004763968,-6250152.0,-21.147385231702035,1615663.0,-4632314.0,-15.67343140970117,-4632314.0,-4632314.0,-15.67343140970117,-0.06696174092656915,-0.04216711422343358,69178518.0,109856083.0,,,1620589542,15:45:42,20210509
16,2004-06-30,BNO.AX,AUD,2004-06-30,2004-06-30,FY,0.0,0.0,0.0,0.0,3107534.0,824755.0,107236.0,1239507.0,4819982.0,0.0,317669.0,517773.0,-4302209.0,0.0,-4819982.0,0.0,1239507.0,-3574582.0,0.0,-3574582.0,-3574582.0,0.0,-0.06884008911394987,-0.04872644308751142,51925877.0,73360208.0,,,1620589542,15:45:42,20210509
17,2003-06-30,BNO.AX,AUD,2003-06-30,2003-06-30,FY,1028243.0,0.0,1028243.0,1.0,3732031.0,645010.0,0.0,-541197.0,5058609.0,0.0,302411.0,681568.0,-3348798.0,-3.2568157526965904,-4030366.0,-3.919662959047618,-541197.0,-4540955.0,-4.416227487082334,-4540955.0,-4540955.0,-4.416227487082334,-0.10573276583078045,-0.08152308754564064,42947472.0,55701460.0,,,1620589542,15:45:42,20210509
18,2002-06-30,BNO.AX,AUD,2002-06-30,2002-06-30,FY,1611599.0,0.0,1611599.0,1.0,3286513.0,930934.0,0.0,-780914.0,4651079.0,0.0,72375.0,433632.0,-2605848.0,-1.6169332445602163,-3039480.0,-1.886002659470501,-780914.0,-3489730.0,-2.165383572464366,-3489730.0,-3489730.0,-2.165383572464366,-0.08921123193422256,-0.07495795907837965,39117608.0,46555830.0,,,1620589542,15:45:42,20210509
19,2001-06-30,BNO.AX,AUD,2001-06-30,2001-06-30,FY,599000.0,0.0,599000.0,1.0,2039202.0,143666.0,0.0,-1396671.0,2292766.0,0.0,0.0,253564.0,-2039202.0,-3.4043439065108516,-2292766.0,-3.8276560934891486,-1396671.0,-3279252.0,-5.474544240400668,-3279252.0,-3279252.0,-5.474544240400668,-0.103075,-0.103075,30407171.0,30407171.0,,,1620589542,15:45:42,20210509
20,2000-06-30,BNO.AX,AUD,2000-06-30,2000-06-30,FY,0.0,0.0,0.0,0.0,0.0,0.0,0.0,0.0,0.0,0.0,4626.0,0.0,-1414248.0,0.0,0.0,0.0,0.0,-1418874.0,0.0,-1418874.0,-1418874.0,0.0,-0.09011463294365296,-0.056217825660371465,15745212.0,25238863.0,,,1620589542,15:45:42,20210509
21,1999-06-30,BNO.AX,AUD,1999-06-30,1999-06-30,FY,0.0,0.0,0.0,0.0,0.0,0.0,0.0,0.0,0.0,0.0,5000.0,0.0,-332000.0,0.0,0.0,0.0,0.0,-337000.0,0.0,-337000.0,-337000.0,0.0,-0.103075,-0.103075,3202582.0,3202582.0,,,1620589542,15:45:42,20210509
