,date,symbol,reportedCurrency,fillingDate,acceptedDate,period,revenue,costOfRevenue,grossProfit,grossProfitRatio,researchAndDevelopmentExpenses,generalAndAdministrativeExpenses,sellingAndMarketingExpenses,otherExpenses,operatingExpenses,costAndExpenses,interestExpense,depreciationAndAmortization,ebitda,ebitdaratio,operatingIncome,operatingIncomeRatio,totalOtherIncomeExpensesNet,incomeBeforeTax,incomeBeforeTaxRatio,incomeTaxExpense,netIncome,netIncomeRatio,eps,epsdiluted,weightedAverageShsOut,weightedAverageShsOutDil,link,finalLink,timestamp,est_time,est_date
0,2015-12-31,CLBH,USD,2016-03-23 00:00:00,2016-03-23 16:33:12,FY,23645000.0,0.0,23645000.0,1.0,0.0,17784000.0,0.0,177000.0,17784000.0,17784000.0,2725000.0,828000.0,9097000.0,0.38473250158595895,8269000.0,0.349714527384225,0.0,8269000.0,0.349714527384225,2502000.0,5767000.0,0.24389934447028971,1.3139409890806424,1.2481573608927863,4389086.0,4620411.0,https://www.sec.gov/Archives/edgar/data/1127160/000114420416089840/0001144204-16-089840-index.html,https://www.sec.gov/Archives/edgar/data/1127160/000114420416089840/v433290_10k.htm,1620590344,15:59:04,20210509
1,2014-12-31,CLBH,USD,2015-03-26,2015-03-26,FY,23257000.0,0.0,23257000.0,1.0,0.0,16951000.0,0.0,109000.0,16951000.0,16951000.0,3191000.0,736000.0,4966000.0,0.213527110117384,4230000.0,0.18188072408307177,0.0,4230000.0,0.18188072408307177,884000.0,3346000.0,0.1438706625962076,0.9751164617202674,0.9744865670259492,3431385.0,3433603.0,https://www.sec.gov/Archives/edgar/data/1127160/000114420415018620/0001144204-15-018620-index.htm,https://www.sec.gov/Archives/edgar/data/1127160/000114420415018620/v404520_10k.htm,1620590344,15:59:04,20210509
2,2013-12-31,CLBH,USD,2014-03-21,2014-03-21,FY,22315000.0,0.0,22315000.0,1.0,0.0,17153000.0,0.0,169000.0,17153000.0,17153000.0,3756000.0,1255000.0,6834000.0,0.30625140040331617,5579000.0,0.25001120322652925,0.0,5579000.0,0.25001120322652925,1569000.0,4010000.0,0.17969975352901635,1.175617287027107,1.1702002238846911,3410974.0,3426764.0,https://www.sec.gov/Archives/edgar/data/1127160/000114420414017053/0001144204-14-017053-index.htm,https://www.sec.gov/Archives/edgar/data/1127160/000114420414017053/v370274_10k.htm,1620590344,15:59:04,20210509
3,2012-12-31,CLBH,USD,2013-03-26 00:00:00,2013-03-26 10:54:24,FY,24095000.0,0.0,24095000.0,1.0,0.0,13129000.0,0.0,110000.0,13129000.0,13129000.0,6695000.0,1349000.0,4303000.0,0.1785847686241959,2954000.0,0.1225980493878398,0.0,2954000.0,0.1225980493878398,557000.0,2397000.0,0.09948122017015978,0.7077,0.7077,3387045.0,3387045.0,https://www.sec.gov/Archives/edgar/data/1127160/000114420413017413/0001144204-13-017413-index.html,https://www.sec.gov/Archives/edgar/data/1127160/000114420413017413/v336824_10k.htm,1620590344,15:59:04,20210509
4,2011-12-31,CLBH,USD,2012-03-22 00:00:00,2012-03-22 13:06:52,FY,23341000.0,0.0,23341000.0,1.0,0.0,12232000.0,0.0,89000.0,12232000.0,12232000.0,9573000.0,1393000.0,-3085000.0,-0.13217085814660898,-4478000.0,-0.19185124887536953,0.0,-4478000.0,-0.19185124887536953,-2084000.0,-2394000.0,-0.10256629964440256,-0.70682,-0.70682,3387000.0,3387000.0,https://www.sec.gov/Archives/edgar/data/1127160/000114420412016552/0001144204-12-016552-index.html,https://www.sec.gov/Archives/edgar/data/1127160/000114420412016552/v305075_10k.htm,1620590344,15:59:04,20210509
5,2010-12-31,CLBH,USD,2011-03-29,2011-03-29,FY,0.0,0.0,0.0,0.0,0.0,0.0,0.0,114000.0,0.0,0.0,-245000.0,945000.0,-1449000.0,0.0,-2394000.0,0.0,0.0,-2394000.0,0.0,0.0,-2394000.0,0.0,-0.90369,-0.90369,2649137.0,2649137.0,https://www.sec.gov/Archives/edgar/data/1127160/000119312511080889/0001193125-11-080889-index.htm,https://www.sec.gov/Archives/edgar/data/1127160/000119312511080889/d10k.htm,1620590344,15:59:04,20210509
6,2009-12-31,CLBH,USD,2010-03-25 00:00:00,2010-03-25 14:28:39,FY,0.0,0.0,0.0,0.0,0.0,0.0,0.0,119000.0,0.0,0.0,-295000.0,935000.0,577000.0,0.0,-358000.0,0.0,0.0,-358000.0,0.0,0.0,-358000.0,0.0,-0.03062,-0.03062,11690000.0,11690000.0,https://www.sec.gov/Archives/edgar/data/1127160/000119312510066967/0001193125-10-066967-index.html,https://www.sec.gov/Archives/edgar/data/1127160/000119312510066967/d10k.htm,1620590344,15:59:04,20210509
7,2008-12-31,CLBH,USD,2009-03-30 00:00:00,2009-03-30 16:39:46,FY,0.0,0.0,0.0,0.0,0.0,0.0,0.0,100000.0,0.0,0.0,-593000.0,665000.0,2859000.0,0.0,2194000.0,0.0,0.0,2194000.0,0.0,0.0,2194000.0,0.0,0.6536247574229905,0.6427309444483016,3356666.0,3413559.0,https://www.sec.gov/Archives/edgar/data/1127160/000119312509067756/0001193125-09-067756-index.html,https://www.sec.gov/Archives/edgar/data/1127160/000119312509067756/d10k.htm,1620590344,15:59:04,20210509
8,2007-12-31,CLBH,USD,2008-03-27,2008-03-27,FY,32691000.0,0.0,32691000.0,1.0,0.0,0.0,0.0,0.0,0.0,0.0,-18520000.0,483000.0,5294000.0,0.16194059527086965,4811000.0,0.14716588663546543,0.0,4811000.0,0.14716588663546543,1787000.0,3024000.0,0.09250252363035698,0.9200001460317692,0.8900002119048124,3286956.0,3397752.0,https://www.sec.gov/Archives/edgar/data/1127160/000119312508066705/0001193125-08-066705-index.htm,https://www.sec.gov/Archives/edgar/data/1127160/000119312508066705/d10k.htm,1620590344,15:59:04,20210509
