,date,symbol,reportedCurrency,fillingDate,acceptedDate,period,revenue,costOfRevenue,grossProfit,grossProfitRatio,researchAndDevelopmentExpenses,generalAndAdministrativeExpenses,sellingAndMarketingExpenses,otherExpenses,operatingExpenses,costAndExpenses,interestExpense,depreciationAndAmortization,ebitda,ebitdaratio,operatingIncome,operatingIncomeRatio,totalOtherIncomeExpensesNet,incomeBeforeTax,incomeBeforeTaxRatio,incomeTaxExpense,netIncome,netIncomeRatio,eps,epsdiluted,weightedAverageShsOut,weightedAverageShsOutDil,link,finalLink,timestamp,est_time,est_date
0,2020-12-31,TWNK,USD,2020-12-31,2021-02-24,FY,1016609000.0,660970000.0,355639000.0,0.3498286952014,0.0,92860000.0,92453000.0,-3723000.0,0.0,876257000.0,42826000.0,26510000.0,166862000.0,0.16413586737870706,140352000.0,0.13805897842730097,-8765000.0,88761000.0,0.08731085402549063,20405000.0,64735000.0,0.06367738235644185,0.52,0.51,124927535.0,127723488.0,https://www.sec.gov/Archives/edgar/data/1644406/000164440621000009/0001644406-21-000009-index.htm,https://www.sec.gov/ix?doc=/Archives/edgar/data/1644406/000164440621000009/twnk-20201231.htm,1620599156,18:25:56,20210509
1,2019-12-31,TWNK,USD,2020-02-26 00:00:00,2020-02-26 16:05:20,FY,907675000.0,607841000.0,299834000.0,0.330331891921668,0.0,69423000.0,70494000.0,-1769000.0,168766000.0,776607000.0,39870000.0,23377000.0,154445000.0,0.17015451565813755,131068000.0,0.14439970253670092,3259000.0,94457000.0,0.1040647808962459,16892000.0,63115000.0,0.06953480045170353,0.57,0.55,110540264.0,114699447.0,https://www.sec.gov/Archives/edgar/data/1644406/000164440620000011/0001644406-20-000011-index.html,https://www.sec.gov/Archives/edgar/data/1644406/000164440620000011/twnk-20191231.htm,1620599156,18:25:56,20210509
2,2018-12-31,TWNK,USD,2019-02-27 00:00:00,2019-02-27 16:34:04,FY,850389000.0,583112000.0,267277000.0,0.3142996910825516,0.0,53122000.0,65140000.0,12226000.0,147288000.0,730400000.0,39404000.0,24057000.0,144046000.0,0.16938836226715068,119989000.0,0.14109895588959875,13795000.0,94380000.0,0.11098450238655486,12954000.0,62895000.0,0.07396026994704777,0.63,0.61,99957049.0,103098394.0,https://www.sec.gov/Archives/edgar/data/1644406/000164440619000011/0001644406-19-000011-index.html,https://www.sec.gov/Archives/edgar/data/1644406/000164440619000011/twnk-10k2018.htm,1620599156,18:25:56,20210509
3,2017-12-31,TWNK,USD,2018-02-28 00:00:00,2018-02-28 16:19:22,FY,776188000.0,449290000.0,326898000.0,0.4211582760877519,0.0,53324000.0,65090000.0,-1360000.0,142269000.0,591559000.0,39174000.0,23855000.0,208484000.0,0.2685998752879457,184629000.0,0.23786634165949486,45449000.0,190904000.0,0.24595072327838102,-67204000.0,223897000.0,0.2884571779001994,2.26,2.13,99109629.0,105307293.0,https://www.sec.gov/Archives/edgar/data/1644406/000164440618000012/0001644406-18-000012-index.html,https://www.sec.gov/Archives/edgar/data/1644406/000164440618000012/twnk-10k2017.htm,1620599156,18:25:56,20210509
4,2016-12-31,TWNK,USD,2017-03-14 00:00:00,2017-03-14 16:31:02,FY,727586000.0,422343000.0,0.0,0.0,0.0,0.0,66634000.0,-2378000.0,150295000.0,572638000.0,0.0,5107000.0,160055000.0,0.21998086824100518,154948000.0,0.21296176671898578,0.0,44617000.0,0.061321960565486416,-7323000.0,52807000.0,0.07257836187062423,0.406346,0.406346,129955905.0,129955905.0,https://www.sec.gov/Archives/edgar/data/1644406/000164440617000024/0001644406-17-000024-index.html,https://www.sec.gov/Archives/edgar/data/1644406/000164440617000024/twnk-10k_20161231.htm,1620599156,18:25:56,20210509
5,2015-12-31,TWNK,USD,2016-03-17 00:00:00,2016-03-16 19:12:54,FY,620815000.0,358612000.0,262203000.0,0.42235287484999556,0.0,37111000.0,61451000.0,8743000.0,99413000.0,458025000.0,50011000.0,851000.0,163641000.0,0.26359060267551526,162790000.0,0.26221982394110965,-24019000.0,88760000.0,0.14297334954857727,0.0,84253000.0,0.13571353784943985,1.797397,1.797397,46875000.0,46875000.0,https://www.sec.gov/Archives/edgar/data/1644406/000156459016014939/0001564590-16-014939-index.html,https://www.sec.gov/Archives/edgar/data/1644406/000156459016014939/grshu-10k_20151231.htm,1620599156,18:25:56,20210509
6,2015-09-30,TWNK,USD,2015-09-30,2015-09-30,FY,0.0,0.0,0.0,0.0,0.0,85223.0,0.0,0.0,0.0,220223.0,0.0,0.0,-220223.0,0.0,-220223.0,0.0,0.0,-218807.0,0.0,0.0,-218807.0,0.0,-0.02,-0.02,11085093.0,11085093.0,,,1620599156,18:25:56,20210509
7,2014-12-31,TWNK,USD,2014-12-31,2014-12-31,FY,554695000.0,320763000.0,233932000.0,0.4217308611038499,0.0,37590000.0,57861000.0,-556000.0,0.0,416837000.0,37447000.0,623000.0,138481000.0,0.2496525117406863,137858000.0,0.2485293719972237,-18947000.0,81464000.0,0.146862690307286,0.0,77197000.0,0.1391701746004561,8.234347,8.234347,9375000.0,9375000.0,,,1620599156,18:25:56,20210509
