,date,symbol,reportedCurrency,fillingDate,acceptedDate,period,revenue,costOfRevenue,grossProfit,grossProfitRatio,researchAndDevelopmentExpenses,generalAndAdministrativeExpenses,sellingAndMarketingExpenses,otherExpenses,operatingExpenses,costAndExpenses,interestExpense,depreciationAndAmortization,ebitda,ebitdaratio,operatingIncome,operatingIncomeRatio,totalOtherIncomeExpensesNet,incomeBeforeTax,incomeBeforeTaxRatio,incomeTaxExpense,netIncome,netIncomeRatio,eps,epsdiluted,weightedAverageShsOut,weightedAverageShsOutDil,link,finalLink,timestamp,est_time,est_date
0,2020-12-31,USDP,USD,2021-03-04,2021-03-04 16:26:54,FY,120043000,57114000,62929000,0.524220487658589,0.0,18257000,0.0,903000.0,37003000,94117000,8103000.0,21496000.0,47422000.0,0.39504177669668367,25926000.0,0.21597260981481636,-36849000.0,-19855000.0,-0.16539906533492166,-41000.0,-19814000.0,-0.1650575210549553,-0.725632,-0.725632,27305851.0,27305851.0,https://www.sec.gov/Archives/edgar/data/1610682/000161068221000024/0001610682-21-000024-index.htm,https://www.sec.gov/Archives/edgar/data/1610682/000161068221000024/usdp-20201231.htm,1620599352,18:29:12,20210509
1,2019-12-31,USDP,USD,2020-03-05,2020-03-05 17:24:38,FY,113656000,37598000,76058000,0.6691947631449285,0.0,34761000,0.0,82307000.0,34761000,93023000,12006000.0,20664000.0,41297000.0,0.36335081297951716,20633000.0,0.1815390300556064,336000.0,7178000.0,0.06315548673189272,662000.0,6516000.0,0.057330893221651295,0.24629,0.24629,24078000.0,24078000.0,https://www.sec.gov/Archives/edgar/data/1610682/000161068220000047/0001610682-20-000047-index.htm,https://www.sec.gov/Archives/edgar/data/1610682/000161068220000047/usdp-2019x10k.htm,1620599352,18:29:12,20210509
2,2018-12-31,USDP,USD,2019-03-07,2019-03-07 16:28:12,FY,119226000,44376000,74850000,0.6277993055206079,0.0,24298000,0.0,78937000.0,24298000,89777000,11358000.0,21103000.0,50552000.0,0.42400147618807976,29449000.0,0.24700149296294432,-16000.0,18463000.0,0.15485716202841662,-2669000.0,21132000.0,0.17724321876100851,0.81084,0.81084,21590000.0,21590000.0,https://www.sec.gov/Archives/edgar/data/1610682/000161068219000054/0001610682-19-000054-index.htm,https://www.sec.gov/Archives/edgar/data/1610682/000161068219000054/usdp-2018x10k.htm,1620599352,18:29:12,20210509
3,2017-12-31,USDP,USD,2018-03-09,2018-03-09 16:33:10,FY,108805000,38881000,69924000,0.6426542897844768,0.0,18314000,0.0,71009000.0,18314000,79327000,9925000.0,22132000.0,51610000.0,0.47433481917191306,29478000.0,0.2709250494003033,330000.0,19402000.0,0.1783190110748587,-1192000.0,21331000.0,0.19604797573640917,0.87104,0.87104,17924000.0,17924000.0,https://www.sec.gov/Archives/edgar/data/1610682/000161068218000054/0001610682-18-000054-index.htm,https://www.sec.gov/Archives/edgar/data/1610682/000161068218000054/usdp-2017x10k.htm,1620599352,18:29:12,20210509
4,2016-12-31,USDP,USD,2017-03-09,2017-03-09 16:22:55,FY,113167000,37225000,75942000,0.6710613518075057,0.0,18388000,0.0,68827000.0,18388000,78705000,9847000.0,23092000.0,57554000.0,0.5085758215734268,34462000.0,0.30452340346567464,85000.0,25310000.0,0.22365177127607871,-759000.0,25557000.0,0.22583438634937747,1.1341,1.1341,13867000.0,13867000.0,https://www.sec.gov/Archives/edgar/data/1610682/000161068217000068/0001610682-17-000068-index.htm,https://www.sec.gov/Archives/edgar/data/1610682/000161068217000068/usdp-2016x10k.htm,1620599352,18:29:12,20210509
5,2015-12-31,USDP,USD,2016-03-10,2016-03-10 16:46:18,FY,81763000,38757000,43006000,0.5259836356298081,0.0,14442000,0.0,49574000.0,14442000,59309000,4368000.0,6110000.0,28564000.0,0.349351173513692,22454000.0,0.2746229957315656,64000.0,23448000.0,0.28678008390103105,5755000.0,17693000.0,0.21639372332228515,0.84692,0.84692,10427000.0,10427000.0,https://www.sec.gov/Archives/edgar/data/1610682/000161068216000157/0001610682-16-000157-index.htm,https://www.sec.gov/Archives/edgar/data/1610682/000161068216000157/usdp-2015x10k.htm,1620599352,18:29:12,20210509
6,2014-12-31,USDP,USD,2015-03-31,2015-03-30 18:16:30,FY,36098000,22012000,14086000,0.3902155244057843,0.0,10808000,0.0,28546000.0,10808000,35451000,4825000.0,2631000.0,3278000.0,0.09080835503351986,647000.0,0.017923430660978446,-39000.0,-7492000.0,-0.2075461244390271,186000.0,-7678000.0,-0.21269876447448613,-0.56849,-0.56849,3042000.0,3042000.0,https://www.sec.gov/Archives/edgar/data/1610682/000161068215000030/0001610682-15-000030-index.htm,https://www.sec.gov/Archives/edgar/data/1610682/000161068215000030/usdp201410k.htm,1620599352,18:29:12,20210509
