,date,symbol,reportedCurrency,fillingDate,acceptedDate,period,revenue,costOfRevenue,grossProfit,grossProfitRatio,researchAndDevelopmentExpenses,generalAndAdministrativeExpenses,sellingAndMarketingExpenses,otherExpenses,operatingExpenses,costAndExpenses,interestExpense,depreciationAndAmortization,ebitda,ebitdaratio,operatingIncome,operatingIncomeRatio,totalOtherIncomeExpensesNet,incomeBeforeTax,incomeBeforeTaxRatio,incomeTaxExpense,netIncome,netIncomeRatio,eps,epsdiluted,weightedAverageShsOut,weightedAverageShsOutDil,link,finalLink,timestamp,est_time,est_date
0,2020-03-31,2080.HK,HKD,2020-03-31,2020-03-31,FY,339972000,72176000,267796000,0.78770016354288,0.0,12300000.0,4198000.0,0.0,252484000,324660000,2956000.0,24612000.0,39924000.0,0.11743320038120786,15312000.0,0.04503900321202923,0.0,29166000.0,0.08578941795206664,15953000.0,13213000.0,0.038864965350087655,0.03523617007658993,0.03523617007658993,374984000,374984000,https://www1.hkexnews.hk/search/titlesearch.xhtml,https://www1.hkexnews.hk/search/titlesearch.xhtml,1620585449,14:37:29,20210509
1,2019-03-31,2080.HK,HKD,2019-03-31,2019-03-31,FY,317568000,62840000,254728000,0.802121120515921,0.0,13205000.0,10704000.0,0.0,262454000,325294000,2346000.0,17899000.0,10173000.0,0.03203408403869407,-7726000.0,-0.024328647722692463,0.0,-2744000.0,-0.008640669085046352,6891000.0,-9635000.0,-0.030339958686013704,-0.026,-0.026,374984000,374984000,https://www1.hkexnews.hk/search/titlesearch.xhtml,https://www1.hkexnews.hk/search/titlesearch.xhtml,1620585449,14:37:29,20210509
2,2018-03-31,2080.HK,HKD,2018-03-31,2018-03-31,FY,268237000,22068000,246169000,0.9177294705801213,0.0,0.0,13781000.0,0.0,254161000,276229000,1468000.0,17536000.0,9544000.0,0.03558047547504632,-7992000.0,-0.029794547359238286,0.0,-20561000.0,-0.07665236339505735,4956000.0,-25517000.0,-0.09512856168239281,-0.072,-0.072,354765000,354765000,https://www1.hkexnews.hk/search/titlesearch.xhtml,https://www1.hkexnews.hk/search/titlesearch.xhtml,1620585449,14:37:29,20210509
3,2017-03-31,2080.HK,HKD,2017-03-31,2017-03-31,FY,102802000,23749000,79053000,0.7689830937141301,0.0,0.0,10106000.0,0.0,101105000,124854000,0.0,10335000.0,-11717000.0,-0.11397638178245559,-22052000.0,-0.21450944534153032,0.0,-27116000.0,-0.2637691873698955,1687000.0,-28803000.0,-0.2801793739421412,-0.091,-0.091,314984000,314984000,https://www1.hkexnews.hk/search/titlesearch.xhtml,https://www1.hkexnews.hk/search/titlesearch.xhtml,1620585449,14:37:29,20210509
4,2016-03-31,2080.HK,HKD,2016-03-31,2016-03-31,FY,128964000,29662000,99302000,0.7699978288514624,0.0,0.0,6784000.0,0.0,119552000,149214000,0.0,12581000.0,-7669000.0,-0.059466207623833006,-20250000.0,-0.1570205638782916,0.0,-27029000.0,-0.2095856207933997,-1047000.0,-25982000.0,-0.20146707608324804,-0.083,-0.083,314905000,314905000,https://www1.hkexnews.hk/search/titlesearch.xhtml,https://www1.hkexnews.hk/search/titlesearch.xhtml,1620585449,14:37:29,20210509
5,2015-03-31,2080.HK,HKD,2015-03-31,2015-03-31,FY,154864000,35380000,119484000,0.7715414815580122,0.0,0.0,7032000.0,0.0,117846000,153226000,0.0,7226000.0,8864000.0,0.05723731790474223,1638000.0,0.010577022419671454,0.0,2832000.0,0.018287013121190205,2936000.0,-104000.0,-0.000671556979026759,-0.001,-0.001,312667000,312667000,https://www1.hkexnews.hk/search/titlesearch.xhtml,https://www1.hkexnews.hk/search/titlesearch.xhtml,1620585449,14:37:29,20210509
6,2014-03-31,2080.HK,HKD,2014-03-31,2014-03-31,FY,159138000,32069000,127069000,0.7984830775804648,0.0,15463000.0,15446000.0,0.0,124427000,156496000,0.0,5059000.0,7701000.0,0.0483919616936244,2642000.0,0.016601942967738693,0.0,2850000.0,0.017908984654827886,3435000.0,-585000.0,-0.0036760547449383556,-0.003,-0.003,233375000,233375000,https://www1.hkexnews.hk/search/titlesearch.xhtml,https://www1.hkexnews.hk/search/titlesearch.xhtml,1620585449,14:37:29,20210509
7,2013-03-31,2080.HK,HKD,2013-03-31,2013-03-31,FY,173995000,31785000,142210000,0.81732233684876,0.0,2583000.0,18846000.0,0.0,108145000,139930000,0.0,5155000.0,39220000.0,0.22540877611425617,34065000.0,0.19578148797379236,0.0,34098000.0,0.19597114859622403,6064000.0,28034000.0,0.1611195724015058,0.13,0.13,216000000,216000000,https://www1.hkexnews.hk/search/titlesearch.xhtml,https://www1.hkexnews.hk/search/titlesearch.xhtml,1620585449,14:37:29,20210509
