,date,symbol,reportedCurrency,fillingDate,acceptedDate,period,revenue,costOfRevenue,grossProfit,grossProfitRatio,researchAndDevelopmentExpenses,generalAndAdministrativeExpenses,sellingAndMarketingExpenses,otherExpenses,operatingExpenses,costAndExpenses,interestExpense,depreciationAndAmortization,ebitda,ebitdaratio,operatingIncome,operatingIncomeRatio,totalOtherIncomeExpensesNet,incomeBeforeTax,incomeBeforeTaxRatio,incomeTaxExpense,netIncome,netIncomeRatio,eps,epsdiluted,weightedAverageShsOut,weightedAverageShsOutDil,link,finalLink,timestamp,est_time,est_date
0,2020-03-31,BAJAJELEC.NS,INR,2020-03-31,2020-03-31,FY,49540727000,36871007000.0,12669720000.0,0.2557435218905851,0.0,564720000.0,2053264000.0,110045000.0,11112329000,47983336000,1657035000.0,736703000,2294094000,0.046307233238624054,1557391000,0.03143657944301059,0.0,71570000,0.0014446699581134527,174445000.0,-92804000,-0.0018732870028330428,-0.8933825377214276,-0.8924449063075172,103879353,103988492,https://www.nseindia.com/companies-listing/corporate-filings-annual-reports,https://www.nseindia.com/companies-listing/corporate-filings-annual-reports,1620589099,15:38:19,20210509
1,2019-03-31,BAJAJELEC.NS,INR,2019-03-31,2019-03-31,FY,66794120000,52103420000.0,14690700000.0,0.21994001867230228,0.0,706744000.0,2105451000.0,351298000.0,11433507000,63536927000,1118564000.0,439439000,3696632000,0.0553436739641154,3257193000,0.04876466671018347,0.0,2411248000,0.03609970458477483,875455000.0,1563954000,0.0234145460708218,14.922563,14.883777,104804654,105077764,https://www.nseindia.com/companies-listing/corporate-filings-annual-reports,https://www.nseindia.com/companies-listing/corporate-filings-annual-reports,1620589099,15:38:19,20210509
2,2018-03-31,BAJAJELEC.NS,INR,2018-03-31,2018-03-31,FY,47074495000,34570131000.0,12504364000.0,0.26562927547071935,0.0,560670000.0,2100433000.0,73464000.0,9363946000,43934077000,536705000.0,339449000,3479867000,0.0739225561527532,3140418000,0.06671166626429025,0.0,1644800000,0.03494036420358838,808451000.0,836349000,0.017766499672487193,8.029072,7.990049,104160325,104674429,https://www.nseindia.com/companies-listing/corporate-filings-annual-reports,https://www.nseindia.com/companies-listing/corporate-filings-annual-reports,1620589099,15:38:19,20210509
3,2017-03-31,BAJAJELEC.NS,INR,2017-03-31,2017-03-31,FY,42578216000,30892057000.0,11686159000.0,0.27446333120204003,0.0,99804000.0,2140367000.0,70431000.0,9468279000,40360336000,737336000.0,298714000,2516594000,0.05910520065002254,2217880000,0.05208954738733065,0.0,1680394000,0.03946604996320184,603785000.0,1021685000,0.023995486330380775,9.853418,9.833906,103647249,103855645,https://www.nseindia.com/companies-listing/corporate-filings-annual-reports,https://www.nseindia.com/companies-listing/corporate-filings-annual-reports,1620589099,15:38:19,20210509
4,2016-03-31,BAJAJELEC.NS,INR,2016-03-31,2016-03-31,FY,45889244000,34162392000.0,11726852000.0,0.2555468553807511,0.0,83270000.0,2469936000.0,30975000.0,9211615000,43374007000,958951000.0,272394000,2787631000,0.06074693668956499,2515237000,0.05481103589329125,0.0,1535845000,0.033468518243621535,579835000.0,954516000,0.02080042983493038,9.229043,9.219287,103394416,103551686,https://www.nseindia.com/companies-listing/corporate-filings-annual-reports,https://www.nseindia.com/companies-listing/corporate-filings-annual-reports,1620589099,15:38:19,20210509
5,2015-03-31,BAJAJELEC.NS,INR,2015-03-31,2015-03-31,FY,42567353000,33409920000.0,9157433000.0,0.2151280818424392,0.0,78421000.0,1865210000.0,32225000.0,8530346000,41940266000,981126000.0,290255000,917342000,0.021550365135459562,627087000,0.014731641875876098,0.0,-208172000,-0.004890414492063906,-68669000.0,-139503000,-0.0032772298526525714,-1.3542296341590914,-1.3486386380276247,103012810,103439866,https://www.nseindia.com/companies-listing/corporate-filings-annual-reports,https://www.nseindia.com/companies-listing/corporate-filings-annual-reports,1620589099,15:38:19,20210509
6,2014-03-31,BAJAJELEC.NS,INR,2014-03-31,2014-03-31,FY,40285707000,32304060000.0,7981647000.0,0.19812602519300457,0.0,64668000.0,1713348000.0,23571000.0,7339088000,39643148000,714998000.0,247464000,890023000,0.022092773499047688,642559000,0.01595004898387411,0.0,-59628000,-0.0014801279272571783,-6542000.0,-53086000,-0.00131773782696677,-0.5190515614064563,-0.5123024483262699,102275003,103622382,https://www.nseindia.com/companies-listing/corporate-filings-annual-reports,https://www.nseindia.com/companies-listing/corporate-filings-annual-reports,1620589099,15:38:19,20210509
7,2013-03-31,BAJAJELEC.NS,INR,2013-03-31,2013-03-31,FY,33855844000,26889680000.0,6966164000.0,0.20575957285247415,0.0,55178000.0,1091138000.0,15263000.0,5816377000,32706057000,656538000.0,144522000,1294309000,0.0382300024775634,1149787000,0.03396125643773642,0.0,689737000,0.02037276046049834,177654000.0,512083000,0.015125394599526156,5.014512,4.936465,102179769,103716602,https://www.nseindia.com/companies-listing/corporate-filings-annual-reports,https://www.nseindia.com/companies-listing/corporate-filings-annual-reports,1620589099,15:38:19,20210509
8,2012-03-31,BAJAJELEC.NS,INR,2012-03-31,2012-03-31,FY,30941874000,23609245000.0,7332629000.0,0.23698076593550862,0.0,542292000.0,1810345000.0,10182000.0,5046843000,28656088000,630510000.0,125219000,2411005000,0.07792045821141926,2285786000,0.0738735475427248,0.0,1759454000,0.05686320098129803,580670000.0,1178784000,0.03809672290695774,11.560694,11.443623,101937755,102996214,https://www.nseindia.com/companies-listing/corporate-filings-annual-reports,https://www.nseindia.com/companies-listing/corporate-filings-annual-reports,1620589099,15:38:19,20210509
9,2011-03-31,BAJAJELEC.NS,INR,2011-03-31,2011-03-31,FY,27394290000,20947080000.0,6447210000.0,0.23534868032717768,0.0,0.0,0.0,-50000000.0,3899875000,24846955000,0.0,107609000,2654944000,0.09691596314414427,2547335000,0.09298780877328816,0.0,2188510000,0.07988927619587878,739918000.0,1448592000,0.05287934091374517,14.272823,14.048438,100728952,102354140,https://www.nseindia.com/companies-listing/corporate-filings-annual-reports,https://www.nseindia.com/companies-listing/corporate-filings-annual-reports,1620589099,15:38:19,20210509
10,2010-03-31,BAJAJELEC.NS,INR,2010-03-31,2010-03-31,FY,22271536000,16523576000.0,5747960000.0,0.25808547735549087,0.0,1371726000.0,785629000.0,0.0,3338191000,19861767000,314487000.0,91995000,2501764000,0.11233010601513968,2409769000,0.10819949733148176,0.0,2006234000,0.09008063027175135,753500000.0,1252734000,0.05624820847560761,12.692373,12.37043,92284912,94631585,https://www.nseindia.com/companies-listing/corporate-filings-annual-reports,https://www.nseindia.com/companies-listing/corporate-filings-annual-reports,1620589099,15:38:19,20210509
11,2009-03-31,BAJAJELEC.NS,INR,2009-03-31,2009-03-31,FY,17688920000,13149279000.0,4539641000.0,0.2566375448585894,0.0,1190618000.0,639466000.0,0.0,2777314000,15926593000,369719000.0,85472000,1847799000,0.10446081501866705,1762327000,0.09962886371807889,0.0,1400167000,0.07915503038059983,506718000.0,893449000,0.050508962672678716,10.060242,9.710983,88591680,92003974,https://www.nseindia.com/companies-listing/corporate-filings-annual-reports,https://www.nseindia.com/companies-listing/corporate-filings-annual-reports,1620589099,15:38:19,20210509
12,2008-03-31,BAJAJELEC.NS,INR,2008-03-31,2008-03-31,FY,5027499857,0.0,0.0,0.0,0.0,1622783499.0,793154824.0,0.0,3023884748,3023884748,1703799779.0,48528299,2052143408,0.40818368301745733,2003615109,0.39853111208154135,0.0,299815330,0.05963507479419507,98598352.0,201216978,0.04002326876645001,1.108266,1.108266,185689639,185689639,https://www.nseindia.com/companies-listing/corporate-filings-annual-reports,https://www.nseindia.com/companies-listing/corporate-filings-annual-reports,1620589099,15:38:19,20210509
13,2007-03-31,BAJAJELEC.NS,INR,2007-03-31,2007-03-31,FY,3387637591,0.0,0.0,0.0,0.0,1225917208.0,513522303.0,0.0,2124479132,2124479132,1180941431.0,30374335,1293532794,0.3818391900705532,1263158459,0.37287296089636524,0.0,712533399,0.21033341963526464,240322787.0,472210612,0.13939230490726953,1.927758,1.833126,247094617,259886304,https://www.nseindia.com/companies-listing/corporate-filings-annual-reports,https://www.nseindia.com/companies-listing/corporate-filings-annual-reports,1620589099,15:38:19,20210509
14,2006-03-31,BAJAJELEC.NS,INR,2006-03-31,2006-03-31,FY,1962683502,0.0,0.0,0.0,0.0,697392087.0,291964578.0,0.0,1231098478,1231098478,646440139.0,17340899,748925923,0.38158262513382046,731585024,0.37274732439260094,0.0,549462483,0.2799547061154234,172607804.0,376854679,0.19200990817723804,1.18241,1.142411,178260580,184424138,https://www.nseindia.com/companies-listing/corporate-filings-annual-reports,https://www.nseindia.com/companies-listing/corporate-filings-annual-reports,1620589099,15:38:19,20210509
15,2005-03-31,BAJAJELEC.NS,INR,2005-03-31,2005-03-31,FY,1363581319,0.0,0.0,0.0,0.0,372725497.0,157251742.0,0.0,687355982,687355982,348662227.0,20050940,696276277,0.5106232149840709,676225337,0.49591859874988503,0.0,654976225,0.4803352875795741,98094773.0,556881452,0.4083962168155811,3.310163,3.310163,169028672,169028672,https://www.nseindia.com/companies-listing/corporate-filings-annual-reports,https://www.nseindia.com/companies-listing/corporate-filings-annual-reports,1620589099,15:38:19,20210509
