,date,symbol,reportedCurrency,fillingDate,acceptedDate,period,revenue,costOfRevenue,grossProfit,grossProfitRatio,researchAndDevelopmentExpenses,generalAndAdministrativeExpenses,sellingAndMarketingExpenses,otherExpenses,operatingExpenses,costAndExpenses,interestExpense,depreciationAndAmortization,ebitda,ebitdaratio,operatingIncome,operatingIncomeRatio,totalOtherIncomeExpensesNet,incomeBeforeTax,incomeBeforeTaxRatio,incomeTaxExpense,netIncome,netIncomeRatio,eps,epsdiluted,weightedAverageShsOut,weightedAverageShsOutDil,link,finalLink,timestamp,est_time,est_date
0,2020-09-30,GEOS,USD,2020-11-20,2020-11-20 11:26:34,FY,87835000,64403000,23432000,0.2667729265099334,16569000.0,23068000.0,0.0,-109000.0,39637000.0,104040000,38000.0,23693000.0,7488000.0,0.08525075425513748,-16205000.0,-0.184493652871862,-1452000.0,-16593000.0,-0.18891102635623613,2649000.0,-19242000.0,-0.21906984687197587,-1.42,-1.42,13525179.0,13525179.0,https://www.sec.gov/Archives/edgar/data/1001115/000156459020054742/0001564590-20-054742-index.htm,https://www.sec.gov/Archives/edgar/data/1001115/000156459020054742/geos-10k_20200930.htm,1620592487,16:34:47,20210509
1,2019-09-30,GEOS,USD,2019-11-22,2019-11-22 10:31:58,FY,95809000,64381000,31428000,0.3280276383220783,15495000.0,23626000.0,0.0,-212000.0,39121000.0,103502000,99000.0,19339000.0,11646000.0,0.12155434249392019,-7693000.0,-0.08029517059983926,8755000.0,2271000.0,0.023703409909298707,2417000.0,-146000.0,-0.0015238651901178387,-0.01,-0.01,13388626.0,13388626.0,https://www.sec.gov/Archives/edgar/data/1001115/000156459019044161/0001564590-19-044161-index.htm,https://www.sec.gov/Archives/edgar/data/1001115/000156459019044161/geos-10k_20190930.htm,1620592487,16:34:47,20210509
2,2018-09-30,GEOS,USD,2018-11-16,2018-11-16 10:47:03,FY,75748000,64776000,10972000,0.14484870887680204,10832000.0,19874000.0,0.0,-120000.0,30706000.0,95482000,336000.0,14412000.0,-5322000.0,-0.07025928077308972,-19734000.0,-0.2605217299466653,-805000.0,-19792000.0,-0.2612874267307388,-580000.0,-19212000.0,-0.2536304588900037,-1.45,-1.45,13250867.0,13250867.0,https://www.sec.gov/Archives/edgar/data/1001115/000156459018029718/0001564590-18-029718-index.htm,https://www.sec.gov/Archives/edgar/data/1001115/000156459018029718/geos-10k_20180930.htm,1620592487,16:34:47,20210509
3,2017-09-30,GEOS,USD,2017-12-01,2017-12-01 10:32:12,FY,73721000,94404000,-20683000,-0.2805577786519445,13782000.0,20238000.0,0.0,-60000.0,34020000.0,128424000,39000.0,17766000.0,-36937000.0,-0.5010376961788364,-54703000.0,-0.7420273734756718,-19000.0,-54108000.0,-0.7339564031958329,2683000.0,-56791000.0,-0.7703503750627365,-4.32,-4.32,13134071.0,13134071.0,https://www.sec.gov/Archives/edgar/data/1001115/000156459017024421/0001564590-17-024421-index.htm,https://www.sec.gov/Archives/edgar/data/1001115/000156459017024421/geos-10k_20170930.htm,1620592487,16:34:47,20210509
4,2016-09-30,GEOS,USD,2016-11-17,2016-11-17 11:28:34,FY,62060000,81423000,-19363000,-0.3120045117628102,13851000.0,21533000.0,0.0,-60000.0,35384000.0,116807000,26000.0,19914000.0,-34833000.0,-0.5612794070254592,-54747000.0,-0.8821624234611666,-936000.0,-55333000.0,-0.8916048984853367,-9363000.0,-45970000.0,-0.7407347728005156,-3.52,-3.52,13044875.0,13044875.0,https://www.sec.gov/Archives/edgar/data/1001115/000156459016029427/0001564590-16-029427-index.htm,https://www.sec.gov/Archives/edgar/data/1001115/000156459016029427/geos-10k_20160930.htm,1620592487,16:34:47,20210509
5,2015-09-30,GEOS,USD,2015-11-19,2015-11-19 12:41:17,FY,84867000,96067000,-11200000,-0.13197120199842105,14694000.0,22671000.0,0.0,-99000.0,37365000.0,133432000,229000.0,19547000.0,-29018000.0,-0.3419232446062663,-48565000.0,-0.5722483415226177,-1467000.0,-49834000.0,-0.5872011500347603,-17193000.0,-32641000.0,-0.38461357182414835,-2.51,-2.51,12996958.0,12996958.0,https://www.sec.gov/Archives/edgar/data/1001115/000156459015010914/0001564590-15-010914-index.htm,https://www.sec.gov/Archives/edgar/data/1001115/000156459015010914/geos-10k_20150930.htm,1620592487,16:34:47,20210509
6,2014-09-30,GEOS,USD,2014-11-21,2014-11-21 11:25:36,FY,236912000,140453000,96459000,0.407151178496657,16536000.0,25291000.0,0.0,-90000.0,41827000.0,182280000,471000.0,17774000.0,72406000.0,0.30562402917539,54632000.0,0.23060039170662525,-741000.0,53543000.0,0.22600374822718985,16632000.0,36911000.0,0.1558004659958128,2.82,2.81,12950958.0,12997009.0,https://www.sec.gov/Archives/edgar/data/1001115/000156459014005894/0001564590-14-005894-index.htm,https://www.sec.gov/Archives/edgar/data/1001115/000156459014005894/geos-10k_20140930.htm,1620592487,16:34:47,20210509
7,2013-09-30,GEOS,USD,2013-11-22,2013-11-22 06:08:13,FY,300607000,160846000,139761000,0.4649292930637011,14694000.0,23383000.0,0.0,-46000.0,38077000.0,198923000,260000.0,12229000.0,113913000.0,0.378943271447438,101684000.0,0.3382622493820836,-1211000.0,101093000.0,0.3362962273000961,31536000.0,69557000.0,0.23138849062064423,5.4,5.38,12886372.0,12938661.0,https://www.sec.gov/Archives/edgar/data/1001115/000156459013001356/0001564590-13-001356-index.htm,https://www.sec.gov/Archives/edgar/data/1001115/000156459013001356/geos-10k_20130930.htm,1620592487,16:34:47,20210509
8,2012-09-30,GEOS,USD,2012-12-12,2012-12-12 09:14:11,FY,191664000,109634000,82030000,0.4279885633191418,12167000.0,18914000.0,0.0,0.0,31199000.0,140833000,199000.0,9587000.0,60418000.0,0.31522873361716336,50831000.0,0.2652089072543618,487000.0,51862000.0,0.27058811253026127,16744000.0,35118000.0,0.18322689706987227,1.38,1.37,25471040.0,25672478.0,https://www.sec.gov/Archives/edgar/data/1001115/000119312512499442/0001193125-12-499442-index.htm,https://www.sec.gov/Archives/edgar/data/1001115/000119312512499442/d413433d10k.htm,1620592487,16:34:47,20210509
9,2011-09-30,GEOS,USD,2011-12-09,2011-12-09 14:04:40,FY,172970000,98857000,74113000,0.4284731456321906,11529000.0,18051000.0,0.0,0.0,29708000.0,128565000,43000.0,7047000.0,51452000.0,0.29746198762791237,44405000.0,0.25672081863907037,-10000.0,44619000.0,0.257958027403596,14908000.0,29711000.0,0.171769671041221,2.39,2.365,12441314.0,12572648.0,https://www.sec.gov/Archives/edgar/data/1001115/000119312511336346/0001193125-11-336346-index.htm,https://www.sec.gov/Archives/edgar/data/1001115/000119312511336346/d249151d10k.htm,1620592487,16:34:47,20210509
10,2010-09-30,GEOS,USD,2010-12-10,2010-12-10 09:00:53,FY,128533000,81177000,47356000,0.36843456544233777,9925000.0,16618000.0,0.0,0.0,26248000.0,107425000,238000.0,5184000.0,26292000.0,0.20455447239230393,21108000.0,0.16422241758925724,-222000.0,20902000.0,0.16261971633743863,6820000.0,14082000.0,0.10955941275781317,1.165,1.135,12062628.0,12386036.0,https://www.sec.gov/Archives/edgar/data/1001115/000119312510277978/0001193125-10-277978-index.htm,https://www.sec.gov/Archives/edgar/data/1001115/000119312510277978/d10k.htm,1620592487,16:34:47,20210509
11,2009-09-30,GEOS,USD,2009-12-11,2009-12-11 09:54:47,FY,92860000,66287000,26573000,0.28616196424725393,8062000.0,14572000.0,0.0,0.0,22952000.0,89239000,602000.0,5189000.0,8810000.0,0.0948740038768038,3621000.0,0.03899418479431402,-505000.0,3311000.0,0.0356558259745854,1551000.0,1760000.0,0.018953262976523798,0.15,0.145,11900806.0,12158756.0,https://www.sec.gov/Archives/edgar/data/1001115/000119312509251202/0001193125-09-251202-index.htm,https://www.sec.gov/Archives/edgar/data/1001115/000119312509251202/d10k.htm,1620592487,16:34:47,20210509
12,2008-09-30,GEOS,USD,2008-12-04,2008-12-04 15:09:04,FY,134495000,87441000,47054000,0.3498568720026767,8945000.0,18528000.0,0.0,0.0,26869000.0,114310000,0.0,4565000.0,24750000.0,0.1840217108442693,20185000.0,0.15007992862188185,411000.0,20418000.0,0.15181233503104205,6266000.0,14152000.0,0.10522324249972118,1.2,1.155,11817454.0,12232078.0,https://www.sec.gov/Archives/edgar/data/1001115/000119312508247886/0001193125-08-247886-index.htm,https://www.sec.gov/Archives/edgar/data/1001115/000119312508247886/d10k.htm,1620592487,16:34:47,20210509
13,2007-09-30,GEOS,USD,2007-12-07,2007-12-07 15:48:28,FY,138106000,87599000,50507000,0.36571184452521976,7327000.0,16728000.0,0.0,0.0,22388000.0,109987000,0.0,3701000.0,31820000.0,0.23040273413175388,28119000.0,0.20360447772001217,1660000.0,28237000.0,0.2044588938930966,8638000.0,19599000.0,0.14191273369730498,1.69,1.615,11587680.0,12126892.0,https://www.sec.gov/Archives/edgar/data/1001115/000119312507261344/0001193125-07-261344-index.htm,https://www.sec.gov/Archives/edgar/data/1001115/000119312507261344/d10k.htm,1620592487,16:34:47,20210509
14,2006-09-30,GEOS,USD,2006-12-07,2006-12-07 17:23:55,FY,103700000,67445000,36255000,0.3496142719382835,6634000.0,15170000.0,0.0,0.0,21804000.0,89249000,0.0,3890000.0,18341000.0,0.17686595949855352,14451000.0,0.13935390549662488,18000.0,14247000.0,0.1373866923818708,4477000.0,9770000.0,0.09421407907425265,0.86,0.82,11373200.0,11911824.0,https://www.sec.gov/Archives/edgar/data/1001115/000119312506248755/0001193125-06-248755-index.htm,https://www.sec.gov/Archives/edgar/data/1001115/000119312506248755/d10k.htm,1620592487,16:34:47,20210509
15,2005-09-30,GEOS,USD,2005-12-22,2005-12-22 15:46:13,FY,72823000,50941000,21882000,0.3004819905798992,4960000.0,13515000.0,0.0,0.0,18475000.0,69416000,0.0,4150000.0,7557000.0,0.1037721598945388,3407000.0,0.046784669678535624,56000.0,3363000.0,0.04618046496299246,812000.0,2507000.0,0.03442593686060723,0.225,0.22,11213716.0,11487202.0,https://www.sec.gov/Archives/edgar/data/1001115/000119312505247590/0001193125-05-247590-index.htm,https://www.sec.gov/Archives/edgar/data/1001115/000119312505247590/d10k.htm,1620592487,16:34:47,20210509
16,2004-09-30,GEOS,USD,2004-12-07,2004-12-07 16:49:19,FY,63538000,40787000,22751000,0.3580691869432466,4794000.0,12086000.0,0.0,0.0,16880000.0,57667000,0.0,4962000.0,10833000.0,0.17049639585759702,5871000.0,0.09240139758884447,212000.0,5906000.0,0.0929522490478139,-47000.0,5953000.0,0.09369196386414429,0.535,0.525,11147222.0,11369706.0,https://www.sec.gov/Archives/edgar/data/1001115/000119312504208792/0001193125-04-208792-index.htm,https://www.sec.gov/Archives/edgar/data/1001115/000119312504208792/d10k.htm,1620592487,16:34:47,20210509
17,2003-09-30,GEOS,USD,2003-12-03,2003-12-03 16:57:01,FY,50854000,38337000,12517000,0.24613599716836435,5226000.0,11273000.0,0.0,0.0,16499000.0,54836000,0.0,4268000.0,286000.0,0.0056239430526605575,-3982000.0,-0.078302591733197,204000.0,-3932000.0,-0.07731938490580878,-1399000.0,-2533000.0,-0.049809257875486686,-0.23,-0.23,11100432.0,11100432.0,https://www.sec.gov/Archives/edgar/data/1001115/000119312503088882/0001193125-03-088882-index.htm,https://www.sec.gov/Archives/edgar/data/1001115/000119312503088882/d10k.htm,1620592487,16:34:47,20210509
18,2002-09-30,GEOS,USD,2002-12-23 00:00:00,2002-12-23 16:26:30,FY,65049000,46484000,18565000,0.2854002367446079,5347000.0,11538000.0,0.0,0.0,18131000.0,64615000,0.0,4852000.0,5286000.0,0.08126181801411243,434000.0,0.006671893495672493,-1527000.0,-336000.0,-0.005165336899875478,-857000.0,1119000.0,0.017202416639763872,0.10106613482457213,0.1008512603433377,11071958.0,11095548.0,https://www.sec.gov/Archives/edgar/data/1001115/000089924302003199/0000899243-02-003199-index.html,https://www.sec.gov/Archives/edgar/data/1001115/000089924302003199/d10k.txt,1620592487,16:34:47,20210509
19,2001-09-30,GEOS,USD,2001-09-30,2001-09-30,FY,63618000,42957000,20661000,0.3247665754975007,6277000.0,12528000.0,0.0,0.0,18805000.0,61762000,0.0,4444000.0,6300000.0,0.09902857681788173,1856000.0,0.0291741331069823,-101000.0,1630000.0,0.02562167939891226,292000.0,1338000.0,0.021031783457512027,0.12187455082669749,0.1194942232848694,10978502.0,11197194.0,,,1620592487,16:34:47,20210509
20,2000-09-30,GEOS,USD,2000-09-30,2000-09-30,FY,53474000,35028000,18446000,0.3449526872872798,6146000.0,10090000.0,0.0,0.0,20250000.0,55278000,0.0,4014000.0,2210000.0,0.04132849609155852,-1804000.0,-0.03373602124396903,96000.0,-1763000.0,-0.032969293488424284,-572000.0,-1191000.0,-0.022272506264726783,-0.11,-0.11,10863802.0,10863802.0,,,1620592487,16:34:47,20210509
21,1999-09-30,GEOS,USD,1999-09-30,1999-09-30,FY,42000000,21200000,20800000,0.49523809523809526,6200000.0,9700000.0,0.0,0.0,20200000.0,41400000,0.0,4300000.0,4900000.0,0.11666666666666667,600000.0,0.014285714285714285,200000.0,600000.0,0.014285714285714285,-200000.0,800000.0,0.01904761904761905,0.08,0.075,10769060.0,10898808.0,,,1620592487,16:34:47,20210509
22,1998-09-30,GEOS,USD,1998-09-30,1998-09-30,FY,65800000,35600000,30200000,0.45896656534954405,5600000.0,11800000.0,0.0,0.0,20200000.0,55800000,0.0,2800000.0,12800000.0,0.1945288753799392,10000000.0,0.1519756838905775,400000.0,10300000.0,0.15653495440729484,3600000.0,6700000.0,0.10182370820668693,0.66,0.645,10144524.0,10333512.0,,,1620592487,16:34:47,20210509
23,1997-09-30,GEOS,USD,1997-09-30,1997-09-30,FY,41000000,22700000,18300000,0.44634146341463415,2400000.0,0.0,0.0,0.0,0.0,30500000,0.0,1500000.0,12000000.0,0.2926829268292683,10500000.0,0.25609756097560976,700000.0,10600000.0,0.25853658536585367,4000000.0,6600000.0,0.16097560975609757,0.83,0.83,7951807.0,7951807.0,,,1620592487,16:34:47,20210509
