,date,symbol,reportedCurrency,fillingDate,acceptedDate,period,revenue,costOfRevenue,grossProfit,grossProfitRatio,researchAndDevelopmentExpenses,generalAndAdministrativeExpenses,sellingAndMarketingExpenses,otherExpenses,operatingExpenses,costAndExpenses,interestExpense,depreciationAndAmortization,ebitda,ebitdaratio,operatingIncome,operatingIncomeRatio,totalOtherIncomeExpensesNet,incomeBeforeTax,incomeBeforeTaxRatio,incomeTaxExpense,netIncome,netIncomeRatio,eps,epsdiluted,weightedAverageShsOut,weightedAverageShsOutDil,link,finalLink,timestamp,est_time,est_date
0,2020-09-30,DWHT.L,GBP,2020-09-30,2020-09-30,FY,55617000.0,25587000.0,30030000.0,0.5399428232374993,316000.0,117000.0,0.0,0.0,0.0,48383000.0,281000.0,3014000.0,10248000.0,0.18426020820972006,7234000.0,0.13006814463203697,0.0,6740000.0,0.12118596831903915,2061000.0,4312000.0,0.07753025154179477,0.5178,0.5178,8328365.0,8328365.0,https://find-and-update.company-information.service.gov.uk/search/companies?q=Dewhurst+PLC,https://find-and-update.company-information.service.gov.uk/search/companies?q=Dewhurst+PLC,1620591348,16:15:48,20210509
1,2019-09-30,DWHT.L,GBP,2019-09-30,2019-09-30,FY,56446000.0,25583000.0,30863000.0,0.5467703645962513,349000.0,105000.0,0.0,0.0,25617000.0,51200000.0,184000.0,2776000.0,8022000.0,0.14211813060269993,5246000.0,0.09293838358785388,0.0,5244000.0,0.09290295149346278,2149000.0,9780000.0,0.17326294157247635,1.1623,1.1623,8413983.0,8413983.0,https://find-and-update.company-information.service.gov.uk/search/companies?q=Dewhurst+PLC,https://find-and-update.company-information.service.gov.uk/search/companies?q=Dewhurst+PLC,1620591348,16:15:48,20210509
2,2018-09-30,DWHT.L,GBP,2018-09-30,2018-09-30,FY,54510000.0,24532000.0,29978000.0,0.5499541368556228,0.0,0.0,0.0,-48322000.0,23654000.0,48186000.0,291000.0,1572000.0,7896000.0,0.14485415520088057,6324000.0,0.11601541001651074,0.0,5983000.0,0.10975967712346359,1723000.0,4039000.0,0.07409649605576958,0.4793,0.4793,8424898.0,8424898.0,https://find-and-update.company-information.service.gov.uk/search/companies?q=Dewhurst+PLC,https://find-and-update.company-information.service.gov.uk/search/companies?q=Dewhurst+PLC,1620591348,16:15:48,20210509
3,2017-09-30,DWHT.L,GBP,2017-09-30,2017-09-30,FY,52890000.0,24363000.0,28527000.0,0.5393647192285876,0.0,100000.0,0.0,-4466000.0,22170000.0,46533000.0,395000.0,975000.0,7332000.0,0.13862733976176972,6357000.0,0.1201928530913216,0.0,5966000.0,0.11280015125732652,1345000.0,4445000.0,0.08404235205142749,0.5265,0.5265,8442843.0,8442843.0,https://find-and-update.company-information.service.gov.uk/search/companies?q=Dewhurst+PLC,https://find-and-update.company-information.service.gov.uk/search/companies?q=Dewhurst+PLC,1620591348,16:15:48,20210509
4,2016-09-30,DWHT.L,GBP,2016-09-30,2016-09-30,FY,47159000.0,21633000.0,25526000.0,0.5412752602896584,0.0,106000.0,0.0,-41749000.0,20349000.0,41982000.0,451000.0,907000.0,6084000.0,0.1290103691766153,5177000.0,0.10977756101698509,0.0,5085000.0,0.10782671388282195,1577000.0,3453000.0,0.07322038211157997,0.4075,0.4075,8474898.0,8474898.0,https://find-and-update.company-information.service.gov.uk/search/companies?q=Dewhurst+PLC,https://find-and-update.company-information.service.gov.uk/search/companies?q=Dewhurst+PLC,1620591348,16:15:48,20210509
5,2015-09-30,DWHT.L,GBP,2015-09-30,2015-09-30,FY,45946000.0,20721000.0,25225000.0,0.5490140599834589,0.0,175000.0,0.0,-40271000.0,19029000.0,39750000.0,464000.0,991000.0,7187000.0,0.15642275714969747,6196000.0,0.13485395899534236,0.0,5318000.0,0.11574456971227093,851000.0,4406000.0,0.0958951812997867,0.5199,0.5199,8474898.0,8474898.0,https://find-and-update.company-information.service.gov.uk/search/companies?q=Dewhurst+PLC,https://find-and-update.company-information.service.gov.uk/search/companies?q=Dewhurst+PLC,1620591348,16:15:48,20210509
6,2014-09-30,DWHT.L,GBP,2014-09-30,2014-09-30,FY,46616000.0,21668000.0,24948000.0,0.5351810537154625,0.0,121000.0,0.0,0.0,19652000.0,41320000.0,452000.0,1194000.0,6490000.0,0.13922258452033637,5296000.0,0.11360906126651793,0.0,4812000.0,0.10322636004805218,866000.0,3930000.0,0.08430581774498026,0.4622,0.4622,8504298.0,8504298.0,https://find-and-update.company-information.service.gov.uk/search/companies?q=Dewhurst+PLC,https://find-and-update.company-information.service.gov.uk/search/companies?q=Dewhurst+PLC,1620591348,16:15:48,20210509
7,2013-09-30,DWHT.L,GBP,2013-09-30,2013-09-30,FY,43698000.0,20279000.0,23419000.0,0.5359284177765573,0.0,110000.0,0.0,-3825000.0,19309000.0,39588000.0,99000.0,1198000.0,5308000.0,0.12147009016430958,4110000.0,0.09405464780996842,0.0,2595000.0,0.05938486887271729,1307000.0,1336000.0,0.030573481623872946,0.157,0.157,8511398.0,8511398.0,https://find-and-update.company-information.service.gov.uk/search/companies?q=Dewhurst+PLC,https://find-and-update.company-information.service.gov.uk/search/companies?q=Dewhurst+PLC,1620591348,16:15:48,20210509
8,2012-09-30,DWHT.L,GBP,2012-09-30,2012-09-30,FY,51555000.0,0.0,51555000.0,1.0,0.0,0.0,0.0,0.0,45895000.0,45895000.0,342000.0,875000.0,6535000.0,0.12675783144214917,5660000.0,0.10978566579381244,0.0,5442000.0,0.10555717195228397,1688000.0,3786000.0,0.0734361361652604,0.441,0.441,8511398.0,8511398.0,https://find-and-update.company-information.service.gov.uk/search/companies?q=Dewhurst+PLC,https://find-and-update.company-information.service.gov.uk/search/companies?q=Dewhurst+PLC,1620591348,16:15:48,20210509
9,2011-09-30,DWHT.L,GBP,2011-09-30,2011-09-30,FY,41487000.0,0.0,41487000.0,1.0,728000.0,0.0,0.0,58000.0,36667000.0,36667000.0,137000.0,812000.0,5632000.0,0.13575336852508016,4820000.0,0.11618097235278521,0.0,4320000.0,0.10412900426639671,1428000.0,2924000.0,0.0704799093692,0.3398,0.3398,8511398.0,8511398.0,https://find-and-update.company-information.service.gov.uk/search/companies?q=Dewhurst+PLC,https://find-and-update.company-information.service.gov.uk/search/companies?q=Dewhurst+PLC,1620591348,16:15:48,20210509
10,2010-09-30,DWHT.L,GBP,2010-09-30,2010-09-30,FY,36975000.0,0.0,36975000.0,1.0,643000.0,0.0,0.0,-12000.0,31999000.0,31999000.0,153000.0,680000.0,5656000.0,0.1529682217714672,4976000.0,0.13457741717376606,0.0,4827000.0,0.13054766734279918,1339000.0,3488000.0,0.09433400946585531,0.4097,0.4097,8511398.0,8511398.0,https://find-and-update.company-information.service.gov.uk/search/companies?q=Dewhurst+PLC,https://find-and-update.company-information.service.gov.uk/search/companies?q=Dewhurst+PLC,1620591348,16:15:48,20210509
11,2009-09-30,DWHT.L,GBP,2009-09-30,2009-09-30,FY,35835000.0,0.0,35835000.0,1.0,483000.0,0.0,0.0,0.0,31292000.0,31292000.0,170000.0,575000.0,5118000.0,0.1428212641272499,4543000.0,0.12677549881400865,0.0,4428000.0,0.1235663457513604,1157000.0,3271000.0,0.09127947537323845,0.3843,0.3843,8511398.0,8511398.0,https://find-and-update.company-information.service.gov.uk/search/companies?q=Dewhurst+PLC,https://find-and-update.company-information.service.gov.uk/search/companies?q=Dewhurst+PLC,1620591348,16:15:48,20210509
12,2008-09-30,DWHT.L,GBP,2008-09-30,2008-09-30,FY,36326000.0,0.0,36326000.0,1.0,668000.0,0.0,0.0,0.0,32089000.0,32089000.0,2000.0,534000.0,4771000.0,0.13133843528051534,4237000.0,0.11663822055827781,0.0,4679000.0,0.12880581401750812,1238000.0,3441000.0,0.09472554093486758,0.3892,0.3892,8841253.0,8841253.0,https://find-and-update.company-information.service.gov.uk/search/companies?q=Dewhurst+PLC,https://find-and-update.company-information.service.gov.uk/search/companies?q=Dewhurst+PLC,1620591348,16:15:48,20210509
13,2007-09-30,DWHT.L,GBP,2007-09-30,2007-09-30,FY,31394000.0,0.0,31394000.0,1.0,532000.0,0.0,0.0,0.0,27780000.0,27780000.0,2000.0,473000.0,4087000.0,0.13018411161368415,3614000.0,0.11511753838313053,0.0,3853000.0,0.12273045804930878,1216000.0,2637000.0,0.08399694209084538,0.2687,0.2687,9815709.0,9815709.0,https://find-and-update.company-information.service.gov.uk/search/companies?q=Dewhurst+PLC,https://find-and-update.company-information.service.gov.uk/search/companies?q=Dewhurst+PLC,1620591348,16:15:48,20210509
14,2006-09-30,DWHT.L,GBP,2006-09-30,2006-09-30,FY,29766000.0,0.0,29766000.0,1.0,457000.0,0.0,0.0,0.0,26441000.0,26441000.0,99000.0,465000.0,3790000.0,0.12732647987636903,3325000.0,0.11170462944298865,0.0,3394000.0,0.11402271047503863,1081000.0,2313000.0,0.0777061076395888,0.2348,0.2348,9851898.0,9851898.0,https://find-and-update.company-information.service.gov.uk/search/companies?q=Dewhurst+PLC,https://find-and-update.company-information.service.gov.uk/search/companies?q=Dewhurst+PLC,1620591348,16:15:48,20210509
15,2005-09-30,DWHT.L,GBP,2005-09-30,2005-09-30,FY,29994000.0,0.0,0.0,0.0,733000.0,0.0,0.0,0.0,26174000.0,26174000.0,143000.0,441000.0,4261000.0,0.14206174568246982,3820000.0,0.1273588050943522,0.0,3871000.0,0.1290591451623658,1173000.0,2698000.0,0.08995132359805294,0.2739,0.2739,9851898.0,9851898.0,https://find-and-update.company-information.service.gov.uk/search/companies?q=Dewhurst+PLC,https://find-and-update.company-information.service.gov.uk/search/companies?q=Dewhurst+PLC,1620591348,16:15:48,20210509
16,2004-09-30,DWHT.L,GBP,2004-09-30,2004-09-30,FY,29265000.0,0.0,0.0,0.0,776000.0,0.0,0.0,-107000.0,25841000.0,25841000.0,1000.0,567000.0,3991000.0,0.13637450879890656,3424000.0,0.11699982914744575,0.0,3333000.0,0.11389031266017427,1142000.0,2191000.0,0.0748675892704596,0.2224,0.2224,3571000.0,3571000.0,https://find-and-update.company-information.service.gov.uk/search/companies?q=Dewhurst+PLC,https://find-and-update.company-information.service.gov.uk/search/companies?q=Dewhurst+PLC,1620591348,16:15:48,20210509
17,2003-09-30,DWHT.L,GBP,2003-09-30,2003-09-30,FY,27206000.0,0.0,27206000.0,1.0,838000.0,0.0,0.0,-24000.0,24625000.0,24625000.0,37000.0,561000.0,3142000.0,0.11548923031684187,2581000.0,0.09486877894582077,0.0,2465000.0,0.09060501359994119,814000.0,1651000.0,0.06068514298316548,0.1676,0.1676,3571000.0,3571000.0,https://find-and-update.company-information.service.gov.uk/search/companies?q=Dewhurst+PLC,https://find-and-update.company-information.service.gov.uk/search/companies?q=Dewhurst+PLC,1620591348,16:15:48,20210509
18,2002-09-30,DWHT.L,GBP,2002-09-30,2002-09-30,FY,24184000.0,0.0,24184000.0,1.0,760000.0,0.0,0.0,32000.0,22199000.0,22199000.0,56000.0,556000.0,2541000.0,0.1050694674164737,1985000.0,0.0820790605358915,0.0,1837000.0,0.07595931194177968,660000.0,1177000.0,0.04866854118425405,0.1182,0.1182,9958000.0,9958000.0,https://find-and-update.company-information.service.gov.uk/search/companies?q=Dewhurst+PLC,https://find-and-update.company-information.service.gov.uk/search/companies?q=Dewhurst+PLC,1620591348,16:15:48,20210509
19,2001-09-30,DWHT.L,GBP,2001-09-30,2001-09-30,FY,22903000.0,0.0,22903000.0,1.0,730000.0,0.0,0.0,0.0,20925000.0,20925000.0,72000.0,553000.0,2531000.0,0.11050954023490372,1978000.0,0.08636423176003144,0.0,1359000.0,0.05933720473300441,505000.0,854000.0,0.03728769156879012,0.08417110191208357,0.08365987460815047,10146000.0,10208000.0,https://find-and-update.company-information.service.gov.uk/search/companies?q=Dewhurst+PLC,https://find-and-update.company-information.service.gov.uk/search/companies?q=Dewhurst+PLC,1620591348,16:15:48,20210509
20,2000-09-30,DWHT.L,GBP,2000-09-30,2000-09-30,FY,21660000.0,0.0,21660000.0,1.0,748000.0,0.0,0.0,0.0,19585000.0,19585000.0,47000.0,526000.0,2601000.0,0.12008310249307479,2075000.0,0.09579870729455217,0.0,2005000.0,0.09256694367497692,663000.0,1342000.0,0.061957525392428436,0.13,0.129,10319000.0,10405000.0,https://find-and-update.company-information.service.gov.uk/search/companies?q=Dewhurst+PLC,https://find-and-update.company-information.service.gov.uk/search/companies?q=Dewhurst+PLC,1620591348,16:15:48,20210509
21,1999-09-30,DWHT.L,GBP,1999-09-30,1999-09-30,FY,19877000.0,0.0,19877000.0,1.0,832000.0,0.0,0.0,0.0,18093000.0,18093000.0,1000.0,457000.0,2241000.0,0.11274337173617749,1784000.0,0.08975197464406097,0.0,1885000.0,0.09483322432962721,581000.0,1304000.0,0.06560346128691452,0.125,0.124,10465000.0,10551000.0,https://find-and-update.company-information.service.gov.uk/search/companies?q=Dewhurst+PLC,https://find-and-update.company-information.service.gov.uk/search/companies?q=Dewhurst+PLC,1620591348,16:15:48,20210509
22,1998-09-30,DWHT.L,GBP,1998-09-30,1998-09-30,FY,18224000.0,0.0,18224000.0,1.0,652000.0,0.0,0.0,0.0,16806000.0,16806000.0,1000.0,418000.0,1836000.0,0.10074626865671642,1418000.0,0.07780948200175593,0.0,1642000.0,0.0901009657594381,506000.0,1136000.0,0.06233538191395961,0.1041628461397396,0.10334788937409024,10906000.0,10992000.0,https://find-and-update.company-information.service.gov.uk/search/companies?q=Dewhurst+PLC,https://find-and-update.company-information.service.gov.uk/search/companies?q=Dewhurst+PLC,1620591348,16:15:48,20210509
23,1997-09-30,DWHT.L,GBP,1997-09-30,1997-09-30,FY,16981000.0,0.0,0.0,0.0,652000.0,0.0,0.0,0.0,15850000.0,15850000.0,0.0,413000.0,1544000.0,0.09092515164006831,1131000.0,0.06660385136328838,0.0,1204000.0,0.0709027736882398,394000.0,810000.0,0.04770037100288558,0.073,0.073,11146000.0,11146000.0,https://find-and-update.company-information.service.gov.uk/search/companies?q=Dewhurst+PLC,https://find-and-update.company-information.service.gov.uk/search/companies?q=Dewhurst+PLC,1620591348,16:15:48,20210509
24,1996-09-30,DWHT.L,GBP,1996-09-30,1996-09-30,FY,15313000.0,0.0,15313000.0,1.0,539000.0,0.0,0.0,0.0,14686000.0,14686000.0,0.0,397000.0,1024000.0,0.06687128583556455,627000.0,0.04094560177626853,0.0,777000.0,0.05074120028733756,262000.0,515000.0,0.03363155488800366,0.046,0.046,11231000.0,11231000.0,https://find-and-update.company-information.service.gov.uk/search/companies?q=Dewhurst+PLC,https://find-and-update.company-information.service.gov.uk/search/companies?q=Dewhurst+PLC,1620591348,16:15:48,20210509
25,1995-09-30,DWHT.L,GBP,1995-09-30,1995-09-30,FY,15282000.0,0.0,15282000.0,1.0,524000.0,0.0,0.0,0.0,13807000.0,13807000.0,0.0,362000.0,1837000.0,0.12020677921737992,1475000.0,0.09651878026436331,0.0,1583000.0,0.10358591807355058,545000.0,1038000.0,0.0679230467216333,0.093,0.093,11170000.0,11170000.0,https://find-and-update.company-information.service.gov.uk/search/companies?q=Dewhurst+PLC,https://find-and-update.company-information.service.gov.uk/search/companies?q=Dewhurst+PLC,1620591348,16:15:48,20210509
26,1994-09-30,DWHT.L,GBP,1994-09-30,1994-09-30,FY,11408000.0,0.0,11408000.0,1.0,302000.0,0.0,0.0,0.0,10163000.0,10163000.0,0.0,296000.0,1541000.0,0.1350806451612903,1245000.0,0.10913394109396915,0.0,1326000.0,0.11623422159887797,469000.0,857000.0,0.07512272089761571,0.078,0.078,10944000.0,10944000.0,https://find-and-update.company-information.service.gov.uk/search/companies?q=Dewhurst+PLC,https://find-and-update.company-information.service.gov.uk/search/companies?q=Dewhurst+PLC,1620591348,16:15:48,20210509
27,1993-09-30,DWHT.L,GBP,1993-09-30,1993-09-30,FY,10659000.0,0.0,10659000.0,1.0,240000.0,0.0,0.0,0.0,9743000.0,9743000.0,4000.0,246000.0,1162000.0,0.1090158551458861,916000.0,0.08593676705131814,0.0,935000.0,0.08771929824561403,326000.0,609000.0,0.05713481564874754,0.056,0.056,10841000.0,10841000.0,https://find-and-update.company-information.service.gov.uk/search/companies?q=Dewhurst+PLC,https://find-and-update.company-information.service.gov.uk/search/companies?q=Dewhurst+PLC,1620591348,16:15:48,20210509
28,1992-09-30,DWHT.L,GBP,1992-09-30,1992-09-30,FY,9122000.0,0.0,9122000.0,1.0,218000.0,0.0,0.0,0.0,8268000.0,8268000.0,5000.0,223000.0,1077000.0,0.11806621354966017,854000.0,0.09361982021486516,0.0,850000.0,0.09318131988598992,297000.0,553000.0,0.06062267046700285,0.051,0.051,10841000.0,10841000.0,https://find-and-update.company-information.service.gov.uk/search/companies?q=Dewhurst+PLC,https://find-and-update.company-information.service.gov.uk/search/companies?q=Dewhurst+PLC,1620591348,16:15:48,20210509
29,1991-09-30,DWHT.L,GBP,1991-09-30,1991-09-30,FY,7806000.0,0.0,7806000.0,1.0,222000.0,0.0,0.0,616000.0,7806000.0,7806000.0,1000.0,256000.0,900000.0,0.11529592621060722,0.0,0.08237253394824494,0.0,643000.0,0.08237253394824494,206000.0,437000.0,0.05598257750448373,0.04031,0.04031,10841000.0,10841000.0,https://find-and-update.company-information.service.gov.uk/search/companies?q=Dewhurst+PLC,https://find-and-update.company-information.service.gov.uk/search/companies?q=Dewhurst+PLC,1620591348,16:15:48,20210509
30,1990-09-30,DWHT.L,GBP,1990-09-30,1990-09-30,FY,7854000.0,0.0,7854000.0,1.0,231000.0,0.0,0.0,939000.0,7854000.0,7854000.0,0.0,233000.0,233000.0,0.029666412019353196,0.0,0.1299974535268653,0.0,1021000.0,0.1299974535268653,374000.0,647000.0,0.08237840590781767,0.059907,0.059907,10800000.0,10800000.0,https://find-and-update.company-information.service.gov.uk/search/companies?q=Dewhurst+PLC,https://find-and-update.company-information.service.gov.uk/search/companies?q=Dewhurst+PLC,1620591348,16:15:48,20210509
31,1989-09-30,DWHT.L,GBP,1989-09-30,1989-09-30,FY,7009000.0,0.0,7009000.0,1.0,183000.0,0.0,0.0,902000.0,7009000.0,7009000.0,3000.0,204000.0,1176000.0,0.16778427735768298,0.0,0.1382508203738051,0.0,969000.0,0.1382508203738051,344000.0,625000.0,0.08917106577257812,0.05787,0.05787,10800000.0,10800000.0,https://find-and-update.company-information.service.gov.uk/search/companies?q=Dewhurst+PLC,https://find-and-update.company-information.service.gov.uk/search/companies?q=Dewhurst+PLC,1620591348,16:15:48,20210509
32,1988-09-30,DWHT.L,GBP,1988-09-30,1988-09-30,FY,6288000.0,0.0,6288000.0,1.0,0.0,0.0,0.0,721000.0,6288000.0,6288000.0,9000.0,195000.0,943000.0,0.14996819338422393,0.0,0.11752544529262086,0.0,739000.0,0.11752544529262086,274000.0,465000.0,0.07395038167938932,0.043056,0.043056,10800000.0,10800000.0,https://find-and-update.company-information.service.gov.uk/search/companies?q=Dewhurst+PLC,https://find-and-update.company-information.service.gov.uk/search/companies?q=Dewhurst+PLC,1620591348,16:15:48,20210509
33,1987-09-30,DWHT.L,GBP,1987-09-30,1987-09-30,FY,5294000.0,0.0,5294000.0,1.0,0.0,0.0,0.0,589000.0,5294000.0,5294000.0,8000.0,195000.0,793000.0,0.14979221760483566,0.0,0.11144692104268984,0.0,590000.0,0.11144692104268984,227000.0,348000.0,0.0657347941065357,0.032222,0.032222,10800000.0,10800000.0,https://find-and-update.company-information.service.gov.uk/search/companies?q=Dewhurst+PLC,https://find-and-update.company-information.service.gov.uk/search/companies?q=Dewhurst+PLC,1620591348,16:15:48,20210509
34,1986-09-30,DWHT.L,GBP,1986-09-30,1986-09-30,FY,4455000.0,0.0,4455000.0,1.0,0.0,0.0,0.0,335000.0,4455000.0,4455000.0,1000.0,157000.0,510000.0,0.11447811447811448,0.0,0.07901234567901234,0.0,352000.0,0.07901234567901234,99000.0,272000.0,0.06105499438832772,0.025185,0.025185,10800000.0,10800000.0,https://find-and-update.company-information.service.gov.uk/search/companies?q=Dewhurst+PLC,https://find-and-update.company-information.service.gov.uk/search/companies?q=Dewhurst+PLC,1620591348,16:15:48,20210509
35,1985-09-30,DWHT.L,GBP,1985-09-30,1985-09-30,FY,4262000.0,0.0,4262000.0,1.0,0.0,0.0,0.0,400000.0,4262000.0,4262000.0,10000.0,155000.0,568000.0,0.1332707648991084,0.0,0.09455654622243079,0.0,403000.0,0.09455654622243079,87000.0,316000.0,0.07414359455654622,0.029259,0.029259,10800000.0,10800000.0,https://find-and-update.company-information.service.gov.uk/search/companies?q=Dewhurst+PLC,https://find-and-update.company-information.service.gov.uk/search/companies?q=Dewhurst+PLC,1620591348,16:15:48,20210509
