,date,symbol,reportedCurrency,fillingDate,acceptedDate,period,revenue,costOfRevenue,grossProfit,grossProfitRatio,researchAndDevelopmentExpenses,generalAndAdministrativeExpenses,sellingAndMarketingExpenses,otherExpenses,operatingExpenses,costAndExpenses,interestExpense,depreciationAndAmortization,ebitda,ebitdaratio,operatingIncome,operatingIncomeRatio,totalOtherIncomeExpensesNet,incomeBeforeTax,incomeBeforeTaxRatio,incomeTaxExpense,netIncome,netIncomeRatio,eps,epsdiluted,weightedAverageShsOut,weightedAverageShsOutDil,link,finalLink,timestamp,est_time,est_date
0,2020-12-31,OWPC,USD,2021-04-15,2021-04-15 17:28:30,FY,59568.0,104729.0,-45161.0,-0.7581419554123019,0.0,3960791.0,0.0,3911616.0,7872407.0,7977136.0,47592.0,33610.0,-7931550.0,-133.15118855761483,-7965160.0,-133.7154176739189,0.0,-7965160.0,-133.7154176739189,0.0,-7965160.0,-133.7154176739189,-0.17156387508160698,-0.17156387508160698,46426790.0,46426790.0,https://www.sec.gov/Archives/edgar/data/1622244/000149315221008948/0001493152-21-008948-index.htm,https://www.sec.gov/Archives/edgar/data/1622244/000149315221008948/form10-k.htm,1620596265,17:37:45,20210509
1,2019-12-31,OWPC,USD,2019-12-31,2019-12-31,FY,0.0,0.0,0.0,0.0,0.0,5718519.0,0.0,0.0,5718519.0,5718519.0,382582.0,19668.0,-5698851.0,0.0,-5718519.0,0.0,-106087.0,-6207184.0,0.0,0.0,-6207184.0,0.0,-0.15,-0.15,41089784.0,41089784.0,,,1620596265,17:37:45,20210509
2,2018-12-31,OWPC,USD,2019-04-01 00:00:00,2019-04-01 14:43:02,FY,0.0,0.0,0.0,0.0,0.0,26964.0,0.0,0.0,26964.0,26964.0,0.0,0.0,-26964.0,0.0,-26964.0,0.0,0.0,-26964.0,0.0,0.0,-26964.0,0.0,-0.02,-0.02,1322500.0,1322500.0,https://www.sec.gov/Archives/edgar/data/1622244/000121390019005441/0001213900-19-005441-index.html,https://www.sec.gov/Archives/edgar/data/1622244/000121390019005441/f10k2018_oneworldpharma.htm,1620596265,17:37:45,20210509
3,2017-12-31,OWPC,USD,2018-04-04,2018-04-04,FY,0.0,0.0,0.0,0.0,0.0,56880.0,0.0,0.0,56880.0,56880.0,0.0,0.0,-56880.0,0.0,-56880.0,0.0,0.0,-56880.0,0.0,0.0,-56880.0,0.0,-0.043009,-0.043009,1322500.0,1322500.0,https://www.sec.gov/Archives/edgar/data/1622244/000121390018004042/0001213900-18-004042-index.htm,https://www.sec.gov/Archives/edgar/data/1622244/000121390018004042/f10k2017_puntogroupcorp.htm,1620596265,17:37:45,20210509
4,2016-12-31,OWPC,USD,2016-12-31,2016-12-31,FY,0.0,0.0,0.0,0.0,0.0,36656.0,0.0,14768.0,36656.0,36656.0,0.0,0.0,-36656.0,0.0,-36656.0,0.0,14768.0,-21888.0,0.0,0.0,-21888.0,0.0,-0.01655,-0.01655,1322500.0,1322500.0,,,1620596265,17:37:45,20210509
5,2015-12-31,OWPC,USD,2016-04-14,2016-04-14,FY,0.0,0.0,0.0,0.0,0.0,0.0,0.0,0.0,0.0,0.0,0.0,0.0,0.0,0.0,0.0,0.0,0.0,0.0,0.0,0.0,0.0,0.0,0.0,0.0,1059246.0,1059246.0,https://www.sec.gov/Archives/edgar/data/1622244/000121390016012573/0001213900-16-012573-index.htm,https://www.sec.gov/Archives/edgar/data/1622244/000121390016012573/f10k2015_puntogroup.htm,1620596265,17:37:45,20210509
6,2015-09-30,OWPC,USD,2015-10-22 00:00:00,2015-10-22 15:54:10,FY,0.0,0.0,0.0,0.0,0.0,26500.0,0.0,0.0,26500.0,26500.0,0.0,0.0,-26500.0,0.0,-26500.0,0.0,0.0,-26500.0,0.0,0.0,-26500.0,0.0,-0.0252,-0.0252,1059246.0,1059246.0,https://www.sec.gov/Archives/edgar/data/1622244/000162224415000016/0001622244-15-000016-index.html,https://www.sec.gov/Archives/edgar/data/1622244/000162224415000016/punto10k.htm,1620596265,17:37:45,20210509
7,2014-09-30,OWPC,USD,2014-09-30,2014-09-30,FY,0.0,0.0,0.0,0.0,0.0,420.0,0.0,0.0,420.0,420.0,0.0,0.0,-420.0,0.0,-420.0,0.0,0.0,-420.0,0.0,0.0,-420.0,0.0,-0.0004,-0.0004,1059250.0,1059250.0,,,1620596265,17:37:45,20210509
