,date,symbol,reportedCurrency,fillingDate,acceptedDate,period,revenue,costOfRevenue,grossProfit,grossProfitRatio,researchAndDevelopmentExpenses,generalAndAdministrativeExpenses,sellingAndMarketingExpenses,otherExpenses,operatingExpenses,costAndExpenses,interestExpense,depreciationAndAmortization,ebitda,ebitdaratio,operatingIncome,operatingIncomeRatio,totalOtherIncomeExpensesNet,incomeBeforeTax,incomeBeforeTaxRatio,incomeTaxExpense,netIncome,netIncomeRatio,eps,epsdiluted,weightedAverageShsOut,weightedAverageShsOutDil,link,finalLink,timestamp,est_time,est_date
0,2020-12-31,1145.HK,USD,2020-12-31,2020-12-31,FY,7920000.0,5195000.0,2725000.0,0.3440656565656566,0.0,1193000.0,0.0,46000.0,0.0,6388000.0,723000.0,0.0,367000.0,0.04633838383838384,1532000.0,0.19343434343434343,0.0,-3471000.0,-0.43825757575757573,-1000.0,-3470000.0,-0.43813131313131315,-0.0058999675699016,-0.0058999675699016,588138826,588138826,https://www1.hkexnews.hk/search/titlesearch.xhtml,https://www1.hkexnews.hk/search/titlesearch.xhtml,1620585098,14:31:38,20210509
1,2019-12-31,1145.HK,USD,2019-12-31,2019-12-31,FY,14708000.0,11686000.0,3022000.0,0.20546641283655154,0.0,1386000.0,0.0,131000.0,1386000.0,13072000.0,1044000.0,1084000.0,2720000.0,0.18493336959477835,1636000.0,0.1112319825945064,0.0,180000.0,0.012238237693772096,0.0,180000.0,0.012238237693772096,0.00028,0.00028,588138826,588138826,https://www1.hkexnews.hk/search/titlesearch.xhtml,https://www1.hkexnews.hk/search/titlesearch.xhtml,1620585098,14:31:38,20210509
2,2018-12-31,1145.HK,USD,2018-12-31,2018-12-31,FY,12191000.0,10122000.0,2069000.0,0.169715363792962,0.0,1334000.0,0.0,44000.0,1334000.0,11456000.0,812000.0,497000.0,1232000.0,0.10105815765728816,735000.0,0.06029037814781396,0.0,1252000.0,0.10269871216471167,1000.0,1251000.0,0.1026166844393405,0.002333,0.002333,527444534,527444534,https://www1.hkexnews.hk/search/titlesearch.xhtml,https://www1.hkexnews.hk/search/titlesearch.xhtml,1620585098,14:31:38,20210509
3,2017-12-31,1145.HK,USD,2017-12-31,2017-12-31,FY,9897000.0,7192000.0,2705000.0,0.27331514600383955,0.0,1638000.0,0.0,33000.0,1638000.0,8830000.0,774000.0,276000.0,1343000.0,0.1356976861675255,1067000.0,0.10781044761038698,0.0,9884000.0,0.998686470647671,-1000.0,9885000.0,0.9987875113670809,0.020344,0.020344,486313008,486313008,https://www1.hkexnews.hk/search/titlesearch.xhtml,https://www1.hkexnews.hk/search/titlesearch.xhtml,1620585098,14:31:38,20210509
4,2016-12-31,1145.HK,USD,2016-12-31,2016-12-31,FY,4546000.0,6973000.0,-2427000.0,-0.5338759348878135,0.0,3238000.0,0.0,-872000.0,3222000.0,10195000.0,817000.0,1243000.0,-4406000.0,-0.9692036955565332,-5649000.0,-1.2426308842938847,0.0,-17766000.0,-3.908051033875935,0.0,-17381000.0,-3.823361196656401,-0.042554,-0.042554,408461649,408461649,https://www1.hkexnews.hk/search/titlesearch.xhtml,https://www1.hkexnews.hk/search/titlesearch.xhtml,1620585098,14:31:38,20210509
5,2015-12-31,1145.HK,USD,2015-12-31,2015-12-31,FY,6643000.0,11073000.0,-4430000.0,-0.6668673791961464,0.0,3430000.0,0.0,0.0,3299000.0,14372000.0,1008000.0,1945000.0,-5784000.0,-0.8706909528827337,-7729000.0,-1.1634803552611772,0.0,-36841000.0,-5.545837723919916,2000.0,-36843000.0,-5.546138792714135,-0.107007,-0.107007,344674778,344674778,https://www1.hkexnews.hk/search/titlesearch.xhtml,https://www1.hkexnews.hk/search/titlesearch.xhtml,1620585098,14:31:38,20210509
6,2014-12-31,1145.HK,USD,2014-12-31,2014-12-31,FY,16535000.0,19732000.0,-3197000.0,-0.19334744481403085,0.0,3212000.0,0.0,14000.0,3204000.0,22936000.0,1319000.0,2289000.0,-4112000.0,-0.24868460840641066,-6401000.0,-0.387118234048987,0.0,-9714000.0,-0.5874811006954944,10000.0,-9724000.0,-0.5880858784396734,-0.028618,-0.028618,340385993,340385993,https://www1.hkexnews.hk/search/titlesearch.xhtml,https://www1.hkexnews.hk/search/titlesearch.xhtml,1620585098,14:31:38,20210509
7,2013-12-31,1145.HK,USD,2013-12-31,2013-12-31,FY,24963000.0,22313000.0,2650000.0,0.10615711252653928,0.0,3644000.0,0.0,37000.0,3402000.0,25715000.0,1300000.0,1692000.0,940000.0,0.037655730481112044,-752000.0,-0.030124584384889637,0.0,-1772000.0,-0.07098505788567079,3000.0,-1775000.0,-0.07110523574890838,-0.005288,-0.005288,340385993,340385993,https://www1.hkexnews.hk/search/titlesearch.xhtml,https://www1.hkexnews.hk/search/titlesearch.xhtml,1620585098,14:31:38,20210509
8,2012-12-31,1145.HK,USD,2012-12-31,2012-12-31,FY,18758000.0,18499000.0,259000.0,0.013807442158012582,0.0,3685000.0,0.0,43000.0,3622000.0,22121000.0,1062000.0,2248000.0,-1115000.0,-0.059441305043181576,-3363000.0,-0.17928350570423285,0.0,-10671000.0,-0.5688772790276149,6000.0,-10677000.0,-0.569197142552511,-0.031418,-0.031418,340385993,340385993,https://www1.hkexnews.hk/search/titlesearch.xhtml,https://www1.hkexnews.hk/search/titlesearch.xhtml,1620585098,14:31:38,20210509
9,2011-12-31,1145.HK,USD,2011-12-31,2011-12-31,FY,21691000.0,32593000.0,-10902000.0,-0.5026047669540362,0.0,5693000.0,0.0,0.0,5693000.0,38286000.0,392000.0,7399000.0,-9196000.0,-0.4239546355631368,-16595000.0,-0.7650638513669263,0.0,-29488000.0,-1.3594578396570005,116000.0,-29604000.0,-1.3648056797750219,-0.087099,-0.087099,340385993,340385993,https://www1.hkexnews.hk/search/titlesearch.xhtml,https://www1.hkexnews.hk/search/titlesearch.xhtml,1620585098,14:31:38,20210509
10,2010-12-31,1145.HK,USD,2010-12-31,2010-12-31,FY,46521000.0,35192000.0,11329000.0,0.24352442982738978,0.0,3487000.0,0.0,0.0,2115000.0,37307000.0,119000.0,9138000.0,18352000.0,0.39448851056512113,9214000.0,0.19806109069022593,0.0,9095000.0,0.19550310612411598,71000.0,9024000.0,0.19397691365189915,0.026441,0.026441,340385993,340385993,https://www1.hkexnews.hk/search/titlesearch.xhtml,https://www1.hkexnews.hk/search/titlesearch.xhtml,1620585098,14:31:38,20210509
11,2009-12-31,1145.HK,USD,2009-12-31,2009-12-31,FY,27939000.0,29011000.0,-1072000.0,-0.03836930455635491,0.0,2599000.0,0.0,4258000.0,2822000.0,31833000.0,257000.0,10591000.0,6697000.0,0.23970077669207918,-3894000.0,-0.13937506711049072,0.0,107000.0,0.003829772003292888,32000.0,75000.0,0.0026844196284763235,0.000311,0.000311,340385993,340385993,https://www1.hkexnews.hk/search/titlesearch.xhtml,https://www1.hkexnews.hk/search/titlesearch.xhtml,1620585098,14:31:38,20210509
12,2008-12-31,1145.HK,USD,2008-12-31,2008-12-31,FY,75660000.0,35513000.0,40147000.0,0.5306238435104415,0.0,4153000.0,0.0,0.0,-1087000.0,34426000.0,198000.0,6699000.0,47933000.0,0.6335315886862278,41234000.0,0.5449907480835315,0.0,40494000.0,0.5352101506740682,11000.0,40483000.0,0.5350647634152789,0.118828,0.118828,340385993,340385993,https://www1.hkexnews.hk/search/titlesearch.xhtml,https://www1.hkexnews.hk/search/titlesearch.xhtml,1620585098,14:31:38,20210509
13,2007-12-31,1145.HK,USD,2007-12-31,2007-12-31,FY,90411000.0,31084000.0,59327000.0,0.6561922774883587,110000.0,4162000.0,0.0,0.0,6102000.0,37186000.0,0.0,4860000.0,58085000.0,0.642455011005298,53225000.0,0.5887004899846258,0.0,60380000.0,0.6678390903761711,21000.0,60359000.0,0.6676068177544768,0.177308,0.177308,340418406,340418406,https://www1.hkexnews.hk/search/titlesearch.xhtml,https://www1.hkexnews.hk/search/titlesearch.xhtml,1620585098,14:31:38,20210509
14,2006-12-31,1145.HK,USD,2006-12-31,2006-12-31,FY,56734000.0,27988000.0,28746000.0,0.5066802975288187,0.0,3080000.0,0.0,0.0,3168000.0,31156000.0,0.0,3858000.0,29436000.0,0.5188423167765361,25578000.0,0.4508407656784292,0.0,27830000.0,0.4905347763246025,32000.0,27798000.0,0.4899707406493461,0.081811,0.081811,339784572,339784572,https://www1.hkexnews.hk/search/titlesearch.xhtml,https://www1.hkexnews.hk/search/titlesearch.xhtml,1620585098,14:31:38,20210509
15,2005-12-31,1145.HK,USD,2005-12-31,2005-12-31,FY,48381000.0,18066000.0,30315000.0,0.6265889502077262,0.0,3699000.0,0.0,0.0,4194000.0,22260000.0,0.0,2094000.0,28215000.0,0.583183481118621,26121000.0,0.5399020276554846,0.0,26318000.0,0.5439738740414626,0.0,26318000.0,0.5439738740414626,0.094253,0.094253,279226163,279226163,https://www1.hkexnews.hk/search/titlesearch.xhtml,https://www1.hkexnews.hk/search/titlesearch.xhtml,1620585098,14:31:38,20210509
16,2004-12-31,1145.HK,USD,2004-12-31,2004-12-31,FY,47297000.0,17121000.0,30176000.0,0.6380108674968814,0.0,3349000.0,0.0,0.0,3748000.0,20869000.0,0.0,769000.0,27197000.0,0.575025900162801,26428000.0,0.5587669408207708,0.0,26285000.0,0.5557434932448146,0.0,26285000.0,0.5557434932448146,0.100475,0.100475,261608176,261608176,https://www1.hkexnews.hk/search/titlesearch.xhtml,https://www1.hkexnews.hk/search/titlesearch.xhtml,1620585098,14:31:38,20210509
