,date,symbol,reportedCurrency,fillingDate,acceptedDate,period,revenue,costOfRevenue,grossProfit,grossProfitRatio,researchAndDevelopmentExpenses,generalAndAdministrativeExpenses,sellingAndMarketingExpenses,otherExpenses,operatingExpenses,costAndExpenses,interestExpense,depreciationAndAmortization,ebitda,ebitdaratio,operatingIncome,operatingIncomeRatio,totalOtherIncomeExpensesNet,incomeBeforeTax,incomeBeforeTaxRatio,incomeTaxExpense,netIncome,netIncomeRatio,eps,epsdiluted,weightedAverageShsOut,weightedAverageShsOutDil,link,finalLink,timestamp,est_time,est_date
0,2020-12-31,0076.HK,USD,2020-12-31,2020-12-31,FY,94713000,80063000,14650000.0,0.15467781613928394,0.0,12640000,0.0,4690000.0,0.0,92703000,58000.0,3429000.0,5439000.0,0.057426118906591495,2010000.0,0.038262962845649486,0.0,3624000.0,0.038262962845649486,650000.0,2974000.0,0.031400124586909925,0.0005484465482039335,0.0005484465482039335,5422588600.0,5422588600.0,https://www1.hkexnews.hk/search/titlesearch.xhtml,https://www1.hkexnews.hk/search/titlesearch.xhtml,1620584509,14:21:49,20210509
1,2019-12-31,0076.HK,USD,2019-12-31,2019-12-31,FY,93659000,86513000,7146000.0,0.07629805998355738,0.0,19236000,0.0,2413000.0,0.0,105075000,42000.0,3020000.0,-8396000.0,-0.08964434811390257,-11416000.0,-0.12188898023681653,0.0,-8689000.0,-0.09277271805165548,645000.0,-9334000.0,-0.09965940272691359,-0.0017,-0.0017,5422588600.0,5422588600.0,https://www1.hkexnews.hk/search/titlesearch.xhtml,https://www1.hkexnews.hk/search/titlesearch.xhtml,1620584509,14:21:49,20210509
2,2018-12-31,0076.HK,USD,2018-12-31,2018-12-31,FY,114874000,96897000,17977000.0,0.15649320124658322,0.0,20057000,0.0,2197000.0,0.0,115503000,26000.0,2012000.0,1383000.0,0.012039277817434755,-629000.0,-0.005475564531573724,0.0,1350000.0,0.011752006546302906,2457000.0,6909000.0,0.06014415794696798,0.0014,0.0014,4982709078.0,4982709078.0,https://www1.hkexnews.hk/search/titlesearch.xhtml,https://www1.hkexnews.hk/search/titlesearch.xhtml,1620584509,14:21:49,20210509
3,2017-12-31,0076.HK,USD,2017-12-31,2017-12-31,FY,62880000,52755000,10125000.0,0.1610209923664122,0.0,11618000,0.0,464000.0,0.0,63588000,51000.0,2224000.0,1516000.0,0.02410941475826972,-708000.0,-0.011259541984732824,0.0,-1529000.0,-0.02431615776081425,498000.0,-9577000.0,-0.1523059796437659,-0.0025,-0.0025,3828897571.0,3828897571.0,https://www1.hkexnews.hk/search/titlesearch.xhtml,https://www1.hkexnews.hk/search/titlesearch.xhtml,1620584509,14:21:49,20210509
4,2016-12-31,0076.HK,USD,2016-12-31,2016-12-31,FY,62520000,46505000,16015000.0,0.2561580294305822,0.0,28648000,0.0,87000.0,0.0,75004000,45000.0,3062000.0,-9422000.0,-0.15070377479206654,-12484000.0,-0.19968010236724248,0.0,-31658000.0,-0.5063659628918746,234000.0,-31531000.0,-0.5043346129238644,-0.0138,-0.0138,2289721318.0,2289721318.0,https://www1.hkexnews.hk/search/titlesearch.xhtml,https://www1.hkexnews.hk/search/titlesearch.xhtml,1620584509,14:21:49,20210509
5,2015-12-31,0076.HK,USD,2015-12-31,2015-12-31,FY,83649000,65098000,18551000.0,0.22177192793697473,0.0,34234000,0.0,113000.0,0.0,98932000,128000.0,3530000.0,-11753000.0,-0.1405037717127521,-15283000.0,-0.18270391756028165,0.0,-8243000.0,-0.09854272017597342,-35000.0,-7670000.0,-0.09169266817296083,-0.0071,-0.0071,1083557556.0,1083557556.0,https://www1.hkexnews.hk/search/titlesearch.xhtml,https://www1.hkexnews.hk/search/titlesearch.xhtml,1620584509,14:21:49,20210509
6,2014-12-31,0076.HK,USD,2014-12-31,2014-12-31,FY,82379000,51035000,31344000.0,0.38048531786013423,0.0,42398000,0.0,1171000.0,0.0,93409000,147000.0,4149000.0,-6881000.0,-0.08352856917418273,-11030000.0,-0.13389334660532418,0.0,-23476000.0,-0.2849755398827371,-353000.0,-23021000.0,-0.27945228759756735,-0.0274,-0.0274,840518356.0,840518356.0,https://www1.hkexnews.hk/search/titlesearch.xhtml,https://www1.hkexnews.hk/search/titlesearch.xhtml,1620584509,14:21:49,20210509
7,2013-12-31,0076.HK,USD,2013-12-31,2013-12-31,FY,370507000,276809000,93698000.0,0.2528913083963326,0.0,38573000,0.0,904000.0,0.0,315010000,423000.0,4494000.0,59991000.0,0.1619159691989625,55497000.0,0.14978664370713643,0.0,56574000.0,0.1526934713784085,15532000.0,40816000.0,0.11016256103123558,0.053,0.053,767716328.0,767716328.0,https://www1.hkexnews.hk/search/titlesearch.xhtml,https://www1.hkexnews.hk/search/titlesearch.xhtml,1620584509,14:21:49,20210509
8,2012-12-31,0076.HK,USD,2012-12-31,2012-12-31,FY,111943000,81334000,30609000.0,0.2734338011309327,0.0,24714000,0.0,928000.0,0.0,112473000,585000.0,4098000.0,3568000.0,0.031873364122812504,-530000.0,-0.0047345524061352656,0.0,-12844000.0,-0.11473696434792707,-34000.0,-12919000.0,-0.11540694817898395,-0.057,-0.057,227557888.0,227557888.0,https://www1.hkexnews.hk/search/titlesearch.xhtml,https://www1.hkexnews.hk/search/titlesearch.xhtml,1620584509,14:21:49,20210509
9,2011-12-31,0076.HK,USD,2011-12-31,2011-12-31,FY,92162000,47783000,44379000.0,0.4815325188255463,0.0,25017000,0.0,0.0,0.0,39090000,0.0,2828000.0,55900000.0,0.6065406566697771,53072000.0,0.5758555586901326,0.0,52323000.0,0.567728564918296,3479000.0,46601000.0,0.5056422386666956,1.419,1.418,32842517.0,32842517.0,https://www1.hkexnews.hk/search/titlesearch.xhtml,https://www1.hkexnews.hk/search/titlesearch.xhtml,1620584509,14:21:49,20210509
10,2010-12-31,0076.HK,USD,2010-12-31,2010-12-31,FY,61677000,42027000,19650000.0,0.31859526241548713,0.0,20957000,0.0,0.0,0.0,74333000,0.0,2430000.0,-10226000.0,-0.16579924445092983,-12656000.0,-0.2051980478946771,0.0,-18192000.0,-0.29495598034923876,218000.0,-18683000.0,-0.3029168085347861,-0.752,-0.752,24861246.0,24861246.0,https://www1.hkexnews.hk/search/titlesearch.xhtml,https://www1.hkexnews.hk/search/titlesearch.xhtml,1620584509,14:21:49,20210509
11,2009-12-31,0076.HK,USD,2009-12-31,2009-12-31,FY,38446000,29237000,9209000.0,0.23953077043125423,0.0,16570000,0.0,0.0,0.0,43433000,295000.0,1976000.0,-3011000.0,-0.07831764032669199,-4987000.0,-0.12971440461946626,0.0,-69540000.0,-1.8087707433803257,276000.0,-69304000.0,-1.8026322634344276,-3.16,-3.16,21944478.0,21944478.0,https://www1.hkexnews.hk/search/titlesearch.xhtml,https://www1.hkexnews.hk/search/titlesearch.xhtml,1620584509,14:21:49,20210509
12,2008-12-31,0076.HK,USD,2008-12-31,2008-12-31,FY,53767000,33951000,19816000.0,0.3685532017780423,0.0,14103000,0.0,0.0,0.0,132044000,0.0,2009000.0,-76268000.0,-1.4184908959026912,-78277000.0,-1.4558558223445608,0.0,-100551000.0,-1.8701247977383897,-426000.0,-98297000.0,-1.8282031729499506,-4.48,-4.48,21944478.0,21944478.0,https://www1.hkexnews.hk/search/titlesearch.xhtml,https://www1.hkexnews.hk/search/titlesearch.xhtml,1620584509,14:21:49,20210509
13,2007-12-31,0076.HK,USD,2007-12-31,2007-12-31,FY,41840000,30392000,11448000.0,0.27361376673040155,0.0,17668000,0.0,0.0,0.0,48060000,0.0,1345000.0,-4875000.0,-0.11651529636711282,-6220000.0,-0.14866156787762907,0.0,-29167000.0,-0.6971080305927342,492000.0,-29659000.0,-0.7088671128107075,-2.75,-2.75,21944478.0,21944478.0,https://www1.hkexnews.hk/search/titlesearch.xhtml,https://www1.hkexnews.hk/search/titlesearch.xhtml,1620584509,14:21:49,20210509
14,2006-12-31,0076.HK,USD,2006-12-31,2006-12-31,FY,41940000,33337000,8603000.0,0.20512637100619932,0.0,16241000,0.0,0.0,0.0,48623000,0.0,0.0,-6683000.0,-0.15934668574153552,-6683000.0,-0.15934668574153552,0.0,-7150000.0,-0.170481640438722,-126000.0,-6971000.0,-0.1662136385312351,-3.05,-3.05,2285574.0,2285574.0,https://www1.hkexnews.hk/search/titlesearch.xhtml,https://www1.hkexnews.hk/search/titlesearch.xhtml,1620584509,14:21:49,20210509
15,2005-12-31,0076.HK,USD,2005-12-31,2005-12-31,FY,34462000,28076000,6386000.0,0.18530555394347398,0.0,12732000,0.0,0.0,0.0,40808000,0.0,0.0,-6346000.0,-0.1841448552028321,-6346000.0,-0.1841448552028321,0.0,-5185000.0,-0.15045557425570194,-523000.0,-4687000.0,-0.1360048749347107,-4.15,-4.15,1129398.0,1129398.0,https://www1.hkexnews.hk/search/titlesearch.xhtml,https://www1.hkexnews.hk/search/titlesearch.xhtml,1620584509,14:21:49,20210509
16,2004-12-31,0076.HK,USD,2004-12-31,2004-12-31,FY,46379000,26137000,20242000.0,0.4364475301321719,0.0,25303000,0.0,0.0,0.0,51440000,0.0,0.0,-5061000.0,-0.10912266327432674,-5061000.0,-0.10912266327432674,0.0,1558000.0,0.03359278984022941,542000.0,1144000.0,0.0246663360572673,1.25,1.25,915200.0,915200.0,https://www1.hkexnews.hk/search/titlesearch.xhtml,https://www1.hkexnews.hk/search/titlesearch.xhtml,1620584509,14:21:49,20210509
17,2003-12-31,0076.HK,USD,2003-12-31,2003-12-31,FY,35970000,21619000,14351000.0,0.3989713650264109,0.0,22136000,0.0,0.0,0.0,43755000,0.0,0.0,-7785000.0,-0.21643035863219348,-7785000.0,-0.21643035863219348,0.0,-5853000.0,-0.16271893244370308,228000.0,-5938000.0,-0.16508201278843482,-8.55,-8.55,694503.0,694503.0,https://www1.hkexnews.hk/search/titlesearch.xhtml,https://www1.hkexnews.hk/search/titlesearch.xhtml,1620584509,14:21:49,20210509
