,date,symbol,reportedCurrency,fillingDate,acceptedDate,period,revenue,costOfRevenue,grossProfit,grossProfitRatio,researchAndDevelopmentExpenses,generalAndAdministrativeExpenses,sellingAndMarketingExpenses,otherExpenses,operatingExpenses,costAndExpenses,interestExpense,depreciationAndAmortization,ebitda,ebitdaratio,operatingIncome,operatingIncomeRatio,totalOtherIncomeExpensesNet,incomeBeforeTax,incomeBeforeTaxRatio,incomeTaxExpense,netIncome,netIncomeRatio,eps,epsdiluted,weightedAverageShsOut,weightedAverageShsOutDil,link,finalLink,timestamp,est_time,est_date
0,2020-06-30,SKT.AX,NZD,2020-06-30,2020-06-30,FY,746641000.0,342096000.0,404545000.0,0.5418199643469888,0.0,0.0,0.0,1005000.0,360617000.0,0.0,10543000.0,119318000.0,163246000.0,0.21864055148324296,43928000.0,0.05883416528157441,-176495000.0,-146306000.0,-0.19595227157362105,10466000.0,-156979000.0,-0.2102469593820859,-0.2391,-0.2391,656638762,656638762,,,1620597985,18:06:25,20210509
1,2019-06-30,SKT.AX,NZD,2019-06-30,2019-06-30,FY,795126000.0,326461000.0,468665000.0,0.5894223053956228,0.0,0.0,0.0,0.0,331431000.0,0.0,12456000.0,92934000.0,230168000.0,0.28947361801777327,137234000.0,0.17259402912242838,-708169000.0,-583377000.0,-0.7336912640260789,24460000.0,-608158000.0,-0.7648573936709402,-0.827954,-0.827954,734518855,734518855,,,1620597985,18:06:25,20210509
2,2018-06-30,SKT.AX,NZD,2018-06-30,2018-06-30,FY,839729000.0,328109000.0,511620000.0,0.6092679900301169,0.0,0.0,0.0,0.0,328224000.0,0.0,17772000.0,102414000.0,285810000.0,0.3403598065566391,183396000.0,0.218399031115991,-360000000.0,-194114000.0,-0.23116267271941304,46560000.0,-240956000.0,-0.28694495486043714,-0.328045,-0.328045,734518855,734518855,,,1620597985,18:06:25,20210509
3,2017-06-30,SKT.AX,NZD,2017-06-30,2017-06-30,FY,893485000.0,349426000.0,544059000.0,0.608917888940497,0.0,0.0,0.0,0.0,356867000.0,0.0,20160000.0,105148000.0,292340000.0,0.3271907194860574,187192000.0,0.20950771417539185,0.0,167572000.0,0.18754875571498122,51228000.0,116026000.0,0.12985780399223265,0.157983,0.157983,734518855,734518855,,,1620597985,18:06:25,20210509
4,2016-06-30,SKT.AX,NZD,2016-06-30,2016-06-30,FY,928200000.0,331050000.0,597150000.0,0.6433419521654816,0.0,0.0,0.0,0.0,372105000.0,0.0,20719000.0,100241000.0,325286000.0,0.3504481792717087,225045000.0,0.24245313510019392,0.0,204990000.0,0.22084680025856496,57867000.0,146718000.0,0.1580672268907563,0.19973,0.19973,734518855,734518855,,,1620597985,18:06:25,20210509
5,2015-06-30,SKT.AX,NZD,2015-06-30,2015-06-30,FY,927525000.0,296559000.0,630966000.0,0.6802684563758389,0.0,0.0,0.0,0.0,359688000.0,0.0,21925000.0,108491000.0,379769000.0,0.40944341122880784,271278000.0,0.2924751354410932,-10703000.0,238879000.0,0.2575445405784211,67115000.0,171581000.0,0.18498800571413168,0.233584,0.233584,734518855,734518855,,,1620597985,18:06:25,20210509
6,2014-06-30,SKT.AX,NZD,2014-06-30,2014-06-30,FY,888136000.0,346531000.0,541605000.0,0.6098221443562698,0.0,35013000.0,59929000.0,19572000.0,302478000.0,0.0,27870000.0,119048000.0,358175000.0,0.40328846032589605,239127000.0,0.2692459262995757,12477000.0,224507000.0,0.2527844834574885,63084000.0,165829000.0,0.18671577325995117,0.225743,0.225743,734518855,734518855,,,1620597985,18:06:25,20210509
7,2013-06-30,SKT.AX,NZD,2013-06-30,2013-06-30,FY,865775000.0,352039000.0,513736000.0,0.5933828073113684,0.0,31929000.0,59596000.0,18557000.0,314105000.0,0.0,28739000.0,134260000.0,333891000.0,0.38565562646184054,199631000.0,0.23058069359822125,18557000.0,188995000.0,0.21829574658542925,56780000.0,137197000.0,0.15846726920966764,0.186803,0.186803,734518855,734518855,,,1620597985,18:06:25,20210509
8,2012-06-30,SKT.AX,NZD,2012-06-30,2012-06-30,FY,824194000.0,273677000.0,550517000.0,0.6679458962331684,0.0,24993000.0,59245000.0,17957000.0,367494000.0,0.0,30130000.0,134119000.0,317142000.0,0.38479047408741146,183023000.0,0.22206300943709856,17957000.0,171634000.0,0.20824466084441284,48847000.0,123670000.0,0.15004962423895346,0.168367,0.168367,734518855,734518855,,,1620597985,18:06:25,20210509
9,2011-06-30,SKT.AX,NZD,2011-06-30,2011-06-30,FY,777032000.0,255867000.0,521165000.0,0.6707124030927941,0.0,20584000.0,60271000.0,20557000.0,344360000.0,0.0,24935000.0,124954000.0,301759000.0,0.3883482276148215,176805000.0,0.22753889157718085,20557000.0,172032000.0,0.22139628741158665,51706000.0,120078000.0,0.15453417619866364,0.163493,0.163493,734518855,734518855,,,1620597985,18:06:25,20210509
10,2010-06-30,SKT.AX,NZD,2010-06-30,2010-06-30,FY,741836000.0,246233000.0,495603000.0,0.6680762324826511,0.0,17326000.0,56067000.0,2498000.0,320609000.0,0.0,31414000.0,112506000.0,287500000.0,0.38755196566356986,174994000.0,0.23589310844984607,2498000.0,146518000.0,0.19750726575685193,43497000.0,102865000.0,0.13866272329733256,0.140023,0.140023,734518855,734518855,,,1620597985,18:06:25,20210509
11,2009-06-30,SKT.AX,NZD,2009-06-30,2009-06-30,FY,691959000.0,230025000.0,461934000.0,0.6675742348896394,0.0,17302000.0,58904000.0,2303000.0,297049000.0,0.0,42345000.0,96076000.0,260961000.0,0.37713361629807546,164885000.0,0.23828723956188155,2303000.0,125802000.0,0.1818055694051237,37658000.0,88375000.0,0.12771710462614114,0.120315,0.120315,734518855,734518855,,,1620597985,18:06:25,20210509
12,2008-06-30,SKT.AX,NZD,2008-06-30,2008-06-30,FY,658751000.0,254854000.0,403897000.0,0.6131254449708615,0.0,16230000.0,59581000.0,-774000.0,215285000.0,0.0,45057000.0,77971000.0,266583000.0,0.40467946158715506,188612000.0,0.2863175919277542,-982000.0,144062000.0,0.21868961109736457,46376000.0,97709000.0,0.148324632524277,0.13303,0.13303,734518855,734518855,,,1620597985,18:06:25,20210509
13,2007-06-30,SKT.AX,NZD,2007-06-30,2007-06-30,FY,560959637.1881,0.0,560959637.1881,1.0,0.0,13920181.405899994,50819954.6485,-26303.8549,411865759.6373,0.0,46377000.0,77086621.3152,226180498.866,0.4032028043938526,149093877.5508,0.26578361020439356,-228303.8549,117768000.0,0.20994023846409157,39913000.0,77855000.0,0.13878895171542227,0.106011,0.106011,734518855,734518855,,,1620597985,18:06:25,20210509
14,2006-06-30,SKT.AX,NZD,2006-06-30,2006-06-30,FY,548954000.0,0.0,548954000.0,1.0,0.0,16890000.0,46862000.0,-1219000.0,407293000.0,0.0,51037000.0,106077000.0,247738000.0,0.4512910007031555,141661000.0,0.2580562305766968,-1219000.0,90043000.0,0.16402649402317862,29892000.0,60151000.0,0.10957384407436689,0.081905,0.081905,734519261,734519261,,,1620597985,18:06:25,20210509
15,2005-06-30,SKT.AX,AUD,2005-06-30,2005-06-30,FY,448685248.0058,185940221.8759,448685248.0058,1.0,0.0,0.0,53340056.8442,0.0,348662326.9461,0.0,11793343.7242,109382048.226,209404969.2857,0.4667079432996939,100022921.0597,0.2229244698912121,0.0,86052076.648,0.19178717604481535,86052076.648,-46758.9621,-0.000104213281599567,0.12911,0.12911,734518855,734518855,,,1620597985,18:06:25,20210509
16,2004-06-30,SKT.AX,AUD,2004-06-30,2004-06-30,FY,401656335.4603,182709206.928,401656335.4603,1.0,0.0,0.0,49841385.5971,0.0,349291704.649,0.0,17737000.0,116741112.1239,169105742.9352,0.42102097740199723,52364630.8113,0.13037172873493927,0.0,35284000.0,0.08784624288215041,35284000.0,73000.0,0.00018174741328638987,0.047681,0.047681,735273873,735273873,,,1620597985,18:06:25,20210509
17,2003-06-30,SKT.AX,NZD,2003-06-30,2003-06-30,FY,341602933.473,164841976.6021,176760956.8709,0.517445664396998,0.0,0.0,43403177.9291,0.0,151734765.1476,0.0,21980000.0,108331587.2185,133357778.9418,0.3903882720970266,25026191.7233,0.07326105624698345,0.0,694000.0,0.0020315984788077156,694000.0,-40000.0,-0.00011709501318776458,0.000901,0.000901,745025114,745025114,,,1620597985,18:06:25,20210509
18,2002-06-30,SKT.AX,AUD,2002-06-30,2002-06-30,FY,297743217.5565,160936581.9941,136806635.5624,0.45947859596982915,0.0,0.0,41994124.7624,560739.5888,139669949.8876,0.0,20313000.0,97675825.1252,94812510.8,0.31843718079659794,-2863314.3252,-0.009616723929762245,560739.5888,-30058000.0,-0.10095276139848985,-30058000.0,-58000.0,-0.0001947987278299425,-0.041324,-0.041324,730189521,730189521,,,1620597985,18:06:25,20210509
19,2001-06-30,SKT.AX,AUD,2001-06-30,2001-06-30,FY,239427706.0417,142088315.0007,97339391.041,0.40655023869312285,0.0,0.0,0.0,0.0,114029969.7114,0.0,21296000.0,76029810.298,59339231.62759999,0.24783778205378268,-16690578.6704,-0.06971030607248553,0.0,-42236000.0,-0.17640397888055592,-42236000.0,59.0,2.464209383926697e-07,8.032097557867828e-08,8.032097557867828e-08,734552831,734552831,,,1620597985,18:06:25,20210509
20,2000-06-30,SKT.AX,NZD,2000-06-30,2000-06-30,FY,0.0,0.0,0.0,0.0,0.0,0.0,0.0,0.0,0.0,0.0,20976000.0,0.0,-6091000.0,0.0,0.0,0.0,0.0,-27067000.0,0.0,-27067000.0,138000.0,0.0,0.0002,0.0002,688972394,688972394,,,1620597985,18:06:25,20210509
21,1998-12-31,SKT.AX,NZD,1998-12-31,1998-12-31,FY,0.0,0.0,0.0,0.0,0.0,0.0,0.0,0.0,0.0,0.0,6374000.0,0.0,13912000.0,0.0,0.0,0.0,0.0,7538000.0,0.0,7538000.0,-32000.0,0.0,0.010596,0.010596,829576027,829576027,,,1620597985,18:06:25,20210509
22,1997-12-31,SKT.AX,NZD,1997-12-31,1997-12-31,FY,0.0,0.0,0.0,0.0,0.0,0.0,0.0,0.0,0.0,0.0,14947000.0,0.0,15439000.0,0.0,0.0,0.0,0.0,492000.0,0.0,492000.0,-5000.0,0.0,0.000689,0.000689,690125684,690125684,,,1620597985,18:06:25,20210509
23,1996-12-31,SKT.AX,NZD,1996-12-31,1996-12-31,FY,0.0,0.0,0.0,0.0,0.0,0.0,0.0,0.0,0.0,0.0,16625000.0,0.0,-3981000.0,0.0,0.0,0.0,0.0,-20606000.0,0.0,-20606000.0,37000.0,0.0,-0.037085,-0.037085,578430209,578430209,,,1620597985,18:06:25,20210509
