,date,symbol,reportedCurrency,fillingDate,acceptedDate,period,revenue,costOfRevenue,grossProfit,grossProfitRatio,researchAndDevelopmentExpenses,generalAndAdministrativeExpenses,sellingAndMarketingExpenses,otherExpenses,operatingExpenses,costAndExpenses,interestExpense,depreciationAndAmortization,ebitda,ebitdaratio,operatingIncome,operatingIncomeRatio,totalOtherIncomeExpensesNet,incomeBeforeTax,incomeBeforeTaxRatio,incomeTaxExpense,netIncome,netIncomeRatio,eps,epsdiluted,weightedAverageShsOut,weightedAverageShsOutDil,link,finalLink,timestamp,est_time,est_date
0,2020-12-29,CAKE,USD,2021-02-24,2021-02-24 17:01:52,FY,1983225000,458332000,1524893000,0.7688956119451903,0.0,157644000,0.0,458425000.0,616069000.0,2330662000.0,8599000.0,91415000.0,-256022000.0,-0.1290937740296739,-347437000.0,-0.17518788841407304,0.0,-356036000.0,-0.17952375549924995,-102671000.0,-253365000.0,-0.12775403698521348,-5.775490665390139,-5.775490665390139,43869000,43869000,https://www.sec.gov/Archives/edgar/data/887596/000110465921027547/0001104659-21-027547-index.htm,https://www.sec.gov/Archives/edgar/data/887596/000110465921027547/cake-20201229x10k.htm,1620589874,15:51:14,20210509
1,2019-12-31,CAKE,USD,2020-03-12 00:00:00,2020-03-11 17:47:04,FY,2482692000,1461450000,1021242000,0.41134462108066566,0.0,160199000,0.0,0.0,893094000.0,2354544000.0,0.0,88133000.0,216281000.0,0.08711551815529273,128148000.0,0.05161655171080424,14683000.0,140334000.0,0.05652493341904674,13041000.0,127293000.0,0.05127216746982711,2.9,2.86,43949000,44545000,https://www.sec.gov/Archives/edgar/data/887596/000110465920032031/0001104659-20-032031-index.html,https://www.sec.gov/Archives/edgar/data/887596/000110465920032031/cake-20200101x10k97b528.htm,1620589874,15:51:14,20210509
2,2019-01-01,CAKE,USD,2019-03-04 00:00:00,2019-03-04 17:01:45,FY,2332331000,532880000,1799451000,0.7715247106864335,0.0,1006228000,0.0,560438000.0,1680502999.9999998,2213382999.9999995,-11537000.0,95976000.0,214924000.0,0.09214987066587033,118948000.0,0.050999622266307824,0.0,107411000.0,0.04605306879683887,8376000.0,99035000.0,0.042461811809730264,2.14292,2.14292,46215000,46215000,https://www.sec.gov/Archives/edgar/data/887596/000110465919012501/0001104659-19-012501-index.html,https://www.sec.gov/Archives/edgar/data/887596/000110465919012501/a19-30057_110k.htm,1620589874,15:51:14,20210509
3,2018-01-02,CAKE,USD,2018-02-28 00:00:00,2018-02-28 17:02:08,FY,2260502000,519388000,1741114000,0.7702333375506857,0.0,938749000,0.0,546448000.0,1588269000.0000002,2107657000.0000002,-6379000.0,92729000.0,245574000.0,0.10863693108875816,152845000.0,0.06761551195265476,0.0,146466000.0,0.0647935724011746,-10926000.0,157392000.0,0.06962701205307494,3.26865,3.26865,48152000,48152000,https://www.sec.gov/Archives/edgar/data/887596/000110465918013503/0001104659-18-013503-index.html,https://www.sec.gov/Archives/edgar/data/887596/000110465918013503/a18-1025_110k.htm,1620589874,15:51:14,20210509
4,2017-01-03,CAKE,USD,2017-03-02 00:00:00,2017-03-02 08:01:51,FY,2275719000,526628000,1749091000,0.7685883011039588,0.0,927260000,0.0,532714000.0,1548098000.0,2074726000.0,-9225000.0,88010000.0,289003000.0,0.12699414998073136,200993000.0,0.0883206582183477,0.0,191768000.0,0.08426699429938406,52274000.0,139494000.0,0.06129667151348651,2.82537,2.82537,49372000,49372000,https://www.sec.gov/Archives/edgar/data/887596/000110465917013246/0001104659-17-013246-index.html,https://www.sec.gov/Archives/edgar/data/887596/000110465917013246/a17-1046_110k.htm,1620589874,15:51:14,20210509
5,2015-12-29,CAKE,USD,2016-02-25 00:00:00,2016-02-25 17:03:16,FY,2100609000,504031000,1596578000,0.760054822196801,0.0,844118000,0.0,495640000.0,1431332000.0,1935363000.0,-5894000.0,85563000.0,250809000.0,0.11939823165567699,165246000.0,0.07866575835864742,0.0,159352000.0,0.07585990538934186,42829000.0,116523000.0,0.05547105625083012,2.3026,2.3026,50605000,50605000,https://www.sec.gov/Archives/edgar/data/887596/000110465916100056/0001104659-16-100056-index.html,https://www.sec.gov/Archives/edgar/data/887596/000110465916100056/a15-23259_110k.htm,1620589874,15:51:14,20210509
6,2014-12-30,CAKE,USD,2015-03-02,2015-02-27 17:46:17,FY,1976624000,490306000,1486318000,0.7519477654829649,0.0,785752000,0.0,472304000.0,1341587000.0,1831893000.0,-6187000.0,82835000.0,227566000.0,0.11512862334971143,144731000.0,0.0732213106792187,0.0,138544000.0,0.07009122625243851,37268000.0,101276000.0,0.05123685637733833,1.96332,1.96332,51584000,51584000,https://www.sec.gov/Archives/edgar/data/887596/000110465915015350/a14-26871_110k.htm,https://www.sec.gov/Archives/edgar/data/887596/000110465915015350/a14-26871_110k.htm,1620589874,15:51:14,20210509
7,2013-12-31,CAKE,USD,2014-02-27,2014-02-27 17:02:01,FY,1877910000,1058754000,819156000,0.43620620796523796,0.0,114728000,0.0,0.0,658763000.0,1717517000.0,0.0,78558000.0,238951000.0,0.1272430521164486,160393000.0,0.08541037642911535,561000.0,156450000.0,0.08331070179082065,42094000.0,114356000.0,0.060895357072490164,2.19,2.1,52229000,54377000,https://www.sec.gov/Archives/edgar/data/887596/000110465914014213/a13-25793_110k.htm,https://www.sec.gov/Archives/edgar/data/887596/000110465914014213/a13-25793_110k.htm,1620589874,15:51:14,20210509
8,2013-01-01,CAKE,USD,2013-02-28 00:00:00,2013-02-28 17:01:20,FY,1809000000,450200000,1358900000,0.7511885019347706,0.0,702400000,0.0,433800000.0,1220100000.0,1670300000.0,-4700000.0,74400000.0,213100000.0,0.11779988944168049,138700000.0,0.07667219458264235,0.0,134000000.0,0.07407407407407407,35551000.0,98400000.0,0.05439469320066335,1.78261,1.78261,55200000,55200000,https://www.sec.gov/Archives/edgar/data/887596/000110465913016153/0001104659-13-016153-index.html,https://www.sec.gov/Archives/edgar/data/887596/000110465913016153/a12-28689_110k.htm,1620589874,15:51:14,20210509
9,2012-01-03,CAKE,USD,2012-02-29 00:00:00,2012-02-29 17:00:46,FY,1757600000,448500000,1309200000,0.7448793809740555,0.0,673800000,0.0,428400000.0,1175700000.0,1624200000.0,4918000.0,72000000.0,205500000.0,0.11692080109239873,133500000.0,0.07595584888484297,-200000.0,129100000.0,0.07345243513882567,33423000.0,95700000.0,0.0544492489758762,1.64433,1.64433,58200000,58200000,https://www.sec.gov/Archives/edgar/data/887596/000110465912014640/0001104659-12-014640-index.html,https://www.sec.gov/Archives/edgar/data/887596/000110465912014640/a12-1312_110k.htm,1620589874,15:51:14,20210509
10,2010-12-28,CAKE,USD,2011-02-23,2011-02-23 17:00:55,FY,1659400000,412900000,1246500000,0.7511751235386285,0.0,637800000,0.0,408400000.0,1118300000.0000002,1531200000.0000002,16808000.0,72100000.0,200300000.0,0.12070627937808846,128200000.0,0.07725683982162228,-500000.0,111100000.0,0.0669519103290346,29376000.0,81700000.0,0.04923466313125226,1.35265,1.35265,60400000,60400000,https://www.sec.gov/Archives/edgar/data/887596/000110465911009361/a11-2394_110k.htm,https://www.sec.gov/Archives/edgar/data/887596/000110465911009361/a11-2394_110k.htm,1620589874,15:51:14,20210509
11,2009-12-29,CAKE,USD,2010-02-26 00:00:00,2010-02-26 17:02:31,FY,1602000000,394400000,1207600000,0.7538077403245943,0.0,629300000,0.0,402900000.0,1133900000.0,1528300000.0,23433000.0,75200000.0,148900000.0,0.09294631710362047,73700000.0,0.046004993757802745,700000.0,51300000.0,0.03202247191011236,8474000.0,42800000.0,0.02671660424469413,0.71215,0.71215,60100000,60100000,https://www.sec.gov/Archives/edgar/data/887596/000110465910010327/0001104659-10-010327-index.html,https://www.sec.gov/Archives/edgar/data/887596/000110465910010327/a10-1592_110k.htm,1620589874,15:51:14,20210509
12,2008-12-30,CAKE,USD,2009-02-27 00:00:00,2009-02-27 17:00:24,FY,1606400000,416800000,1189600000,0.7405378486055777,0.0,628700000,0.0,397500000.0,1102400000.0,1519200000.0,14788000.0,73300000.0,160500000.0,0.09991284860557768,87200000.0,0.054282868525896415,-1000000.0,73300000.0,0.045629980079681276,20962000.0,52300000.0,0.03255727091633466,0.81719,0.81719,64000000,64000000,https://www.sec.gov/Archives/edgar/data/887596/000110465909013145/0001104659-09-013145-index.html,https://www.sec.gov/Archives/edgar/data/887596/000110465909013145/a09-1270_110k.htm,1620589874,15:51:14,20210509
13,2008-01-01,CAKE,USD,2008-02-28,2008-02-28 16:19:02,FY,1511600000,381000000,1130600000,0.7479491929081767,0.0,602000000,0.0,353500000.0,1019800000.0,1400800000.0,10852000.0,64200000.0,175000000.0,0.11577136808679545,110800000.0,0.07329981476581106,1000000.0,105700000.0,0.06992590632442446,31699000.0,74000000.0,0.04895474993384493,1.0068,1.0068,73500000,73500000,https://www.sec.gov/Archives/edgar/data/887596/000110465908013814/a08-2438_110k.htm,https://www.sec.gov/Archives/edgar/data/887596/000110465908013814/a08-2438_110k.htm,1620589874,15:51:14,20210509
14,2007-01-02,CAKE,USD,2007-02-22,2007-02-22 16:41:35,FY,1315300000,333500000,981800000,0.7464456777921387,0.0,518700000,0.0,303200000.0,875000000.0,1208500000.0,4200000.0,53100000.0,159900000.0,0.12156922375123545,106800000.0,0.0811982057325325,2000000.0,113100000.0,0.08598798753136166,31852000.0,81300000.0,0.06181099368965255,1.02264,1.02264,79500000,79500000,https://www.sec.gov/Archives/edgar/data/887596/000110465907013165/a07-5019_110k.htm,https://www.sec.gov/Archives/edgar/data/887596/000110465907013165/a07-5019_110k.htm,1620589874,15:51:14,20210509
15,2006-01-03,CAKE,USD,2006-02-22,2006-02-22 16:48:55,FY,1182100000,302900000,879200000,0.7437611031215633,0.0,436000000,0.0,268300000.0,749400000.0,1052300000.0,3900000.0,45200000.0,174900000.0,0.14795702563234922,129700000.0,0.10971998984857458,600000.0,134200000.0,0.11352677438456983,46111000.0,87900000.0,0.07435919126977412,1.09601,1.09601,80200000,80200000,https://www.sec.gov/Archives/edgar/data/887596/000120677406000300/tc71790.htm,https://www.sec.gov/Archives/edgar/data/887596/000120677406000300/tc71790.htm,1620589874,15:51:14,20210509
16,2004-12-28,CAKE,USD,2005-04-04,2005-04-04 07:02:58,FY,969200000,257100000,712200000,0.7348328518365662,0.0,353800000,0.0,223500000.0,613300000.0,870400000.0,2200000.0,35900000.0,134800000.0,0.1390837804374742,98900000.0,0.10204292199752373,1000000.0,102100000.0,0.1053446141147338,35543000.0,66500000.0,0.06861328931077178,0.83753,0.83753,79400000,79400000,https://www.sec.gov/Archives/edgar/data/887596/000120677405000519/cf71443.htm,https://www.sec.gov/Archives/edgar/data/887596/000120677405000519/cf71443.htm,1620589874,15:51:14,20210509
17,2003-12-30,CAKE,USD,2004-03-10,2004-03-10 12:51:23,FY,773800000,195400000,578500000,0.7476092013440165,0.0,287100000,0.0,180700000.0,495700000.00000006,691100000.0,3500000.0,28000000.0,110700000.0,0.14306022227965884,82700000.0,0.10687516154044972,2900000.0,89100000.0,0.11514603256655466,31292000.0,57800000.0,0.07469630395451021,0.74293,0.74293,77800000,77800000,https://www.sec.gov/Archives/edgar/data/887596/000116923204001632/d58694_10k.htm,https://www.sec.gov/Archives/edgar/data/887596/000116923204001632/d58694_10k.htm,1620589874,15:51:14,20210509
18,2002-12-31,CAKE,USD,2003-03-06,2003-03-06 14:10:59,FY,651970000,516525000,135445000,0.20774728898568953,0.0,42333000,0.0,0.0,65188000.0,581713000.0,0.0,22855000.0,93112000.0,0.14281638725708237,70257000.0,0.10776109330183904,2178000.0,76320000.0,0.11706060094789637,27245000.0,49075000.0,0.07527186833750019,0.666667,0.64,73899000,76737000,https://www.sec.gov/Archives/edgar/data/887596/000116923203001962/d54011_10-k.htm,https://www.sec.gov/Archives/edgar/data/887596/000116923203001962/d54011_10-k.htm,1620589874,15:51:14,20210509
19,2002-01-01,CAKE,USD,2002-03-14,2002-03-14 00:00:00,FY,539100000,146200000,393000000,0.7289927657206455,0.0,199400000,0.0,120700000.0,337500000.0,483700000.0,4300000.0,17500000.0,72900000.0,0.1352253756260434,55400000.0,0.10276386570209609,1700000.0,61400000.0,0.11389352624744946,22112000.0,39300000.0,0.07289927657206455,0.5254,0.5254,74800000,74800000,https://www.sec.gov/Archives/edgar/data/887596/000089155402001262/d70721_10k.htm,https://www.sec.gov/Archives/edgar/data/887596/000089155402001262/d70721_10k.htm,1620589874,15:51:14,20210509
20,2001-01-02,CAKE,USD,2001-03-08,2001-03-08 00:00:00,FY,438300000,117500000,320800000,0.7319187770933151,0.0,165100000,0.0,95900000.0,274600000.0,392100000.0,4700000.0,13700000.0,59800000.0,0.13643623089208304,46100000.0,0.1051791010723249,-400000.0,50400000.0,0.11498973305954825,18257000.0,32100000.0,0.0732375085557837,0.42629,0.42629,75300000,75300000,https://www.sec.gov/Archives/edgar/data/887596/000089155401501319/d70389_form10k.htm,https://www.sec.gov/Archives/edgar/data/887596/000089155401501319/d70389_form10k.htm,1620589874,15:51:14,20210509
21,1999-12-28,CAKE,USD,1999-12-28,1999-12-28,FY,347500000,95200000,252300000,0.7260431654676259,0.0,133300000,0.0,77200000.0,221400000.00000003,316600000.00000006,2800000.0,10900000.0,41800000.0,0.12028776978417266,30900000.0,0.08892086330935252,600000.0,34200000.0,0.09841726618705036,12500000.0,21700000.0,0.062446043165467625,0.3035,0.3035,71500000,71500000,,,1620589874,15:51:14,20210509
22,1998-12-29,CAKE,USD,1998-12-29,1998-12-29,FY,265200000,76100000,189100000,0.7130467571644042,0.0,102400000,0.0,60500000.0,171400000.0,247500000.0,3000000.0,8500000.0,26200000.0,0.09879336349924585,17700000.0,0.0667420814479638,400000.0,21100000.0,0.07956259426847662,7100000.0,7700000.0,0.029034690799396683,0.11095,0.11095,69400000,69400000,,,1620589874,15:51:14,20210509
23,1997-12-30,CAKE,USD,1997-12-30,1997-12-30,FY,208600000,94200000,114400000,0.548418024928092,0.0,93400000,0.0,0.0,100200000.0,194400000.0,500000.0,13300000.0,27500000.0,0.1318312559923298,14200000.0,0.06807286673058485,400000.0,15200000.0,0.0728667305848514,5200000.0,9900000.0,0.047459252157238736,0.17128,0.17128,57800000,57800000,,,1620589874,15:51:14,20210509
24,1996-12-29,CAKE,USD,1996-12-29,1996-12-29,FY,160300000,74300000,86000000,0.5364940736119775,0.0,66500000,0.0,0.0,77200000.0,151500000.0,500000.0,10700000.0,19500000.0,0.12164691203992514,8800000.0,0.05489706799750468,-400000.0,8900000.0,0.05552089831565814,3000000.0,5900000.0,0.036805988771054274,0.10517,0.10517,56100000,56100000,,,1620589874,15:51:14,20210509
25,1995-12-31,CAKE,USD,1995-12-31,1995-12-31,FY,117200000,36700000,80500000,0.6868600682593856,0.0,64300000,0.0,0.0,70200000.0,106900000.0,0.0,5900000.0,16200000.0,0.13822525597269625,10300000.0,0.0878839590443686,1300000.0,11600000.0,0.09897610921501707,3000000.0,8600000.0,0.07337883959044368,0.155711,0.155711,55230523,55230523,,,1620589874,15:51:14,20210509
26,1994-12-31,CAKE,USD,1994-12-31,1994-12-31,FY,85600000,26900000,58700000,0.6857476635514018,0.0,46100000,0.0,0.0,49700000.0,76600000.0,0.0,3600000.0,12600000.0,0.14719626168224298,9000000.0,0.10514018691588785,1800000.0,10700000.0,0.125,3500000.0,7200000.0,0.08411214953271028,0.137916,0.137916,52205690,52205690,,,1620589874,15:51:14,20210509
27,1993-12-31,CAKE,USD,1993-12-31,1993-12-31,FY,67000000,20700000,46300000,0.691044776119403,0.0,37300000,0.0,0.0,39600000.0,60300000.0,0.0,2300000.0,9000000.0,0.13432835820895522,6700000.0,0.1,800000.0,7500000.0,0.11194029850746269,2800000.0,4700000.0,0.07014925373134329,0.102324,0.102324,45932528,45932528,,,1620589874,15:51:14,20210509
28,1992-12-31,CAKE,USD,1992-12-31,1992-12-31,FY,52000000,15900000,36100000,0.6942307692307692,0.0,30400000,0.0,0.0,31800000.0,47700000.0,0.0,1400000.0,5700000.0,0.10961538461538461,4300000.0,0.08269230769230769,0.0,0.0,0.0,0.0,4200000.0,0.08076923076923077,0.115671,0.115671,36309879,36309879,,,1620589874,15:51:14,20210509
