,date,symbol,reportedCurrency,fillingDate,acceptedDate,period,revenue,costOfRevenue,grossProfit,grossProfitRatio,researchAndDevelopmentExpenses,generalAndAdministrativeExpenses,sellingAndMarketingExpenses,otherExpenses,operatingExpenses,costAndExpenses,interestExpense,depreciationAndAmortization,ebitda,ebitdaratio,operatingIncome,operatingIncomeRatio,totalOtherIncomeExpensesNet,incomeBeforeTax,incomeBeforeTaxRatio,incomeTaxExpense,netIncome,netIncomeRatio,eps,epsdiluted,weightedAverageShsOut,weightedAverageShsOutDil,link,finalLink,timestamp,est_time,est_date
0,2020-03-31,HRN.L,GBP,2020-03-31,2020-03-31,FY,37842000.0,21140000.0,16702000.0,0.4413614502404736,0.0,5685000.0,13940000.0,0.0,19444000.0,40584000.0,615000.0,3231000.0,489000.0,0.0129221499920723,-2742000.0,-0.07245917234818455,0.0,-3395000.0,-0.08971513133555309,0.0,-3395000.0,-0.08971513133555309,-0.0267,-0.0267,127196000,127196000,https://find-and-update.company-information.service.gov.uk/search/companies?q=Hornby+PLC,https://find-and-update.company-information.service.gov.uk/search/companies?q=Hornby+PLC,1620593228,16:47:08,20210509
1,2019-03-31,HRN.L,GBP,2019-03-31,2019-03-31,FY,32759000.0,19348000.0,13411000.0,0.4093836808205379,0.0,4812000.0,13003000.0,0.0,18041000.0,37389000.0,177000.0,3545000.0,-1085000.0,-0.033120669129094296,-4630000.0,-0.1413352055923563,0.0,-5312000.0,-0.1621539119020727,0.0,-5312000.0,-0.1621539119020727,-0.041713,-0.041713,127324674,127324674,https://find-and-update.company-information.service.gov.uk/search/companies?q=Hornby+PLC,https://find-and-update.company-information.service.gov.uk/search/companies?q=Hornby+PLC,1620593228,16:47:08,20210509
2,2018-03-31,HRN.L,GBP,2018-03-31,2018-03-31,FY,35651000.0,21900000.0,13751000.0,0.3857114807438782,0.0,6021000.0,14871000.0,0.0,21329000.0,43229000.0,218000.0,3813000.0,-3765000.0,-0.10560713584471684,-7578000.0,-0.21256065748506353,0.0,-10066000.0,-0.2823483212252111,-212000.0,-9854000.0,-0.2764017839611792,-0.099658,-0.099658,98890819,98890819,https://find-and-update.company-information.service.gov.uk/search/companies?q=Hornby+PLC,https://find-and-update.company-information.service.gov.uk/search/companies?q=Hornby+PLC,1620593228,16:47:08,20210509
3,2017-03-31,HRN.L,GBP,2017-03-31,2017-03-31,FY,47420000.0,29270000.0,18150000.0,0.3827498945592577,0.0,5680000.0,18713000.0,0.0,24737000.0,54007000.0,326000.0,344000.0,-6243000.0,-0.1316533108393083,-6587000.0,-0.13890763390974273,0.0,-9509000.0,-0.20052720371151414,157000.0,-9666000.0,-0.20383804301982286,-0.12445,-0.12445,77642426,77642426,https://find-and-update.company-information.service.gov.uk/search/companies?q=Hornby+PLC,https://find-and-update.company-information.service.gov.uk/search/companies?q=Hornby+PLC,1620593228,16:47:08,20210509
4,2016-03-31,HRN.L,GBP,2016-03-31,2016-03-31,FY,55757000.0,33992000.0,21765000.0,0.3903545743135391,0.0,9652000.0,20913000.0,0.0,34889000.0,68881000.0,429000.0,4428000.0,-8696000.0,-0.1559624800473483,-13124000.0,-0.2353785174955611,0.0,-13532000.0,-0.24269598436070808,182000.0,-13714000.0,-0.24596014850153344,-0.274183,-0.274183,50010570,50010570,https://find-and-update.company-information.service.gov.uk/search/companies?q=Hornby+PLC,https://find-and-update.company-information.service.gov.uk/search/companies?q=Hornby+PLC,1620593228,16:47:08,20210509
5,2015-03-31,HRN.L,GBP,2015-03-31,2015-03-31,FY,58135000.0,30961000.0,27174000.0,0.4674292594822396,0.0,7367000.0,18183000.0,0.0,26132000.0,57093000.0,506000.0,377000.0,1419000.0,0.024408703878902555,1042000.0,0.01792379805624839,0.0,-184000.0,-0.003165046873656145,-64000.0,-120000.0,-0.0020641610045583555,-0.00305,-0.00305,39809226,39809226,https://find-and-update.company-information.service.gov.uk/search/companies?q=Hornby+PLC,https://find-and-update.company-information.service.gov.uk/search/companies?q=Hornby+PLC,1620593228,16:47:08,20210509
6,2014-03-31,HRN.L,GBP,2014-03-31,2014-03-31,FY,51557000.0,28230000.0,23327000.0,0.45245068564889346,0.0,9811000.0,13871000.0,0.0,24079000.0,52309000.0,492000.0,389000.0,-363000.0,-0.007040751013441433,-752000.0,-0.014585798242721647,0.0,-4557000.0,-0.088387609829897,-112000.0,-4445000.0,-0.08621525690012995,-0.11166,-0.11166,39796458,39796458,https://find-and-update.company-information.service.gov.uk/search/companies?q=Hornby+PLC,https://find-and-update.company-information.service.gov.uk/search/companies?q=Hornby+PLC,1620593228,16:47:08,20210509
7,2013-03-31,HRN.L,GBP,2013-03-31,2013-03-31,FY,57395000.0,32917000.0,24478000.0,0.42648314313093477,0.0,9415000.0,15176000.0,0.0,24996000.0,57913000.0,561000.0,385000.0,-133000.0,-0.0023172750239567907,-518000.0,-0.009025176409094868,0.0,-3387000.0,-0.05901210906873421,-886000.0,-2501000.0,-0.043575224322676194,-0.062864,-0.062864,39796458,39796458,https://find-and-update.company-information.service.gov.uk/search/companies?q=Hornby+PLC,https://find-and-update.company-information.service.gov.uk/search/companies?q=Hornby+PLC,1620593228,16:47:08,20210509
8,2012-03-31,HRN.L,GBP,2012-03-31,2012-03-31,FY,64447000.0,33290000.0,31157000.0,0.48345151830186045,1635000.0,0.0,16332000.0,0.0,25904000.0,59194000.0,779000.0,3914000.0,9167000.0,0.14224091113628254,5253000.0,0.08150883671854392,0.0,3989000.0,0.06189582137260074,825000.0,3164000.0,0.04909460486911726,0.080573,0.079884,39261958,39607474,https://find-and-update.company-information.service.gov.uk/search/companies?q=Hornby+PLC,https://find-and-update.company-information.service.gov.uk/search/companies?q=Hornby+PLC,1620593228,16:47:08,20210509
9,2011-03-31,HRN.L,GBP,2011-03-31,2011-03-31,FY,63372000.0,34095000.0,29277000.0,0.46198636621851924,1738000.0,0.0,15461000.0,0.0,24360000.0,58455000.0,826000.0,4450000.0,9367000.0,0.14780975825285614,4917000.0,0.07758947169096762,0.0,4129000.0,0.06515495802562646,1274000.0,2855000.0,0.04505144227734646,0.073784,0.073096,38698188,39077407,https://find-and-update.company-information.service.gov.uk/search/companies?q=Hornby+PLC,https://find-and-update.company-information.service.gov.uk/search/companies?q=Hornby+PLC,1620593228,16:47:08,20210509
10,2010-03-31,HRN.L,GBP,2010-03-31,2010-03-31,FY,63863000.0,32587000.0,31276000.0,0.48973584078417864,1220000.0,0.0,15480000.0,0.0,24350000.0,56937000.0,809000.0,4771000.0,11697000.0,0.18315769694502293,6926000.0,0.10845090271362134,0.0,5215000.0,0.08165917667507007,1530000.0,3685000.0,0.057701642578644914,0.096018,0.094444,38394653,39006566,https://find-and-update.company-information.service.gov.uk/search/companies?q=Hornby+PLC,https://find-and-update.company-information.service.gov.uk/search/companies?q=Hornby+PLC,1620593228,16:47:08,20210509
11,2009-03-31,HRN.L,GBP,2009-03-31,2009-03-31,FY,61569000.0,32168000.0,29401000.0,0.477529276096737,1429000.0,0.0,16095000.0,0.0,24271000.0,56439000.0,805000.0,4685000.0,9815000.0,0.15941464048465948,5130000.0,0.08332115187838035,0.0,6121000.0,0.0994169143562507,1909000.0,4212000.0,0.06841105101593334,0.10989,0.10802,38345392,38982735,https://find-and-update.company-information.service.gov.uk/search/companies?q=Hornby+PLC,https://find-and-update.company-information.service.gov.uk/search/companies?q=Hornby+PLC,1620593228,16:47:08,20210509
12,2008-03-31,HRN.L,GBP,2008-03-31,2008-03-31,FY,55692000.0,26297000.0,29395000.0,0.5278136895783955,1234000.0,0.0,13689000.0,0.0,20287000.0,46584000.0,374000.0,3071000.0,12179000.0,0.21868490986138045,9108000.0,0.16354234001292825,0.0,9017000.0,0.16190835308482368,2940000.0,6077000.0,0.10911800617682971,0.158882,0.153668,38257256,39555367,https://find-and-update.company-information.service.gov.uk/search/companies?q=Hornby+PLC,https://find-and-update.company-information.service.gov.uk/search/companies?q=Hornby+PLC,1620593228,16:47:08,20210509
13,2007-03-31,HRN.L,GBP,2007-03-31,2007-03-31,FY,46849000.0,20356000.0,26493000.0,0.5654976627035796,841000.0,0.0,11806000.0,0.0,17363000.0,37719000.0,224000.0,2228000.0,11358000.0,0.2424384725394352,9130000.0,0.19488142756515614,0.0,7662000.0,0.1635467139106491,2149000.0,5513000.0,0.11767593758671477,0.144027,0.138813,38267516,39709033,https://find-and-update.company-information.service.gov.uk/search/companies?q=Hornby+PLC,https://find-and-update.company-information.service.gov.uk/search/companies?q=Hornby+PLC,1620593228,16:47:08,20210509
14,2006-03-31,HRN.L,GBP,2006-03-31,2006-03-31,FY,44113000.0,21412000.0,22701000.0,0.514610205608324,856000.0,0.0,11428000.0,0.0,14996000.0,36408000.0,160000.0,2172000.0,9877000.0,0.22390225103710923,7705000.0,0.17466506472015053,0.0,8164000.0,0.18507016072359622,2306000.0,5858000.0,0.1327953211071566,0.153865,0.148356,38064172,39481975,https://find-and-update.company-information.service.gov.uk/search/companies?q=Hornby+PLC,https://find-and-update.company-information.service.gov.uk/search/companies?q=Hornby+PLC,1620593228,16:47:08,20210509
15,2005-03-31,HRN.L,GBP,2005-03-31,2005-03-31,FY,45006000.0,22613000.0,22393000.0,0.4975558814380305,93000.0,0.0,10820000.0,0.0,14708000.0,37321000.0,176000.0,1883000.0,9568000.0,0.21259387637203928,7685000.0,0.17075501044305202,0.0,7585000.0,0.16853308447762522,1993000.0,5592000.0,0.12425009998666844,0.148159,0.141469,37753444,39529006,https://find-and-update.company-information.service.gov.uk/search/companies?q=Hornby+PLC,https://find-and-update.company-information.service.gov.uk/search/companies?q=Hornby+PLC,1620593228,16:47:08,20210509
16,2004-03-31,HRN.L,GBP,2004-03-31,2004-03-31,FY,38970000.0,20083000.0,18887000.0,0.48465486271490893,1107000.0,0.0,0.0,-106000.0,12519000.0,32602000.0,81000.0,1364000.0,7732000.0,0.19840903258917117,6368000.0,0.16340774955093662,0.0,6469000.0,0.1659994867847062,1974000.0,4495000.0,0.11534513728509109,0.024005,0.022903,187194468,196250294,https://find-and-update.company-information.service.gov.uk/search/companies?q=Hornby+PLC,https://find-and-update.company-information.service.gov.uk/search/companies?q=Hornby+PLC,1620593228,16:47:08,20210509
17,2003-03-31,HRN.L,GBP,2003-03-31,2003-03-31,FY,34142000.0,18369000.0,15773000.0,0.46198230917930994,711000.0,0.0,0.0,-55000.0,10432000.0,28801000.0,83000.0,1266000.0,6607000.0,0.19351531837619354,5341000.0,0.15643488957881788,0.0,5411000.0,0.1584851502548181,1519000.0,3892000.0,0.11399449358561303,0.104912,0.102314,37100798,38041785,https://find-and-update.company-information.service.gov.uk/search/companies?q=Hornby+PLC,https://find-and-update.company-information.service.gov.uk/search/companies?q=Hornby+PLC,1620593228,16:47:08,20210509
18,2002-03-31,HRN.L,GBP,2002-03-31,2002-03-31,FY,28489000.0,16206000.0,12283000.0,0.4311488644740075,432000.0,0.0,0.0,0.0,8617000.0,24823000.0,84000.0,1468000.0,5134000.0,0.18020990557759134,3666000.0,0.1286812453929587,0.0,3722000.0,0.13064691635368036,1329000.0,2393000.0,0.08399733230369616,0.06493,0.064143,36882795,37345291,https://find-and-update.company-information.service.gov.uk/search/companies?q=Hornby+PLC,https://find-and-update.company-information.service.gov.uk/search/companies?q=Hornby+PLC,1620593228,16:47:08,20210509
19,2001-03-31,HRN.L,GBP,2001-03-31,2001-03-31,FY,24604000.0,14792000.0,9812000.0,0.3987969435864087,401000.0,0.0,0.0,0.0,7685000.0,22477000.0,79000.0,1734000.0,3861000.0,0.15692570313770118,2127000.0,0.08644935782799545,0.0,1495000.0,0.060762477645911236,520000.0,975000.0,0.039627702812550805,0.023021,0.023021,42214206,42214206,https://find-and-update.company-information.service.gov.uk/search/companies?q=Hornby+PLC,https://find-and-update.company-information.service.gov.uk/search/companies?q=Hornby+PLC,1620593228,16:47:08,20210509
20,2000-03-31,HRN.L,GBP,2000-03-31,2000-03-31,FY,21477000.0,13870000.0,7607000.0,0.3541928574754388,360000.0,0.0,0.0,0.0,6210000.0,20080000.0,79000.0,1363000.0,2760000.0,0.12850956837547142,1397000.0,0.06504632863062812,0.0,1207000.0,0.05619965544536015,398000.0,809000.0,0.03766820319411463,0.019086,0.019086,42473407,42473407,https://find-and-update.company-information.service.gov.uk/search/companies?q=Hornby+PLC,https://find-and-update.company-information.service.gov.uk/search/companies?q=Hornby+PLC,1620593228,16:47:08,20210509
21,1999-03-31,HRN.L,GBP,1999-03-31,1999-03-31,FY,21233000.0,13500000.0,7733000.0,0.3641972401450572,358000.0,0.0,0.0,0.0,6579000.0,20079000.0,102000.0,1663000.0,2817000.0,0.13267084255639805,1154000.0,0.05434936184241511,0.0,1141000.0,0.053737107332925166,315000.0,826000.0,0.0389017096029765,0.019479,0.019479,42473407,42473407,https://find-and-update.company-information.service.gov.uk/search/companies?q=Hornby+PLC,https://find-and-update.company-information.service.gov.uk/search/companies?q=Hornby+PLC,1620593228,16:47:08,20210509
22,1998-03-31,HRN.L,GBP,1998-03-31,1998-03-31,FY,24877000.0,0.0,0.0,0.0,155000.0,0.0,0.0,0.0,22269000.0,22269000.0,112000.0,1607000.0,4215000.0,0.16943361337781887,2608000.0,0.10483579209711782,0.0,2520000.0,0.10129838806930096,737000.0,1783000.0,0.07167262933633477,0.04191,0.04191,42473407,42473407,https://find-and-update.company-information.service.gov.uk/search/companies?q=Hornby+PLC,https://find-and-update.company-information.service.gov.uk/search/companies?q=Hornby+PLC,1620593228,16:47:08,20210509
23,1997-03-31,HRN.L,GBP,1997-03-31,1997-03-31,FY,29900000.0,0.0,0.0,0.0,176000.0,0.0,0.0,0.0,26996000.0,26996000.0,286000.0,1473000.0,4377000.0,0.14638795986622075,2904000.0,0.09712374581939799,0.0,2650000.0,0.08862876254180602,699000.0,1951000.0,0.06525083612040133,0.045845,0.045845,42473407,42473407,https://find-and-update.company-information.service.gov.uk/search/companies?q=Hornby+PLC,https://find-and-update.company-information.service.gov.uk/search/companies?q=Hornby+PLC,1620593228,16:47:08,20210509
24,1996-03-31,HRN.L,GBP,1996-03-31,1996-03-31,FY,0.0,0.0,0.0,0.0,0.0,0.0,0.0,0.0,0.0,0.0,0.0,0.0,0.0,0.0,0.0,0.0,0.0,0.0,0.0,0.0,0.0,0.0,0.0,0.0,127196000,127196000,https://find-and-update.company-information.service.gov.uk/search/companies?q=Hornby+PLC,https://find-and-update.company-information.service.gov.uk/search/companies?q=Hornby+PLC,1620593228,16:47:08,20210509
25,1994-12-31,HRN.L,GBP,1994-12-31,1994-12-31,FY,31323000.0,0.0,0.0,0.0,335000.0,0.0,0.0,0.0,30277000.0,30277000.0,388000.0,1533000.0,2579000.0,0.08233566388915493,1046000.0,0.03339399163553938,0.0,611000.0,0.019506432972576062,-170000.0,781000.0,0.024933754748906554,0.018692,0.018692,41995664,41995664,https://find-and-update.company-information.service.gov.uk/search/companies?q=Hornby+PLC,https://find-and-update.company-information.service.gov.uk/search/companies?q=Hornby+PLC,1620593228,16:47:08,20210509
26,1993-12-31,HRN.L,GBP,1993-12-31,1993-12-31,FY,28238000.0,0.0,0.0,0.0,393000.0,0.0,0.0,0.0,26517000.0,26517000.0,278000.0,1644000.0,3365000.0,0.11916566329060131,1721000.0,0.06094624265174588,0.0,1501000.0,0.05315532261491607,598000.0,903000.0,0.031978185423896875,0.021447,0.021447,41995664,41995664,https://find-and-update.company-information.service.gov.uk/search/companies?q=Hornby+PLC,https://find-and-update.company-information.service.gov.uk/search/companies?q=Hornby+PLC,1620593228,16:47:08,20210509
27,1992-12-31,HRN.L,GBP,1992-12-31,1992-12-31,FY,31323000.0,0.0,0.0,0.0,376000.0,0.0,0.0,0.0,29462000.0,29462000.0,489000.0,1607000.0,3468000.0,0.11071736423714204,1861000.0,0.059413210739712036,0.0,1455000.0,0.04645148932094627,504000.0,951000.0,0.030361076525237046,0.022627,0.022627,41990582,41990582,https://find-and-update.company-information.service.gov.uk/search/companies?q=Hornby+PLC,https://find-and-update.company-information.service.gov.uk/search/companies?q=Hornby+PLC,1620593228,16:47:08,20210509
28,1991-12-31,HRN.L,GBP,1991-12-31,1991-12-31,FY,32036000.0,0.0,0.0,0.0,303000.0,0.0,0.0,0.0,32036000.0,32036000.0,380000.0,1416000.0,3884000.0,0.12123860656761144,0.0,0.06517667623923086,0.0,2088000.0,0.06517667623923086,818000.0,1270000.0,0.039642901735547506,0.030304,0.030304,41909264,41909264,https://find-and-update.company-information.service.gov.uk/search/companies?q=Hornby+PLC,https://find-and-update.company-information.service.gov.uk/search/companies?q=Hornby+PLC,1620593228,16:47:08,20210509
29,1990-12-31,HRN.L,GBP,1990-12-31,1990-12-31,FY,39467000.0,0.0,0.0,0.0,237000.0,0.0,0.0,0.0,39467000.0,39467000.0,593000.0,1395000.0,6425000.0,0.16279423315681454,0.0,0.11242303696759318,0.0,4437000.0,0.11242303696759318,1365000.0,3072000.0,0.07783718042921935,0.074146,0.074146,41431521,41431521,https://find-and-update.company-information.service.gov.uk/search/companies?q=Hornby+PLC,https://find-and-update.company-information.service.gov.uk/search/companies?q=Hornby+PLC,1620593228,16:47:08,20210509
30,1989-12-31,HRN.L,GBP,1989-12-31,1989-12-31,FY,31996000.0,0.0,0.0,0.0,262000.0,0.0,0.0,0.0,31996000.0,31996000.0,435000.0,961000.0,4863000.0,0.15198774846855856,0.0,0.10835729466183273,0.0,3467000.0,0.10835729466183273,1174000.0,4527000.0,0.14148643580447556,0.110402,0.110402,41004601,41004601,https://find-and-update.company-information.service.gov.uk/search/companies?q=Hornby+PLC,https://find-and-update.company-information.service.gov.uk/search/companies?q=Hornby+PLC,1620593228,16:47:08,20210509
31,1988-12-31,HRN.L,GBP,1988-12-31,1988-12-31,FY,23424000.0,0.0,0.0,0.0,96000.0,0.0,0.0,0.0,23274000.0,23274000.0,163000.0,698000.0,848000.0,0.036202185792349725,150000.0,0.006403688524590164,0.0,2404000.0,0.10262978142076502,947000.0,1457000.0,0.062201161202185794,0.035745,0.035745,40760647,40760647,https://find-and-update.company-information.service.gov.uk/search/companies?q=Hornby+PLC,https://find-and-update.company-information.service.gov.uk/search/companies?q=Hornby+PLC,1620593228,16:47:08,20210509
32,1987-12-31,HRN.L,GBP,1987-12-31,1987-12-31,FY,20096000.0,0.0,0.0,0.0,116000.0,0.0,0.0,0.0,20096000.0,20096000.0,167000.0,752000.0,2747000.0,0.1366938694267516,0.0,0.09096337579617834,0.0,1828000.0,0.09096337579617834,720000.0,1108000.0,0.05513535031847134,0.027183,0.027183,40760647,40760647,https://find-and-update.company-information.service.gov.uk/search/companies?q=Hornby+PLC,https://find-and-update.company-information.service.gov.uk/search/companies?q=Hornby+PLC,1620593228,16:47:08,20210509
33,1986-12-31,HRN.L,GBP,1986-12-31,1986-12-31,FY,14237000.0,0.0,0.0,0.0,93000.0,0.0,0.0,0.0,14237000.0,14237000.0,784000.0,728000.0,2120000.0,0.14890777551450446,0.0,0.04270562618529185,0.0,608000.0,0.04270562618529185,215000.0,393000.0,0.027604130083585025,0.009642,0.009642,40760647,40760647,https://find-and-update.company-information.service.gov.uk/search/companies?q=Hornby+PLC,https://find-and-update.company-information.service.gov.uk/search/companies?q=Hornby+PLC,1620593228,16:47:08,20210509
34,1985-12-31,HRN.L,GBP,1985-12-31,1985-12-31,FY,12169000.0,0.0,0.0,0.0,55000.0,0.0,0.0,0.0,12169000.0,12169000.0,833000.0,589000.0,1693000.0,0.13912400361574492,0.0,0.022269701701043636,0.0,271000.0,0.022269701701043636,0.0,271000.0,0.022269701701043636,0.006649,0.006649,40760647,40760647,https://find-and-update.company-information.service.gov.uk/search/companies?q=Hornby+PLC,https://find-and-update.company-information.service.gov.uk/search/companies?q=Hornby+PLC,1620593228,16:47:08,20210509
