,date,symbol,reportedCurrency,fillingDate,acceptedDate,period,revenue,costOfRevenue,grossProfit,grossProfitRatio,researchAndDevelopmentExpenses,generalAndAdministrativeExpenses,sellingAndMarketingExpenses,otherExpenses,operatingExpenses,costAndExpenses,interestExpense,depreciationAndAmortization,ebitda,ebitdaratio,operatingIncome,operatingIncomeRatio,totalOtherIncomeExpensesNet,incomeBeforeTax,incomeBeforeTaxRatio,incomeTaxExpense,netIncome,netIncomeRatio,eps,epsdiluted,weightedAverageShsOut,weightedAverageShsOutDil,link,finalLink,timestamp,est_time,est_date
0,2020-12-31,3836.HK,CNY,2020-12-31,2020-12-31,FY,14746923000,13448106000,1298817000,0.08807376291311754,0.0,198706000,689611000,388323000.0,0.0,14330508000,134050000,0.0,871854000,0.059121079021026965,416415000,0.02823741603587406,0.0,617306000,0.041859986656199395,195162000,410701000,0.027849945375045357,0.27,0.27,1536876241,1543498007,https://www1.hkexnews.hk/search/titlesearch.xhtml,https://www1.hkexnews.hk/search/titlesearch.xhtml,1620585637,14:40:37,20210509
1,2019-12-31,3836.HK,CNY,2019-12-31,2019-12-31,FY,12621821000,11534741000,1087080000,0.0861270334922354,0.0,181387000,633243000,0.0,449351000.0,11984092000,110015000,228554000.0,866283000,0.06863375736353731,637729000,0.05052591064316314,0.0,672893000,0.05331187948236629,146845000,513307000,0.040668220536482017,0.34,0.34,1513637039,1513637039,https://www1.hkexnews.hk/search/titlesearch.xhtml,https://www1.hkexnews.hk/search/titlesearch.xhtml,1620585637,14:40:37,20210509
2,2018-12-31,3836.HK,CNY,2018-12-31,2018-12-31,FY,10639877000,9883361000,756516000,0.07110194976878022,0.0,155172000,549060000,0.0,325950000.0,10209311000,67686000,138813000.0,569379000,0.05351368253599172,430566000,0.04046719713019239,0.0,817170000,0.07680257957869249,127186000,683692000,0.06425750974376865,0.45,0.44,1528665022,1544122406,https://www1.hkexnews.hk/search/titlesearch.xhtml,https://www1.hkexnews.hk/search/titlesearch.xhtml,1620585637,14:40:37,20210509
3,2017-12-31,3836.HK,CNY,2017-12-31,2017-12-31,FY,10840411000,9822566000,1017845000,0.09389358023418115,0.0,147013000,787488000,0.0,547265000.0,10369831000,63437000,235803000.0,706383000,0.06516201276870406,470580000,0.04340979322647453,0.0,1223382000,0.11285383921329183,202094000,1009356000,0.0931104918438978,0.66,0.65,1536113504,1545254883,https://www1.hkexnews.hk/search/titlesearch.xhtml,https://www1.hkexnews.hk/search/titlesearch.xhtml,1620585637,14:40:37,20210509
4,2016-12-31,3836.HK,CNY,2016-12-31,2016-12-31,FY,10695872000,9925790000,770082000,0.07199805682042568,0.0,180754000,775392000,0.0,713499000.0,10639289000,95040000,186714000.0,243297000,0.022746812976071517,56583000,0.0052901717597218815,0.0,-320345000,-0.02995033971984706,47302000,-370674000,-0.034655799919819534,-0.23673408252240086,-0.2361190020966354,1565782147,1569860946,https://www1.hkexnews.hk/search/titlesearch.xhtml,https://www1.hkexnews.hk/search/titlesearch.xhtml,1620585637,14:40:37,20210509
5,2015-12-31,3836.HK,CNY,2015-12-31,2015-12-31,FY,10620244000,9498495000,1121749000,0.10562365610432303,0.0,134719000,592221000,0.0,388776000.0,9887271000,157056000,149101000.0,882074000,0.08305590719007963,732973000,0.06901658756616139,0.0,763255000,0.07186793448436778,194566000,563393000,0.053048969496369384,0.3948815053221405,0.39115845654509157,1426739395,1440319110,https://www1.hkexnews.hk/search/titlesearch.xhtml,https://www1.hkexnews.hk/search/titlesearch.xhtml,1620585637,14:40:37,20210509
6,2014-12-31,3836.HK,CNY,2014-12-31,2014-12-31,FY,10195890000,9106560000,1089330000,0.10684010910278553,0.0,124097000,515668000,0.0,314316000.0,9420876000,202199000,110567000.0,885581000,0.08685666479336282,775014000,0.07601239322903641,0.0,726354000,0.07123988195243378,180650000,544365000,0.05339063093069855,0.51,0.5,1075126000,1086862000,https://www1.hkexnews.hk/search/titlesearch.xhtml,https://www1.hkexnews.hk/search/titlesearch.xhtml,1620585637,14:40:37,20210509
7,2013-12-31,3836.HK,CNY,2013-12-31,2013-12-31,FY,8332749000,7335607000,997142000,0.11966543094001751,0.0,117584000,426408000,0.0,352792000.0,7688399000,194839000,75104000.0,719454000,0.08634053419825798,644350000,0.07732742219884459,0.0,561972000,0.0674413689887935,154847000,404135000,0.04849960079200753,0.42439497439228646,0.42411084204623734,952261512,952899478,https://www1.hkexnews.hk/search/titlesearch.xhtml,https://www1.hkexnews.hk/search/titlesearch.xhtml,1620585637,14:40:37,20210509
8,2012-12-31,3836.HK,CNY,2012-12-31,2012-12-31,FY,5656744000,4993298000,663446000,0.11728407720059454,0.0,71611000,237030000,0.0,228152000.0,5221450000,116403000,38102000.0,473396000,0.08368701146808129,435294000,0.07695133454863787,0.0,475282000,0.08402041881336685,124563000,350822000,0.06201836250677068,0.320609,0.320609,1094236898,1094236898,https://www1.hkexnews.hk/search/titlesearch.xhtml,https://www1.hkexnews.hk/search/titlesearch.xhtml,1620585637,14:40:37,20210509
