,date,symbol,reportedCurrency,fillingDate,acceptedDate,period,revenue,costOfRevenue,grossProfit,grossProfitRatio,researchAndDevelopmentExpenses,generalAndAdministrativeExpenses,sellingAndMarketingExpenses,otherExpenses,operatingExpenses,costAndExpenses,interestExpense,depreciationAndAmortization,ebitda,ebitdaratio,operatingIncome,operatingIncomeRatio,totalOtherIncomeExpensesNet,incomeBeforeTax,incomeBeforeTaxRatio,incomeTaxExpense,netIncome,netIncomeRatio,eps,epsdiluted,weightedAverageShsOut,weightedAverageShsOutDil,link,finalLink,timestamp,est_time,est_date
0,2020-12-31,SNC.LS,EUR,2020-12-31,2020-12-31,FY,129086502,66669523.0,62416979.0,0.4835283165392459,0.0,19873203.0,1396442.0,0.0,0.0,143021958,661229.0,8885581.0,-5049875.0,-0.039120085537680774,-13935456.0,0.4203504871485324,0.0,54261574.0,0.4203504871485324,-4457255.0,60125890.0,0.4657798380809792,0.1966382644326924,0.1966382644326924,305769023,305769023,https://find-and-update.company-information.service.gov.uk/search/companies?q=Sonaecom+SGPS+SA,https://find-and-update.company-information.service.gov.uk/search/companies?q=Sonaecom+SGPS+SA,1620598079,18:07:59,20210509
1,2019-12-31,SNC.LS,EUR,2019-12-31,2019-12-31,FY,132729678,71800735.0,60928943.0,0.4590453613546776,0.0,21666873.0,2611126.0,0.0,80851074.0,152651809,800434.0,10185528.0,-9736603.0,-0.07335663844524659,-19922131.0,-0.1500955272414659,0.0,42696066.0,0.3216768596394847,6108175.0,51562881.0,0.3884804195788074,0.17,0.17,305769023,305769023,https://find-and-update.company-information.service.gov.uk/search/companies?q=Sonaecom+SGPS+SA,https://find-and-update.company-information.service.gov.uk/search/companies?q=Sonaecom+SGPS+SA,1620598079,18:07:59,20210509
2,2018-12-31,SNC.LS,EUR,2018-12-31,2018-12-31,FY,169504687,62264367.0,107240320.0,0.6326687591830426,0.0,33389450.0,3627986.0,0.0,115351962.0,177616329,164364.0,11088290.0,2976648.0,0.01756085954130578,-8111642.0,-0.04785497170352582,0.0,82112596.0,0.48442669906820923,12167568.0,69986049.0,0.4128856271685278,0.23,0.23,305769023,305769023,https://find-and-update.company-information.service.gov.uk/search/companies?q=Sonaecom+SGPS+SA,https://find-and-update.company-information.service.gov.uk/search/companies?q=Sonaecom+SGPS+SA,1620598079,18:07:59,20210509
3,2017-12-31,SNC.LS,EUR,2017-12-31,2017-12-31,FY,140268359,44493096.0,95775263.0,0.682800195873112,0.0,27887697.0,3974890.0,0.0,102888835.0,147381931,187752.0,9407071.0,2293499.0,0.016350793695390706,-7113572.0,-0.05071401740716165,0.0,25647029.0,0.18284258248148466,2742817.0,22765966.0,0.16230293248101663,0.07,0.07,305769023,305769023,https://find-and-update.company-information.service.gov.uk/search/companies?q=Sonaecom+SGPS+SA,https://find-and-update.company-information.service.gov.uk/search/companies?q=Sonaecom+SGPS+SA,1620598079,18:07:59,20210509
4,2016-12-31,SNC.LS,EUR,2016-12-31,2016-12-31,FY,131371198,32429804.0,98941394.0,0.7531437294192902,0.0,36318758.0,3799481.0,0.0,107751911.0,140181715,371912.0,10500630.0,1690113.0,0.012865171557619503,-8810517.0,-0.06706581909986084,0.0,33883022.0,0.2579181929969155,-13894133.0,48131541.0,0.36637818435666547,0.16,0.16,305769023,305769023,https://find-and-update.company-information.service.gov.uk/search/companies?q=Sonaecom+SGPS+SA,https://find-and-update.company-information.service.gov.uk/search/companies?q=Sonaecom+SGPS+SA,1620598079,18:07:59,20210509
5,2015-12-31,SNC.LS,EUR,2015-12-31,2015-12-31,FY,130856267,32184381.0,98671886.0,0.7540478439599687,0.0,35570207.0,3130879.0,0.0,102825999.0,135010380,531724.0,8299317.0,4145204.0,0.03167753516917917,-4154113.0,-0.031745617502599244,0.0,35442511.0,0.27085069605416756,2289494.0,34610042.0,0.26448899081004656,0.11,0.11,305769023,305769023,https://find-and-update.company-information.service.gov.uk/search/companies?q=Sonaecom+SGPS+SA,https://find-and-update.company-information.service.gov.uk/search/companies?q=Sonaecom+SGPS+SA,1620598079,18:07:59,20210509
6,2014-12-31,SNC.LS,EUR,2014-12-31,2014-12-31,FY,122732496,30341304.0,92391192.0,0.7527850814669328,0.0,34413875.0,2860738.0,0.0,92826301.0,123167605,1051727.0,7142387.0,6707278.0,0.05464956892916119,-435109.0,-0.0035451817096590296,0.0,14661702.0,0.11946063575534226,689789.0,27958229.0,0.22779809676485355,0.09,0.09,314920162,314920162,https://find-and-update.company-information.service.gov.uk/search/companies?q=Sonaecom+SGPS+SA,https://find-and-update.company-information.service.gov.uk/search/companies?q=Sonaecom+SGPS+SA,1620598079,18:07:59,20210509
7,2013-12-31,SNC.LS,EUR,2013-12-31,2013-12-31,FY,119157205,24753054.0,94404151.0,0.7922655705125007,0.0,35301355.0,3212996.0,0.0,92454824.0,117207878,10512011.0,5671792.0,7621119.0,0.06395852437122874,1949327.0,0.016359287715753318,0.0,41395371.0,0.3474013258367381,3873144.0,103838479.0,0.8714410429482632,0.29,0.29,360941333,360941333,https://find-and-update.company-information.service.gov.uk/search/companies?q=Sonaecom+SGPS+SA,https://find-and-update.company-information.service.gov.uk/search/companies?q=Sonaecom+SGPS+SA,1620598079,18:07:59,20210509
8,2012-12-31,SNC.LS,EUR,2012-12-31,2012-12-31,FY,829772437,252474206.0,577298231.0,0.6957307874520301,0.0,131966441.0,25699043.0,0.0,462758754.0,715232960,16180530.0,153404977.0,267944454.0,0.32291317721849083,114539477.0,0.13803721585897893,0.0,78573081.0,0.09469232466202056,3141032.0,75419377.0,0.09089163924590568,0.21,0.21,359390746,359390746,https://find-and-update.company-information.service.gov.uk/search/companies?q=Sonaecom+SGPS+SA,https://find-and-update.company-information.service.gov.uk/search/companies?q=Sonaecom+SGPS+SA,1620598079,18:07:59,20210509
9,2011-12-31,SNC.LS,EUR,2011-12-31,2011-12-31,FY,863634415,527652436.0,335981979.0,0.38903264293838963,0.0,0.0,0.0,0.0,229793159.0,757445595,17413177.0,130495567.0,236684387.0,0.27405622435738625,106188820.0,0.12295575321648107,0.0,73598106.0,0.08521905186003964,11039716.0,62558390.0,0.07243619396524396,0.18,0.18,357163073,357163073,https://find-and-update.company-information.service.gov.uk/search/companies?q=Sonaecom+SGPS+SA,https://find-and-update.company-information.service.gov.uk/search/companies?q=Sonaecom+SGPS+SA,1620598079,18:07:59,20210509
10,2010-12-31,SNC.LS,EUR,2010-12-31,2010-12-31,FY,920718988,0.0,0.0,0.0,0.0,607688148.0,0.0,0.0,840220039.0,840220039,14531097.0,129542660.0,210041609.0,0.2281278128696527,80498949.0,0.08743052988932166,0.0,58097553.0,0.06310020077483185,16749346.0,41348207.0,0.04490860679415031,0.12,0.12,358008787,358008787,https://find-and-update.company-information.service.gov.uk/search/companies?q=Sonaecom+SGPS+SA,https://find-and-update.company-information.service.gov.uk/search/companies?q=Sonaecom+SGPS+SA,1620598079,18:07:59,20210509
11,2009-12-31,SNC.LS,EUR,2009-12-31,2009-12-31,FY,956431845,153951259.0,802480586.0,0.8390358290506315,0.0,0.0,0.0,0.0,759553882.0,913505141,18599132.0,151774270.0,194700974.0,0.20357014984167535,42926704.0,0.04488213585150963,0.0,11201295.0,0.011711545426428164,5124176.0,6077119.0,0.006353948827373058,0.02,0.02,359776301,359776301,https://find-and-update.company-information.service.gov.uk/search/companies?q=Sonaecom+SGPS+SA,https://find-and-update.company-information.service.gov.uk/search/companies?q=Sonaecom+SGPS+SA,1620598079,18:07:59,20210509
12,2008-12-31,SNC.LS,EUR,2008-12-31,2008-12-31,FY,986713093,132834084.0,853879009.0,0.8653771953140588,0.0,0.0,0.0,0.0,829193588.0,962027672,21520763.0,157575667.0,182261088.0,0.18471538413041003,24685421.0,0.02501783058836942,0.0,-14956917.0,-0.015158324244512685,-20181800.0,5224883.0,0.005295240366289535,0.01,0.01,363151223,363151223,https://find-and-update.company-information.service.gov.uk/search/companies?q=Sonaecom+SGPS+SA,https://find-and-update.company-information.service.gov.uk/search/companies?q=Sonaecom+SGPS+SA,1620598079,18:07:59,20210509
13,2007-12-31,SNC.LS,EUR,2007-12-31,2007-12-31,FY,892693690,108621900.0,784071790.0,0.8783211966021626,0.0,0.0,41527500.0,-448860.0,762060730.0,870682630,27585580.0,139982820.0,161993880.0,0.18146636613954334,22011060.0,0.024656901069839532,0.0,529660.0,0.0005933278188624812,-36635010.0,36777410.0,0.04119824124666995,0.101,0.101,364668263,364668263,https://find-and-update.company-information.service.gov.uk/search/companies?q=Sonaecom+SGPS+SA,https://find-and-update.company-information.service.gov.uk/search/companies?q=Sonaecom+SGPS+SA,1620598079,18:07:59,20210509
14,2006-12-31,SNC.LS,EUR,2006-12-31,2006-12-31,FY,836040280,102115770.0,733924510.0,0.8778578347923619,0.0,-4745680.0,35625200.0,324960.0,685256620.0,787372390,17457930.0,135670910.0,184338800.0,0.22049033331264853,48667890.0,0.05821237464778611,0.0,390740.0,0.00046736982576963873,5259930.0,-13883630.0,-0.016606412791498514,-0.04,-0.04,313956868,313956868,https://find-and-update.company-information.service.gov.uk/search/companies?q=Sonaecom+SGPS+SA,https://find-and-update.company-information.service.gov.uk/search/companies?q=Sonaecom+SGPS+SA,1620598079,18:07:59,20210509
15,2005-12-31,SNC.LS,EUR,2005-12-31,2005-12-31,FY,843460860,114924810.0,728536050.0,0.863746125694558,0.0,0.0,41684860.0,0.0,699883040.0,814807850,12179190.0,128222820.0,156875830.0,0.18599064573073373,28653010.0,0.03397076421542548,0.0,15562650.0,0.01845094507408441,4008290.0,2156540.0,0.0025567754264258333,0.01,0.01,237962811,237962811,https://find-and-update.company-information.service.gov.uk/search/companies?q=Sonaecom+SGPS+SA,https://find-and-update.company-information.service.gov.uk/search/companies?q=Sonaecom+SGPS+SA,1620598079,18:07:59,20210509
16,2004-12-31,SNC.LS,EUR,2004-12-31,2004-12-31,FY,880159020,560729420.0,319429600.0,0.3629226000547037,0.0,0.0,0.0,20940.0,228162290.0,788891710,16154920.0,125197730.0,216465040.0,0.24593855778470577,91267310.0,0.10369411427494091,0.0,56983910.0,0.06474274387371501,18151690.0,18048390.0,0.02050582859447376,8.0,8.0,226250000,226250000,https://find-and-update.company-information.service.gov.uk/search/companies?q=Sonaecom+SGPS+SA,https://find-and-update.company-information.service.gov.uk/search/companies?q=Sonaecom+SGPS+SA,1620598079,18:07:59,20210509
17,2003-12-31,SNC.LS,EUR,2003-12-31,2003-12-31,FY,837742344,590942613.0,246799731.0,0.29460099846642107,0.0,64743682.0,151302758.0,8757433.0,230656138.0,821598751,0.0,0.0,16143593.0,0.019270355755110307,16143593.0,0.019270355755110307,0.0,-7848626.0,-0.009368782724441109,11765308.0,-19170834.0,-0.02288392623018707,-0.08,-0.08,239635425,239635425,https://find-and-update.company-information.service.gov.uk/search/companies?q=Sonaecom+SGPS+SA,https://find-and-update.company-information.service.gov.uk/search/companies?q=Sonaecom+SGPS+SA,1620598079,18:07:59,20210509
