,date,symbol,reportedCurrency,fillingDate,acceptedDate,period,revenue,costOfRevenue,grossProfit,grossProfitRatio,researchAndDevelopmentExpenses,generalAndAdministrativeExpenses,sellingAndMarketingExpenses,otherExpenses,operatingExpenses,costAndExpenses,interestExpense,depreciationAndAmortization,ebitda,ebitdaratio,operatingIncome,operatingIncomeRatio,totalOtherIncomeExpensesNet,incomeBeforeTax,incomeBeforeTaxRatio,incomeTaxExpense,netIncome,netIncomeRatio,eps,epsdiluted,weightedAverageShsOut,weightedAverageShsOutDil,link,finalLink,timestamp,est_time,est_date
0,2020-03-31,BAYERCROP.NS,INR,2020-03-31,2020-03-31,FY,36023000000,19244000000,16779000000,0.465785747994337,0.0,1105000000.0,2804000000.0,171000000.0,10095000000,29339000000,138000000,653000000,7337000000,0.20367542958665297,6684000000,0.1855481220331455,0.0,5831000000,0.16186880604058518,1086000000,4745000000,0.13172140021652834,105.58,105.58,44942092,44942092,https://www.nseindia.com/companies-listing/corporate-filings-annual-reports,https://www.nseindia.com/companies-listing/corporate-filings-annual-reports,1620589151,15:39:11,20210509
1,2019-03-31,BAYERCROP.NS,INR,2019-03-31,2019-03-31,FY,26853000000,14873000000,11980000000,0.44613264812125275,0.0,872000000.0,2612000000.0,90000000.0,8381000000,23254000000,99000000,342000000,3941000000,0.14676200052135702,3599000000,0.1340259933713179,0.0,3663000000,0.1364093397385767,1287000000,2376000000,0.08848173388448217,69.2,69.2,34333593,34333593,https://www.nseindia.com/companies-listing/corporate-filings-annual-reports,https://www.nseindia.com/companies-listing/corporate-filings-annual-reports,1620589151,15:39:11,20210509
2,2018-03-31,BAYERCROP.NS,INR,2018-03-31,2018-03-31,FY,27095000000,16016000000,11079000000,0.40889463000553605,0.0,717000000.0,2172000000.0,81000000.0,7193000000,23209000000,113000000,331000000,4217000000,0.15563757150765825,3886000000,0.14342129544196347,0.0,4038000000,0.14903118656578704,1037000000,3001000000,0.11075844251706957,86.16,86.16,34831217,34831217,https://www.nseindia.com/companies-listing/corporate-filings-annual-reports,https://www.nseindia.com/companies-listing/corporate-filings-annual-reports,1620589151,15:39:11,20210509
3,2017-03-31,BAYERCROP.NS,INR,2017-03-31,2017-03-31,FY,28023000000,16467000000,11556000000,0.41237554865646076,0.0,703000000.0,2118000000.0,81000000.0,7514000000,23981000000,69000000,289000000,4331000000,0.15455161831352818,4042000000,0.14423866109981087,0.0,4479000000,0.15983299432608927,1569000000,2910000000,0.10384327159832994,82.31,82.31,35354001,35354001,https://www.nseindia.com/companies-listing/corporate-filings-annual-reports,https://www.nseindia.com/companies-listing/corporate-filings-annual-reports,1620589151,15:39:11,20210509
4,2016-03-31,BAYERCROP.NS,INR,2016-03-31,2016-03-31,FY,36441000000,24888000000,11553000000,0.31703301226640324,0.0,663000000.0,2378000000.0,87000000.0,7468000000,32356000000,73000000,247000000,4332000000,0.11887708899316704,4085000000,0.11209900935759172,0.0,4629000000,0.12702724952663208,1620000000,3009000000,0.08257182843500453,83.41,83.41,36076364,36076364,https://www.nseindia.com/companies-listing/corporate-filings-annual-reports,https://www.nseindia.com/companies-listing/corporate-filings-annual-reports,1620589151,15:39:11,20210509
5,2015-03-31,BAYERCROP.NS,INR,2015-03-31,2015-03-31,FY,36178000000,24154000000,12024000000,0.3323566808557687,0.0,598000000.0,2237000000.0,88000000.0,6952000000,31106000000,46000000,253000000,5325000000,0.1471888993310852,5072000000,0.14019569904361767,0.0,5735000000,0.15852175355188236,1905000000,3830000000,0.10586544308695893,104.59,104.59,36619001,36619001,https://www.nseindia.com/companies-listing/corporate-filings-annual-reports,https://www.nseindia.com/companies-listing/corporate-filings-annual-reports,1620589151,15:39:11,20210509
6,2014-03-31,BAYERCROP.NS,INR,2014-03-31,2014-03-31,FY,31672000000,20918000000,10754000000,0.3395428138418793,0.0,596000000.0,2267000000.0,64000000.0,7069000000,27987000000,48000000,646000000,4331000000,0.13674539025006316,3685000000,0.116348825460975,0.0,4408000000,0.1391765597373074,1513000000,2895000000,0.09140565799444304,75.14,75.14,38528312,38528312,https://www.nseindia.com/companies-listing/corporate-filings-annual-reports,https://www.nseindia.com/companies-listing/corporate-filings-annual-reports,1620589151,15:39:11,20210509
7,2013-03-31,BAYERCROP.NS,INR,2013-03-31,2013-03-31,FY,26580000000,17462000000,9118000000,0.3430398796087284,0.0,550000000.0,1877000000.0,61000000.0,5706000000,23168000000,37000000,366000000,3778000000,0.1421369450714823,3412000000,0.12836719337848007,0.0,15632000000,0.5881113619262603,4015000000,11617000000,0.4370579382994733,294.11,294.11,39498747,39498747,https://www.nseindia.com/companies-listing/corporate-filings-annual-reports,https://www.nseindia.com/companies-listing/corporate-filings-annual-reports,1620589151,15:39:11,20210509
8,2012-03-31,BAYERCROP.NS,INR,2012-03-31,2012-03-31,FY,22126000000,14572000000,7554000000,0.3414082979300371,0.0,430000000.0,1719000000.0,87000000.0,5206000000,19778000000,17000000,340000000,2688000000,0.12148603452951279,2348000000,0.10611949742384524,0.0,2044000000,0.09238000542348368,654000000,1390000000,0.06282201934375847,35.19,35.19,39498747,39498747,https://www.nseindia.com/companies-listing/corporate-filings-annual-reports,https://www.nseindia.com/companies-listing/corporate-filings-annual-reports,1620589151,15:39:11,20210509
9,2011-03-31,BAYERCROP.NS,INR,2011-03-31,2011-03-31,FY,20386841000,13741483000,6645358000,0.3259631053187691,0.0,0.0,0.0,0.0,5535910000,19277393000,87875000,326892000,1436340000,0.07045426998719419,1109448000,0.054419809327006574,0.0,1989659000,0.09759525764683209,674218000,1315441000,0.06452402311863814,33.3,33.3,39498747,39498747,https://www.nseindia.com/companies-listing/corporate-filings-annual-reports,https://www.nseindia.com/companies-listing/corporate-filings-annual-reports,1620589151,15:39:11,20210509
10,2010-03-31,BAYERCROP.NS,INR,2010-03-31,2010-03-31,FY,16247619000,10482954000,5764665000,0.35480060186049417,0.0,1249161000.0,1450408000.0,0.0,3826184000,14309138000,128316000,264419000,2202900000,0.1355829429530567,1938481000,0.11930861992763371,0.0,1964447000,0.12090676178460363,691912000,1272535000,0.0783213220349394,32.22,32.22,39498747,39498747,https://www.nseindia.com/companies-listing/corporate-filings-annual-reports,https://www.nseindia.com/companies-listing/corporate-filings-annual-reports,1620589151,15:39:11,20210509
11,2009-03-31,BAYERCROP.NS,INR,2009-03-31,2009-03-31,FY,13940049000,9369370000,4570679000,0.3278811286818289,0.0,1200398000.0,1360353000.0,0.0,3525063000,12894433000,126256000,239921000,1285537000,0.09221897283144413,1045616000,0.07500805771916584,0.0,1508267000,0.10819667850521902,563672000,944595000,0.0677612395767045,23.91,23.91,39498747,39498747,https://www.nseindia.com/companies-listing/corporate-filings-annual-reports,https://www.nseindia.com/companies-listing/corporate-filings-annual-reports,1620589151,15:39:11,20210509
12,2008-03-31,BAYERCROP.NS,INR,2008-03-31,2008-03-31,FY,11633517000,7662467000,3971050000,0.34134561371251704,0.0,1407151000.0,1023068000.0,0.0,3319876000,10982343000,75507000,261223000,912397000,0.07842830332392173,651174000,0.05597395869194157,0.0,679563000,0.058414235351184,188538000,491025000,0.04220778634698346,12.43,12.43,39498747,39498747,https://www.nseindia.com/companies-listing/corporate-filings-annual-reports,https://www.nseindia.com/companies-listing/corporate-filings-annual-reports,1620589151,15:39:11,20210509
13,2006-12-31,BAYERCROP.NS,INR,2006-12-31,2006-12-31,FY,7278451000,4527233000,2751218000,0.377994988219334,0.0,1002656000.0,575224000.0,0.0,2051942000,6579175000,85335000,218637000,917913000,0.12611378437527435,699276000,0.09607483790163594,0.0,890531000,0.1223517201668322,321953000,568578000,0.0781179951613331,14.39,14.39,39498747,39498747,https://www.nseindia.com/companies-listing/corporate-filings-annual-reports,https://www.nseindia.com/companies-listing/corporate-filings-annual-reports,1620589151,15:39:11,20210509
14,2006-03-31,BAYERCROP.NS,INR,2006-03-31,2006-03-31,FY,7278451000,4527233000,2751218000,0.377994988219334,0.0,1002032000.0,577831000.0,0.0,2062228000,6589461000,85335000,218637000,907627000,0.12470057159140042,688990000,0.09466162511776201,0.0,890531000,0.1223517201668322,321953000,568578000,0.0781179951613331,14.39,14.39,39498747,39498747,https://www.nseindia.com/companies-listing/corporate-filings-annual-reports,https://www.nseindia.com/companies-listing/corporate-filings-annual-reports,1620589151,15:39:11,20210509
15,2005-12-31,BAYERCROP.NS,INR,2005-12-31,2005-12-31,FY,6688507000,3696287000,2992220000,0.44736740202260383,0.0,1147770000.0,516191000.0,0.0,2493276000,6189563000,74352000,225743000,724687000,0.1083480962193805,498944000,0.07459721579120722,0.0,746839000,0.11166004610595459,375369000,371470000,0.055538552923694334,9.4,9.4,39498747,39498747,https://www.nseindia.com/companies-listing/corporate-filings-annual-reports,https://www.nseindia.com/companies-listing/corporate-filings-annual-reports,1620589151,15:39:11,20210509
16,2004-12-31,BAYERCROP.NS,INR,2004-12-31,2004-12-31,FY,7230790000,3788354000,3442436000,0.4760802070036607,0.0,1377946000.0,996210000.0,0.0,3194345000,6982699000,111617000,260181000,508272000,0.07029273426555051,248091000,0.03431035889577764,0.0,524035000,0.07247271736559906,260431000,263604000,0.03645576762705043,6.67,6.67,39498747,39498747,https://www.nseindia.com/companies-listing/corporate-filings-annual-reports,https://www.nseindia.com/companies-listing/corporate-filings-annual-reports,1620589151,15:39:11,20210509
17,2003-12-31,BAYERCROP.NS,INR,2003-12-31,2003-12-31,FY,8488005000,4324857000,4163148000,0.49047426338697964,0.0,1097062000.0,1078547000.0,0.0,3242929000,7567786000,197263000,295491000,1215710000,0.1432268242066304,920219000,0.10841405018022492,0.0,472036000,0.05561212558192414,119472000,352564000,0.041536733307767845,11.74,11.74,30029560,30029560,https://www.nseindia.com/companies-listing/corporate-filings-annual-reports,https://www.nseindia.com/companies-listing/corporate-filings-annual-reports,1620589151,15:39:11,20210509
