,date,symbol,reportedCurrency,fillingDate,acceptedDate,period,revenue,costOfRevenue,grossProfit,grossProfitRatio,researchAndDevelopmentExpenses,generalAndAdministrativeExpenses,sellingAndMarketingExpenses,otherExpenses,operatingExpenses,costAndExpenses,interestExpense,depreciationAndAmortization,ebitda,ebitdaratio,operatingIncome,operatingIncomeRatio,totalOtherIncomeExpensesNet,incomeBeforeTax,incomeBeforeTaxRatio,incomeTaxExpense,netIncome,netIncomeRatio,eps,epsdiluted,weightedAverageShsOut,weightedAverageShsOutDil,link,finalLink,timestamp,est_time,est_date
0,2020-12-31,0869.HK,HKD,2020-12-31,2020-12-31,FY,289240000,147231000,142009000,0.49097289448209097,0.0,103782000,88743000,18521000.0,0.0,337750000,2045000.0,8942000.0,-39568000.0,-0.13679988936523302,-48510000.0,-0.16771539206195546,0.0,-22570000.0,-0.0780320840824229,7493000.0,-30063000.0,-0.10393790623703499,-0.025477161825698008,-0.025477161825698008,1179998000,1179998000,https://www1.hkexnews.hk/search/titlesearch.xhtml,https://www1.hkexnews.hk/search/titlesearch.xhtml,1620584955,14:29:15,20210509
1,2019-12-31,0869.HK,HKD,2019-12-31,2019-12-31,FY,358739000,174485000,184254000,0.513615748496818,0.0,119789000,100041000,97000.0,0.0,394315000,239000.0,7572000.0,-28004000.0,-0.07806232386219508,-35576000.0,-0.09916959126272862,0.0,-16477000.0,-0.045930328177309965,20801000.0,-37278000.0,-0.10391398760658864,-0.0316,-0.0316,1179998000,1179998000,https://www1.hkexnews.hk/search/titlesearch.xhtml,https://www1.hkexnews.hk/search/titlesearch.xhtml,1620584955,14:29:15,20210509
2,2018-12-31,0869.HK,HKD,2018-12-31,2018-12-31,FY,474182000,223293000,250889000,0.5290985317873728,0.0,122199000,136721000,70000.0,0.0,482213000,3130000.0,5023000.0,-3008000.0,-0.006343555849863554,-8031000.0,-0.016936534916972806,0.0,4374000.0,0.009224306279023667,3812000.0,562000.0,0.0011851989320556242,0.0004751867137118424,0.00047409317027452693,1182693000,1185421000,https://www1.hkexnews.hk/search/titlesearch.xhtml,https://www1.hkexnews.hk/search/titlesearch.xhtml,1620584955,14:29:15,20210509
3,2017-12-31,0869.HK,HKD,2017-12-31,2017-12-31,FY,758329000,347003000,411326000,0.5424110115794069,0.0,119222000,217973000,5031000.0,0.0,684198000,5735000.0,5320000.0,79451000.0,0.10477114814282455,74131000.0,0.09775572343929878,0.0,88526000.0,0.11673824949329381,32762000.0,55764000.0,0.07353536525703223,0.0463,0.0461,1204424000,1210579000,https://www1.hkexnews.hk/search/titlesearch.xhtml,https://www1.hkexnews.hk/search/titlesearch.xhtml,1620584955,14:29:15,20210509
4,2016-12-31,0869.HK,HKD,2016-12-31,2016-12-31,FY,992933000,397213000,595720000,0.5999599167315418,0.0,131593000,288871000,-1964000.0,0.0,817677000,5199000.0,2114000.0,177370000.0,0.17863239513642915,175256000.0,0.17650334916857432,0.0,176122000.0,0.1773755127485943,65916000.0,110206000.0,0.11099036893727976,0.0909,0.0902,1212756000,1221680000,https://www1.hkexnews.hk/search/titlesearch.xhtml,https://www1.hkexnews.hk/search/titlesearch.xhtml,1620584955,14:29:15,20210509
5,2015-12-31,0869.HK,HKD,2015-12-31,2015-12-31,FY,1551464000,595462000,956002000,0.6161934791912671,0.0,144479000,415469000,-241000.0,0.0,1155410000,0.0,1814000.0,397868000.0,0.25644681410590253,396054000.0,0.25527759587073884,0.0,389595000.0,0.25111443127265604,113350000.0,276245000.0,0.17805440538742762,0.2284,0.2262,1209725000,1221077000,https://www1.hkexnews.hk/search/titlesearch.xhtml,https://www1.hkexnews.hk/search/titlesearch.xhtml,1620584955,14:29:15,20210509
6,2014-12-31,0869.HK,HKD,2014-12-31,2014-12-31,FY,2160206000,823862000,1336344000,0.618618779875623,0.0,158668000,529438000,2742000.0,0.0,1511968000,0.0,948000.0,649186000.0,0.30052041333095086,648238000.0,0.3000815662950663,0.0,635912000.0,0.29437562899093883,145240000.0,490672000.0,0.22714130041301617,0.4144,0.4075,1184037000,1204219000,https://www1.hkexnews.hk/search/titlesearch.xhtml,https://www1.hkexnews.hk/search/titlesearch.xhtml,1620584955,14:29:15,20210509
7,2013-12-31,0869.HK,HKD,2013-12-31,2013-12-31,FY,1658527000,616793000,1041734000,0.6281079536239085,0.0,123917000,371275000,1555000.0,0.0,1111985000,0.0,723000.0,547265000.0,0.32997050997662386,546542000.0,0.32953458098662247,0.0,539657000.0,0.3253833069947007,6283000.0,533374000.0,0.32159500568878285,0.4573,0.4466,1166329000,1194206000,https://www1.hkexnews.hk/search/titlesearch.xhtml,https://www1.hkexnews.hk/search/titlesearch.xhtml,1620584955,14:29:15,20210509
8,2012-12-31,0869.HK,HKD,2012-12-31,2012-12-31,FY,371615000,147571000,224044000,0.6028927788167862,0.0,76505000,95322000,1568000.0,0.0,319398000,883000.0,668000.0,52885000.0,0.1423112630006862,52217000.0,0.14051370369872046,0.0,43881000.0,0.11808188582269284,486000.0,43395000.0,0.11677408070180159,0.0387,0.0385,1121800000,1127379000,https://www1.hkexnews.hk/search/titlesearch.xhtml,https://www1.hkexnews.hk/search/titlesearch.xhtml,1620584955,14:29:15,20210509
9,2011-12-31,0869.HK,HKD,2011-12-31,2011-12-31,FY,44947000,32095000,12852000,0.28593676997352435,0.0,72112000,27074000,1503000.0,0.0,131281000,2256000.0,1484000.0,-84850000.0,-1.8877789396400204,-86334000.0,-1.9207956037110374,0.0,-90308000.0,-2.0092108483324806,213000.0,-90521000.0,-2.013949763054264,-0.0867,-0.0867,1044487000,1044487000,https://www1.hkexnews.hk/search/titlesearch.xhtml,https://www1.hkexnews.hk/search/titlesearch.xhtml,1620584955,14:29:15,20210509
10,2010-12-31,0869.HK,HKD,2010-12-31,2010-12-31,FY,148219000,86080000,62139000,0.4192377495462795,0.0,89720000,62402000,203000.0,0.0,238202000,1458000.0,2367000.0,-87616000.0,-0.5911252943279877,-89983000.0,-0.6070949068607938,0.0,-93598000.0,-0.631484492541442,2085000.0,-95683000.0,-0.645551514987957,-0.1139,-0.1139,840026000,840026000,https://www1.hkexnews.hk/search/titlesearch.xhtml,https://www1.hkexnews.hk/search/titlesearch.xhtml,1620584955,14:29:15,20210509
11,2009-12-31,0869.HK,HKD,2009-12-31,2009-12-31,FY,636440000,344438000,292002000,0.4588052290867953,0.0,88892000,236321000,137000.0,0.0,669651000,3247000.0,0.0,-40348000.0,-0.06339639243290805,-33211000.0,-0.05218245239142731,0.0,-45315000.0,-0.07120074162529068,41389000.0,-86704000.0,-0.13623279492175225,-0.140198,-0.140198,618282134,618282134,https://www1.hkexnews.hk/search/titlesearch.xhtml,https://www1.hkexnews.hk/search/titlesearch.xhtml,1620584955,14:29:15,20210509
12,2008-12-31,0869.HK,HKD,2008-12-31,2008-12-31,FY,703596000,434123000,269473000,0.38299393401895404,0.0,136201000,271966000,-4214000.0,0.0,842290000,0.0,2765000.0,-135929000.0,-0.19319183167613233,-138694000.0,-0.19712164367051546,0.0,-143698000.0,-0.20423367955474447,46818000.0,-190516000.0,-0.2707747059392038,-0.30818,-0.30818,618227181,618227181,https://www1.hkexnews.hk/search/titlesearch.xhtml,https://www1.hkexnews.hk/search/titlesearch.xhtml,1620584955,14:29:15,20210509
13,2007-12-31,0869.HK,HKD,2007-12-31,2007-12-31,FY,909030000,502967000,406063000,0.44669922884833285,0.0,213919000,245976000,609000.0,0.0,977775000,0.0,0.0,-68745000.0,-0.07562456684597868,-68745000.0,-0.07562456684597868,0.0,-68136000.0,-0.0749546219596713,-34551000.0,-33585000.0,-0.036945975380350486,-0.054286,-0.054286,618669285,618669285,https://www1.hkexnews.hk/search/titlesearch.xhtml,https://www1.hkexnews.hk/search/titlesearch.xhtml,1620584955,14:29:15,20210509
14,2006-12-31,0869.HK,HKD,2006-12-31,2006-12-31,FY,1127997000,586826000,541171000,0.47976280078759076,0.0,216662000,296536000,-746000.0,0.0,1100024000,0.0,0.0,27973000.0,0.024798824819569555,27973000.0,0.024798824819569555,0.0,27227000.0,0.02413747554293141,4033000.0,23194000.0,0.020562111424055205,0.037552,0.037552,617654637,617654637,https://www1.hkexnews.hk/search/titlesearch.xhtml,https://www1.hkexnews.hk/search/titlesearch.xhtml,1620584955,14:29:15,20210509
