,date,symbol,reportedCurrency,fillingDate,acceptedDate,period,revenue,costOfRevenue,grossProfit,grossProfitRatio,researchAndDevelopmentExpenses,generalAndAdministrativeExpenses,sellingAndMarketingExpenses,otherExpenses,operatingExpenses,costAndExpenses,interestExpense,depreciationAndAmortization,ebitda,ebitdaratio,operatingIncome,operatingIncomeRatio,totalOtherIncomeExpensesNet,incomeBeforeTax,incomeBeforeTaxRatio,incomeTaxExpense,netIncome,netIncomeRatio,eps,epsdiluted,weightedAverageShsOut,weightedAverageShsOutDil,link,finalLink,timestamp,est_time,est_date
0,2020-12-31,TTR1.DE,EUR,2020-12-31,2020-12-31,FY,190454000.0,137012000,53442000,0.28060319027166664,7347000.0,5992000.0,5866000.0,339000.0,0.0,183649000,746000.0,3284000.0,10089000.0,0.05297342140359352,6805000.0,0.03573041259306709,0.0,6120000.0,0.0321337435811272,1163000.0,4956000.0,0.02602203156667752,0.72,0.72,6907665.0,6907665.0,https://www.bundesanzeiger.de/pub/de/suche;wwwsid=627BFD7A56A5CB624C47FDDEAB2FC509.web07-pub?0,https://www.bundesanzeiger.de/pub/de/suche;wwwsid=627BFD7A56A5CB624C47FDDEAB2FC509.web07-pub?0,1620599117,18:25:17,20210509
1,2019-12-31,TTR1.DE,EUR,2019-12-31,2019-12-31,FY,207927000.0,146612000,61315000,0.294887147893251,7575000.0,6480000.0,7467000.0,207000.0,52950000.0,199562000,763000.0,3565000.0,11930000.0,0.057375905966998035,8365000.0,0.04023046549991103,0.0,8205000.0,0.03946096466548356,2116000.0,6089000.0,0.029284316130180305,0.88,0.88,6907665.0,6907665.0,https://www.bundesanzeiger.de/pub/de/suche;wwwsid=627BFD7A56A5CB624C47FDDEAB2FC509.web07-pub?0,https://www.bundesanzeiger.de/pub/de/suche;wwwsid=627BFD7A56A5CB624C47FDDEAB2FC509.web07-pub?0,1620599117,18:25:17,20210509
2,2018-12-31,TTR1.DE,EUR,2018-12-31,2018-12-31,FY,216286000.0,147021000,69265000,0.3202472651951583,7980000.0,7294000.0,7923000.0,200000.0,51970000.0,198991000,543000.0,2428000.0,19723000.0,0.09118944360707582,17295000.0,0.07996356675882858,0.0,17307000.0,0.08001904885198302,4924000.0,12383000.0,0.05725289662761344,1.79,1.79,6907665.0,6907665.0,https://www.bundesanzeiger.de/pub/de/suche;wwwsid=627BFD7A56A5CB624C47FDDEAB2FC509.web07-pub?0,https://www.bundesanzeiger.de/pub/de/suche;wwwsid=627BFD7A56A5CB624C47FDDEAB2FC509.web07-pub?0,1620599117,18:25:17,20210509
3,2017-12-31,TTR1.DE,EUR,2017-12-31,2017-12-31,FY,205095000.0,136849000,68246000,0.3327531144103952,7528000.0,6908000.0,8128000.0,204000.0,50049000.0,186898000,620000.0,2891000.0,21088000.0,0.10282064409176235,18197000.0,0.08872473731685317,0.0,16963000.0,0.0827080133596626,4693000.0,12191000.0,0.05944074697091592,1.76,1.76,6907665.0,6907665.0,https://www.bundesanzeiger.de/pub/de/suche;wwwsid=627BFD7A56A5CB624C47FDDEAB2FC509.web07-pub?0,https://www.bundesanzeiger.de/pub/de/suche;wwwsid=627BFD7A56A5CB624C47FDDEAB2FC509.web07-pub?0,1620599117,18:25:17,20210509
4,2016-12-31,TTR1.DE,EUR,2016-12-31,2016-12-31,FY,151792000.0,100570000,51222000,0.33744861389269526,5534000.0,6411000.0,6363000.0,196000.0,41789000.0,142359000,785000.0,2790000.0,12223000.0,0.08052466533150628,9433000.0,0.06214425002635185,0.0,9156000.0,0.06031938442078634,1894000.0,7192000.0,0.04738062611995362,1.09,1.09,6586905.0,6586905.0,https://www.bundesanzeiger.de/pub/de/suche;wwwsid=627BFD7A56A5CB624C47FDDEAB2FC509.web07-pub?0,https://www.bundesanzeiger.de/pub/de/suche;wwwsid=627BFD7A56A5CB624C47FDDEAB2FC509.web07-pub?0,1620599117,18:25:17,20210509
5,2015-12-31,TTR1.DE,EUR,2015-12-31,2015-12-31,FY,122838000.0,81412000,41426000,0.3372409189338804,4293000.0,3769000.0,5814000.0,229000.0,31979000.0,113391000,486000.0,1760000.0,11207000.0,0.09123398296943942,9447000.0,0.07690616910076686,0.0,8691000.0,0.07075172177990524,2476000.0,6262000.0,0.050977710480470215,0.96,0.96,6518459.0,6518459.0,https://www.bundesanzeiger.de/pub/de/suche;wwwsid=627BFD7A56A5CB624C47FDDEAB2FC509.web07-pub?0,https://www.bundesanzeiger.de/pub/de/suche;wwwsid=627BFD7A56A5CB624C47FDDEAB2FC509.web07-pub?0,1620599117,18:25:17,20210509
6,2014-12-31,TTR1.DE,EUR,2014-12-31,2014-12-31,FY,112371000.0,74950000,37421000,0.3330129659787668,3382000.0,3665000.0,5311000.0,195000.0,30025000.0,104975000,670000.0,1739000.0,9135000.0,0.08129321622126705,7396000.0,0.06581769317706526,0.0,6263000.0,0.05573502060140072,1850000.0,4381000.0,0.03898692723211505,0.67,0.67,6494943.0,6494943.0,https://www.bundesanzeiger.de/pub/de/suche;wwwsid=627BFD7A56A5CB624C47FDDEAB2FC509.web07-pub?0,https://www.bundesanzeiger.de/pub/de/suche;wwwsid=627BFD7A56A5CB624C47FDDEAB2FC509.web07-pub?0,1620599117,18:25:17,20210509
7,2013-12-31,TTR1.DE,EUR,2013-12-31,2013-12-31,FY,105207000.0,72083000,33124000,0.3148459703251685,2985000.0,3879000.0,4928000.0,292000.0,28059000.0,100142000,918000.0,1912000.0,6977000.0,0.06631688005550962,5065000.0,0.04814318438887146,0.0,3738000.0,0.0355299552311158,786000.0,3016000.0,0.02866729400134972,0.47,0.47,6465803.0,6465803.0,https://www.bundesanzeiger.de/pub/de/suche;wwwsid=627BFD7A56A5CB624C47FDDEAB2FC509.web07-pub?0,https://www.bundesanzeiger.de/pub/de/suche;wwwsid=627BFD7A56A5CB624C47FDDEAB2FC509.web07-pub?0,1620599117,18:25:17,20210509
8,2012-12-31,TTR1.DE,EUR,2012-12-31,2012-12-31,FY,90662000.0,59010000,31652000,0.3491209106351062,2241000.0,2664000.0,4222000.0,0.0,25785000.0,84795000,720000.0,2152000.0,8019000.0,0.0884494054841058,5867000.0,0.06471288963402529,0.0,4676000.0,0.051576184068297636,1582000.0,3094000.0,0.03412675652423287,0.48,0.48,6433581.0,6433581.0,https://www.bundesanzeiger.de/pub/de/suche;wwwsid=627BFD7A56A5CB624C47FDDEAB2FC509.web07-pub?0,https://www.bundesanzeiger.de/pub/de/suche;wwwsid=627BFD7A56A5CB624C47FDDEAB2FC509.web07-pub?0,1620599117,18:25:17,20210509
9,2011-12-31,TTR1.DE,EUR,2011-12-31,2011-12-31,FY,97265000.0,66486000,30779000,0.3164447643037064,2046000.0,11469000.0,14419000.0,0.0,25992000.0,92478000,925000.0,3193000.0,7980000.0,0.08204390068369917,4787000.0,0.04921605921965764,0.0,3899000.0,0.04008636200071968,880000.0,3019000.0,0.031038914306276668,0.47,0.47,6364150.0,6364150.0,https://www.bundesanzeiger.de/pub/de/suche;wwwsid=627BFD7A56A5CB624C47FDDEAB2FC509.web07-pub?0,https://www.bundesanzeiger.de/pub/de/suche;wwwsid=627BFD7A56A5CB624C47FDDEAB2FC509.web07-pub?0,1620599117,18:25:17,20210509
10,2010-12-31,TTR1.DE,EUR,2010-12-31,2010-12-31,FY,85887000.0,60430000,25457000,0.2964010851467626,2467000.0,10154000.0,13390000.0,0.0,22421000.0,82851000,1192000.0,3349000.0,6385000.0,0.07434186780304354,3036000.0,0.035348772223968705,0.0,1874000.0,0.021819367308207296,357000.0,1517000.0,0.017662742906376983,0.24,0.24,6312748.0,6312748.0,https://www.bundesanzeiger.de/pub/de/suche;wwwsid=627BFD7A56A5CB624C47FDDEAB2FC509.web07-pub?0,https://www.bundesanzeiger.de/pub/de/suche;wwwsid=627BFD7A56A5CB624C47FDDEAB2FC509.web07-pub?0,1620599117,18:25:17,20210509
11,2009-12-31,TTR1.DE,EUR,2009-12-31,2009-12-31,FY,82210000.0,65551000,16659000,0.202639581559421,2839000.0,10908000.0,13749000.0,0.0,28588000.0,94139000,826000.0,3551000.0,-8378000.0,-0.10190974334022625,-11929000.0,-0.14510400194623524,0.0,-12707000.0,-0.15456757085512712,-2360000.0,-10347000.0,-0.1258606009001338,-1.65,-1.65,6273425.0,6273425.0,https://www.bundesanzeiger.de/pub/de/suche;wwwsid=627BFD7A56A5CB624C47FDDEAB2FC509.web07-pub?0,https://www.bundesanzeiger.de/pub/de/suche;wwwsid=627BFD7A56A5CB624C47FDDEAB2FC509.web07-pub?0,1620599117,18:25:17,20210509
12,2008-12-31,TTR1.DE,EUR,2008-12-31,2008-12-31,FY,141677000.0,105932000,35745000,0.2522992440551395,5189000.0,0.0,18857000.0,0.0,35783000.0,141715000,1451000.0,4761000.0,4723000.0,0.03333639193376483,-38000.0,-0.00026821573014674225,0.0,-1257000.0,-0.00887229402090671,1595000.0,-2852000.0,-0.02013029637838181,-0.45,-0.45,6369270.0,6369270.0,https://www.bundesanzeiger.de/pub/de/suche;wwwsid=627BFD7A56A5CB624C47FDDEAB2FC509.web07-pub?0,https://www.bundesanzeiger.de/pub/de/suche;wwwsid=627BFD7A56A5CB624C47FDDEAB2FC509.web07-pub?0,1620599117,18:25:17,20210509
13,2007-12-31,TTR1.DE,EUR,2007-12-31,2007-12-31,FY,153170000.0,-81142000,81142000,0.5297512567735196,-6302000.0,0.0,-7772000.0,0.0,-14074000.0,-95216000,0.0,4297000.0,99513000.0,0.6496898870536005,95216000.0,0.6216360906182673,0.0,0.0,0.0,0.0,9067000.0,0.059195664947444014,1.33,1.32,6765004.0,6765004.0,https://www.bundesanzeiger.de/pub/de/suche;wwwsid=627BFD7A56A5CB624C47FDDEAB2FC509.web07-pub?0,https://www.bundesanzeiger.de/pub/de/suche;wwwsid=627BFD7A56A5CB624C47FDDEAB2FC509.web07-pub?0,1620599117,18:25:17,20210509
14,2006-12-31,TTR1.DE,EUR,2006-12-31,2006-12-31,FY,0.0,-79787000,79787000,0.0,-5106000.0,0.0,-7195000.0,0.0,-12301000.0,-92088000,0.0,3128000.0,95216000.0,0.0,92088000.0,0.0,0.0,0.0,0.0,0.0,0.0,0.0,1.48,1.47,6761783.0,6761783.0,https://www.bundesanzeiger.de/pub/de/suche;wwwsid=627BFD7A56A5CB624C47FDDEAB2FC509.web07-pub?0,https://www.bundesanzeiger.de/pub/de/suche;wwwsid=627BFD7A56A5CB624C47FDDEAB2FC509.web07-pub?0,1620599117,18:25:17,20210509
15,2005-12-31,TTR1.DE,EUR,2005-12-31,2005-12-31,FY,0.0,-66557000,66557000,0.0,-4768000.0,0.0,-7006000.0,0.0,-11774000.0,-78331000,0.0,3679000.0,82010000.0,0.0,78331000.0,0.0,0.0,0.0,0.0,0.0,0.0,0.0,1.13,1.12,6683601.0,6683601.0,https://www.bundesanzeiger.de/pub/de/suche;wwwsid=627BFD7A56A5CB624C47FDDEAB2FC509.web07-pub?0,https://www.bundesanzeiger.de/pub/de/suche;wwwsid=627BFD7A56A5CB624C47FDDEAB2FC509.web07-pub?0,1620599117,18:25:17,20210509
16,2004-12-31,TTR1.DE,EUR,2004-12-31,2004-12-31,FY,117259000.0,77494000,39765000,0.3391210909183943,2982000.0,11860000.0,13456000.0,0.0,28514000.0,106008000,0.0,3728000.0,14979000.0,0.12774285982312658,11251000.0,0.09594999104546346,0.0,10614000.0,0.0905175722119411,3856000.0,6758000.0,0.05763310278955133,1.02,1.02,6600000.0,6600000.0,https://www.bundesanzeiger.de/pub/de/suche;wwwsid=627BFD7A56A5CB624C47FDDEAB2FC509.web07-pub?0,https://www.bundesanzeiger.de/pub/de/suche;wwwsid=627BFD7A56A5CB624C47FDDEAB2FC509.web07-pub?0,1620599117,18:25:17,20210509
17,2003-12-31,TTR1.DE,EUR,2003-12-31,2003-12-31,FY,106737000.0,70808000,35929000,0.3366124211847813,2970000.0,12464000.0,12388000.0,0.0,28407000.0,99215000,0.0,5308000.0,12830000.0,0.1202019918116492,7522000.0,0.07047228233883283,0.0,-9208000.0,-0.08626811696037925,1752000.0,-10960000.0,-0.10268229386248443,-1.66,-1.66,6600000.0,6600000.0,https://www.bundesanzeiger.de/pub/de/suche;wwwsid=627BFD7A56A5CB624C47FDDEAB2FC509.web07-pub?0,https://www.bundesanzeiger.de/pub/de/suche;wwwsid=627BFD7A56A5CB624C47FDDEAB2FC509.web07-pub?0,1620599117,18:25:17,20210509
18,2002-12-31,TTR1.DE,EUR,2002-12-31,2002-12-31,FY,117012000.0,79317000,37695000,0.3221464465183058,2321000.0,12083000.0,12503000.0,0.0,31808000.0,111125000,0.0,5271000.0,11158000.0,0.0953577410863843,5887000.0,0.05031107920555157,0.0,5686000.0,0.048593306669401426,3066000.0,2620000.0,0.02239086589409633,0.4,0.4,6600000.0,6600000.0,https://www.bundesanzeiger.de/pub/de/suche;wwwsid=627BFD7A56A5CB624C47FDDEAB2FC509.web07-pub?0,https://www.bundesanzeiger.de/pub/de/suche;wwwsid=627BFD7A56A5CB624C47FDDEAB2FC509.web07-pub?0,1620599117,18:25:17,20210509
19,2001-12-31,TTR1.DE,EUR,2001-12-31,2001-12-31,FY,130990000.0,89367000,41623000,0.3177570806931827,3388000.0,11970000.0,15238000.0,-654000.0,32493000.0,121860000,0.0,5504000.0,14634000.0,0.11171845179021299,9130000.0,0.06969997709748836,0.0,6828000.0,0.05212611649744255,3407000.0,3421000.0,0.02611649744255287,0.53,0.53,6600000.0,6600000.0,https://www.bundesanzeiger.de/pub/de/suche;wwwsid=627BFD7A56A5CB624C47FDDEAB2FC509.web07-pub?0,https://www.bundesanzeiger.de/pub/de/suche;wwwsid=627BFD7A56A5CB624C47FDDEAB2FC509.web07-pub?0,1620599117,18:25:17,20210509
