,date,symbol,reportedCurrency,fillingDate,acceptedDate,period,revenue,costOfRevenue,grossProfit,grossProfitRatio,researchAndDevelopmentExpenses,generalAndAdministrativeExpenses,sellingAndMarketingExpenses,otherExpenses,operatingExpenses,costAndExpenses,interestExpense,depreciationAndAmortization,ebitda,ebitdaratio,operatingIncome,operatingIncomeRatio,totalOtherIncomeExpensesNet,incomeBeforeTax,incomeBeforeTaxRatio,incomeTaxExpense,netIncome,netIncomeRatio,eps,epsdiluted,weightedAverageShsOut,weightedAverageShsOutDil,link,finalLink,timestamp,est_time,est_date
0,2021-01-29,SCWX,USD,2021-03-25,2021-03-25 16:54:42,FY,561034000,242167000,318867000,0.5683559285177012,105008000,-43174000.0,144934000.0,0.0,351702000.0,593869000.0,0.0,41614000,9813000.0,0.017490918553955733,-31801000,-0.05668283918621688,0.0,-31801000,-0.05668283918621688,0.0,-21902000,-0.03903863223975731,-0.26920524103345705,-0.26920524103345705,81358000,81358000,https://www.sec.gov/Archives/edgar/data/1468666/000146866621000012/0001468666-21-000012-index.htm,https://www.sec.gov/Archives/edgar/data/1468666/000146866621000012/scwx-20210129.htm,1620597699,18:01:39,20210509
1,2020-01-31,SCWX,USD,2020-03-27 00:00:00,2020-03-27 17:11:25,FY,552765000,252796000,299969000,0.542670031568569,94964000,99505000.0,157674000.0,0.0,352143000.0,604939000.0,0.0,42932000,-9242000.0,-0.016719582462710193,-52174000,-0.09438730744529773,0.0,-51324000,-0.09284958345770807,-19658000.0,-31666000,-0.05728655034236972,-0.39,-0.39,80563000,80563000,https://www.sec.gov/Archives/edgar/data/1468666/000146866620000019/0001468666-20-000019-index.html,https://www.sec.gov/Archives/edgar/data/1468666/000146866620000019/scwx10-kfy2020x01312020.htm,1620597699,18:01:39,20210509
2,2019-02-01,SCWX,USD,2019-03-28 00:00:00,2019-03-28 16:10:32,FY,518709000,246117000,272592000,0.525520089298624,87608000,77804000.0,141818000.0,0.0,321324000.00000006,567441000.0000001,2778000.0,41207000,-7525000.0,-0.0145071706872254,-48732000,-0.09394863015679311,0.0,-45954000,-0.08859302614760878,-6853000.0,-39101000,-0.07538137954035885,-0.48446,-0.48446,80710000,80710000,https://www.sec.gov/Archives/edgar/data/1468666/000146866619000022/0001468666-19-000022-index.html,https://www.sec.gov/Archives/edgar/data/1468666/000146866619000022/scwx10-kfy2019x02012019.htm,1620597699,18:01:39,20210509
3,2018-02-02,SCWX,USD,2018-03-28 00:00:00,2018-03-28 17:19:33,FY,467930000,225084000,242846000,0.5189793345158464,80164000,67227000.0,151341000.0,0.0,312826999.99999994,537910999.9999999,-2735000.0,42171000,-27810000.0,-0.05943196631974868,-69981000,-0.1495544205329857,0.0,-72716000,-0.15539931186288547,-57703000.0,-10417000,-0.022261876776440922,-0.12976,-0.12976,80280000,80280000,https://www.sec.gov/Archives/edgar/data/1468666/000146866618000011/0001468666-18-000011-index.html,https://www.sec.gov/Archives/edgar/data/1468666/000146866618000011/scwx10-kfy2018x02022018.htm,1620597699,18:01:39,20210509
4,2017-02-03,SCWX,USD,2017-03-29 00:00:00,2017-03-29 16:37:21,FY,432751000,212489000,220262000,0.508980915122091,71030000,66067000.0,124950000.0,0.0,276140999.99999994,488629999.99999994,2490000.0,39425000,-16454000.0,-0.038021864767499094,-55879000,-0.12912506268038665,0.0,-53389000,-0.1233711764964148,-25264000.0,-31641000,-0.07311594889439886,-0.40756,-0.40756,77635000,77635000,https://www.sec.gov/Archives/edgar/data/1468666/000146866617000015/0001468666-17-000015-index.html,https://www.sec.gov/Archives/edgar/data/1468666/000146866617000015/scwx10-kfy2017x02032017.htm,1620597699,18:01:39,20210509
5,2016-01-31,SCWX,USD,2016-01-31,2016-01-31,FY,339522000,183809000,155713000,0.4586241834107952,49747000,0.0,0.0,0.0,0.0,445530000.0,0.0,40638000,-65370000.0,-0.19253538798664005,-106008000,-0.31222718999063387,0.0,-112577000,-0.33157497894098176,-40196000.0,-72381000,-0.21318500715712088,-0.97,-0.97,70983000,70983000,,,1620597699,18:01:39,20210509
6,2015-01-31,SCWX,USD,2015-01-31,2015-01-31,FY,262130000,144846000,117284000,0.4474268492732614,32053000,0.0,0.0,0.0,0.0,323223000.0,0.0,41425000,-19668000.0,-0.07503147293327739,-61093000,-0.23306374699576546,0.0,-61235000,-0.23360546293823675,-22745000.0,-38490000,-0.14683553961774692,-0.542243,-0.542243,70983000,70983000,,,1620597699,18:01:39,20210509
7,2014-01-31,SCWX,USD,2014-01-31,2014-01-31,FY,205830000,113207000,92623000,0.44999757081086333,26993000,0.0,0.0,0.0,0.0,274078000.0,0.0,37027000,-31221000.0,-0.15168342807170968,-68248000,-0.33157460039838704,0.0,-68423000,-0.3324248165962202,-23908000.0,-44515000,-0.21627070883739008,-0.627122,-0.627122,70983000,70983000,,,1620597699,18:01:39,20210509
8,2013-01-31,SCWX,USD,2013-01-31,2013-01-31,FY,172803000,93356000,79447000,0.45975474962818935,22867000,0.0,0.0,0.0,0.0,234962000.0,0.0,31840000,-30319000.0,-0.17545412984728273,-62159000,-0.35971019021660505,0.0,-62347000,-0.36079813429165003,-20800000.0,-41547000,-0.24042985364837416,-0.585309,-0.585309,70983000,70983000,,,1620597699,18:01:39,20210509
