,date,symbol,reportedCurrency,fillingDate,acceptedDate,period,revenue,costOfRevenue,grossProfit,grossProfitRatio,researchAndDevelopmentExpenses,generalAndAdministrativeExpenses,sellingAndMarketingExpenses,otherExpenses,operatingExpenses,costAndExpenses,interestExpense,depreciationAndAmortization,ebitda,ebitdaratio,operatingIncome,operatingIncomeRatio,totalOtherIncomeExpensesNet,incomeBeforeTax,incomeBeforeTaxRatio,incomeTaxExpense,netIncome,netIncomeRatio,eps,epsdiluted,weightedAverageShsOut,weightedAverageShsOutDil,link,finalLink,timestamp,est_time,est_date
0,2020-12-31,APPF,USD,2021-03-01,2021-03-01 16:08:13,FY,310056000,119029000,191027000,0.6161048326753876,48529000.0,47480000.0,58445000,188897000.0,181244000.0,300273000,0.0,26790000.0,36573000.0,0.1179561111541141,9783000.0,0.03155236473411255,188897000.0,196831000.0,0.6348240317878061,38428000.0,158403000.0,0.5108851304280517,4.62,4.44,34264000,35713000,https://www.sec.gov/Archives/edgar/data/1433195/000143319521000024/0001433195-21-000024-index.htm,https://www.sec.gov/Archives/edgar/data/1433195/000143319521000024/appf-20201231.htm,1620588634,15:30:34,20210509
1,2019-12-31,APPF,USD,2020-03-02 00:00:00,2020-03-02 16:04:30,FY,256012000,101642000,154370000,0.6029795478336953,39508000.0,34478000.0,51528000,16000.0,147909000.0,249551000,0.0,22395000.0,28856000.0,0.11271346655625518,6461000.0,0.025237098261019015,16000.0,4823000.0,0.01883896067371842,-31459000.0,36282000.0,0.14171991937877912,1.07,1.02,34016000,35567000,https://www.sec.gov/Archives/edgar/data/1433195/000143319520000019/0001433195-20-000019-index.html,https://www.sec.gov/Archives/edgar/data/1433195/000143319520000019/appf12311910-k.htm,1620588634,15:30:34,20210509
2,2018-12-31,APPF,USD,2019-02-28 00:00:00,2019-02-28 16:09:56,FY,190071000,73549000,116522000,0.6130445991234854,24111000.0,24891000.0,33288000,-56000.0,96866000.0,170415000,0.0,14576000.0,34232000.0,0.1801011201077492,19656000.0,0.10341398740470666,-56000.0,20387000.0,0.10725991866197368,420000.0,19967000.0,0.10505021807640302,0.59,0.56,34128000,35562000,https://www.sec.gov/Archives/edgar/data/1433195/000143319519000016/0001433195-19-000016-index.html,https://www.sec.gov/Archives/edgar/data/1433195/000143319519000016/appf12311810-k.htm,1620588634,15:30:34,20210509
3,2017-12-31,APPF,USD,2018-02-26 00:00:00,2018-02-26 16:23:13,FY,143803000,55283000,88520000,0.6155643484489197,16578000.0,21199000.0,28709000,-96000.0,79185000.0,134468000,0.0,12699000.0,22034000.0,0.1532235071590996,9335000.0,0.06491519648407891,-96000.0,9774000.0,0.06796798397808113,58000.0,9716000.0,0.06756465442306489,0.29,0.28,33849000,35151000,https://www.sec.gov/Archives/edgar/data/1433195/000143319518000011/0001433195-18-000011-index.html,https://www.sec.gov/Archives/edgar/data/1433195/000143319518000011/appf201710-k.htm,1620588634,15:30:34,20210509
4,2016-12-31,APPF,USD,2017-02-27 00:00:00,2017-02-27 16:17:02,FY,105586000,44630000,60956000,0.5773113859792018,12638000.0,17979000.0,28827000,-37000.0,69379000.0,114009000,0.0,9935000.0,1512000.0,0.01432008031367795,-8423000.0,-0.07977383365218874,-37000.0,-8214000.0,-0.07779440456121077,67000.0,-8281000.0,-0.07842895838463433,-0.25,-0.25,33561000,33561000,https://www.sec.gov/Archives/edgar/data/1433195/000143319517000010/0001433195-17-000010-index.html,https://www.sec.gov/Archives/edgar/data/1433195/000143319517000010/appf201610-k.htm,1620588634,15:30:34,20210509
5,2015-12-31,APPF,USD,2016-02-29 00:00:00,2016-02-29 08:32:49,FY,74977000,33903000,41074000,0.5478213318751084,9554000.0,14343000.0,26076000,5000.0,56077000.0,89980000,0.0,6104000.0,-8899000.0,-0.11868973151766542,-15003000.0,-0.20010136441842166,5000.0,-15593000.0,-0.207970444269576,75000.0,-15668000.0,-0.20897075103031595,-0.73,-0.73,21336000,21336000,https://www.sec.gov/Archives/edgar/data/1433195/000143319516000016/0001433195-16-000016-index.html,https://www.sec.gov/Archives/edgar/data/1433195/000143319516000016/appf201510-k.htm,1620588634,15:30:34,20210509
6,2014-12-31,APPF,USD,2014-12-31,2014-12-31,FY,47671000,22555000,25116000,0.5268611944368694,6505000.0,6489000.0,16876000,-121000.0,0.0,56230000,0.0,3805000.0,-4754000.0,-0.09972519980701056,-8559000.0,-0.17954311845776258,-121000.0,-8621000.0,-0.1808436995238195,0.0,-8621000.0,-0.1808436995238195,-0.33,-0.33,25764000,25764000,,,1620588634,15:30:34,20210509
7,2013-12-31,APPF,USD,2013-12-31,2013-12-31,FY,26542000,13616000,12926000,0.48700173310225303,5057000.0,2286000.0,10337000,287000.0,0.0,34146000,0.0,2850000.0,-4754000.0,-0.17911235023735966,-7604000.0,-0.28648933765353024,287000.0,-7305000.0,-0.27522417300881624,0.0,-7305000.0,-0.27522417300881624,-0.281829,-0.281829,25920000,25920000,,,1620588634,15:30:34,20210509
