,date,symbol,reportedCurrency,fillingDate,acceptedDate,period,revenue,costOfRevenue,grossProfit,grossProfitRatio,researchAndDevelopmentExpenses,generalAndAdministrativeExpenses,sellingAndMarketingExpenses,otherExpenses,operatingExpenses,costAndExpenses,interestExpense,depreciationAndAmortization,ebitda,ebitdaratio,operatingIncome,operatingIncomeRatio,totalOtherIncomeExpensesNet,incomeBeforeTax,incomeBeforeTaxRatio,incomeTaxExpense,netIncome,netIncomeRatio,eps,epsdiluted,weightedAverageShsOut,weightedAverageShsOutDil,link,finalLink,timestamp,est_time,est_date
0,2020-04-30,GDWN.L,GBP,2020-04-30,2020-04-30,FY,144512000.0,109743000.0,34769000.0,0.24059593666961912,0.0,19809000.0,2792000.0,0.0,22601000.0,132344000.0,809000.0,8029000.0,20197000.0,0.13976001992914083,12168000.0,0.08420062001771479,0.0,12115000.0,0.0838338684676705,3775000.0,7866000.0,0.054431465899025686,1.0925,1.0925,7200000.0,7200000.0,https://find-and-update.company-information.service.gov.uk/search/companies?q=Goodwin+PLC,https://find-and-update.company-information.service.gov.uk/search/companies?q=Goodwin+PLC,1620592454,16:34:14,20210509
1,2019-04-30,GDWN.L,GBP,2019-04-30,2019-04-30,FY,127046000.0,86414000.0,40632000.0,0.3198211671363128,0.0,21205000.0,3016000.0,0.0,24221000.0,110635000.0,459000.0,7131000.0,23542000.0,0.18530296113218833,16411000.0,0.12917368512192434,0.0,16410000.0,0.12916581395714938,3963000.0,11505000.0,0.0905577507359539,1.5979,1.4965,7200000.0,7688056.0,https://find-and-update.company-information.service.gov.uk/search/companies?q=Goodwin+PLC,https://find-and-update.company-information.service.gov.uk/search/companies?q=Goodwin+PLC,1620592454,16:34:14,20210509
2,2018-04-30,GDWN.L,GBP,2018-04-30,2018-04-30,FY,124811000.0,89143000.0,35668000.0,0.2857760934533014,0.0,18729000.0,3359000.0,0.0,22088000.0,111231000.0,590000.0,6381000.0,19961000.0,0.15992981387858443,13580000.0,0.10880451242278324,0.0,13300000.0,0.10656112041406607,3865000.0,8504000.0,0.0681350201504675,1.1811,1.1811,7200000.0,7200000.0,https://find-and-update.company-information.service.gov.uk/search/companies?q=Goodwin+PLC,https://find-and-update.company-information.service.gov.uk/search/companies?q=Goodwin+PLC,1620592454,16:34:14,20210509
3,2017-04-30,GDWN.L,GBP,2017-04-30,2017-04-30,FY,131587000.0,97836000.0,33751000.0,0.25649190269555505,0.0,20317000.0,3486000.0,0.0,23803000.0,121639000.0,873000.0,6535000.0,16483000.0,0.12526313389620555,9948000.0,0.07560017326939591,0.0,9244000.0,0.07025010069383754,2487000.0,6082000.0,0.04622037131327563,0.8447,0.8447,7200000.0,7200000.0,https://find-and-update.company-information.service.gov.uk/search/companies?q=Goodwin+PLC,https://find-and-update.company-information.service.gov.uk/search/companies?q=Goodwin+PLC,1620592454,16:34:14,20210509
4,2016-04-30,GDWN.L,GBP,2016-04-30,2016-04-30,FY,123539000.0,89196000.0,34343000.0,0.27799318433854897,0.0,18284000.0,3311000.0,0.0,21595000.0,110791000.0,775000.0,5331000.0,18079000.0,0.14634245056217066,12748000.0,0.10319008572191778,0.0,12314000.0,0.09967702506900655,3376000.0,8838000.0,0.07154016140651939,1.2275,1.2275,7200000.0,7200000.0,https://find-and-update.company-information.service.gov.uk/search/companies?q=Goodwin+PLC,https://find-and-update.company-information.service.gov.uk/search/companies?q=Goodwin+PLC,1620592454,16:34:14,20210509
5,2015-04-30,GDWN.L,GBP,2015-04-30,2015-04-30,FY,127049000.0,85754000.0,41295000.0,0.3250320742390731,0.0,17262000.0,3586000.0,0.0,20848000.0,106602000.0,682000.0,5262000.0,25709000.0,0.20235499689096334,20447000.0,0.16093790584735024,0.0,20053000.0,0.15783674015537313,4601000.0,15025000.0,0.11826145817755354,2.0868,2.0868,7200000.0,7200000.0,https://find-and-update.company-information.service.gov.uk/search/companies?q=Goodwin+PLC,https://find-and-update.company-information.service.gov.uk/search/companies?q=Goodwin+PLC,1620592454,16:34:14,20210509
6,2014-04-30,GDWN.L,GBP,2014-04-30,2014-04-30,FY,130828000.0,86010000.0,44818000.0,0.3425719264989146,0.0,16494000.0,3783000.0,0.0,20277000.0,106287000.0,760000.0,4118000.0,28659000.0,0.21905861130644816,24541000.0,0.187582168954658,0.0,24095000.0,0.18417311278931114,4448000.0,19035000.0,0.14549637692237136,2.6438,2.6438,7200000.0,7200000.0,https://find-and-update.company-information.service.gov.uk/search/companies?q=Goodwin+PLC,https://find-and-update.company-information.service.gov.uk/search/companies?q=Goodwin+PLC,1620592454,16:34:14,20210509
7,2013-04-30,GDWN.L,GBP,2013-04-30,2013-04-30,FY,126964000.0,86404000.0,40560000.0,0.31946063451056994,0.0,16026000.0,3378000.0,0.0,19404000.0,105808000.0,1133000.0,3530000.0,24686000.0,0.19443306764122115,21156000.0,0.16662991084086828,0.0,20296000.0,0.15985633722945086,4609000.0,15247000.0,0.12008915913172238,2.1176,2.1176,7200000.0,7200000.0,https://find-and-update.company-information.service.gov.uk/search/companies?q=Goodwin+PLC,https://find-and-update.company-information.service.gov.uk/search/companies?q=Goodwin+PLC,1620592454,16:34:14,20210509
8,2012-04-30,GDWN.L,GBP,2012-04-30,2012-04-30,FY,107911000.0,77133000.0,30778000.0,0.2852165210219533,917000.0,0.0,3575000.0,-786000.0,17687000.0,94820000.0,951000.0,3809000.0,16900000.0,0.15661054016736015,13091000.0,0.12131293380656281,0.0,12273000.0,0.11373261298662787,2938000.0,8952000.0,0.08295725180936142,1.2433,1.2433,7200000.0,7200000.0,https://find-and-update.company-information.service.gov.uk/search/companies?q=Goodwin+PLC,https://find-and-update.company-information.service.gov.uk/search/companies?q=Goodwin+PLC,1620592454,16:34:14,20210509
9,2011-04-30,GDWN.L,GBP,2011-04-30,2011-04-30,FY,92908000.0,67537000.0,25371000.0,0.27307659189736083,960000.0,0.0,3243000.0,-684000.0,17032000.0,84569000.0,682000.0,3352000.0,11691000.0,0.12583415852240926,8339000.0,0.08975545701123692,0.0,8148000.0,0.08769965987858958,3904000.0,3664000.0,0.03943686227235545,0.5039,0.5039,7200000.0,7200000.0,https://find-and-update.company-information.service.gov.uk/search/companies?q=Goodwin+PLC,https://find-and-update.company-information.service.gov.uk/search/companies?q=Goodwin+PLC,1620592454,16:34:14,20210509
10,2010-04-30,GDWN.L,GBP,2010-04-30,2010-04-30,FY,92996000.0,65169000.0,27827000.0,0.299227923781668,34000.0,0.0,4595000.0,-452000.0,13599000.0,78768000.0,579000.0,3288000.0,17516000.0,0.18835218719084693,14228000.0,0.1529958277775388,0.0,13311000.0,0.1431351886102628,3980000.0,8507000.0,0.09147705277646351,1.1815,1.1815,7200000.0,7200000.0,https://find-and-update.company-information.service.gov.uk/search/companies?q=Goodwin+PLC,https://find-and-update.company-information.service.gov.uk/search/companies?q=Goodwin+PLC,1620592454,16:34:14,20210509
11,2009-04-30,GDWN.L,GBP,2009-04-30,2009-04-30,FY,100684000.0,71985000.0,28699000.0,0.28504032418259106,416000.0,0.0,4805000.0,-342000.0,15332000.0,87317000.0,656000.0,2738000.0,16105000.0,0.15995590163283144,13367000.0,0.13276190854554845,0.0,13115000.0,0.13025902824679195,4003000.0,8779000.0,0.08719359580469588,1.2193,1.2193,7200000.0,7200000.0,https://find-and-update.company-information.service.gov.uk/search/companies?q=Goodwin+PLC,https://find-and-update.company-information.service.gov.uk/search/companies?q=Goodwin+PLC,1620592454,16:34:14,20210509
12,2008-04-30,GDWN.L,GBP,2008-04-30,2008-04-30,FY,80578000.0,58201000.0,22377000.0,0.2777060736181092,0.0,0.0,2842000.0,0.0,11655000.0,69856000.0,746000.0,2289000.0,13011000.0,0.16147087294298693,10722000.0,0.13306361537888753,0.0,9818000.0,0.121844672243044,3035000.0,6562000.0,0.08143662041748367,0.9114,0.9114,7200000.0,7200000.0,https://find-and-update.company-information.service.gov.uk/search/companies?q=Goodwin+PLC,https://find-and-update.company-information.service.gov.uk/search/companies?q=Goodwin+PLC,1620592454,16:34:14,20210509
13,2007-04-30,GDWN.L,GBP,2007-04-30,2007-04-30,FY,66075000.0,50135000.0,15940000.0,0.24124101399924328,0.0,0.0,1903000.0,0.0,8894000.0,59029000.0,716000.0,1596000.0,8642000.0,0.13079076806659098,7046000.0,0.10663639803253878,0.0,7042000.0,0.106575860764283,2198000.0,4687000.0,0.07093454407869845,0.651,0.651,7200000.0,7200000.0,https://find-and-update.company-information.service.gov.uk/search/companies?q=Goodwin+PLC,https://find-and-update.company-information.service.gov.uk/search/companies?q=Goodwin+PLC,1620592454,16:34:14,20210509
14,2006-04-30,GDWN.L,GBP,2006-04-30,2006-04-30,FY,58180000.0,45429000.0,12751000.0,0.21916466139566862,111000.0,0.0,1873000.0,0.0,7189000.0,52618000.0,401000.0,1644000.0,7206000.0,0.12385699553111035,5562000.0,0.09559986249570299,0.0,5132000.0,0.08820900653145411,1629000.0,3361000.0,0.05776899278102441,0.4668,0.4668,7200000.0,7200000.0,https://find-and-update.company-information.service.gov.uk/search/companies?q=Goodwin+PLC,https://find-and-update.company-information.service.gov.uk/search/companies?q=Goodwin+PLC,1620592454,16:34:14,20210509
15,2005-04-30,GDWN.L,GBP,2005-04-30,2005-04-30,FY,44945000.0,34635000.0,10310000.0,0.22939147847369007,131000.0,0.0,1506000.0,0.0,6175000.0,40810000.0,553000.0,1546000.0,5681000.0,0.12639893202803426,4135000.0,0.09200133496495717,0.0,3535000.0,0.07865168539325842,1016000.0,2477000.0,0.05511180331516298,0.344,0.344,7200000.0,7200000.0,https://find-and-update.company-information.service.gov.uk/search/companies?q=Goodwin+PLC,https://find-and-update.company-information.service.gov.uk/search/companies?q=Goodwin+PLC,1620592454,16:34:14,20210509
16,2004-04-30,GDWN.L,GBP,2004-04-30,2004-04-30,FY,34018000.0,25238000.0,8780000.0,0.2580986536539479,0.0,0.0,0.0,299000.0,5662000.0,30900000.0,299000.0,1075000.0,4193000.0,0.12325827503086602,3118000.0,0.09165735786936328,0.0,2804000.0,0.08242695043800341,854000.0,1919000.0,0.05641131165853372,0.2665,0.2665,7200000.0,7200000.0,https://find-and-update.company-information.service.gov.uk/search/companies?q=Goodwin+PLC,https://find-and-update.company-information.service.gov.uk/search/companies?q=Goodwin+PLC,1620592454,16:34:14,20210509
17,2003-04-30,GDWN.L,GBP,2003-04-30,2003-04-30,FY,33179000.0,25312000.0,7867000.0,0.2371078091563941,0.0,0.0,0.0,314000.0,5026000.0,30338000.0,196000.0,1190000.0,4031000.0,0.12149251032279454,2841000.0,0.08562645046565599,0.0,2576000.0,0.0776394707495705,754000.0,1821000.0,0.054884113445251514,0.2529,0.2529,7200000.0,7200000.0,https://find-and-update.company-information.service.gov.uk/search/companies?q=Goodwin+PLC,https://find-and-update.company-information.service.gov.uk/search/companies?q=Goodwin+PLC,1620592454,16:34:14,20210509
18,2002-04-30,GDWN.L,GBP,2002-04-30,2002-04-30,FY,29712000.0,22351000.0,7361000.0,0.24774501884760367,0.0,0.0,0.0,0.0,4983000.0,27334000.0,225000.0,1144000.0,3522000.0,0.11853796445880452,2378000.0,0.0800350026925148,0.0,2090000.0,0.0703419493807216,628000.0,1465000.0,0.0493066774367259,0.204,0.204,7200000.0,7200000.0,https://find-and-update.company-information.service.gov.uk/search/companies?q=Goodwin+PLC,https://find-and-update.company-information.service.gov.uk/search/companies?q=Goodwin+PLC,1620592454,16:34:14,20210509
19,2001-04-30,GDWN.L,GBP,2001-04-30,2001-04-30,FY,24892000.0,19099000.0,5793000.0,0.23272537361401252,0.0,0.0,0.0,0.0,3928000.0,23027000.0,291000.0,1023000.0,2888000.0,0.11602121163426,1865000.0,0.07492367025550378,0.0,1561000.0,0.06271091113610798,510000.0,1056000.0,0.04242326852000643,0.147,0.147,7200000.0,7200000.0,https://find-and-update.company-information.service.gov.uk/search/companies?q=Goodwin+PLC,https://find-and-update.company-information.service.gov.uk/search/companies?q=Goodwin+PLC,1620592454,16:34:14,20210509
20,2000-04-30,GDWN.L,GBP,2000-04-30,2000-04-30,FY,20769000.0,16929000.0,3840000.0,0.18489094323270258,0.0,0.0,0.0,0.0,3280000.0,20209000.0,229000.0,763000.0,1323000.0,0.06370070778564206,560000.0,0.026963262554769128,0.0,304000.0,0.014637199672588955,110000.0,186000.0,0.008955655062834031,0.026,0.026,7200000.0,7200000.0,https://find-and-update.company-information.service.gov.uk/search/companies?q=Goodwin+PLC,https://find-and-update.company-information.service.gov.uk/search/companies?q=Goodwin+PLC,1620592454,16:34:14,20210509
21,1999-04-30,GDWN.L,GBP,1999-04-30,1999-04-30,FY,25364000.0,19845000.0,5519000.0,0.2175918624822583,0.0,0.0,0.0,0.0,3839000.0,23684000.0,218000.0,692000.0,2372000.0,0.09351837249645166,1680000.0,0.06623560952531146,0.0,1508000.0,0.059454344740577196,442000.0,1052000.0,0.04147610786942123,0.146,0.146,7200000.0,7200000.0,https://find-and-update.company-information.service.gov.uk/search/companies?q=Goodwin+PLC,https://find-and-update.company-information.service.gov.uk/search/companies?q=Goodwin+PLC,1620592454,16:34:14,20210509
22,1998-04-30,GDWN.L,GBP,1998-04-30,1998-04-30,FY,25166000.0,0.0,0.0,0.0,0.0,0.0,0.0,0.0,23383000.0,23383000.0,291000.0,666000.0,2449000.0,0.09731383612810936,1783000.0,0.07084955892871335,0.0,1504000.0,0.05976317253437177,453000.0,1065000.0,0.04231900182786299,0.148,0.148,7200000.0,7200000.0,https://find-and-update.company-information.service.gov.uk/search/companies?q=Goodwin+PLC,https://find-and-update.company-information.service.gov.uk/search/companies?q=Goodwin+PLC,1620592454,16:34:14,20210509
23,1997-04-30,GDWN.L,GBP,1997-04-30,1997-04-30,FY,21879000.0,0.0,0.0,0.0,0.0,0.0,0.0,0.0,19949000.0,19949000.0,202000.0,601000.0,2531000.0,0.11568170391699803,1930000.0,0.08821244115361762,0.0,1733000.0,0.07920837332602039,550000.0,1183000.0,0.0540701128936423,0.164,0.164,7200000.0,7200000.0,https://find-and-update.company-information.service.gov.uk/search/companies?q=Goodwin+PLC,https://find-and-update.company-information.service.gov.uk/search/companies?q=Goodwin+PLC,1620592454,16:34:14,20210509
24,1996-04-30,GDWN.L,GBP,1996-04-30,1996-04-30,FY,22994000.0,0.0,0.0,0.0,0.0,0.0,0.0,0.0,20747000.0,20747000.0,214000.0,484000.0,2731000.0,0.11877011394276768,2247000.0,0.0977211446464295,0.0,2026000.0,0.08810994172392798,729000.0,1297000.0,0.056406018961468206,0.18,0.18,7200000.0,7200000.0,https://find-and-update.company-information.service.gov.uk/search/companies?q=Goodwin+PLC,https://find-and-update.company-information.service.gov.uk/search/companies?q=Goodwin+PLC,1620592454,16:34:14,20210509
25,1995-04-30,GDWN.L,GBP,1995-04-30,1995-04-30,FY,17045000.0,0.0,0.0,0.0,0.0,0.0,0.0,0.0,16636000.0,16636000.0,172000.0,481000.0,890000.0,0.05221472572601936,409000.0,0.023995306541507774,0.0,214000.0,0.01255500146670578,107000.0,107000.0,0.00627750073335289,0.015,0.015,7200000.0,7200000.0,https://find-and-update.company-information.service.gov.uk/search/companies?q=Goodwin+PLC,https://find-and-update.company-information.service.gov.uk/search/companies?q=Goodwin+PLC,1620592454,16:34:14,20210509
26,1994-04-30,GDWN.L,GBP,1994-04-30,1994-04-30,FY,14745000.0,0.0,0.0,0.0,0.0,0.0,0.0,0.0,14434000.0,14434000.0,137000.0,409000.0,720000.0,0.048830111902339775,311000.0,0.02109189555781621,0.0,383000.0,0.025974906748050187,108000.0,275000.0,0.01865038996269922,0.038,0.038,7200000.0,7200000.0,https://find-and-update.company-information.service.gov.uk/search/companies?q=Goodwin+PLC,https://find-and-update.company-information.service.gov.uk/search/companies?q=Goodwin+PLC,1620592454,16:34:14,20210509
27,1993-04-30,GDWN.L,GBP,1993-04-30,1993-04-30,FY,13541000.0,0.0,0.0,0.0,0.0,0.0,0.0,0.0,13218000.0,13218000.0,115000.0,365000.0,688000.0,0.050808655195332696,323000.0,0.023853482017576248,0.0,208000.0,0.015360756221844768,79000.0,129000.0,0.00952662284912488,0.018,0.018,7200000.0,7200000.0,https://find-and-update.company-information.service.gov.uk/search/companies?q=Goodwin+PLC,https://find-and-update.company-information.service.gov.uk/search/companies?q=Goodwin+PLC,1620592454,16:34:14,20210509
28,1992-04-30,GDWN.L,GBP,1992-04-30,1992-04-30,FY,14205000.0,0.0,0.0,0.0,0.0,0.0,0.0,0.0,13700000.0,13700000.0,111000.0,335000.0,840000.0,0.059134107708553325,505000.0,0.03555086237240408,0.0,402000.0,0.028299894403379093,145000.0,257000.0,0.018092221048926434,0.036,0.036,7200000.0,7200000.0,https://find-and-update.company-information.service.gov.uk/search/companies?q=Goodwin+PLC,https://find-and-update.company-information.service.gov.uk/search/companies?q=Goodwin+PLC,1620592454,16:34:14,20210509
29,1991-04-30,GDWN.L,GBP,1991-04-30,1991-04-30,FY,14185000.0,0.0,0.0,0.0,0.0,0.0,0.0,0.0,14185000.0,14185000.0,65000.0,277000.0,793000.0,0.05590412407472682,0.0,0.03179414874867818,0.0,451000.0,0.03179414874867818,117000.0,334000.0,0.02354599929502996,0.046389,0.046389,7200000.0,7200000.0,https://find-and-update.company-information.service.gov.uk/search/companies?q=Goodwin+PLC,https://find-and-update.company-information.service.gov.uk/search/companies?q=Goodwin+PLC,1620592454,16:34:14,20210509
30,1990-04-30,GDWN.L,GBP,1990-04-30,1990-04-30,FY,14201000.0,0.0,0.0,0.0,0.0,0.0,0.0,0.0,14201000.0,14201000.0,238000.0,271000.0,925000.0,0.0651362580099993,0.0,0.029293711710442927,0.0,416000.0,0.029293711710442927,160000.0,256000.0,0.018026899514118726,0.035556,0.035556,7200000.0,7200000.0,https://find-and-update.company-information.service.gov.uk/search/companies?q=Goodwin+PLC,https://find-and-update.company-information.service.gov.uk/search/companies?q=Goodwin+PLC,1620592454,16:34:14,20210509
31,1989-04-30,GDWN.L,GBP,1989-04-30,1989-04-30,FY,11620000.0,0.0,0.0,0.0,0.0,0.0,0.0,0.0,11620000.0,11620000.0,129000.0,204000.0,655000.0,0.05636833046471601,0.0,0.027710843373493974,0.0,322000.0,0.027710843373493974,110000.0,212000.0,0.018244406196213425,0.029444,0.029444,7200000.0,7200000.0,https://find-and-update.company-information.service.gov.uk/search/companies?q=Goodwin+PLC,https://find-and-update.company-information.service.gov.uk/search/companies?q=Goodwin+PLC,1620592454,16:34:14,20210509
32,1988-04-30,GDWN.L,GBP,1988-04-30,1988-04-30,FY,10982000.0,0.0,0.0,0.0,0.0,0.0,0.0,0.0,10982000.0,10982000.0,62000.0,231000.0,613000.0,0.05581861227463122,0.0,0.0291385904206884,0.0,320000.0,0.0291385904206884,120000.0,200000.0,0.01821161901293025,0.027778,0.027778,7200000.0,7200000.0,https://find-and-update.company-information.service.gov.uk/search/companies?q=Goodwin+PLC,https://find-and-update.company-information.service.gov.uk/search/companies?q=Goodwin+PLC,1620592454,16:34:14,20210509
33,1987-04-30,GDWN.L,GBP,1987-04-30,1987-04-30,FY,8407000.0,0.0,0.0,0.0,0.0,0.0,0.0,0.0,8407000.0,8407000.0,60000.0,210000.0,137000.0,0.016295943856310217,0.0,-0.01582014987510408,0.0,-133000.0,-0.01582014987510408,-46000.0,-87000.0,-0.010348519091233495,-0.012083,-0.012083,7200000.0,7200000.0,https://find-and-update.company-information.service.gov.uk/search/companies?q=Goodwin+PLC,https://find-and-update.company-information.service.gov.uk/search/companies?q=Goodwin+PLC,1620592454,16:34:14,20210509
34,1986-04-30,GDWN.L,GBP,1986-04-30,1986-04-30,FY,9918000.0,0.0,0.0,0.0,0.0,0.0,0.0,0.0,9917000.0,9917000.0,101000.0,252000.0,253000.0,0.025509175236942933,1000.0,0.00010082677959265981,0.0,561000.0,0.056563823351482155,208000.0,353000.0,0.03559185319620891,0.049028,0.049028,7200000.0,7200000.0,https://find-and-update.company-information.service.gov.uk/search/companies?q=Goodwin+PLC,https://find-and-update.company-information.service.gov.uk/search/companies?q=Goodwin+PLC,1620592454,16:34:14,20210509
