,date,symbol,reportedCurrency,fillingDate,acceptedDate,period,revenue,costOfRevenue,grossProfit,grossProfitRatio,researchAndDevelopmentExpenses,generalAndAdministrativeExpenses,sellingAndMarketingExpenses,otherExpenses,operatingExpenses,costAndExpenses,interestExpense,depreciationAndAmortization,ebitda,ebitdaratio,operatingIncome,operatingIncomeRatio,totalOtherIncomeExpensesNet,incomeBeforeTax,incomeBeforeTaxRatio,incomeTaxExpense,netIncome,netIncomeRatio,eps,epsdiluted,weightedAverageShsOut,weightedAverageShsOutDil,link,finalLink,timestamp,est_time,est_date
0,2020-12-31,IIPR,USD,2021-02-26,2021-02-26,FY,116896000.0,4952000.0,111944000.0,0.957637558171366,0.0,14182000.0,0.0,0.0,14182000.0,47159000.0,6484000.0,28025000.0,97762000.0,0.8363160416096359,69737000.0,0.596573022173556,3424000.0,65730000.0,0.5622946892964686,0.0,65730000.0,0.5622946892964686,6.232685404611561,6.232685404611561,22804185.0,25077099.0,https://www.sec.gov/Archives/edgar/data/1677576/000155837021001890/0001558370-21-001890-index.htm,https://www.sec.gov/Archives/edgar/data/1677576/000155837021001890/iipr-20201231x10k.htm,1620593519,16:51:59,20210509
1,2019-12-31,IIPR,USD,2020-03-02 00:00:00,2020-03-02 15:42:12,FY,44667000.0,1315000.0,43352000.0,0.970559921194618,0.0,9818000.0,0.0,0.0,18417000.0,19732000.0,5526000.0,8599000.0,33534000.0,0.7507555913761838,24935000.0,0.5582421026708756,0.0,23475000.0,0.5255557794344818,0.0,23475000.0,0.5255557794344818,2.06,2.03,10546016.0,10684068.0,https://www.sec.gov/Archives/edgar/data/1677576/000110465920027821/0001104659-20-027821-index.html,https://www.sec.gov/Archives/edgar/data/1677576/000110465920027821/tm205786-1_10k.htm,1620593519,16:51:59,20210509
2,2018-12-31,IIPR,USD,2019-03-14 00:00:00,2019-03-14 16:26:35,FY,14787000.0,445000.0,14342000.0,0.9699059985122067,0.0,6375000.0,0.0,0.0,9004000.0,9449000.0,0.0,2629000.0,7967000.0,0.5387840670859538,5338000.0,0.360992763914249,0.0,6985000.0,0.4723743829039021,0.0,6985000.0,0.4723743829039021,0.76,0.75,7138952.0,7285801.0,https://www.sec.gov/Archives/edgar/data/1677576/000114420419013981/0001144204-19-013981-index.html,https://www.sec.gov/Archives/edgar/data/1677576/000114420419013981/tv515308_10k.htm,1620593519,16:51:59,20210509
3,2017-12-31,IIPR,USD,2018-03-29 00:00:00,2018-03-29 16:03:53,FY,6420000.0,118000.0,6302000.0,0.981619937694704,0.0,5497000.0,0.0,0.0,6412000.0,6530000.0,0.0,915000.0,805000.0,0.12538940809968846,-110000.0,-0.017133956386292833,-113000.0,-72000.0,-0.011214953271028037,0.0,-72000.0,-0.011214953271028037,-0.13,-0.13,3375284.0,3375284.0,https://www.sec.gov/Archives/edgar/data/1677576/000114420418017926/0001144204-18-017926-index.html,https://www.sec.gov/Archives/edgar/data/1677576/000114420418017926/tv489362_10k.htm,1620593519,16:51:59,20210509
4,2016-12-31,IIPR,USD,2017-03-23,2017-03-23,FY,321000.0,87000.0,234000.0,0.7289719626168224,0.0,828000.0,0.0,0.0,919000.0,1006000.0,0.0,27000.0,-658000.0,-2.0498442367601246,-685000.0,-2.133956386292835,-3707000.0,-4392000.0,-13.682242990654206,0.0,-4392000.0,-13.682242990654206,-4.56,-4.56,962775.0,962775.0,https://www.sec.gov/Archives/edgar/data/1677576/000114420417016274/0001144204-17-016274-index.htm,https://www.sec.gov/Archives/edgar/data/1677576/000114420417016274/v461993_10k.htm,1620593519,16:51:59,20210509
5,2016-09-30,IIPR,USD,2016-09-30,2016-09-30,FY,0.0,0.0,0.0,0.0,0.0,0.0,0.0,0.0,0.0,0.0,0.0,0.0,0.0,0.0,0.0,0.0,0.0,0.0,0.0,0.0,0.0,0.0,0.0,0.0,962775.0,962775.0,,,1620593519,16:51:59,20210509
6,2015-12-31,IIPR,USD,2015-12-31,2015-12-31,FY,0.0,0.0,0.0,0.0,0.0,0.0,0.0,0.0,0.0,0.0,0.0,0.0,0.0,0.0,0.0,0.0,0.0,0.0,0.0,0.0,0.0,0.0,2.89,2.89,1728495.0,1728495.0,,,1620593519,16:51:59,20210509
