,date,symbol,reportedCurrency,fillingDate,acceptedDate,period,revenue,costOfRevenue,grossProfit,grossProfitRatio,researchAndDevelopmentExpenses,generalAndAdministrativeExpenses,sellingAndMarketingExpenses,otherExpenses,operatingExpenses,costAndExpenses,interestExpense,depreciationAndAmortization,ebitda,ebitdaratio,operatingIncome,operatingIncomeRatio,totalOtherIncomeExpensesNet,incomeBeforeTax,incomeBeforeTaxRatio,incomeTaxExpense,netIncome,netIncomeRatio,eps,epsdiluted,weightedAverageShsOut,weightedAverageShsOutDil,link,finalLink,timestamp,est_time,est_date
0,2019-09-30,WAIR,USD,2019-11-26 00:00:00,2019-11-25 18:39:21,FY,1696450000,1293357000,403093000,0.23760971440360754,0.0,324581000,0.0,-816000.0,324581000,1617938000,0.0,34576000,113088000,0.06666155795926788,78512000,0.04628017330307407,-816000.0,26673000,0.01572283297474137,2338000.0,21369000,0.012596304046685726,0.2145327468441002,0.21318025190884565,99607171,100239116,https://www.sec.gov/Archives/edgar/data/1378718/000137871819000046/0001378718-19-000046-index.html,https://www.sec.gov/Archives/edgar/data/1378718/000137871819000046/wair20190930-10k.htm,1620599715,18:35:15,20210509
1,2018-09-30,WAIR,USD,2018-11-16 00:00:00,2018-11-15 18:46:01,FY,1570450000,1167294000,403156000,0.25671368079212964,0.0,293688000,0.0,0.0,293688000,1460982000,0.0,34956000,144424000,0.09196344996657009,109468000,0.06970486166385431,24000.0,60612000,0.03859530707758923,27958000.0,32654000,0.020792766404533734,0.32931614166052103,0.32817933124079396,99156998,99500477,https://www.sec.gov/Archives/edgar/data/1378718/000137871818000058/0001378718-18-000058-index.html,https://www.sec.gov/Archives/edgar/data/1378718/000137871818000058/wair20180930-10k.htm,1620599715,18:35:15,20210509
2,2017-09-30,WAIR,USD,2017-11-29 00:00:00,2017-11-28 19:23:20,FY,1429429000,1067522000,361907000,0.25318291429654777,0.0,259588000,0.0,0.0,259588000,1327110000,0.0,34495000,-174300000,-0.12193680133815671,-208795000,-0.14606881489042128,369000.0,-248247000,-0.17366864671137916,-10901000.0,-237346000,-0.16604252467243913,-2.4047,-2.4047,98700879,98700879,https://www.sec.gov/Archives/edgar/data/1378718/000137871817000056/0001378718-17-000056-index.html,https://www.sec.gov/Archives/edgar/data/1378718/000137871817000056/wair20170930-10k.htm,1620599715,18:35:15,20210509
3,2016-09-30,WAIR,USD,2016-11-28 00:00:00,2016-11-28 17:06:19,FY,1477366000,1083674000,393692000,0.26648237471283354,0.0,234942000,0.0,0.0,234942000,1318616000,0.0,32580000,191330000,0.12950751540241212,158750000,0.1074547539336901,3741000.0,125590000,0.08500940186791899,34212000.0,91378000,0.06185197168474163,0.9359224750805699,0.9308531878945772,97634155,98165856,https://www.sec.gov/Archives/edgar/data/1378718/000137871816000067/0001378718-16-000067-index.html,https://www.sec.gov/Archives/edgar/data/1378718/000137871816000067/wair20160930-10k.htm,1620599715,18:35:15,20210509
4,2015-09-30,WAIR,USD,2015-11-30 00:00:00,2015-11-30 17:02:08,FY,1497615000,1173120000,324495000,0.216674512474835,0.0,267089000,0.0,0.0,267089000,1440209000,0.0,32080000,-174285000,-0.11637503630772929,-206365000,-0.1377957619281324,1841000.0,-241616000,-0.16133385416145005,-86872000.0,-154744000,-0.10332695652754546,-1.59604,-1.59604,96955043,96955043,https://www.sec.gov/Archives/edgar/data/1378718/000110465915081971/0001104659-15-081971-index.html,https://www.sec.gov/Archives/edgar/data/1378718/000110465915081971/a15-19986_510k.htm,1620599715,18:35:15,20210509
5,2014-09-30,WAIR,USD,2014-12-01 00:00:00,2014-12-01 17:01:55,FY,1355877000,937446000,418431000,0.3086054265984304,0.0,234497000,0.0,2199000.0,234497000,1171943000,0.0,24702000,208636000,0.15387531464874762,183934000,0.13565684792942131,2199000.0,156908000,0.11572436142806464,54806000.0,102102000,0.07530329078522609,1.0641056372523476,1.0460627420445465,95951000,97606000,https://www.sec.gov/Archives/edgar/data/1378718/000104746914009631/0001047469-14-009631-index.html,https://www.sec.gov/Archives/edgar/data/1378718/000104746914009631/a2222325z10-k.htm,1620599715,18:35:15,20210509
6,2013-09-30,WAIR,USD,2013-12-10 00:00:00,2013-12-09 18:01:06,FY,901608000,579309000,322299000,0.3574713179119972,0.0,141497000,0.0,0.0,141497000,720806000,0.0,19168000,199970000,0.22179261940887837,180802000,0.20053282579568948,0.0,115194000,0.12776505975989566,52815000.0,104812000,0.11625007763906266,1.123567561773061,1.0935687158298903,93285000,95844000,https://www.sec.gov/Archives/edgar/data/1378718/000104746913011079/0001047469-13-011079-index.html,https://www.sec.gov/Archives/edgar/data/1378718/000104746913011079/a2217603z10-k.htm,1620599715,18:35:15,20210509
7,2012-09-30,WAIR,USD,2012-11-30 00:00:00,2012-11-30 06:12:34,FY,776206000,492636000,283570000,0.3653282762565608,0.0,124738000,0.0,-524000.0,124738000,492636000,0.0,12766000,171598000,0.22107275645898125,158832000,0.2046260915272492,-524000.0,110120000,0.14186955524693187,41487000.0,92175000,0.11875069247081316,1.0012709378869844,0.9630453861584755,92058000,95712000,https://www.sec.gov/Archives/edgar/data/1378718/000104746912010888/0001047469-12-010888-index.html,https://www.sec.gov/Archives/edgar/data/1378718/000104746912010888/a2211933z10-k.htm,1620599715,18:35:15,20210509
8,2011-09-30,WAIR,USD,2011-12-05 00:00:00,2011-12-05 17:30:15,FY,710886000,435490000,275396000,0.38739826076192246,0.0,113786000,0.0,1005000.0,113786000,435490000,0.0,20974000,182584000,0.2568400559302054,161610000,0.2273360285615415,1005000.0,128124000,0.18023142951190485,52526000.0,75598000,0.10634335181730967,0.8335226082450357,0.8112940267433625,90697000,93182000,https://www.sec.gov/Archives/edgar/data/1378718/000104746911009914/0001047469-11-009914-index.html,https://www.sec.gov/Archives/edgar/data/1378718/000104746911009914/a2206521z10-k.htm,1620599715,18:35:15,20210509
