,date,symbol,reportedCurrency,fillingDate,acceptedDate,period,revenue,costOfRevenue,grossProfit,grossProfitRatio,researchAndDevelopmentExpenses,generalAndAdministrativeExpenses,sellingAndMarketingExpenses,otherExpenses,operatingExpenses,costAndExpenses,interestExpense,depreciationAndAmortization,ebitda,ebitdaratio,operatingIncome,operatingIncomeRatio,totalOtherIncomeExpensesNet,incomeBeforeTax,incomeBeforeTaxRatio,incomeTaxExpense,netIncome,netIncomeRatio,eps,epsdiluted,weightedAverageShsOut,weightedAverageShsOutDil,link,finalLink,timestamp,est_time,est_date
0,2020-12-31,0540.HK,HKD,2020-12-31,2020-12-31,FY,685688000,625706000,59982000,0.08747710328895941,0.0,191845000,7813000.0,468000.0,0.0,821174000,6847000.0,26660000.0,-108826000,-0.15871066724224428,-135486000,-0.22317001318383872,0.0,-153025000,-0.22317001318383872,-4176000.0,-148849000,-0.21707977972488945,-0.24808166666666667,-0.24808166666666667,600000000,600000000,https://www1.hkexnews.hk/search/titlesearch.xhtml,https://www1.hkexnews.hk/search/titlesearch.xhtml,1620584781,14:26:21,20210509
1,2019-12-31,0540.HK,HKD,2019-12-31,2019-12-31,FY,1117035000,972177000,144858000,0.12968080677865956,0.0,92600000,10100000.0,1004000.0,0.0,1074056000,10421000.0,28055000.0,71034000,0.06359156158938618,42979000,0.03847596539052044,0.0,33810000,0.030267628140568558,7161000.0,26649000,0.023856906900858076,0.0444,0.0444,600000000,600000000,https://www1.hkexnews.hk/search/titlesearch.xhtml,https://www1.hkexnews.hk/search/titlesearch.xhtml,1620584781,14:26:21,20210509
2,2018-12-31,0540.HK,HKD,2018-12-31,2018-12-31,FY,858343000,761202000,97141000,0.11317270601612642,0.0,59778000,1368000.0,1661000.0,0.0,822328000,6302000.0,3747000.0,39762000,0.04632413848543065,36015000,0.04195875075581673,0.0,28001000,0.03262215687667983,5779000.0,22222000,0.025889417167728985,0.037,0.037,600000000,600000000,https://www1.hkexnews.hk/search/titlesearch.xhtml,https://www1.hkexnews.hk/search/titlesearch.xhtml,1620584781,14:26:21,20210509
3,2017-12-31,0540.HK,HKD,2017-12-31,2017-12-31,FY,1178540000,1048623000,129917000,0.11023554567515739,0.0,81131000,2431000.0,1416000.0,0.0,1132428000,8048000.0,4056000.0,50168000,0.04256792302340184,46112000,0.039126376703378755,0.0,47064000,0.039934155819912776,12958000.0,34106000,0.028939195954316356,0.0568,0.0568,600000000,600000000,https://www1.hkexnews.hk/search/titlesearch.xhtml,https://www1.hkexnews.hk/search/titlesearch.xhtml,1620584781,14:26:21,20210509
4,2016-12-31,0540.HK,HKD,2016-12-31,2016-12-31,FY,1088201000,974165000,114036000,0.10479314023787885,0.0,65058000,2328000.0,979000.0,0.0,1041301000,4754000.0,6863000.0,53763000,0.04940539477541373,46900000,0.04309865548735941,0.0,40559000,0.037271606991723036,8830000.0,31484000,0.02893215499710072,0.0525,0.0525,600000000,600000000,https://www1.hkexnews.hk/search/titlesearch.xhtml,https://www1.hkexnews.hk/search/titlesearch.xhtml,1620584781,14:26:21,20210509
5,2015-12-31,0540.HK,HKD,2015-12-31,2015-12-31,FY,1223831000,1088932000,134899000,0.11022682053322722,0.0,77834000,19055000.0,945000.0,0.0,1185821000,9092000.0,7851000.0,45861000,0.0374733112660163,38010000,0.031058209834527808,0.0,35235000,0.02879073989791074,10405000.0,24830000,0.020288749018451076,0.0414,0.0414,600000000,600000000,https://www1.hkexnews.hk/search/titlesearch.xhtml,https://www1.hkexnews.hk/search/titlesearch.xhtml,1620584781,14:26:21,20210509
6,2014-12-31,0540.HK,HKD,2014-12-31,2014-12-31,FY,1263600000,1102689000,160911000,0.12734330484330483,0.0,76799000,42123000.0,1276000.0,0.0,1221611000,7162000.0,11817000.0,53806000,0.04258151313706869,41989000,0.033229661285216844,0.0,39637000,0.031368312757201644,15540000.0,24097000,0.01907011712567268,0.0402,0.0402,600000000,600000000,https://www1.hkexnews.hk/search/titlesearch.xhtml,https://www1.hkexnews.hk/search/titlesearch.xhtml,1620584781,14:26:21,20210509
7,2013-12-31,0540.HK,HKD,2013-12-31,2013-12-31,FY,1185468000,1041848000,143620000,0.12115046547017717,0.0,79938000,29282000.0,2056000.0,0.0,1151068000,5850000.0,10933000.0,45333000,0.03824059358835498,34400000,0.029018075561719085,0.0,33927000,0.028619077022745448,13191000.0,20736000,0.017491826013017645,0.0349,0.0349,593836000,593836000,https://www1.hkexnews.hk/search/titlesearch.xhtml,https://www1.hkexnews.hk/search/titlesearch.xhtml,1620584781,14:26:21,20210509
8,2012-12-31,0540.HK,HKD,2012-12-31,2012-12-31,FY,1033509000,850459000,183050000,0.17711505173152822,0.0,78955000,37115000.0,4341000.0,0.0,966529000,3324000.0,10814000.0,77794000,0.07527171993664303,66980000,0.06480833742134805,0.0,69312000,0.06706472802849323,14309000.0,55003000,0.053219662334822435,0.1222,0.1222,450000000,450000000,https://www1.hkexnews.hk/search/titlesearch.xhtml,https://www1.hkexnews.hk/search/titlesearch.xhtml,1620584781,14:26:21,20210509
9,2011-12-31,0540.HK,HKD,2011-12-31,2011-12-31,FY,1167934000,965701000,202233000,0.1731544761947165,0.0,66214000,30468000.0,8313000.0,0.0,1059217000,5013000.0,7925000.0,116642000,0.09987036938731127,108717000,0.09308488322114092,0.0,113406000,0.09709966487832361,29569000.0,83845000,0.07178915931893412,0.1863,0.1863,450000000,450000000,https://www1.hkexnews.hk/search/titlesearch.xhtml,https://www1.hkexnews.hk/search/titlesearch.xhtml,1620584781,14:26:21,20210509
