,date,symbol,reportedCurrency,fillingDate,acceptedDate,period,revenue,costOfRevenue,grossProfit,grossProfitRatio,researchAndDevelopmentExpenses,generalAndAdministrativeExpenses,sellingAndMarketingExpenses,otherExpenses,operatingExpenses,costAndExpenses,interestExpense,depreciationAndAmortization,ebitda,ebitdaratio,operatingIncome,operatingIncomeRatio,totalOtherIncomeExpensesNet,incomeBeforeTax,incomeBeforeTaxRatio,incomeTaxExpense,netIncome,netIncomeRatio,eps,epsdiluted,weightedAverageShsOut,weightedAverageShsOutDil,link,finalLink,timestamp,est_time,est_date
0,2020-03-31,0279.HK,HKD,2020-03-31,2020-03-31,FY,68529000.0,35262000.0,33267000.0,0.4854441185483518,0.0,117525000,0.0,780000.0,0.0,715973000.0,683590000.0,13254000.0,-634190000,-9.254330283529601,-647444000,-9.447737454216464,0.0,-3840665000,-56.044375373929284,-1818000.0,-3838847000,-56.01784645916327,-2.4482519063071333,-2.4482519063071333,1567995103.0,1567995103.0,https://www1.hkexnews.hk/search/titlesearch.xhtml,https://www1.hkexnews.hk/search/titlesearch.xhtml,1620584642,14:24:02,20210509
1,2019-03-31,0279.HK,HKD,2019-03-31,2019-03-31,FY,-74633000.0,18115000.0,-92748000.0,1.2427210483298272,0.0,285180000,0.0,-925000.0,0.0,301033000.0,334641000.0,3985000.0,-371681000,4.980116034461967,-375666000,5.033510645424946,0.0,-2149801000,28.804965631825063,3394000.0,-2160250000,28.944970723406534,-1.38,-1.38,1567995103.0,1567995103.0,https://www1.hkexnews.hk/search/titlesearch.xhtml,https://www1.hkexnews.hk/search/titlesearch.xhtml,1620584642,14:24:02,20210509
2,2018-03-31,0279.HK,HKD,2018-03-31,2018-03-31,FY,500469000.0,10028000.0,490441000.0,0.9799627948983853,0.0,187154000,0.0,12760000.0,0.0,194807000.0,207079000.0,4759000.0,310421000,0.6202601959362118,305662000,0.6107511154537044,0.0,324384000,0.6481600258957099,21362000.0,269894000,0.5392821533401669,0.176,0.172,1537356467.0,1566094985.0,https://www1.hkexnews.hk/search/titlesearch.xhtml,https://www1.hkexnews.hk/search/titlesearch.xhtml,1620584642,14:24:02,20210509
3,2017-03-31,0279.HK,HKD,2017-03-31,2017-03-31,FY,108285000.0,39057000.0,69228000.0,0.6393129242277323,0.0,124762000,0.0,2788000.0,0.0,162655000.0,29920000.0,945000.0,-53425000,-0.493373966846747,-54370000,-0.5021009373412754,0.0,408195000,3.7696356836126887,-10013000.0,418208000,3.8621046312970404,0.2919603402572803,0.29173240928746413,1432413730.0,1433532877.0,https://www1.hkexnews.hk/search/titlesearch.xhtml,https://www1.hkexnews.hk/search/titlesearch.xhtml,1620584642,14:24:02,20210509
4,2016-03-31,0279.HK,HKD,2016-03-31,2016-03-31,FY,-143952000.0,90251000.0,-234203000.0,1.6269520395687451,0.0,95460000,0.0,-81086000.0,0.0,184608000.0,9085000.0,4936000.0,-323624000,2.2481382683116595,-328560000,2.282427475825275,0.0,-404625000,2.810832777592531,-27159000.0,-620996000,4.3139101922863174,-0.601,-0.601,1033506626.0,1033506626.0,https://www1.hkexnews.hk/search/titlesearch.xhtml,https://www1.hkexnews.hk/search/titlesearch.xhtml,1620584642,14:24:02,20210509
5,2015-03-31,0279.HK,HKD,2015-03-31,2015-03-31,FY,-14976000.0,20195000.0,-35171000.0,2.3484909188034186,0.0,46516000,0.0,-147000.0,0.0,62838000.0,7705000.0,1120000.0,-76694000,5.121127136752137,-77814000,5.195913461538462,0.0,462387000,-30.87520032051282,42816000.0,533025000,-35.59194711538461,0.516,0.516,1032413730.0,1032413730.0,https://www1.hkexnews.hk/search/titlesearch.xhtml,https://www1.hkexnews.hk/search/titlesearch.xhtml,1620584642,14:24:02,20210509
6,2014-03-31,0279.HK,HKD,2014-03-31,2014-03-31,FY,227678000.0,3453000.0,224225000.0,0.9848338442888641,0.0,35405000,0.0,1186000.0,0.0,38858000.0,7685000.0,1188000.0,190008000,0.8345470357258936,188820000,0.829329140277058,0.0,480082000,2.108600743154806,2746000.0,477336000,2.096539850139232,0.6,0.6,793894149.0,793894149.0,https://www1.hkexnews.hk/search/titlesearch.xhtml,https://www1.hkexnews.hk/search/titlesearch.xhtml,1620584642,14:24:02,20210509
7,2013-03-31,0279.HK,HKD,2013-03-31,2013-03-31,FY,75701000.0,502000.0,75199000.0,0.9933686477061069,0.0,32792000,0.0,-681000.0,0.0,33294000.0,9251000.0,1258000.0,43665000,0.5768087607825524,42407000,0.5601907504524379,0.0,329214000,4.348872538011387,1792000.0,327502000,4.326257248913489,1.190063,1.190063,274950284.0,274950284.0,https://www1.hkexnews.hk/search/titlesearch.xhtml,https://www1.hkexnews.hk/search/titlesearch.xhtml,1620584642,14:24:02,20210509
8,2012-03-31,0279.HK,HKD,2012-03-31,2012-03-31,FY,8759000.0,4175000.0,4584000.0,0.5233474140883663,0.0,38367000,0.0,0.0,0.0,42542000.0,8483000.0,894000.0,-32889000,-3.754880694143167,-33783000,-3.8569471400844844,0.0,-662335000,-75.61765041671424,-278000.0,-639172000,-72.97317045324809,-4.966116,-4.966116,128721430.0,128721430.0,https://www1.hkexnews.hk/search/titlesearch.xhtml,https://www1.hkexnews.hk/search/titlesearch.xhtml,1620584642,14:24:02,20210509
9,2011-03-31,0279.HK,HKD,2011-03-31,2011-03-31,FY,89630000.0,2364000.0,87266000.0,0.9736249023764365,0.0,115409000,0.0,-194325000.0,0.0,-8315000.0,43298000.0,8244000.0,106189000,1.1847484101305366,97945000,1.0927702778087693,0.0,-168811000,-1.8834207296664063,2687000.0,-189530000,-2.114582171148053,-5.028021,-5.028021,37705773.0,37705773.0,https://www1.hkexnews.hk/search/titlesearch.xhtml,https://www1.hkexnews.hk/search/titlesearch.xhtml,1620584642,14:24:02,20210509
10,2010-03-31,0279.HK,HKD,2010-03-31,2010-03-31,FY,169570000.0,2814000.0,166756000.0,0.9834050834463643,0.0,80630000,0.0,0.0,0.0,56111000.0,14550000.0,6366000.0,119825000,0.7066403255292799,113459000,0.6690983074836351,0.0,308047000,1.816636197440585,4187000.0,297486000,1.7543551335731555,0.48115,0.48115,5331742.0,5331742.0,https://www1.hkexnews.hk/search/titlesearch.xhtml,https://www1.hkexnews.hk/search/titlesearch.xhtml,1620584642,14:24:02,20210509
11,2009-03-31,0279.HK,HKD,2009-03-31,2009-03-31,FY,9605000.0,5598000.0,4007000.0,0.417178552837064,0.0,34596000,0.0,0.0,0.0,62631000.0,3790000.0,2337000.0,-50689000,-5.277355543987507,-53026000,-5.520666319625195,0.0,-432210000,-44.99843831337845,-1862000.0,-430348000,-44.80458094742322,-220.41498,-220.41498,1952641.0,1952641.0,https://www1.hkexnews.hk/search/titlesearch.xhtml,https://www1.hkexnews.hk/search/titlesearch.xhtml,1620584642,14:24:02,20210509
12,2008-03-31,0279.HK,HKD,2008-03-31,2008-03-31,FY,85340000.0,7802000.0,77538000.0,0.908577454886337,0.0,40829000,0.0,0.0,0.0,35318000.0,6059000.0,1872000.0,51894000,0.6080853058354816,50022000,0.5861495195687837,0.0,-396357000,-4.644445746426061,7351000.0,-403708000,-4.7305835481603,-468.499777,-468.499777,861741.0,861741.0,https://www1.hkexnews.hk/search/titlesearch.xhtml,https://www1.hkexnews.hk/search/titlesearch.xhtml,1620584642,14:24:02,20210509
13,2007-03-31,0279.HK,HKD,2007-03-31,2007-03-31,FY,350181000.0,331435000.0,18746000.0,0.05353231614507926,0.0,29350000,0.0,0.0,0.0,517320000.0,0.0,595000.0,-166544000,-0.4755940499341769,-167139000,-0.47729317124572723,0.0,-214960000,-0.6138539783711852,-1927000.0,-212262000,-0.6061493913147772,-1061.845484,-1061.845484,338298.0,338298.0,https://www1.hkexnews.hk/search/titlesearch.xhtml,https://www1.hkexnews.hk/search/titlesearch.xhtml,1620584642,14:24:02,20210509
14,2006-03-31,0279.HK,HKD,2006-03-31,2006-03-31,FY,97760000.0,80823000.0,16937000.0,0.17325081833060557,0.0,15559000,0.0,0.0,0.0,259915000.0,0.0,365000.0,-161790000,-1.6549713584288053,-162155000,-1.6587049918166938,0.0,-157347000,-1.6095233224222585,2423000.0,-159770000,-1.634308510638298,-4933.339969,-4933.339969,92582.0,92582.0,https://www1.hkexnews.hk/search/titlesearch.xhtml,https://www1.hkexnews.hk/search/titlesearch.xhtml,1620584642,14:24:02,20210509
15,2005-03-31,0279.HK,HKD,2005-03-31,2005-03-31,FY,72238000.0,41618000.0,30620000.0,0.42387663002851683,0.0,12522000,0.0,0.0,0.0,53959000.0,0.0,186000.0,18465000,0.2556133890750021,18279000,0.2530385669592181,0.0,18823000,0.26056922949140343,2504000.0,16319000,0.22590603283590355,643.542718,643.542718,25577.0,25577.0,https://www1.hkexnews.hk/search/titlesearch.xhtml,https://www1.hkexnews.hk/search/titlesearch.xhtml,1620584642,14:24:02,20210509
16,2004-03-31,0279.HK,HKD,2004-03-31,2004-03-31,FY,23305000.0,2423000.0,20882000.0,0.8960308946577987,0.0,16718000,0.0,0.0,0.0,41209000.0,78000.0,638000.0,-17266000,-0.7408710577129372,-17904000,-0.76824715726239,0.0,-17054000,-0.7317742973610813,0.0,-17054000,-0.7317742973610813,-585.038834,-585.038834,21783.0,21783.0,https://www1.hkexnews.hk/search/titlesearch.xhtml,https://www1.hkexnews.hk/search/titlesearch.xhtml,1620584642,14:24:02,20210509
17,2003-03-31,0279.HK,HKD,2003-03-31,2003-03-31,FY,51493000.0,32965000.0,18528000.0,0.35981589730643,0.0,18757000,0.0,0.0,0.0,97420000.0,598000.0,814000.0,-45113000,-0.8760996640320043,-45927000,-0.8919076379313693,0.0,-43684000,-0.848348319189016,0.0,-43684000,-0.848348319189016,-2047.63592,-2047.63592,21305.0,21305.0,https://www1.hkexnews.hk/search/titlesearch.xhtml,https://www1.hkexnews.hk/search/titlesearch.xhtml,1620584642,14:24:02,20210509
18,2002-03-31,0279.HK,HKD,2002-03-31,2002-03-31,FY,240683000.0,167840000.0,72843000.0,0.3026512051121184,0.0,33255000,60325000.0,0.0,0.0,313522000.0,2122000.0,4719000.0,-68120000,-0.2830278831492046,-72839000,-0.3026345857414109,0.0,-54494000,-0.22641399683400987,190000.0,-54684000,-0.22720341694261748,-2925.194171,-2925.194171,15021.0,15021.0,https://www1.hkexnews.hk/search/titlesearch.xhtml,https://www1.hkexnews.hk/search/titlesearch.xhtml,1620584642,14:24:02,20210509
19,2001-03-31,0279.HK,HKD,2001-03-31,2001-03-31,FY,319808000.0,222849000.0,96959000.0,0.3031787822693616,0.0,63742000,133349000.0,0.0,0.0,452039000.0,2936000.0,12480000.0,-119751000,-0.37444654292575547,-132231000,-0.41346995697418454,0.0,-49582000,-0.15503677206323793,47000.0,-49629000,-0.15518373524114468,-7312.985427,-7312.985427,5121.0,5121.0,https://www1.hkexnews.hk/search/titlesearch.xhtml,https://www1.hkexnews.hk/search/titlesearch.xhtml,1620584642,14:24:02,20210509
20,2000-03-31,0279.HK,HKD,2000-03-31,2000-03-31,FY,315421000.0,177481000.0,137940000.0,0.4373202798799065,0.0,62362000,108020000.0,0.0,0.0,506829000.0,5845000.0,8301000.0,-183107000,-0.5805161989848489,-191408000,-0.6068334067801446,0.0,-187701000,-0.595080860183691,1635000.0,-189336000,-0.6002644085206755,-58503.883419,-58503.883419,3206.0,3206.0,https://www1.hkexnews.hk/search/titlesearch.xhtml,https://www1.hkexnews.hk/search/titlesearch.xhtml,1620584642,14:24:02,20210509
21,1999-03-31,0279.HK,HKD,1999-03-31,1999-03-31,FY,612939000.0,450220000.0,162719000.0,0.26547339947368337,0.0,76943000,103122000.0,0.0,0.0,846683000.0,26212000.0,11585000.0,-222159000,-0.362448791804731,-233744000,-0.38134953070370786,0.0,-273301000,-0.4458861322252296,-5101000.0,-268200000,-0.4375639337682869,-198913.203626,-198913.203626,1343.0,1343.0,https://www1.hkexnews.hk/search/titlesearch.xhtml,https://www1.hkexnews.hk/search/titlesearch.xhtml,1620584642,14:24:02,20210509
