,date,symbol,reportedCurrency,fillingDate,acceptedDate,period,revenue,costOfRevenue,grossProfit,grossProfitRatio,researchAndDevelopmentExpenses,generalAndAdministrativeExpenses,sellingAndMarketingExpenses,otherExpenses,operatingExpenses,costAndExpenses,interestExpense,depreciationAndAmortization,ebitda,ebitdaratio,operatingIncome,operatingIncomeRatio,totalOtherIncomeExpensesNet,incomeBeforeTax,incomeBeforeTaxRatio,incomeTaxExpense,netIncome,netIncomeRatio,eps,epsdiluted,weightedAverageShsOut,weightedAverageShsOutDil,link,finalLink,timestamp,est_time,est_date
0,2020-12-31,LUCE.L,GBP,2020-12-31,2020-12-31,FY,176200000.0,106000000.0,70200000.0,0.39841089670828606,0.0,40200000.0,8600000.0,0.0,0.0,146600000.0,1300000.0,400000.0,30000000.0,0.170261066969353,29600000.0,0.16799091940976163,0.0,33600000.0,0.19069239500567536,5700000.0,27900000.0,0.1583427922814983,0.18,0.177,154700000,157400000,https://find-and-update.company-information.service.gov.uk/search/companies?q=Luceco+PLC,https://find-and-update.company-information.service.gov.uk/search/companies?q=Luceco+PLC,1620594647,17:10:47,20210509
1,2019-12-31,LUCE.L,GBP,2019-12-31,2019-12-31,FY,172100000.0,107500000.0,64600000.0,0.3753631609529343,0.0,35800000.0,8500000.0,0.0,44700000.0,152200000.0,2200000.0,400000.0,20300000.0,0.1179546775130738,19900000.0,0.11563044741429401,0.0,17100000.0,0.09936083672283556,4000000.0,13100000.0,0.07611853573503777,0.08349267049075844,0.08291139240506329,156900000,158000000,https://find-and-update.company-information.service.gov.uk/search/companies?q=Luceco+PLC,https://find-and-update.company-information.service.gov.uk/search/companies?q=Luceco+PLC,1620594647,17:10:47,20210509
2,2018-12-31,LUCE.L,GBP,2018-12-31,2018-12-31,FY,163900000.0,114300000.0,49600000.0,0.3026235509456986,0.0,32700000.0,9400000.0,0.0,42900000.0,157200000.0,2200000.0,800000.0,7500000.0,0.04575960951799878,6700000.0,0.04087858450274558,0.0,3000000.0,0.018303843807199512,1500000.0,1500000.0,0.009151921903599756,0.009357454772301934,0.009328358208955223,160300000,160800000,https://find-and-update.company-information.service.gov.uk/search/companies?q=Luceco+PLC,https://find-and-update.company-information.service.gov.uk/search/companies?q=Luceco+PLC,1620594647,17:10:47,20210509
3,2017-12-31,LUCE.L,GBP,2017-12-31,2017-12-31,FY,167600000.0,119200000.0,48400000.0,0.28878281622911695,0.0,21600000.0,12100000.0,0.0,33700000.0,152900000.0,2000000.0,4400000.0,19100000.0,0.11396181384248211,14700000.0,0.08770883054892602,0.0,12300000.0,0.0733890214797136,2300000.0,10000000.0,0.059665871121718374,0.062,0.062,160800000,160800000,https://find-and-update.company-information.service.gov.uk/search/companies?q=Luceco+PLC,https://find-and-update.company-information.service.gov.uk/search/companies?q=Luceco+PLC,1620594647,17:10:47,20210509
4,2016-12-31,LUCE.L,GBP,2016-12-31,2016-12-31,FY,133753000.0,85927000.0,47826000.0,0.3575695498418727,0.0,19170000.0,11011000.0,0.0,30181000.0,116108000.0,2871000.0,3198000.0,20843000.0,0.1558320187210754,17645000.0,0.1319222746405688,0.0,12199000.0,0.09120543090622267,2542000.0,9657000.0,0.07220024971402511,0.067,0.067,144123000,144123000,https://find-and-update.company-information.service.gov.uk/search/companies?q=Luceco+PLC,https://find-and-update.company-information.service.gov.uk/search/companies?q=Luceco+PLC,1620594647,17:10:47,20210509
5,2015-12-31,LUCE.L,GBP,2015-12-31,2015-12-31,FY,103055000.0,69221000.0,33834000.0,0.3283101256610548,0.0,13150000.0,9233000.0,0.0,22383000.0,91604000.0,3314000.0,2573000.0,14024000.0,0.136082674300131,11451000.0,0.11111542380282373,0.0,8267000.0,0.08021930037358692,2450000.0,5817000.0,0.05644558730774829,0.042,0.042,140000000,140000000,https://find-and-update.company-information.service.gov.uk/search/companies?q=Luceco+PLC,https://find-and-update.company-information.service.gov.uk/search/companies?q=Luceco+PLC,1620594647,17:10:47,20210509
6,2014-12-31,LUCE.L,GBP,2014-12-31,2014-12-31,FY,0.0,0.0,0.0,0.0,0.0,0.0,0.0,0.0,0.0,0.0,0.0,0.0,0.0,0.0,0.0,0.0,0.0,0.0,0.0,0.0,0.0,0.0,0.02819,0.02819,160800000,160800000,https://find-and-update.company-information.service.gov.uk/search/companies?q=Luceco+PLC,https://find-and-update.company-information.service.gov.uk/search/companies?q=Luceco+PLC,1620594647,17:10:47,20210509
7,2013-12-31,LUCE.L,GBP,2013-12-31,2013-12-31,FY,0.0,0.0,0.0,0.0,0.0,0.0,0.0,0.0,0.0,0.0,0.0,0.0,0.0,0.0,0.0,0.0,0.0,0.0,0.0,0.0,0.0,0.0,0.0082,0.0082,160800000,160800000,https://find-and-update.company-information.service.gov.uk/search/companies?q=Luceco+PLC,https://find-and-update.company-information.service.gov.uk/search/companies?q=Luceco+PLC,1620594647,17:10:47,20210509
