,date,symbol,reportedCurrency,fillingDate,acceptedDate,period,revenue,costOfRevenue,grossProfit,grossProfitRatio,researchAndDevelopmentExpenses,generalAndAdministrativeExpenses,sellingAndMarketingExpenses,otherExpenses,operatingExpenses,costAndExpenses,interestExpense,depreciationAndAmortization,ebitda,ebitdaratio,operatingIncome,operatingIncomeRatio,totalOtherIncomeExpensesNet,incomeBeforeTax,incomeBeforeTaxRatio,incomeTaxExpense,netIncome,netIncomeRatio,eps,epsdiluted,weightedAverageShsOut,weightedAverageShsOutDil,link,finalLink,timestamp,est_time,est_date
0,2019-12-31,ALCOI.PA,EUR,2019-12-31,2019-12-31,FY,29782000,12324000.0,17458000.0,0.5861930024847223,0.0,5197000.0,0.0,0.0,15345000.0,27669000,332000.0,4145000.0,6258000.0,0.21012692230206165,2113000.0,0.07094889530588946,0.0,1079000.0,0.03622993754616883,85000.0,995000.0,0.03340944194479887,0.36,0.36,2792387.0,2792387.0,https://www.infogreffe.com/recherche-entreprise-dirigeants/resultats-entreprise-dirigeants.html?ga_cat=globale&ga_q=A.L.C.O.I#phrase=A.L.C.O.I,https://www.infogreffe.com/recherche-entreprise-dirigeants/resultats-entreprise-dirigeants.html?ga_cat=globale&ga_q=A.L.C.O.I#phrase=A.L.C.O.I,1620586488,14:54:48,20210509
1,2018-12-31,ALCOI.PA,EUR,2018-12-31,2018-12-31,FY,25170000,7505000.0,17665000.0,0.7018275725069527,0.0,7220000.0,0.0,0.0,17251000.0,24756000,301000.0,3750000.0,4164000.0,0.16543504171632897,414000.0,0.016448152562574495,0.0,5000.0,0.0001986491855383393,-67000.0,73000.0,0.0029002781088597537,0.03,0.03,2792387.0,2792387.0,https://www.infogreffe.com/recherche-entreprise-dirigeants/resultats-entreprise-dirigeants.html?ga_cat=globale&ga_q=A.L.C.O.I#phrase=A.L.C.O.I,https://www.infogreffe.com/recherche-entreprise-dirigeants/resultats-entreprise-dirigeants.html?ga_cat=globale&ga_q=A.L.C.O.I#phrase=A.L.C.O.I,1620586488,14:54:48,20210509
2,2017-12-31,ALCOI.PA,EUR,2017-12-31,2017-12-31,FY,29686000,9194000.0,20492000.0,0.6902917200026949,0.0,6767000.0,0.0,0.0,15547000.0,24741000,450000.0,2820000.0,7765000.0,0.26157111096139596,4945000.0,0.1665768375665297,0.0,4272000.0,0.14390621841945697,101000.0,4171000.0,0.14050394125176852,1.5,1.5,2778282.0,2778282.0,https://www.infogreffe.com/recherche-entreprise-dirigeants/resultats-entreprise-dirigeants.html?ga_cat=globale&ga_q=A.L.C.O.I#phrase=A.L.C.O.I,https://www.infogreffe.com/recherche-entreprise-dirigeants/resultats-entreprise-dirigeants.html?ga_cat=globale&ga_q=A.L.C.O.I#phrase=A.L.C.O.I,1620586488,14:54:48,20210509
3,2016-12-31,ALCOI.PA,EUR,2016-12-31,2016-12-31,FY,33009000,8608000.0,24401000.0,0.7392226362507195,0.0,11213000.0,0.0,0.0,19071000.0,27679000,459000.0,2632000.0,7962000.0,0.24120694356084704,5330000.0,0.1614711139386228,0.0,4712000.0,0.14274894725680876,55000.0,4657000.0,0.1410827350116635,2.02,2.0,2310148.0,2324779.0,https://www.infogreffe.com/recherche-entreprise-dirigeants/resultats-entreprise-dirigeants.html?ga_cat=globale&ga_q=A.L.C.O.I#phrase=A.L.C.O.I,https://www.infogreffe.com/recherche-entreprise-dirigeants/resultats-entreprise-dirigeants.html?ga_cat=globale&ga_q=A.L.C.O.I#phrase=A.L.C.O.I,1620586488,14:54:48,20210509
4,2015-12-31,ALCOI.PA,EUR,2015-12-31,2015-12-31,FY,24942000,7020000.0,17922000.0,0.7185470291075294,0.0,4997000.0,0.0,0.0,13370000.0,20390000,517000.0,2317000.0,6869000.0,0.27539892550717665,4552000.0,0.1825034079063427,0.0,3750000.0,0.15034880923743085,166000.0,3584000.0,0.14369336861518722,1.93,1.93,1854858.0,1854858.0,https://www.infogreffe.com/recherche-entreprise-dirigeants/resultats-entreprise-dirigeants.html?ga_cat=globale&ga_q=A.L.C.O.I#phrase=A.L.C.O.I,https://www.infogreffe.com/recherche-entreprise-dirigeants/resultats-entreprise-dirigeants.html?ga_cat=globale&ga_q=A.L.C.O.I#phrase=A.L.C.O.I,1620586488,14:54:48,20210509
5,2014-12-31,ALCOI.PA,EUR,2014-12-31,2014-12-31,FY,22920000,6574000.0,16346000.0,0.7131762652705061,0.0,0.0,0.0,0.0,13462000.0,20036000,0.0,1938000.0,4822000.0,0.21038394415357767,2884000.0,0.12582897033158813,0.0,2244000.0,0.09790575916230367,-847000.0,3092000.0,0.1349040139616056,1.67,1.67,1854858.0,1854858.0,https://www.infogreffe.com/recherche-entreprise-dirigeants/resultats-entreprise-dirigeants.html?ga_cat=globale&ga_q=A.L.C.O.I#phrase=A.L.C.O.I,https://www.infogreffe.com/recherche-entreprise-dirigeants/resultats-entreprise-dirigeants.html?ga_cat=globale&ga_q=A.L.C.O.I#phrase=A.L.C.O.I,1620586488,14:54:48,20210509
6,2013-12-31,ALCOI.PA,EUR,2013-12-31,2013-12-31,FY,21114000,5691000.0,15423000.0,0.7304631997726627,0.0,0.0,0.0,0.0,16921000.0,22612000,0.0,2038000.0,540000.0,0.02557544757033248,-1498000.0,-0.0709481860377001,0.0,-2230000.0,-0.10561712607748414,46000.0,-2276000.0,-0.1077957753149569,-1.319,-1.319,1737796.0,1737796.0,https://www.infogreffe.com/recherche-entreprise-dirigeants/resultats-entreprise-dirigeants.html?ga_cat=globale&ga_q=A.L.C.O.I#phrase=A.L.C.O.I,https://www.infogreffe.com/recherche-entreprise-dirigeants/resultats-entreprise-dirigeants.html?ga_cat=globale&ga_q=A.L.C.O.I#phrase=A.L.C.O.I,1620586488,14:54:48,20210509
7,2012-12-31,ALCOI.PA,EUR,2012-12-31,2012-12-31,FY,22808000,6816000.0,15992000.0,0.7011574886004911,0.0,0.0,0.0,0.0,13233000.0,20049000,0.0,1880000.0,4639000.0,0.20339354612416696,2759000.0,0.12096632760434935,0.0,2093000.0,0.09176604700105226,97000.0,1996000.0,0.08751315327955103,1.17,1.17,1710994.0,1710994.0,https://www.infogreffe.com/recherche-entreprise-dirigeants/resultats-entreprise-dirigeants.html?ga_cat=globale&ga_q=A.L.C.O.I#phrase=A.L.C.O.I,https://www.infogreffe.com/recherche-entreprise-dirigeants/resultats-entreprise-dirigeants.html?ga_cat=globale&ga_q=A.L.C.O.I#phrase=A.L.C.O.I,1620586488,14:54:48,20210509
8,2011-12-31,ALCOI.PA,EUR,2011-12-31,2011-12-31,FY,21892000,14471000.0,7421000.0,0.3389822766307327,98000.0,5374000.0,0.0,0.0,5472000.0,19943000,0.0,2041000.0,3990000.0,0.18225835921797917,1949000.0,0.0890279554175041,0.0,1422000.0,0.064955234788964,55000.0,-950000.0,-0.043394847432852185,-0.55,-0.55,1710994.0,1710994.0,https://www.infogreffe.com/recherche-entreprise-dirigeants/resultats-entreprise-dirigeants.html?ga_cat=globale&ga_q=A.L.C.O.I#phrase=A.L.C.O.I,https://www.infogreffe.com/recherche-entreprise-dirigeants/resultats-entreprise-dirigeants.html?ga_cat=globale&ga_q=A.L.C.O.I#phrase=A.L.C.O.I,1620586488,14:54:48,20210509
9,2010-12-31,ALCOI.PA,EUR,2010-12-31,2010-12-31,FY,23333000,16633000.0,1794000.0,0.07688681266875241,55000.0,55000.0,0.0,0.0,4962000.0,21595000,570000.0,2283000.0,4021000.0,0.17233103330047572,1738000.0,0.07448677838254832,0.0,1173000.0,0.0502721467449535,1000.0,1172000.0,0.05022928898984271,0.68,0.68,1710994.0,1710994.0,https://www.infogreffe.com/recherche-entreprise-dirigeants/resultats-entreprise-dirigeants.html?ga_cat=globale&ga_q=A.L.C.O.I#phrase=A.L.C.O.I,https://www.infogreffe.com/recherche-entreprise-dirigeants/resultats-entreprise-dirigeants.html?ga_cat=globale&ga_q=A.L.C.O.I#phrase=A.L.C.O.I,1620586488,14:54:48,20210509
10,2009-12-31,ALCOI.PA,EUR,2009-12-31,2009-12-31,FY,22316000,22940000.0,-624000.0,-0.027962000358487185,109000.0,109000.0,0.0,-1000.0,109000.0,23049000,947000.0,2502000.0,1769000.0,0.07927047858039075,-733000.0,-0.03284638824162036,0.0,-1647000.0,-0.07380354902312242,-80000.0,-1567000.0,-0.07021867718229073,-0.95,-0.95,1657341.0,1657341.0,https://www.infogreffe.com/recherche-entreprise-dirigeants/resultats-entreprise-dirigeants.html?ga_cat=globale&ga_q=A.L.C.O.I#phrase=A.L.C.O.I,https://www.infogreffe.com/recherche-entreprise-dirigeants/resultats-entreprise-dirigeants.html?ga_cat=globale&ga_q=A.L.C.O.I#phrase=A.L.C.O.I,1620586488,14:54:48,20210509
