,date,symbol,reportedCurrency,fillingDate,acceptedDate,period,revenue,costOfRevenue,grossProfit,grossProfitRatio,researchAndDevelopmentExpenses,generalAndAdministrativeExpenses,sellingAndMarketingExpenses,otherExpenses,operatingExpenses,costAndExpenses,interestExpense,depreciationAndAmortization,ebitda,ebitdaratio,operatingIncome,operatingIncomeRatio,totalOtherIncomeExpensesNet,incomeBeforeTax,incomeBeforeTaxRatio,incomeTaxExpense,netIncome,netIncomeRatio,eps,epsdiluted,weightedAverageShsOut,weightedAverageShsOutDil,link,finalLink,timestamp,est_time,est_date
0,2020-12-31,ACD.TO,CAD,2020-12-31,2020-12-31,FY,33904916,0.0,0.0,0.0,0.0,26458300.0,0.0,0.0,0.0,0.0,14595782.0,1019370.0,0.0,0.0,0.0,-0.11981227147119315,0.0,-4062225.0,-0.11981227147119315,-4670000.0,416626.0,0.012288070555904047,0.05,0.05,8563241.0,8563241.0,https://www.sedar.com/ModifyCompanyDocumentSearchForm.do?lang=EN&company_search=Accord Financial Corp&document_selection=0&industry_group=A&FromDate=13&FromMonth=05&FromYear=2000&ToDate=13&ToMonth=11&ToYear=2020&Variable=Issuer,https://www.sedar.com/ModifyCompanyDocumentSearchForm.do?lang=EN&company_search=Accord Financial Corp&document_selection=0&industry_group=A&FromDate=13&FromMonth=05&FromYear=2000&ToDate=13&ToMonth=11&ToYear=2020&Variable=Issuer,1620586107,14:48:27,20210509
1,2019-12-31,ACD.TO,CAD,2019-12-31,2019-12-31,FY,39085506,0.0,0.0,0.0,0.0,26150907.0,0.0,0.0,0.0,0.0,17089579.0,1026735.0,0.0,0.0,0.0,0.17705995670108504,0.0,6920478.0,0.17705995670108504,1579000.0,6443719.0,0.16486211026665484,0.7613187598942378,0.7610261782454416,8463891.0,8467145.0,https://www.sedar.com/ModifyCompanyDocumentSearchForm.do?lang=EN&company_search=Accord Financial Corp&document_selection=0&industry_group=A&FromDate=13&FromMonth=05&FromYear=2000&ToDate=13&ToMonth=11&ToYear=2020&Variable=Issuer,https://www.sedar.com/ModifyCompanyDocumentSearchForm.do?lang=EN&company_search=Accord Financial Corp&document_selection=0&industry_group=A&FromDate=13&FromMonth=05&FromYear=2000&ToDate=13&ToMonth=11&ToYear=2020&Variable=Issuer,1620586107,14:48:27,20210509
2,2018-12-31,ACD.TO,CAD,2018-12-31,2018-12-31,FY,37520206,9407145.0,37520206.0,1.0,0.0,23524060.0,0.0,0.0,26238272.0,35645417.0,9407145.0,688743.0,11970677.0,0.3190461427637151,11281934.0,0.30068955378336676,49519.0,11331453.0,0.30200934930900963,104000.0,10355914.0,0.2760089856649508,1.2434077290991163,1.2430802670892247,8328655.0,8330849.0,https://www.sedar.com/ModifyCompanyDocumentSearchForm.do?lang=EN&company_search=Accord Financial Corp&document_selection=0&industry_group=A&FromDate=13&FromMonth=05&FromYear=2000&ToDate=13&ToMonth=11&ToYear=2020&Variable=Issuer,https://www.sedar.com/ModifyCompanyDocumentSearchForm.do?lang=EN&company_search=Accord Financial Corp&document_selection=0&industry_group=A&FromDate=13&FromMonth=05&FromYear=2000&ToDate=13&ToMonth=11&ToYear=2020&Variable=Issuer,1620586107,14:48:27,20210509
3,2017-12-31,ACD.TO,CAD,2017-12-31,2017-12-31,FY,27561891,3847168.0,27561891.0,1.0,0.0,16944632.0,0.0,0.0,20390376.0,24237544.0,3847168.0,547665.0,7719180.0,0.28006714053110504,7171515.0,0.26019676951773735,-569227.0,6602288.0,0.2395440864344177,391000.0,6010003.0,0.21805481343787333,0.72,0.72,8347226.0,8347226.0,https://www.sedar.com/ModifyCompanyDocumentSearchForm.do?lang=EN&company_search=Accord Financial Corp&document_selection=0&industry_group=A&FromDate=13&FromMonth=05&FromYear=2000&ToDate=13&ToMonth=11&ToYear=2020&Variable=Issuer,https://www.sedar.com/ModifyCompanyDocumentSearchForm.do?lang=EN&company_search=Accord Financial Corp&document_selection=0&industry_group=A&FromDate=13&FromMonth=05&FromYear=2000&ToDate=13&ToMonth=11&ToYear=2020&Variable=Issuer,1620586107,14:48:27,20210509
4,2016-12-31,ACD.TO,CAD,2016-12-31,2016-12-31,FY,26242094,2280638.0,26242094.0,1.0,0.0,17426575.0,0.0,0.0,19053151.0,21333789.0,2280638.0,663045.0,7851988.0,0.2992134697787456,7188943.0,0.2739470028573177,-44491.0,7144452.0,0.2722515969952703,578000.0,6566452.0,0.2502259156605414,0.79,0.79,8307713.0,8307713.0,https://www.sedar.com/ModifyCompanyDocumentSearchForm.do?lang=EN&company_search=Accord Financial Corp&document_selection=0&industry_group=A&FromDate=13&FromMonth=05&FromYear=2000&ToDate=13&ToMonth=11&ToYear=2020&Variable=Issuer,https://www.sedar.com/ModifyCompanyDocumentSearchForm.do?lang=EN&company_search=Accord Financial Corp&document_selection=0&industry_group=A&FromDate=13&FromMonth=05&FromYear=2000&ToDate=13&ToMonth=11&ToYear=2020&Variable=Issuer,1620586107,14:48:27,20210509
5,2015-12-31,ACD.TO,CAD,2015-12-31,2015-12-31,FY,29319428,2257582.0,29319428.0,1.0,0.0,17484394.0,0.0,0.0,18570213.0,20827795.0,2257582.0,711300.0,11460515.0,0.39088467210206146,10749215.0,0.3666243079503461,-50600.0,10698615.0,0.3648984898341127,1940000.0,8758615.0,0.2987307596860348,1.0542751055555242,1.0541680101610906,8307713.0,8308557.0,https://www.sedar.com/ModifyCompanyDocumentSearchForm.do?lang=EN&company_search=Accord Financial Corp&document_selection=0&industry_group=A&FromDate=13&FromMonth=05&FromYear=2000&ToDate=13&ToMonth=11&ToYear=2020&Variable=Issuer,https://www.sedar.com/ModifyCompanyDocumentSearchForm.do?lang=EN&company_search=Accord Financial Corp&document_selection=0&industry_group=A&FromDate=13&FromMonth=05&FromYear=2000&ToDate=13&ToMonth=11&ToYear=2020&Variable=Issuer,1620586107,14:48:27,20210509
6,2014-12-31,ACD.TO,CAD,2014-12-31,2014-12-31,FY,27712577,2522858.0,27712577.0,1.0,0.0,16153923.0,0.0,0.0,17369708.0,19892566.0,2522858.0,577164.0,10920033.0,0.39404610404871404,10342869.0,0.37321931482590015,-118582.0,10224287.0,0.3689403190471965,3345000.0,6879287.0,0.24823700083900535,0.83,0.83,8300760.0,8300760.0,https://www.sedar.com/ModifyCompanyDocumentSearchForm.do?lang=EN&company_search=Accord Financial Corp&document_selection=0&industry_group=A&FromDate=13&FromMonth=05&FromYear=2000&ToDate=13&ToMonth=11&ToYear=2020&Variable=Issuer,https://www.sedar.com/ModifyCompanyDocumentSearchForm.do?lang=EN&company_search=Accord Financial Corp&document_selection=0&industry_group=A&FromDate=13&FromMonth=05&FromYear=2000&ToDate=13&ToMonth=11&ToYear=2020&Variable=Issuer,1620586107,14:48:27,20210509
7,2013-12-31,ACD.TO,CAD,2013-12-31,2013-12-31,FY,24161048,1912493.0,24161048.0,1.0,0.0,13844843.0,0.0,0.0,14395037.0,16307530.0,1912493.0,111800.0,9877811.0,0.4088320589404897,9766011.0,0.4042047762166608,-438394.0,9766011.0,0.4042047762166608,3228000.0,6538011.0,0.2706013000760563,0.8,0.8,8221498.0,8221498.0,https://www.sedar.com/ModifyCompanyDocumentSearchForm.do?lang=EN&company_search=Accord Financial Corp&document_selection=0&industry_group=A&FromDate=13&FromMonth=05&FromYear=2000&ToDate=13&ToMonth=11&ToYear=2020&Variable=Issuer,https://www.sedar.com/ModifyCompanyDocumentSearchForm.do?lang=EN&company_search=Accord Financial Corp&document_selection=0&industry_group=A&FromDate=13&FromMonth=05&FromYear=2000&ToDate=13&ToMonth=11&ToYear=2020&Variable=Issuer,1620586107,14:48:27,20210509
8,2012-12-31,ACD.TO,CAD,2012-12-31,2012-12-31,FY,23979819,1910708.0,23979819.0,1.0,0.0,13614707.0,0.0,0.0,13954222.0,15864930.0,1910708.0,126487.0,10152084.0,0.42335949241318294,10025597.0,0.4180847653604058,0.0,10025597.0,0.4180847653604058,3649000.0,6376597.0,0.2659151430625894,0.76,0.76,8403725.0,8403725.0,https://www.sedar.com/ModifyCompanyDocumentSearchForm.do?lang=EN&company_search=Accord Financial Corp&document_selection=0&industry_group=A&FromDate=13&FromMonth=05&FromYear=2000&ToDate=13&ToMonth=11&ToYear=2020&Variable=Issuer,https://www.sedar.com/ModifyCompanyDocumentSearchForm.do?lang=EN&company_search=Accord Financial Corp&document_selection=0&industry_group=A&FromDate=13&FromMonth=05&FromYear=2000&ToDate=13&ToMonth=11&ToYear=2020&Variable=Issuer,1620586107,14:48:27,20210509
9,2011-12-31,ACD.TO,CAD,2011-12-31,2011-12-31,FY,28408075,0.0,28408075.0,1.0,0.0,13558483.0,0.0,0.0,14574671.0,14574671.0,2046776.0,130482.0,13963886.0,0.49154636489800874,13833404.0,0.4869532342476567,-462026.0,11324602.0,0.3986402457751889,3740000.0,7584602.0,0.26698753787435436,0.85,0.85,8894246.0,8894246.0,https://www.sedar.com/ModifyCompanyDocumentSearchForm.do?lang=EN&company_search=Accord Financial Corp&document_selection=0&industry_group=A&FromDate=13&FromMonth=05&FromYear=2000&ToDate=13&ToMonth=11&ToYear=2020&Variable=Issuer,https://www.sedar.com/ModifyCompanyDocumentSearchForm.do?lang=EN&company_search=Accord Financial Corp&document_selection=0&industry_group=A&FromDate=13&FromMonth=05&FromYear=2000&ToDate=13&ToMonth=11&ToYear=2020&Variable=Issuer,1620586107,14:48:27,20210509
10,2010-12-31,ACD.TO,CAD,2010-12-31,2010-12-31,FY,31406451,0.0,31406451.0,1.0,0.0,14662064.0,0.0,0.0,16146165.0,16146165.0,1730307.0,158572.0,15418858.0,0.4909455703861605,15260286.0,0.4858965439934617,-1237180.0,12292799.0,0.39141000044863394,4038000.0,8254799.0,0.26283768898306914,0.88,0.88,9387723.0,9387723.0,https://www.sedar.com/ModifyCompanyDocumentSearchForm.do?lang=EN&company_search=Accord Financial Corp&document_selection=0&industry_group=A&FromDate=13&FromMonth=05&FromYear=2000&ToDate=13&ToMonth=11&ToYear=2020&Variable=Issuer,https://www.sedar.com/ModifyCompanyDocumentSearchForm.do?lang=EN&company_search=Accord Financial Corp&document_selection=0&industry_group=A&FromDate=13&FromMonth=05&FromYear=2000&ToDate=13&ToMonth=11&ToYear=2020&Variable=Issuer,1620586107,14:48:27,20210509
11,2009-12-31,ACD.TO,CAD,2009-12-31,2009-12-31,FY,24045288,0.0,24045288.0,1.0,0.0,13290213.0,0.0,0.0,13471361.0,13471361.0,1180185.0,181148.0,10755075.0,0.4472840999034821,10573927.0,0.4397504825061775,-4913129.0,4480613.0,0.18634058365198206,1392000.0,3088613.0,0.12844982351635797,0.3278646637771897,0.32772571660917044,9420390.0,9424384.0,https://www.sedar.com/ModifyCompanyDocumentSearchForm.do?lang=EN&company_search=Accord Financial Corp&document_selection=0&industry_group=A&FromDate=13&FromMonth=05&FromYear=2000&ToDate=13&ToMonth=11&ToYear=2020&Variable=Issuer,https://www.sedar.com/ModifyCompanyDocumentSearchForm.do?lang=EN&company_search=Accord Financial Corp&document_selection=0&industry_group=A&FromDate=13&FromMonth=05&FromYear=2000&ToDate=13&ToMonth=11&ToYear=2020&Variable=Issuer,1620586107,14:48:27,20210509
12,2008-12-31,ACD.TO,CAD,2008-12-31,2008-12-31,FY,28059765,0.0,28059765.0,1.0,0.0,13490618.0,0.0,0.0,13685751.0,13685751.0,2871402.0,195133.0,14569147.0,0.5192184253859574,14374014.0,0.5122642331466425,-3848451.0,7654161.0,0.2727806522969811,2613000.0,5041161.0,0.17965799072087738,0.5311608449286401,0.5289263421457628,9490837.0,9530932.0,https://www.sedar.com/ModifyCompanyDocumentSearchForm.do?lang=EN&company_search=Accord Financial Corp&document_selection=0&industry_group=A&FromDate=13&FromMonth=05&FromYear=2000&ToDate=13&ToMonth=11&ToYear=2020&Variable=Issuer,https://www.sedar.com/ModifyCompanyDocumentSearchForm.do?lang=EN&company_search=Accord Financial Corp&document_selection=0&industry_group=A&FromDate=13&FromMonth=05&FromYear=2000&ToDate=13&ToMonth=11&ToYear=2020&Variable=Issuer,1620586107,14:48:27,20210509
13,2007-12-31,ACD.TO,CAD,2007-12-31,2007-12-31,FY,28345999,0.0,0.0,0.0,0.0,13143314.0,0.0,0.0,15753920.0,15753920.0,0.0,209277.0,12801356.0,0.45161068410395416,12592079.0,0.44422773739602545,0.0,9599965.0,0.3386709002565053,3313000.0,6286965.0,0.2217937353345705,0.664357131301138,0.6565755514633508,9463231.0,9575387.0,https://www.sedar.com/ModifyCompanyDocumentSearchForm.do?lang=EN&company_search=Accord Financial Corp&document_selection=0&industry_group=A&FromDate=13&FromMonth=05&FromYear=2000&ToDate=13&ToMonth=11&ToYear=2020&Variable=Issuer,https://www.sedar.com/ModifyCompanyDocumentSearchForm.do?lang=EN&company_search=Accord Financial Corp&document_selection=0&industry_group=A&FromDate=13&FromMonth=05&FromYear=2000&ToDate=13&ToMonth=11&ToYear=2020&Variable=Issuer,1620586107,14:48:27,20210509
14,2006-12-31,ACD.TO,CAD,2006-12-31,2006-12-31,FY,28863716,0.0,0.0,0.0,0.0,13289460.0,0.0,0.0,17963717.0,17963717.0,0.0,322250.0,11222249.0,0.38880125483496303,10899999.0,0.37763671870939974,2390650.0,10899999.0,0.37763671870939974,3783000.0,7116999.0,0.24657251339363234,0.73,0.72,9802730.0,9935873.0,https://www.sedar.com/ModifyCompanyDocumentSearchForm.do?lang=EN&company_search=Accord Financial Corp&document_selection=0&industry_group=A&FromDate=13&FromMonth=05&FromYear=2000&ToDate=13&ToMonth=11&ToYear=2020&Variable=Issuer,https://www.sedar.com/ModifyCompanyDocumentSearchForm.do?lang=EN&company_search=Accord Financial Corp&document_selection=0&industry_group=A&FromDate=13&FromMonth=05&FromYear=2000&ToDate=13&ToMonth=11&ToYear=2020&Variable=Issuer,1620586107,14:48:27,20210509
15,2005-12-31,ACD.TO,CAD,2005-12-31,2005-12-31,FY,26230358,0.0,0.0,0.0,0.0,14891751.0,0.0,0.0,15229559.0,15229559.0,0.0,337808.0,11338607.0,0.4322703868548039,11000799.0,0.41939187410251894,-1074244.0,8163822.0,0.3112356301046291,2861000.0,6210422.0,0.23676466787071682,0.63,0.62,9919457.0,10096946.0,https://www.sedar.com/ModifyCompanyDocumentSearchForm.do?lang=EN&company_search=Accord Financial Corp&document_selection=0&industry_group=A&FromDate=13&FromMonth=05&FromYear=2000&ToDate=13&ToMonth=11&ToYear=2020&Variable=Issuer,https://www.sedar.com/ModifyCompanyDocumentSearchForm.do?lang=EN&company_search=Accord Financial Corp&document_selection=0&industry_group=A&FromDate=13&FromMonth=05&FromYear=2000&ToDate=13&ToMonth=11&ToYear=2020&Variable=Issuer,1620586107,14:48:27,20210509
16,2004-12-31,ACD.TO,CAD,2004-12-31,2004-12-31,FY,27418051,0.0,0.0,0.0,0.0,13759339.0,0.0,0.0,14175820.0,14175820.0,0.0,416481.0,13658712.0,0.49816494979894815,13242231.0,0.48297492042742207,-422035.0,11595088.0,0.4228997896312907,3971000.0,7624088.0,0.27806819675111116,0.78,0.76,9788810.0,10011030.0,https://www.sedar.com/ModifyCompanyDocumentSearchForm.do?lang=EN&company_search=Accord Financial Corp&document_selection=0&industry_group=A&FromDate=13&FromMonth=05&FromYear=2000&ToDate=13&ToMonth=11&ToYear=2020&Variable=Issuer,https://www.sedar.com/ModifyCompanyDocumentSearchForm.do?lang=EN&company_search=Accord Financial Corp&document_selection=0&industry_group=A&FromDate=13&FromMonth=05&FromYear=2000&ToDate=13&ToMonth=11&ToYear=2020&Variable=Issuer,1620586107,14:48:27,20210509
17,2003-12-31,ACD.TO,CAD,2003-12-31,2003-12-31,FY,25441335,0.0,0.0,0.0,0.0,14174734.0,0.0,0.0,-2361340.0,-2361340.0,0.0,418148.0,28220823.0,1.1092508706795456,27802675.0,1.092815097949852,0.0,8905261.0,0.35003119922755627,3066000.0,5839261.0,0.22951865536930355,0.6109624085009856,0.6076875965567643,9557480.0,9608985.0,https://www.sedar.com/ModifyCompanyDocumentSearchForm.do?lang=EN&company_search=Accord Financial Corp&document_selection=0&industry_group=A&FromDate=13&FromMonth=05&FromYear=2000&ToDate=13&ToMonth=11&ToYear=2020&Variable=Issuer,https://www.sedar.com/ModifyCompanyDocumentSearchForm.do?lang=EN&company_search=Accord Financial Corp&document_selection=0&industry_group=A&FromDate=13&FromMonth=05&FromYear=2000&ToDate=13&ToMonth=11&ToYear=2020&Variable=Issuer,1620586107,14:48:27,20210509
18,2002-12-31,ACD.TO,CAD,2002-12-31,2002-12-31,FY,25478192,0.0,0.0,0.0,0.0,14323860.0,0.0,0.0,-3936360.0,-3936360.0,0.0,407820.0,29822372.0,1.1705058192512248,29414552.0,1.154499188953439,0.0,7217972.0,0.2833000081010458,2569196.0,4648776.0,0.18246098467269578,0.4887913759125588,0.48592246461213334,9510757.0,9566909.0,https://www.sedar.com/ModifyCompanyDocumentSearchForm.do?lang=EN&company_search=Accord Financial Corp&document_selection=0&industry_group=A&FromDate=13&FromMonth=05&FromYear=2000&ToDate=13&ToMonth=11&ToYear=2020&Variable=Issuer,https://www.sedar.com/ModifyCompanyDocumentSearchForm.do?lang=EN&company_search=Accord Financial Corp&document_selection=0&industry_group=A&FromDate=13&FromMonth=05&FromYear=2000&ToDate=13&ToMonth=11&ToYear=2020&Variable=Issuer,1620586107,14:48:27,20210509
19,2001-12-31,ACD.TO,CAD,2001-12-31,2001-12-31,FY,26627465,0.0,0.0,0.0,0.0,14421488.0,0.0,0.0,-7582172.0,-7582172.0,0.0,828270.0,35037907.0,1.315855902918284,34209637.0,1.2847500503709235,0.0,4623805.0,0.17364796085545509,1704878.0,2918927.0,0.10962091209208237,0.31,0.31,9503257.0,9503257.0,https://www.sedar.com/ModifyCompanyDocumentSearchForm.do?lang=EN&company_search=Accord Financial Corp&document_selection=0&industry_group=A&FromDate=13&FromMonth=05&FromYear=2000&ToDate=13&ToMonth=11&ToYear=2020&Variable=Issuer,https://www.sedar.com/ModifyCompanyDocumentSearchForm.do?lang=EN&company_search=Accord Financial Corp&document_selection=0&industry_group=A&FromDate=13&FromMonth=05&FromYear=2000&ToDate=13&ToMonth=11&ToYear=2020&Variable=Issuer,1620586107,14:48:27,20210509
20,2000-12-31,ACD.TO,CAD,2000-12-31,2000-12-31,FY,28515219,0.0,0.0,0.0,0.0,14421428.0,0.0,0.0,-1983046.0,-1983046.0,0.0,654380.0,31152645.0,1.0924918724979809,30498265.0,1.0695434252144442,0.0,12110745.0,0.4247116250448576,4683281.0,7427464.0,0.2604736789852464,0.79,0.76,9437088.0,9437088.0,https://www.sedar.com/ModifyCompanyDocumentSearchForm.do?lang=EN&company_search=Accord Financial Corp&document_selection=0&industry_group=A&FromDate=13&FromMonth=05&FromYear=2000&ToDate=13&ToMonth=11&ToYear=2020&Variable=Issuer,https://www.sedar.com/ModifyCompanyDocumentSearchForm.do?lang=EN&company_search=Accord Financial Corp&document_selection=0&industry_group=A&FromDate=13&FromMonth=05&FromYear=2000&ToDate=13&ToMonth=11&ToYear=2020&Variable=Issuer,1620586107,14:48:27,20210509
21,1999-12-31,ACD.TO,CAD,1999-12-31,1999-12-31,FY,24400000,0.0,0.0,0.0,0.0,12600000.0,0.0,0.0,-2300000.0,-2300000.0,0.0,800000.0,27500000.0,1.1270491803278688,26700000.0,1.0942622950819672,0.0,9600000.0,0.39344262295081966,3400000.0,6200000.0,0.2540983606557377,0.66,0.64,9393939.0,9687500.0,https://www.sedar.com/ModifyCompanyDocumentSearchForm.do?lang=EN&company_search=Accord Financial Corp&document_selection=0&industry_group=A&FromDate=13&FromMonth=05&FromYear=2000&ToDate=13&ToMonth=11&ToYear=2020&Variable=Issuer,https://www.sedar.com/ModifyCompanyDocumentSearchForm.do?lang=EN&company_search=Accord Financial Corp&document_selection=0&industry_group=A&FromDate=13&FromMonth=05&FromYear=2000&ToDate=13&ToMonth=11&ToYear=2020&Variable=Issuer,1620586107,14:48:27,20210509
22,1998-12-31,ACD.TO,CAD,1998-12-31,1998-12-31,FY,19800000,0.0,0.0,0.0,0.0,11000000.0,0.0,0.0,-1700000.0,-1700000.0,0.0,600000.0,22100000.0,1.1161616161616161,21500000.0,1.0858585858585859,0.0,7100000.0,0.35858585858585856,2300000.0,4800000.0,0.24242424242424243,0.51,0.51,9411765.0,9411765.0,https://www.sedar.com/ModifyCompanyDocumentSearchForm.do?lang=EN&company_search=Accord Financial Corp&document_selection=0&industry_group=A&FromDate=13&FromMonth=05&FromYear=2000&ToDate=13&ToMonth=11&ToYear=2020&Variable=Issuer,https://www.sedar.com/ModifyCompanyDocumentSearchForm.do?lang=EN&company_search=Accord Financial Corp&document_selection=0&industry_group=A&FromDate=13&FromMonth=05&FromYear=2000&ToDate=13&ToMonth=11&ToYear=2020&Variable=Issuer,1620586107,14:48:27,20210509
23,1997-12-31,ACD.TO,CAD,1997-12-31,1997-12-31,FY,19100000,0.0,0.0,0.0,0.0,9400000.0,0.0,0.0,-2800000.0,-2800000.0,0.0,1700000.0,23600000.0,1.2356020942408377,21900000.0,1.1465968586387434,0.0,6900000.0,0.3612565445026178,2400000.0,4500000.0,0.2356020942408377,0.46,0.46,9782609.0,9782609.0,https://www.sedar.com/ModifyCompanyDocumentSearchForm.do?lang=EN&company_search=Accord Financial Corp&document_selection=0&industry_group=A&FromDate=13&FromMonth=05&FromYear=2000&ToDate=13&ToMonth=11&ToYear=2020&Variable=Issuer,https://www.sedar.com/ModifyCompanyDocumentSearchForm.do?lang=EN&company_search=Accord Financial Corp&document_selection=0&industry_group=A&FromDate=13&FromMonth=05&FromYear=2000&ToDate=13&ToMonth=11&ToYear=2020&Variable=Issuer,1620586107,14:48:27,20210509
24,1996-12-31,ACD.TO,CAD,1996-12-31,1996-12-31,FY,19300000,0.0,0.0,0.0,0.0,9200000.0,0.0,0.0,-3200000.0,-3200000.0,0.0,1700000.0,24200000.0,1.2538860103626943,22500000.0,1.16580310880829,0.0,7000000.0,0.3626943005181347,2700000.0,4300000.0,0.22279792746113988,0.42,0.42,10238095.0,10238095.0,https://www.sedar.com/ModifyCompanyDocumentSearchForm.do?lang=EN&company_search=Accord Financial Corp&document_selection=0&industry_group=A&FromDate=13&FromMonth=05&FromYear=2000&ToDate=13&ToMonth=11&ToYear=2020&Variable=Issuer,https://www.sedar.com/ModifyCompanyDocumentSearchForm.do?lang=EN&company_search=Accord Financial Corp&document_selection=0&industry_group=A&FromDate=13&FromMonth=05&FromYear=2000&ToDate=13&ToMonth=11&ToYear=2020&Variable=Issuer,1620586107,14:48:27,20210509
25,1995-12-31,ACD.TO,CAD,1995-12-31,1995-12-31,FY,18700000,0.0,0.0,0.0,0.0,8800000.0,0.0,0.0,-2500000.0,-2500000.0,0.0,2500000.0,23700000.0,1.267379679144385,21200000.0,1.1336898395721926,0.0,7000000.0,0.37433155080213903,2800000.0,4200000.0,0.22459893048128343,0.41,0.41,10243902.0,10243902.0,https://www.sedar.com/ModifyCompanyDocumentSearchForm.do?lang=EN&company_search=Accord Financial Corp&document_selection=0&industry_group=A&FromDate=13&FromMonth=05&FromYear=2000&ToDate=13&ToMonth=11&ToYear=2020&Variable=Issuer,https://www.sedar.com/ModifyCompanyDocumentSearchForm.do?lang=EN&company_search=Accord Financial Corp&document_selection=0&industry_group=A&FromDate=13&FromMonth=05&FromYear=2000&ToDate=13&ToMonth=11&ToYear=2020&Variable=Issuer,1620586107,14:48:27,20210509
