,date,symbol,reportedCurrency,fillingDate,acceptedDate,period,revenue,costOfRevenue,grossProfit,grossProfitRatio,researchAndDevelopmentExpenses,generalAndAdministrativeExpenses,sellingAndMarketingExpenses,otherExpenses,operatingExpenses,costAndExpenses,interestExpense,depreciationAndAmortization,ebitda,ebitdaratio,operatingIncome,operatingIncomeRatio,totalOtherIncomeExpensesNet,incomeBeforeTax,incomeBeforeTaxRatio,incomeTaxExpense,netIncome,netIncomeRatio,eps,epsdiluted,weightedAverageShsOut,weightedAverageShsOutDil,link,finalLink,timestamp,est_time,est_date
0,2019-12-31,JMP,USD,2020-03-30 00:00:00,2020-03-30 06:18:54,FY,98271000,0.0,0.0,0.0,0.0,96331000,0.0,0.0,109000000,0.0,16458000,1203000.0,0.0,0.0,0.0,-0.13618463229233446,0.0,-13383000.0,-0.13618463229233446,-6827000.0,-6549000.0,-0.06664224440577586,-0.32,-0.32,20189000,20189000,https://www.sec.gov/Archives/edgar/data/1302350/000143774920006403/0001437749-20-006403-index.html,https://www.sec.gov/Archives/edgar/data/1302350/000143774920006403/jmpllc20191231_10k.htm,1620593957,16:59:17,20210509
1,2018-12-31,JMP,USD,2019-03-28 00:00:00,2019-03-28 16:33:48,FY,141289000,0.0,0.0,0.0,0.0,115200000,0.0,0.0,128000000,0.0,49552000,1124000.0,0.0,0.0,0.0,-0.00039635074209598765,0.0,-56000.0,-0.00039635074209598765,1167000.0,-2187000.0,-0.015478912017212947,-0.1,-0.1,21490000,21490000,https://www.sec.gov/Archives/edgar/data/1302350/000143774919005928/0001437749-19-005928-index.html,https://www.sec.gov/Archives/edgar/data/1302350/000143774919005928/jmpllc20181231b_10k.htm,1620593957,16:59:17,20210509
2,2017-12-31,JMP,USD,2018-03-28 00:00:00,2018-03-27 19:07:26,FY,117647000,0.0,0.0,0.0,0.0,106407000,0.0,0.0,125000000,0.0,33702000,1162000.0,0.0,0.0,0.0,-0.0988295494147747,0.0,-11627000.0,-0.0988295494147747,1744000.0,-15883000.0,-0.13500556750278375,-0.74,-0.74,21579000,21579000,https://www.sec.gov/Archives/edgar/data/1302350/000143774918005609/0001437749-18-005609-index.html,https://www.sec.gov/Archives/edgar/data/1302350/000143774918005609/jmpllc20171231_10k.htm,1620593957,16:59:17,20210509
3,2016-12-31,JMP,USD,2017-03-14 00:00:00,2017-03-14 16:19:31,FY,133453000,0.0,0.0,0.0,0.0,117200000,0.0,0.0,120000000,0.0,32790000,1280000.0,0.0,0.0,0.0,0.021086075247465398,0.0,2814000.0,0.021086075247465398,-4648000.0,2926000.0,0.021925322023483924,0.14,0.13,21105000,21841000,https://www.sec.gov/Archives/edgar/data/1302350/000143774917004503/0001437749-17-004503-index.html,https://www.sec.gov/Archives/edgar/data/1302350/000143774917004503/jmpllc20161231_10k.htm,1620593957,16:59:17,20210509
4,2015-12-31,JMP,USD,2016-03-11 00:00:00,2016-03-11 16:45:11,FY,138956000,0.0,0.0,0.0,0.0,119464000,0.0,0.0,114000000,0.0,29740000,1177000.0,0.0,0.0,0.0,0.05046201675350471,0.0,7012000.0,0.05046201675350471,221000.0,-208000.0,-0.001496876709174127,-0.01,-0.01,21237000,21237000,https://www.sec.gov/Archives/edgar/data/1302350/000143774916027493/0001437749-16-027493-index.html,https://www.sec.gov/Archives/edgar/data/1302350/000143774916027493/jmpllc20151231_10k.htm,1620593957,16:59:17,20210509
