,date,symbol,reportedCurrency,fillingDate,acceptedDate,period,revenue,costOfRevenue,grossProfit,grossProfitRatio,researchAndDevelopmentExpenses,generalAndAdministrativeExpenses,sellingAndMarketingExpenses,otherExpenses,operatingExpenses,costAndExpenses,interestExpense,depreciationAndAmortization,ebitda,ebitdaratio,operatingIncome,operatingIncomeRatio,totalOtherIncomeExpensesNet,incomeBeforeTax,incomeBeforeTaxRatio,incomeTaxExpense,netIncome,netIncomeRatio,eps,epsdiluted,weightedAverageShsOut,weightedAverageShsOutDil,link,finalLink,timestamp,est_time,est_date
0,2020-12-31,8045.HK,CNY,2020-12-31,2020-12-31,FY,536185000.0,500828000.0,35357000.0,0.06594179247834236,0.0,45541000.0,7453000.0,924000.0,0.0,551917000.0,10448000.0,8229000.0,-7503000.0,-0.013993304549735632,-15732000.0,-0.01785018230648004,0.0,-9571000.0,-0.01785018230648004,4172000.0,-30681000.0,-0.0572209218833052,-0.009331204379562044,-0.009331204379562044,3288000000,3288000000,https://www1.hkexnews.hk/search/titlesearch.xhtml,https://www1.hkexnews.hk/search/titlesearch.xhtml,1620585773,14:42:53,20210509
1,2019-12-31,8045.HK,CNY,2019-12-31,2019-12-31,FY,387376000.0,334071000.0,53305000.0,0.13760532402626904,0.0,45293000.0,9440000.0,4312000.0,53523000.0,387594000.0,14691000.0,7166000.0,6948000.0,0.01793606212052373,-218000.0,-0.0005627607285944406,0.0,-119992000.0,-0.3097558960802941,-18644000.0,-103080000.0,-0.2660980546032795,-0.0314,-0.0314,3288000000,3288000000,https://www1.hkexnews.hk/search/titlesearch.xhtml,https://www1.hkexnews.hk/search/titlesearch.xhtml,1620585773,14:42:53,20210509
2,2018-12-31,8045.HK,CNY,2018-12-31,2018-12-31,FY,479837000.0,429726000.0,50111000.0,0.10443338050212884,0.0,41930000.0,10195000.0,2621000.0,50070000.0,479796000.0,17110000.0,3371000.0,3412000.0,0.0071107480248501055,41000.0,8.544568259638169e-05,0.0,-47535000.0,-0.09906489078582935,1799000.0,-53698000.0,-0.11190883570879277,-0.0307,-0.0307,1749370000,1749370000,https://www1.hkexnews.hk/search/titlesearch.xhtml,https://www1.hkexnews.hk/search/titlesearch.xhtml,1620585773,14:42:53,20210509
3,2017-12-31,8045.HK,CNY,2017-12-31,2017-12-31,FY,404651000.0,355633000.0,49018000.0,0.12113648551467808,0.0,48818000.0,9711000.0,804000.0,51639000.0,407272000.0,28988000.0,4846000.0,2225000.0,0.005498565430457357,-2621000.0,-0.006477186513810666,0.0,-51450000.0,-0.12714660287507012,5390000.0,-53834000.0,-0.133038099498086,-0.0381,-0.0381,1414181000,1414181000,https://www1.hkexnews.hk/search/titlesearch.xhtml,https://www1.hkexnews.hk/search/titlesearch.xhtml,1620585773,14:42:53,20210509
4,2016-12-31,8045.HK,CNY,2016-12-31,2016-12-31,FY,443364648.0,384321856.0,59042792.0,0.13316982367976257,2288246.0,29019048.0,5460075.0,-20442376.0,65470215.0,449792071.0,38449025.0,5237018.0,-1190405.0,-0.002684934410918572,-6427423.0,-0.014496922632406182,0.0,-103951340.0,-0.23446014577147792,2307638.0,-109609323.0,-0.2472216120397583,-0.083,-0.083,1403800000,1403800000,https://www1.hkexnews.hk/search/titlesearch.xhtml,https://www1.hkexnews.hk/search/titlesearch.xhtml,1620585773,14:42:53,20210509
5,2015-12-31,8045.HK,CNY,2015-12-31,2015-12-31,FY,513130153.46,445081221.93,68048931.53,0.1326153434389909,6048092.15,29692438.86,7019789.86,-51079242.54,71088876.61,516170098.54,36165426.93,5607427.47,2567482.3899999997,0.005003569508998155,-3039945.08,-0.005924315808575792,0.0,-144643880.25,-0.28188536431678524,4917730.31,-160392827.3,-0.3125772793091239,-0.129,-0.129,1240000000,1240000000,https://www1.hkexnews.hk/search/titlesearch.xhtml,https://www1.hkexnews.hk/search/titlesearch.xhtml,1620585773,14:42:53,20210509
6,2014-12-31,8045.HK,CNY,2014-12-31,2014-12-31,FY,524321831.8,457641890.23,66679941.57,0.1271736889938139,24788704.67,36108749.2,10924640.34,-3749412.92,85649479.93,543291370.16,25455678.12,8271018.33,-10698520.03,-0.02040449087018161,-18969538.36,-0.036179188447823085,0.0,-66078777.49,-0.12602713349385275,11356552.85,-78857943.64,-0.15039988582829025,-0.076,-0.076,1240000000,1240000000,https://www1.hkexnews.hk/search/titlesearch.xhtml,https://www1.hkexnews.hk/search/titlesearch.xhtml,1620585773,14:42:53,20210509
7,2013-12-31,8045.HK,CNY,2013-12-31,2013-12-31,FY,602525445.0,503311385.0,99214060.0,0.16466368486728392,6478866.0,96371427.0,26744805.0,3023048.0,126588740.0,629900125.0,13477524.0,3467217.0,-23907463.0,-0.03967876078660877,-27374680.0,-0.04543323477401025,0.0,27507417.0,0.04565353584361902,20711875.0,2176371.0,0.003612081478152346,0.002,0.002,1104000000,1104000000,https://www1.hkexnews.hk/search/titlesearch.xhtml,https://www1.hkexnews.hk/search/titlesearch.xhtml,1620585773,14:42:53,20210509
8,2012-12-31,8045.HK,CNY,2012-12-31,2012-12-31,FY,643001427.0,523156836.0,119844591.0,0.18638308714048935,3243987.0,57421602.0,27247158.0,3542653.0,79762718.0,602919554.0,10586360.0,2478024.0,42559897.0,0.06618942853450308,40081873.0,0.062335589497844145,0.0,35301802.0,0.05490159199911076,4000002.0,28089862.0,0.04368553601981353,0.0254,0.0254,1104000000,1104000000,https://www1.hkexnews.hk/search/titlesearch.xhtml,https://www1.hkexnews.hk/search/titlesearch.xhtml,1620585773,14:42:53,20210509
9,2011-12-31,8045.HK,CNY,2011-12-31,2011-12-31,FY,475966732.0,374758938.0,101207794.0,0.21263627727662276,407145.0,51624115.0,28374424.0,28430776.0,80405684.0,455164622.0,11630005.0,8027705.0,28829815.0,0.060571071593297825,20802110.0,0.043704966337857414,0.0,73531544.0,0.1544888309546811,5678065.0,66888502.0,0.1405318849049307,0.0606,0.0606,1104000000,1104000000,https://www1.hkexnews.hk/search/titlesearch.xhtml,https://www1.hkexnews.hk/search/titlesearch.xhtml,1620585773,14:42:53,20210509
10,2010-12-31,8045.HK,CNY,2010-12-31,2010-12-31,FY,396673507.0,320998031.0,75675476.0,0.19077522109385542,444444.0,37771540.0,27977522.0,0.0,30448033.0,351446064.0,1387003.0,3631120.0,48858563.0,0.12317072387695405,45227443.0,0.11401679769856675,0.0,48310567.0,0.1217892451789073,6277694.0,42905987.0,0.10816448853489981,0.0433,0.0433,990666667,990666667,https://www1.hkexnews.hk/search/titlesearch.xhtml,https://www1.hkexnews.hk/search/titlesearch.xhtml,1620585773,14:42:53,20210509
11,2009-12-31,8045.HK,CNY,2009-12-31,2009-12-31,FY,326989675.0,257608012.0,69381663.0,0.21218303911277933,1274204.0,36536714.0,20794228.0,14441509.0,58605146.0,316213158.0,841101.0,4526664.0,15303181.0,0.04680019636705655,10776517.0,0.03295675008698669,0.0,24237886.0,0.07412431600477905,1966528.0,21097413.0,0.06452011978665687,0.0226,0.0226,934000000,934000000,https://www1.hkexnews.hk/search/titlesearch.xhtml,https://www1.hkexnews.hk/search/titlesearch.xhtml,1620585773,14:42:53,20210509
12,2008-12-31,8045.HK,CNY,2008-12-31,2008-12-31,FY,260480104.0,214904230.0,45575874.0,0.17496873388840478,204669.0,26587380.0,18460067.0,0.0,32327929.0,247232159.0,643503.0,4924211.0,18172156.0,0.06976408455365174,13247945.0,0.050859719404903185,0.0,12563161.0,0.048230789250606254,715372.0,10904457.0,0.041862917100186664,0.0117,0.0117,934000000,934000000,https://www1.hkexnews.hk/search/titlesearch.xhtml,https://www1.hkexnews.hk/search/titlesearch.xhtml,1620585773,14:42:53,20210509
13,2007-12-31,8045.HK,CNY,2007-12-31,2007-12-31,FY,305728452.0,274012677.0,31715775.0,0.10373838219021891,906946.0,29911347.0,19704573.0,0.0,22087977.0,296100654.0,2596425.0,6098044.0,15725842.0,0.05143728657612802,9627798.0,0.0314913379406376,0.0,6542211.0,0.02139876402474965,351402.0,6445375.0,0.02108202543085522,0.0069,0.0069,934000000,934000000,https://www1.hkexnews.hk/search/titlesearch.xhtml,https://www1.hkexnews.hk/search/titlesearch.xhtml,1620585773,14:42:53,20210509
14,2006-12-31,8045.HK,CNY,2006-12-31,2006-12-31,FY,402463042.0,365302210.0,37160832.0,0.09233352661484877,2605290.0,48513919.0,26652269.0,0.0,77771478.0,443073688.0,0.0,7546380.0,-33064266.0,-0.08215478826500545,-40610646.0,-0.10090528014246834,0.0,-40323100.0,-0.10019081453943789,481193.0,-40804293.0,-0.10138643488164063,-0.0423,-0.0423,933320284,933320284,https://www1.hkexnews.hk/search/titlesearch.xhtml,https://www1.hkexnews.hk/search/titlesearch.xhtml,1620585773,14:42:53,20210509
15,2005-12-31,8045.HK,CNY,2005-12-31,2005-12-31,FY,440742213.0,383385350.0,57356863.0,0.13013698553988973,5001220.0,28543866.0,23944896.0,0.0,57489982.0,440875332.0,0.0,8255624.0,8122505.0,0.018429151464100853,-133119.0,-0.00030203369696290015,0.0,2483249.0,0.0056342436162337825,1355154.0,1128095.0,0.0025595347273895002,-0.0003,-0.0003,822403333,822403333,https://www1.hkexnews.hk/search/titlesearch.xhtml,https://www1.hkexnews.hk/search/titlesearch.xhtml,1620585773,14:42:53,20210509
