,date,symbol,reportedCurrency,fillingDate,acceptedDate,period,revenue,costOfRevenue,grossProfit,grossProfitRatio,researchAndDevelopmentExpenses,generalAndAdministrativeExpenses,sellingAndMarketingExpenses,otherExpenses,operatingExpenses,costAndExpenses,interestExpense,depreciationAndAmortization,ebitda,ebitdaratio,operatingIncome,operatingIncomeRatio,totalOtherIncomeExpensesNet,incomeBeforeTax,incomeBeforeTaxRatio,incomeTaxExpense,netIncome,netIncomeRatio,eps,epsdiluted,weightedAverageShsOut,weightedAverageShsOutDil,link,finalLink,timestamp,est_time,est_date
0,2018-12-31,LPT,USD,2019-02-27,2019-02-26 18:25:36,FY,704900000,288800000,416100000,0.5902964959568733,0.0,53800000.0,0.0,11994000.0,357599999.99999994,646404000.0,89630000.0,175800000,234300000,0.3323875727053483,58500000,0.08299049510568875,0.0,152000000.0,0.215633423180593,7364000.0,479600000,0.68038019577245,3.23617,3.23617,148200000,148200000,https://www.sec.gov/Archives/edgar/data/921112/000162828019002017/lpt1231201810k.htm,https://www.sec.gov/Archives/edgar/data/921112/000162828019002017/lpt1231201810k.htm,1620594592,17:09:52,20210509
1,2017-12-31,LPT,USD,2018-03-01,2018-02-28 19:06:24,FY,719800000,242000000,477800000,0.6637954987496527,0.0,57000000.0,0.0,5066000.0,241200000.0,483134000.0,88857000.0,183900000,420500000,0.5841900527924423,236600000,0.3287024173381495,5100000.0,255900000.0,0.35551542095026395,1992000.0,282300000,0.39219227563212006,1.9139,1.9139,147500000,147500000,https://www.sec.gov/Archives/edgar/data/921112/000162828018002551/lpt1231201710k.htm,https://www.sec.gov/Archives/edgar/data/921112/000162828018002551/lpt1231201710k.htm,1620594592,17:09:52,20210509
2,2016-12-31,LPT,USD,2017-03-01,2017-03-01 12:15:46,FY,746700000,214400000,532300000,0.712869961162448,0.0,68200000.0,0.0,423408000.0,304300000.00000006,491606000.0,115077000.0,207700000,435700000,0.58350073657426,228000000,0.3053435114503817,0.0,346100000.0,0.4635060934779697,1971000.0,356800000,0.47783581090129906,2.42886,2.42886,146900000,146900000,https://www.sec.gov/Archives/edgar/data/921112/000162828017002031/lpt1231201610k.htm,https://www.sec.gov/Archives/edgar/data/921112/000162828017002031/lpt1231201610k.htm,1620594592,17:09:52,20210509
3,2015-12-31,LPT,USD,2016-02-26,2016-02-26 13:57:37,FY,808800000,238100000,570700000,0.7056132542037586,0.0,68700000.0,0.0,482931000.0,313500000.0,551641000.0,135779000.0,229800000,486900000,0.6020029673590505,257100000,0.31787833827893175,0.0,244500000.0,0.30229970326409494,3233000.0,238000000,0.2942631058358061,1.59946,1.59946,148800000,148800000,https://www.sec.gov/Archives/edgar/data/921112/000162828016011773/lry1231201510k.htm,https://www.sec.gov/Archives/edgar/data/921112/000162828016011773/lry1231201510k.htm,1620594592,17:09:52,20210509
4,2014-12-31,LPT,USD,2015-02-26,2015-02-26 16:05:00,FY,792600000,239900000,552700000,0.6973252586424425,0.0,63300000.0,0.0,78290000.0,295300000.00000006,535208000.0,151887000.0,236100000,493500000,0.6226343679031037,257400000,0.32475397426192276,0.0,168200000.0,0.21221296997224326,2967000.0,217900000,0.27491799142064094,1.47329,1.47329,147900000,147900000,https://www.sec.gov/Archives/edgar/data/921112/000162828015001086/lry1231201410k.htm,https://www.sec.gov/Archives/edgar/data/921112/000162828015001086/lry1231201410k.htm,1620594592,17:09:52,20210509
5,2013-12-31,LPT,USD,2014-02-28,2014-02-28 15:02:38,FY,645900000,194500000,451400000,0.6988697940857718,0.0,74600000.0,0.0,78290000.0,248399999.99999997,442883000.0,127115000.0,205100000,408100000,0.6318315528719616,203000000,0.3142901377922279,0.0,94500000.0,0.14630747793776128,2799000.0,209700000,0.3246632605666512,1.60199,1.60199,130900000,130900000,https://www.sec.gov/Archives/edgar/data/921112/000144530514000732/lry1231201310k.htm,https://www.sec.gov/Archives/edgar/data/921112/000144530514000732/lry1231201310k.htm,1620594592,17:09:52,20210509
6,2012-12-31,LPT,USD,2013-02-26,2013-02-26 16:28:45,FY,685600000,213500000,472100000,0.6885939323220537,0.0,64700000.0,0.0,379117000.0,230300000.0,443847000.0,119630000.0,167400000,409100000,0.5967036172695449,241700000,0.3525379229871645,0.0,135500000.0,0.19763710618436406,976000.0,137400000,0.20040840140023336,1.16737,1.16737,117700000,117700000,https://www.sec.gov/Archives/edgar/data/921112/000144530513000344/lry1231201210k.htm,https://www.sec.gov/Archives/edgar/data/921112/000144530513000344/lry1231201210k.htm,1620594592,17:09:52,20210509
7,2011-12-31,LPT,USD,2012-02-24,2012-02-24 16:21:57,FY,667600000,204900000,462700000,0.6930796884361894,0.0,59400000.0,0.0,362233000.0,216700000.00000003,421603000.0,122018000.0,171700000,417700000,0.6256740563211504,246000000,0.36848412222887955,0.0,137400000.0,0.20581186339125224,1020000.0,184000000,0.2756141402037148,1.59307,1.59307,115500000,115500000,https://www.sec.gov/Archives/edgar/data/921112/000092111212000003/lry1231201110k.htm,https://www.sec.gov/Archives/edgar/data/921112/000092111212000003/lry1231201110k.htm,1620594592,17:09:52,20210509
8,2010-12-31,LPT,USD,2011-02-25,2011-02-25 17:40:05,FY,746800000,240400000,506400000,0.678093197643278,0.0,52900000.0,0.0,413835000.0,226700000.00000003,466685000.0,0.0,174000000,453800000,0.6076593465452598,279800000,0.3746652383502946,0.0,145100000.0,0.1942956614890198,0.0,127800000,0.17113015532940545,1.125,1.125,113600000,113600000,https://www.sec.gov/Archives/edgar/data/921112/000095012311018924/c12029e10vk.htm,https://www.sec.gov/Archives/edgar/data/921112/000095012311018924/c12029e10vk.htm,1620594592,17:09:52,20210509
9,2009-12-31,LPT,USD,2010-02-26,2010-02-26 15:32:00,FY,744300000,236600000,507600000,0.6819830713422007,0.0,51300000.0,0.0,407408000.0,318799999.99999994,458658000.0,149569000.0,172600000,361500000,0.4856912535268037,188900000,0.25379551256213895,0.0,52500000.0,0.07053607416364369,0.0,56400000,0.07577589681580008,0.52222,0.52222,108000000,108000000,https://www.sec.gov/Archives/edgar/data/921112/000095012310018051/c96894e10vk.htm,https://www.sec.gov/Archives/edgar/data/921112/000095012310018051/c96894e10vk.htm,1620594592,17:09:52,20210509
10,2008-12-31,LPT,USD,2009-02-27,2009-02-27 17:24:19,FY,746000000,238200000,507800000,0.6806970509383378,0.0,54400000.0,0.0,412203000.0,224500000.0,466581000.0,155675000.0,175200000,458500000,0.6146112600536193,283300000,0.3797587131367292,0.0,152200000.0,0.20402144772117964,0.0,151900000,0.20361930294906166,1.6194,1.6194,93800000,93800000,https://www.sec.gov/Archives/edgar/data/921112/000089322009000427/w72905e10vk.htm,https://www.sec.gov/Archives/edgar/data/921112/000089322009000427/w72905e10vk.htm,1620594592,17:09:52,20210509
11,2007-12-31,LPT,USD,2008-02-29,2008-02-29 12:47:50,FY,698700000,221100000,477600000,0.6835551738943753,0.0,54100000.0,0.0,379465000.0,212500000.00000003,433581000.0,129301000.0,163700000,428900000,0.6138543008444254,265200000,0.3795620437956204,0.0,149100000.0,0.21339630742808072,0.0,164800000,0.23586660941748963,1.79521,1.79521,91800000,91800000,https://www.sec.gov/Archives/edgar/data/921112/000089322008000565/w50228e10vk.htm,https://www.sec.gov/Archives/edgar/data/921112/000089322008000565/w50228e10vk.htm,1620594592,17:09:52,20210509
12,2006-12-31,LPT,USD,2007-03-01,2007-02-28 18:17:25,FY,666700000,210700000,456000000,0.6839658017099145,0.0,46000000.0,0.0,355399000.0,190700000.0,401390000.0,119584000.0,152000000,417300000,0.6259187040647968,265300000,0.39793010349482527,0.0,173000000.0,0.25948702564871756,0.0,266600000,0.39988000599970003,2.94586,2.94586,90500000,90500000,https://www.sec.gov/Archives/edgar/data/921112/000089322007000517/w31008e10vk.htm,https://www.sec.gov/Archives/edgar/data/921112/000089322007000517/w31008e10vk.htm,1620594592,17:09:52,20210509
13,2005-12-31,LPT,USD,2006-03-14,2006-03-14 17:24:48,FY,680700000,211700000,469000000,0.6889966211253121,0.0,38100000.0,0.0,358229000.0,184700000.0,396367000.0,129617000.0,150700000,435100000,0.6391949463787278,284400000,0.4178052005288673,0.0,247700000.0,0.3638901131188482,0.0,249400000,0.3663875422359336,2.82127,2.82127,88400000,88400000,https://www.sec.gov/Archives/edgar/data/921112/000089322006000535/w17499e10vk.htm,https://www.sec.gov/Archives/edgar/data/921112/000089322006000535/w17499e10vk.htm,1620594592,17:09:52,20210509
14,2004-12-31,LPT,USD,2005-03-11,2005-03-11 10:59:02,FY,655400000,201400000,454000000,0.6927067439731461,0.0,33300000.0,0.0,336871000.0,168799999.99999997,370180000.0,123352000.0,136700000,421900000,0.6437290204455295,285200000,0.43515410436374735,0.0,168900000.0,0.25770521818736647,0.0,161400000,0.2462618248397925,1.87674,1.87674,86000000,86000000,https://www.sec.gov/Archives/edgar/data/921112/000089322005000529/w06575e10vk.htm,https://www.sec.gov/Archives/edgar/data/921112/000089322005000529/w06575e10vk.htm,1620594592,17:09:52,20210509
15,2003-12-31,LPT,USD,2004-03-11,2004-03-11 15:42:24,FY,625000000,186500000,438600000,0.70176,0.0,28400000.0,0.0,309060000.0,151000000.0,337462000.0,123907000.0,123100000,410700000,0.65712,287600000,0.46016,0.0,171500000.0,0.2744,0.0,163600000,0.26176,2.04756,2.04756,79900000,79900000,https://www.sec.gov/Archives/edgar/data/921112/000089322004000400/w94572e10vk.htm,https://www.sec.gov/Archives/edgar/data/921112/000089322004000400/w94572e10vk.htm,1620594592,17:09:52,20210509
16,2002-12-31,LPT,USD,2002-12-31,2002-12-31,FY,597400000,172700000,424700000,0.7109139604954804,0.0,22500000.0,0.0,0.0,132900000.00000003,0.0,0.0,110900000,411300000,0.6884834281888182,300400000,0.5028456645463676,0.0,174500000.0,0.2920990960830264,0.0,161700000,0.27067291596919985,2.11927,2.11927,76300000,76300000,,,1620594592,17:09:52,20210509
17,2001-12-31,LPT,USD,2001-12-31,2001-12-31,FY,580300000,167900000,412400000,0.7106668964328795,0.0,21100000.0,0.0,0.0,123700000.00000001,0.0,0.0,102600000,398200000,0.6861967947613303,295600000,0.5093916939514045,0.0,185700000.0,0.32000689298638635,0.0,166500000,0.2869205583318973,2.26223,2.26223,73600000,73600000,,,1620594592,17:09:52,20210509
18,2000-12-31,LPT,USD,2000-12-31,2000-12-31,FY,528600000,148700000,379900000,0.718690881573969,0.0,19300000.0,0.0,0.0,114900000.00000003,0.0,0.0,93500000,362900000,0.6865304578130912,269400000,0.5096481271282634,0.0,179500000.0,0.33957623912220963,0.0,159300000,0.3013620885357548,2.33578,2.33578,68200000,68200000,,,1620594592,17:09:52,20210509
19,1999-12-31,LPT,USD,1999-12-31,1999-12-31,FY,466500000,129400000,337100000,0.722615219721329,0.0,16100000.0,0.0,0.0,101799999.99999999,0.0,0.0,84500000,325800000,0.6983922829581993,241300000,0.517256162915327,0.0,154800000.0,0.33183279742765276,0.0,141300000,0.30289389067524114,2.11844,2.11844,66700000,66700000,,,1620594592,17:09:52,20210509
20,1998-12-31,LPT,USD,1998-12-31,1998-12-31,FY,383600000,108300000,275200000,0.7174139728884255,0.0,15500000.0,0.0,0.0,83500000.00000001,0.0,0.0,67900000,263200000,0.6861313868613139,195300000,0.5091240875912408,0.0,116700000.0,0.30422314911366005,0.0,108600000,0.28310740354535974,1.77162,1.77162,61300000,61300000,,,1620594592,17:09:52,20210509
21,1997-12-31,LPT,USD,1997-12-31,1997-12-31,FY,226000000,61100000,165000000,0.7300884955752213,0.0,10700000.0,0.0,0.0,51400000.0,0.0,0.0,40800000,160800000,0.7115044247787611,120000000,0.5309734513274337,-100000.0,66100000.0,0.2924778761061947,0.0,60400000,0.2672566371681416,1.48039,1.48039,40800000,40800000,,,1620594592,17:09:52,20210509
22,1996-12-31,LPT,USD,1996-12-31,1996-12-31,FY,150100000,40900000,109200000,0.7275149900066622,0.0,8000000.0,0.0,0.0,36199999.99999999,0.0,0.0,28200000,105400000,0.7021985343104596,77200000,0.5143237841439041,-1000000.0,37600000.0,0.2504996668887408,0.0,33700000,0.22451698867421718,1.13468,1.13468,29700000,29700000,,,1620594592,17:09:52,20210509
23,1995-12-31,LPT,USD,1995-12-31,1995-12-31,FY,114500000,29300000,85200000,0.7441048034934498,0.0,5200000.0,0.0,0.0,27700000.0,0.0,0.0,22500000,82500000,0.7205240174672489,60000000,0.5240174672489083,0.0,22300000.0,0.1947598253275109,0.0,19500000,0.1703056768558952,0.8945,0.8945,21800000,21800000,,,1620594592,17:09:52,20210509
24,1994-12-31,LPT,USD,1994-12-31,1994-12-31,FY,79500000,19500000,60000000,0.7547169811320755,0.0,6900000.0,0.0,0.0,22900000.0,0.0,0.0,16000000,56600000,0.7119496855345911,40600000,0.5106918238993711,0.0,7600000.0,0.09559748427672957,0.0,55700000,0.70062893081761,2.65238,2.65238,21000000,21000000,,,1620594592,17:09:52,20210509
