,date,symbol,reportedCurrency,fillingDate,acceptedDate,period,revenue,costOfRevenue,grossProfit,grossProfitRatio,researchAndDevelopmentExpenses,generalAndAdministrativeExpenses,sellingAndMarketingExpenses,otherExpenses,operatingExpenses,costAndExpenses,interestExpense,depreciationAndAmortization,ebitda,ebitdaratio,operatingIncome,operatingIncomeRatio,totalOtherIncomeExpensesNet,incomeBeforeTax,incomeBeforeTaxRatio,incomeTaxExpense,netIncome,netIncomeRatio,eps,epsdiluted,weightedAverageShsOut,weightedAverageShsOutDil,link,finalLink,timestamp,est_time,est_date
0,2020-12-31,DNT.TO,USD,2020-12-31,2020-12-31,FY,0.0,0.0,0.0,0.0,0.0,793779.0,0.0,0.0,0.0,817382.0,3984.0,23603.0,-783223.0,0.0,-817382.0,0.0,-121218.0,-932028.0,0.0,0.0,-932028.0,0.0,-0.004019,-0.004019,231881939.0,231881939.0,https://www.sedar.com/ModifyCompanyDocumentSearchForm.do?lang=EN&company_search=Candente Copper Corp&document_selection=0&industry_group=A&FromDate=13&FromMonth=05&FromYear=2000&ToDate=13&ToMonth=11&ToYear=2020&Variable=Issuer,https://www.sedar.com/ModifyCompanyDocumentSearchForm.do?lang=EN&company_search=Candente Copper Corp&document_selection=0&industry_group=A&FromDate=13&FromMonth=05&FromYear=2000&ToDate=13&ToMonth=11&ToYear=2020&Variable=Issuer,1620591212,16:13:32,20210509
1,2019-12-31,DNT.TO,USD,2019-12-31,2019-12-31,FY,0.0,19914.0,-19914.0,0.0,0.0,443303.0,0.0,429.0,443303.0,463217.0,2115.0,19914.0,-443303.0,0.0,-463217.0,0.0,-361672.0,-793917.0,0.0,0.0,-793917.0,0.0,-0.00411,-0.00411,193151795.0,193151795.0,https://www.sedar.com/ModifyCompanyDocumentSearchForm.do?lang=EN&company_search=Candente Copper Corp&document_selection=0&industry_group=A&FromDate=13&FromMonth=05&FromYear=2000&ToDate=13&ToMonth=11&ToYear=2020&Variable=Issuer,https://www.sedar.com/ModifyCompanyDocumentSearchForm.do?lang=EN&company_search=Candente Copper Corp&document_selection=0&industry_group=A&FromDate=13&FromMonth=05&FromYear=2000&ToDate=13&ToMonth=11&ToYear=2020&Variable=Issuer,1620591212,16:13:32,20210509
2,2018-12-31,DNT.TO,USD,2018-12-31,2018-12-31,FY,0.0,26648.0,-26648.0,0.0,0.0,439190.0,0.0,19147.0,439190.0,465838.0,2635.0,26648.0,-439190.0,0.0,-465838.0,0.0,51805.0,-336953.0,0.0,0.0,-336953.0,0.0,-0.001877,-0.001877,179551115.0,179551115.0,https://www.sedar.com/ModifyCompanyDocumentSearchForm.do?lang=EN&company_search=Candente Copper Corp&document_selection=0&industry_group=A&FromDate=13&FromMonth=05&FromYear=2000&ToDate=13&ToMonth=11&ToYear=2020&Variable=Issuer,https://www.sedar.com/ModifyCompanyDocumentSearchForm.do?lang=EN&company_search=Candente Copper Corp&document_selection=0&industry_group=A&FromDate=13&FromMonth=05&FromYear=2000&ToDate=13&ToMonth=11&ToYear=2020&Variable=Issuer,1620591212,16:13:32,20210509
3,2017-12-31,DNT.TO,USD,2017-12-31,2017-12-31,FY,0.0,0.0,0.0,0.0,0.0,353323.0,0.0,0.0,477057.0,477057.0,3526.0,39275.0,-437782.0,0.0,-477057.0,0.0,-1860841.0,-2327533.0,0.0,0.0,-2327533.0,0.0,-0.01,-0.01,169429103.0,169429103.0,https://www.sedar.com/ModifyCompanyDocumentSearchForm.do?lang=EN&company_search=Candente Copper Corp&document_selection=0&industry_group=A&FromDate=13&FromMonth=05&FromYear=2000&ToDate=13&ToMonth=11&ToYear=2020&Variable=Issuer,https://www.sedar.com/ModifyCompanyDocumentSearchForm.do?lang=EN&company_search=Candente Copper Corp&document_selection=0&industry_group=A&FromDate=13&FromMonth=05&FromYear=2000&ToDate=13&ToMonth=11&ToYear=2020&Variable=Issuer,1620591212,16:13:32,20210509
4,2016-12-31,DNT.TO,USD,2016-12-31,2016-12-31,FY,0.0,0.0,0.0,0.0,0.0,722901.0,0.0,0.0,772740.0,772740.0,3925.0,49839.0,-722901.0,0.0,-772740.0,0.0,344025.0,-430135.0,0.0,0.0,-430135.0,0.0,-0.002741,-0.002741,156925360.0,156925360.0,https://www.sedar.com/ModifyCompanyDocumentSearchForm.do?lang=EN&company_search=Candente Copper Corp&document_selection=0&industry_group=A&FromDate=13&FromMonth=05&FromYear=2000&ToDate=13&ToMonth=11&ToYear=2020&Variable=Issuer,https://www.sedar.com/ModifyCompanyDocumentSearchForm.do?lang=EN&company_search=Candente Copper Corp&document_selection=0&industry_group=A&FromDate=13&FromMonth=05&FromYear=2000&ToDate=13&ToMonth=11&ToYear=2020&Variable=Issuer,1620591212,16:13:32,20210509
5,2015-12-31,DNT.TO,USD,2015-12-31,2015-12-31,FY,0.0,0.0,0.0,0.0,0.0,762322.0,0.0,0.0,842544.0,842544.0,3904.0,80222.0,-762322.0,0.0,-842544.0,0.0,-740822.0,-1568615.0,0.0,0.0,-1568615.0,0.0,-0.01,-0.01,149732009.0,149732009.0,https://www.sedar.com/ModifyCompanyDocumentSearchForm.do?lang=EN&company_search=Candente Copper Corp&document_selection=0&industry_group=A&FromDate=13&FromMonth=05&FromYear=2000&ToDate=13&ToMonth=11&ToYear=2020&Variable=Issuer,https://www.sedar.com/ModifyCompanyDocumentSearchForm.do?lang=EN&company_search=Candente Copper Corp&document_selection=0&industry_group=A&FromDate=13&FromMonth=05&FromYear=2000&ToDate=13&ToMonth=11&ToYear=2020&Variable=Issuer,1620591212,16:13:32,20210509
6,2014-12-31,DNT.TO,USD,2014-12-31,2014-12-31,FY,0.0,0.0,0.0,0.0,0.0,1155548.0,0.0,0.0,1262021.0,1262021.0,14172.0,106473.0,-1155548.0,0.0,-1262021.0,0.0,-313191.0,-1349725.0,0.0,0.0,-1349725.0,0.0,-0.01,-0.01,139807427.0,139807427.0,https://www.sedar.com/ModifyCompanyDocumentSearchForm.do?lang=EN&company_search=Candente Copper Corp&document_selection=0&industry_group=A&FromDate=13&FromMonth=05&FromYear=2000&ToDate=13&ToMonth=11&ToYear=2020&Variable=Issuer,https://www.sedar.com/ModifyCompanyDocumentSearchForm.do?lang=EN&company_search=Candente Copper Corp&document_selection=0&industry_group=A&FromDate=13&FromMonth=05&FromYear=2000&ToDate=13&ToMonth=11&ToYear=2020&Variable=Issuer,1620591212,16:13:32,20210509
7,2013-12-31,DNT.TO,USD,2013-12-31,2013-12-31,FY,0.0,0.0,0.0,0.0,0.0,1973989.0,0.0,0.0,2028026.0,2028026.0,8332.0,54037.0,-1973989.0,0.0,-2028026.0,0.0,-74037.0,-2025682.0,0.0,0.0,-2025682.0,0.0,-0.02,-0.02,125746097.0,125746097.0,https://www.sedar.com/ModifyCompanyDocumentSearchForm.do?lang=EN&company_search=Candente Copper Corp&document_selection=0&industry_group=A&FromDate=13&FromMonth=05&FromYear=2000&ToDate=13&ToMonth=11&ToYear=2020&Variable=Issuer,https://www.sedar.com/ModifyCompanyDocumentSearchForm.do?lang=EN&company_search=Candente Copper Corp&document_selection=0&industry_group=A&FromDate=13&FromMonth=05&FromYear=2000&ToDate=13&ToMonth=11&ToYear=2020&Variable=Issuer,1620591212,16:13:32,20210509
8,2012-12-31,DNT.TO,USD,2012-12-31,2012-12-31,FY,0.0,0.0,0.0,0.0,0.0,1565800.0,0.0,0.0,1603137.0,1603137.0,5855.0,37337.0,-1565800.0,0.0,-1603137.0,0.0,-2336000.0,-3787252.0,0.0,0.0,-3787252.0,0.0,-0.03,-0.03,120944478.0,120944478.0,https://www.sedar.com/ModifyCompanyDocumentSearchForm.do?lang=EN&company_search=Candente Copper Corp&document_selection=0&industry_group=A&FromDate=13&FromMonth=05&FromYear=2000&ToDate=13&ToMonth=11&ToYear=2020&Variable=Issuer,https://www.sedar.com/ModifyCompanyDocumentSearchForm.do?lang=EN&company_search=Candente Copper Corp&document_selection=0&industry_group=A&FromDate=13&FromMonth=05&FromYear=2000&ToDate=13&ToMonth=11&ToYear=2020&Variable=Issuer,1620591212,16:13:32,20210509
9,2011-12-31,DNT.TO,USD,2011-12-31,2011-12-31,FY,0.0,0.0,0.0,0.0,49345.0,1975720.0,0.0,-57890.0,4198450.0,4198450.0,7977.0,21511.0,-4176939.0,0.0,-4198450.0,0.0,-3459080.0,0.0,0.0,0.0,-7785268.0,0.0,-0.07,-0.07,116199880.0,116199880.0,https://www.sedar.com/ModifyCompanyDocumentSearchForm.do?lang=EN&company_search=Candente Copper Corp&document_selection=0&industry_group=A&FromDate=13&FromMonth=05&FromYear=2000&ToDate=13&ToMonth=11&ToYear=2020&Variable=Issuer,https://www.sedar.com/ModifyCompanyDocumentSearchForm.do?lang=EN&company_search=Candente Copper Corp&document_selection=0&industry_group=A&FromDate=13&FromMonth=05&FromYear=2000&ToDate=13&ToMonth=11&ToYear=2020&Variable=Issuer,1620591212,16:13:32,20210509
10,2010-12-31,DNT.TO,USD,2010-12-31,2010-12-31,FY,0.0,0.0,0.0,0.0,45611.0,1765930.0,0.0,117310.0,1833201.0,1833201.0,10325.0,21660.0,-1811541.0,0.0,-1833201.0,0.0,105906.0,0.0,0.0,0.0,-1737620.0,0.0,-0.02,-0.02,94915723.0,94915723.0,https://www.sedar.com/ModifyCompanyDocumentSearchForm.do?lang=EN&company_search=Candente Copper Corp&document_selection=0&industry_group=A&FromDate=13&FromMonth=05&FromYear=2000&ToDate=13&ToMonth=11&ToYear=2020&Variable=Issuer,https://www.sedar.com/ModifyCompanyDocumentSearchForm.do?lang=EN&company_search=Candente Copper Corp&document_selection=0&industry_group=A&FromDate=13&FromMonth=05&FromYear=2000&ToDate=13&ToMonth=11&ToYear=2020&Variable=Issuer,1620591212,16:13:32,20210509
11,2009-12-31,DNT.TO,USD,2009-12-31,2009-12-31,FY,0.0,0.0,0.0,0.0,34046.0,1783820.0,0.0,0.0,1416630.0,1416630.0,8294.0,30287.0,-1386343.0,0.0,-1416630.0,0.0,0.0,0.0,0.0,0.0,-1348379.0,0.0,-0.02,-0.02,80953743.0,80953743.0,https://www.sedar.com/ModifyCompanyDocumentSearchForm.do?lang=EN&company_search=Candente Copper Corp&document_selection=0&industry_group=A&FromDate=13&FromMonth=05&FromYear=2000&ToDate=13&ToMonth=11&ToYear=2020&Variable=Issuer,https://www.sedar.com/ModifyCompanyDocumentSearchForm.do?lang=EN&company_search=Candente Copper Corp&document_selection=0&industry_group=A&FromDate=13&FromMonth=05&FromYear=2000&ToDate=13&ToMonth=11&ToYear=2020&Variable=Issuer,1620591212,16:13:32,20210509
12,2008-12-31,DNT.TO,USD,2008-12-31,2008-12-31,FY,0.0,0.0,0.0,0.0,346330.0,3722008.0,0.0,1123133.0,4095764.0,4095764.0,12561.0,27426.0,-4068338.0,0.0,-4095764.0,0.0,1123133.0,0.0,0.0,0.0,-5031651.0,0.0,-0.07,-0.07,76939326.0,76939326.0,https://www.sedar.com/ModifyCompanyDocumentSearchForm.do?lang=EN&company_search=Candente Copper Corp&document_selection=0&industry_group=A&FromDate=13&FromMonth=05&FromYear=2000&ToDate=13&ToMonth=11&ToYear=2020&Variable=Issuer,https://www.sedar.com/ModifyCompanyDocumentSearchForm.do?lang=EN&company_search=Candente Copper Corp&document_selection=0&industry_group=A&FromDate=13&FromMonth=05&FromYear=2000&ToDate=13&ToMonth=11&ToYear=2020&Variable=Issuer,1620591212,16:13:32,20210509
13,2007-12-31,DNT.TO,USD,2007-12-31,2007-12-31,FY,0.0,0.0,0.0,0.0,0.0,0.0,0.0,727362.0,4117532.0,4117532.0,0.0,24642.0,-4092890.0,0.0,-4117532.0,0.0,393215.0,0.0,0.0,0.0,-3423928.0,0.0,-0.05,-0.05,63514781.0,63514781.0,https://www.sedar.com/ModifyCompanyDocumentSearchForm.do?lang=EN&company_search=Candente Copper Corp&document_selection=0&industry_group=A&FromDate=13&FromMonth=05&FromYear=2000&ToDate=13&ToMonth=11&ToYear=2020&Variable=Issuer,https://www.sedar.com/ModifyCompanyDocumentSearchForm.do?lang=EN&company_search=Candente Copper Corp&document_selection=0&industry_group=A&FromDate=13&FromMonth=05&FromYear=2000&ToDate=13&ToMonth=11&ToYear=2020&Variable=Issuer,1620591212,16:13:32,20210509
14,2006-12-31,DNT.TO,USD,2006-12-31,2006-12-31,FY,0.0,0.0,0.0,0.0,0.0,0.0,0.0,63181.0,1907170.0,1907170.0,0.0,65018.0,-1842152.0,0.0,-1907170.0,0.0,59404.0,0.0,0.0,0.0,-1792115.0,0.0,-0.04,-0.04,48318120.0,48318120.0,https://www.sedar.com/ModifyCompanyDocumentSearchForm.do?lang=EN&company_search=Candente Copper Corp&document_selection=0&industry_group=A&FromDate=13&FromMonth=05&FromYear=2000&ToDate=13&ToMonth=11&ToYear=2020&Variable=Issuer,https://www.sedar.com/ModifyCompanyDocumentSearchForm.do?lang=EN&company_search=Candente Copper Corp&document_selection=0&industry_group=A&FromDate=13&FromMonth=05&FromYear=2000&ToDate=13&ToMonth=11&ToYear=2020&Variable=Issuer,1620591212,16:13:32,20210509
15,2005-12-31,DNT.TO,USD,2005-12-31,2005-12-31,FY,0.0,0.0,0.0,0.0,0.0,0.0,0.0,77817.0,1106036.0,1106036.0,0.0,32236.0,-1073800.0,0.0,-1106036.0,0.0,-341653.0,0.0,0.0,0.0,-1426952.0,0.0,-0.04,-0.04,41585889.0,41585889.0,https://www.sedar.com/ModifyCompanyDocumentSearchForm.do?lang=EN&company_search=Candente Copper Corp&document_selection=0&industry_group=A&FromDate=13&FromMonth=05&FromYear=2000&ToDate=13&ToMonth=11&ToYear=2020&Variable=Issuer,https://www.sedar.com/ModifyCompanyDocumentSearchForm.do?lang=EN&company_search=Candente Copper Corp&document_selection=0&industry_group=A&FromDate=13&FromMonth=05&FromYear=2000&ToDate=13&ToMonth=11&ToYear=2020&Variable=Issuer,1620591212,16:13:32,20210509
16,2004-12-31,DNT.TO,USD,2004-12-31,2004-12-31,FY,0.0,0.0,0.0,0.0,0.0,0.0,0.0,222216.0,1093494.0,1093494.0,0.0,47796.0,-1045698.0,0.0,-1093494.0,0.0,-506535.0,0.0,0.0,0.0,-1556932.0,0.0,-0.04,-0.04,35763716.0,35763716.0,https://www.sedar.com/ModifyCompanyDocumentSearchForm.do?lang=EN&company_search=Candente Copper Corp&document_selection=0&industry_group=A&FromDate=13&FromMonth=05&FromYear=2000&ToDate=13&ToMonth=11&ToYear=2020&Variable=Issuer,https://www.sedar.com/ModifyCompanyDocumentSearchForm.do?lang=EN&company_search=Candente Copper Corp&document_selection=0&industry_group=A&FromDate=13&FromMonth=05&FromYear=2000&ToDate=13&ToMonth=11&ToYear=2020&Variable=Issuer,1620591212,16:13:32,20210509
17,2003-12-31,DNT.TO,USD,2003-12-31,2003-12-31,FY,0.0,0.0,0.0,0.0,0.0,0.0,0.0,25141.0,1416261.0,1416261.0,0.0,31071.0,-1385190.0,0.0,-1416261.0,0.0,-207303.0,0.0,0.0,0.0,-1601498.0,0.0,-0.05716948748373978,-0.055690195905244134,28013160.0,28757270.0,https://www.sedar.com/ModifyCompanyDocumentSearchForm.do?lang=EN&company_search=Candente Copper Corp&document_selection=0&industry_group=A&FromDate=13&FromMonth=05&FromYear=2000&ToDate=13&ToMonth=11&ToYear=2020&Variable=Issuer,https://www.sedar.com/ModifyCompanyDocumentSearchForm.do?lang=EN&company_search=Candente Copper Corp&document_selection=0&industry_group=A&FromDate=13&FromMonth=05&FromYear=2000&ToDate=13&ToMonth=11&ToYear=2020&Variable=Issuer,1620591212,16:13:32,20210509
18,2002-12-31,DNT.TO,USD,2002-12-31,2002-12-31,FY,11147.0,0.0,0.0,0.0,0.0,0.0,0.0,-4899.0,312999.0,312999.0,0.0,4512.0,-297340.0,-26.674441553781286,-301852.0,-27.079214138333185,-132196.0,0.0,0.0,0.0,-437696.0,-39.26581142908406,-0.02,-0.02,17581592.0,17581592.0,https://www.sedar.com/ModifyCompanyDocumentSearchForm.do?lang=EN&company_search=Candente Copper Corp&document_selection=0&industry_group=A&FromDate=13&FromMonth=05&FromYear=2000&ToDate=13&ToMonth=11&ToYear=2020&Variable=Issuer,https://www.sedar.com/ModifyCompanyDocumentSearchForm.do?lang=EN&company_search=Candente Copper Corp&document_selection=0&industry_group=A&FromDate=13&FromMonth=05&FromYear=2000&ToDate=13&ToMonth=11&ToYear=2020&Variable=Issuer,1620591212,16:13:32,20210509
19,2001-12-31,DNT.TO,USD,2001-12-31,2001-12-31,FY,800.0,0.0,0.0,0.0,0.0,175687.0,0.0,-4277.0,176745.0,176745.0,0.0,1058.0,-174887.0,-218.60875,-175945.0,-219.93125,-271975.0,0.0,0.0,0.0,-448788.0,-560.985,0.09578,0.09578,9236034.0,9236034.0,https://www.sedar.com/ModifyCompanyDocumentSearchForm.do?lang=EN&company_search=Candente Copper Corp&document_selection=0&industry_group=A&FromDate=13&FromMonth=05&FromYear=2000&ToDate=13&ToMonth=11&ToYear=2020&Variable=Issuer,https://www.sedar.com/ModifyCompanyDocumentSearchForm.do?lang=EN&company_search=Candente Copper Corp&document_selection=0&industry_group=A&FromDate=13&FromMonth=05&FromYear=2000&ToDate=13&ToMonth=11&ToYear=2020&Variable=Issuer,1620591212,16:13:32,20210509
20,2000-12-31,DNT.TO,USD,2000-12-31,2000-12-31,FY,0.0,0.0,0.0,0.0,12726.0,0.0,0.0,0.0,168789.0,168789.0,0.0,1120.0,-167669.0,0.0,-168789.0,0.0,0.0,0.0,0.0,0.0,-160686.0,0.0,-0.02,-0.02,8034300.0,8034300.0,https://www.sedar.com/ModifyCompanyDocumentSearchForm.do?lang=EN&company_search=Candente Copper Corp&document_selection=0&industry_group=A&FromDate=13&FromMonth=05&FromYear=2000&ToDate=13&ToMonth=11&ToYear=2020&Variable=Issuer,https://www.sedar.com/ModifyCompanyDocumentSearchForm.do?lang=EN&company_search=Candente Copper Corp&document_selection=0&industry_group=A&FromDate=13&FromMonth=05&FromYear=2000&ToDate=13&ToMonth=11&ToYear=2020&Variable=Issuer,1620591212,16:13:32,20210509
21,1999-12-31,DNT.TO,USD,1999-12-31,1999-12-31,FY,0.0,0.0,0.0,0.0,0.0,0.0,0.0,0.0,203389.0,203389.0,0.0,0.0,-203389.0,0.0,-203389.0,0.0,0.0,0.0,0.0,0.0,-203092.0,0.0,-0.01,-0.01,20309200.0,20309200.0,https://www.sedar.com/ModifyCompanyDocumentSearchForm.do?lang=EN&company_search=Candente Copper Corp&document_selection=0&industry_group=A&FromDate=13&FromMonth=05&FromYear=2000&ToDate=13&ToMonth=11&ToYear=2020&Variable=Issuer,https://www.sedar.com/ModifyCompanyDocumentSearchForm.do?lang=EN&company_search=Candente Copper Corp&document_selection=0&industry_group=A&FromDate=13&FromMonth=05&FromYear=2000&ToDate=13&ToMonth=11&ToYear=2020&Variable=Issuer,1620591212,16:13:32,20210509
22,1998-12-31,DNT.TO,USD,1998-12-31,1998-12-31,FY,0.0,0.0,0.0,0.0,0.0,0.0,0.0,0.0,49150.0,49150.0,0.0,0.0,-49150.0,0.0,-49150.0,0.0,0.0,0.0,0.0,0.0,-44153.0,0.0,-0.01,-0.01,4415300.0,4415300.0,https://www.sedar.com/ModifyCompanyDocumentSearchForm.do?lang=EN&company_search=Candente Copper Corp&document_selection=0&industry_group=A&FromDate=13&FromMonth=05&FromYear=2000&ToDate=13&ToMonth=11&ToYear=2020&Variable=Issuer,https://www.sedar.com/ModifyCompanyDocumentSearchForm.do?lang=EN&company_search=Candente Copper Corp&document_selection=0&industry_group=A&FromDate=13&FromMonth=05&FromYear=2000&ToDate=13&ToMonth=11&ToYear=2020&Variable=Issuer,1620591212,16:13:32,20210509
