,date,symbol,reportedCurrency,fillingDate,acceptedDate,period,revenue,costOfRevenue,grossProfit,grossProfitRatio,researchAndDevelopmentExpenses,generalAndAdministrativeExpenses,sellingAndMarketingExpenses,otherExpenses,operatingExpenses,costAndExpenses,interestExpense,depreciationAndAmortization,ebitda,ebitdaratio,operatingIncome,operatingIncomeRatio,totalOtherIncomeExpensesNet,incomeBeforeTax,incomeBeforeTaxRatio,incomeTaxExpense,netIncome,netIncomeRatio,eps,epsdiluted,weightedAverageShsOut,weightedAverageShsOutDil,link,finalLink,timestamp,est_time,est_date
0,2020-12-31,FRAF,USD,2021-03-11,2021-03-11 16:01:37,FY,55957000.0,0.0,0.0,0.0,0.0,26726000.0,1757000.0,0.0,0.0,0.0,3978000.0,1330000.0,0.0,0.0,0.0,0.23335775684900906,0.0,13058000.0,0.23335775684900906,258000.0,12800000.0,0.22874707364583519,2.9257142857142857,2.9257142857142857,4375000.0,4375000.0,https://www.sec.gov/Archives/edgar/data/723646/000072364621000016/0000723646-21-000016-index.htm,https://www.sec.gov/Archives/edgar/data/723646/000072364621000016/fraf-20201231x10k.htm,1620592230,16:30:30,20210509
1,2019-12-31,FRAF,USD,2020-03-13,2020-03-13 17:05:01,FY,56520000.0,0.0,0.0,0.0,0.0,25667000.0,1756000.0,0.0,46000000.0,0.0,7113000.0,1370000.0,0.0,0.0,0.0,0.3360757254069356,0.0,18995000.0,0.3360757254069356,2880000.0,16115000.0,0.28512031139419675,3.68,3.67,4375000.0,4396000.0,https://www.sec.gov/Archives/edgar/data/723646/000072364620000017/0000723646-20-000017-index.htm,https://www.sec.gov/Archives/edgar/data/723646/000072364620000017/fraf-20191231x10k.htm,1620592230,16:30:30,20210509
2,2018-12-31,FRAF,USD,2019-03-18,2019-03-18 16:56:57,FY,52284000.0,0.0,0.0,0.0,0.0,23591000.0,1556000.0,0.0,52000000.0,0.0,4214000.0,1330000.0,0.0,0.0,0.0,0.11399280850738276,0.0,5960000.0,0.11399280850738276,-165000.0,6125000.0,0.11714864968250326,1.4,1.39,4382000.0,4404000.0,https://www.sec.gov/Archives/edgar/data/723646/000072364619000017/0000723646-19-000017-index.htm,https://www.sec.gov/Archives/edgar/data/723646/000072364619000017/fraf-20181231x10k.htm,1620592230,16:30:30,20210509
3,2017-12-31,FRAF,USD,2018-03-12,2018-03-12 15:52:04,FY,48624000.0,0.0,0.0,0.0,0.0,21890000.0,1197000.0,0.0,46000000.0,0.0,2491000.0,1380000.0,0.0,0.0,0.0,0.11806926620598882,0.0,5741000.0,0.11806926620598882,3565000.0,2176000.0,0.04475156301414939,0.5017293059718699,0.499197063546685,4337000.0,4359000.0,https://www.sec.gov/Archives/edgar/data/723646/000072364618000012/0000723646-18-000012-index.htm,https://www.sec.gov/Archives/edgar/data/723646/000072364618000012/fraf-20171231x10k.htm,1620592230,16:30:30,20210509
4,2016-12-31,FRAF,USD,2017-03-10,2017-03-10 16:05:48,FY,45484000.0,0.0,0.0,0.0,0.0,21378000.0,1155000.0,0.0,39000000.0,0.0,2245000.0,1400000.0,10789000.0,0.23720429161903087,9389000.0,0.20642423709436286,0.0,9389000.0,0.20642423709436286,1302000.0,8087000.0,0.1777987863864216,1.8820107051431232,1.8798233379823337,4297000.0,4302000.0,https://www.sec.gov/Archives/edgar/data/723646/000072364617000010/0000723646-17-000010-index.htm,https://www.sec.gov/Archives/edgar/data/723646/000072364617000010/fraf-20161231x10k.htm,1620592230,16:30:30,20210509
5,2015-12-31,FRAF,USD,2016-03-09,2016-03-09 13:30:14,FY,44066000.0,0.0,0.0,0.0,0.0,20455000.0,1105000.0,0.0,35000000.0,0.0,2371000.0,181000.0,12656000.0,0.2872055553034085,12475000.0,0.28309808015249854,0.0,12475000.0,0.28309808015249854,2271000.0,10204000.0,0.23156174828666093,2.4043355325164937,2.4009411764705884,4244000.0,4250000.0,https://www.sec.gov/Archives/edgar/data/723646/000072364616000041/0000723646-16-000041-index.htm,https://www.sec.gov/Archives/edgar/data/723646/000072364616000041/fraf-20151231x10k.htm,1620592230,16:30:30,20210509
6,2014-12-31,FRAF,USD,2015-03-16,2015-03-16 14:13:16,FY,41745000.0,0.0,0.0,0.0,0.0,19911000.0,1225000.0,0.0,35000000.0,0.0,3180000.0,517000.0,10925000.0,0.26170798898071623,10408000.0,0.24932327224817344,0.0,10408000.0,0.24932327224817344,2006000.0,8402000.0,0.20126961312732064,1.991783,1.991783,4218330.0,4218330.0,https://www.sec.gov/Archives/edgar/data/723646/000072364615000008/0000723646-15-000008-index.htm,https://www.sec.gov/Archives/edgar/data/723646/000072364615000008/fraf-20141231x10k.htm,1620592230,16:30:30,20210509
7,2013-12-31,FRAF,USD,2014-03-10,2014-03-10 16:35:53,FY,40835000.0,0.0,0.0,0.0,0.0,19282000.0,1384000.0,0.0,38000000.0,0.0,4378000.0,425000.0,7952000.0,0.1947349087792335,7527000.0,0.1843271703195788,0.0,7527000.0,0.1843271703195788,1295000.0,6232000.0,0.1526141790131015,1.49496,1.49496,4168673.0,4168673.0,https://www.sec.gov/Archives/edgar/data/723646/000114420414014540/0001144204-14-014540-index.htm,https://www.sec.gov/Archives/edgar/data/723646/000114420414014540/v370542_10k.htm,1620592230,16:30:30,20210509
8,2012-12-31,FRAF,USD,2013-03-12,2013-03-11 20:04:52,FY,41073000.0,0.0,0.0,0.0,0.0,19361000.0,1401000.0,0.0,43000000.0,0.0,6890000.0,435000.0,6312000.0,0.15367759842232123,5877000.0,0.14308669929150536,0.0,5877000.0,0.14308669929150536,512000.0,5365000.0,0.13062108928006233,1.306196,1.306196,4107346.0,4107346.0,https://www.sec.gov/Archives/edgar/data/723646/000114420413014317/0001144204-13-014317-index.htm,https://www.sec.gov/Archives/edgar/data/723646/000114420413014317/v337206_10k.htm,1620592230,16:30:30,20210509
9,2011-12-31,FRAF,USD,2012-03-14,2012-03-14 16:52:28,FY,43077000.0,0.0,0.0,0.0,0.0,17741000.0,1335000.0,240000.0,44000000.0,0.0,9154000.0,446000.0,0.0,0.0,0.0,0.1620354249367412,0.0,6980000.0,0.1620354249367412,411000.0,6569000.0,0.1524943705457669,1.6580010095911155,1.657582639414585,3962000.0,3963000.0,https://www.sec.gov/Archives/edgar/data/723646/000114420412014917/0001144204-12-014917-index.htm,https://www.sec.gov/Archives/edgar/data/723646/000114420412014917/v304608_10k.htm,1620592230,16:30:30,20210509
10,2010-12-31,FRAF,USD,2011-03-11,2011-03-11 16:57:39,FY,40207000.0,0.0,0.0,0.0,0.0,16387000.0,1342000.0,0.0,41000000.0,0.0,12443000.0,457000.0,11006000.0,0.2737334295023255,10549000.0,0.2623672494839207,0.0,10549000.0,0.2623672494839207,2937000.0,7612000.0,0.1893202676150919,1.9583226138410086,1.9578189300411524,3887000.0,3888000.0,https://www.sec.gov/Archives/edgar/data/723646/000114420411014353/0001144204-11-014353-index.htm,https://www.sec.gov/Archives/edgar/data/723646/000114420411014353/v214163_10k.htm,1620592230,16:30:30,20210509
11,2009-12-31,FRAF,USD,2010-03-16,2010-03-15 18:20:17,FY,38385000.0,0.0,0.0,0.0,0.0,15648000.0,1327000.0,422000.0,43000000.0,0.0,14674000.0,468000.0,9064000.0,0.23613390647388302,8596000.0,0.22394164387130389,0.0,8596000.0,0.22394164387130389,2011000.0,6585000.0,0.1715513872606487,1.71,1.71,3840000.0,3840000.0,https://www.sec.gov/Archives/edgar/data/723646/000114420410013566/0001144204-10-013566-index.htm,https://www.sec.gov/Archives/edgar/data/723646/000114420410013566/v176698_10k.htm,1620592230,16:30:30,20210509
12,2008-12-31,FRAF,USD,2009-03-13,2009-03-13 09:43:33,FY,36657000.0,0.0,0.0,0.0,0.0,12086000.0,1787000.0,0.0,40000000.0,0.0,16037000.0,2288000.0,14563000.0,0.3972774640587064,12275000.0,0.3348610088114139,0.0,12275000.0,0.3348610088114139,3680000.0,8595000.0,0.23447090596611833,2.244711412901541,2.244125326370757,3829000.0,3830000.0,https://www.sec.gov/Archives/edgar/data/723646/000095015209002574/0000950152-09-002574-index.htm,https://www.sec.gov/Archives/edgar/data/723646/000095015209002574/l35737ae10vk.htm,1620592230,16:30:30,20210509
13,2007-12-31,FRAF,USD,2008-03-12,2008-03-12 16:10:17,FY,35870000.0,0.0,0.0,0.0,0.0,11490000.0,1335000.0,0.0,47000000.0,0.0,23796000.0,1488000.0,13503000.0,0.37644270978533595,12015000.0,0.3349595762475606,0.0,12015000.0,0.3349595762475606,2759000.0,9256000.0,0.2580429328129356,2.41,2.4,3840664.0,3856667.0,https://www.sec.gov/Archives/edgar/data/723646/000104746908002597/0001047469-08-002597-index.htm,https://www.sec.gov/Archives/edgar/data/723646/000104746908002597/a2183554z10-k.htm,1620592230,16:30:30,20210509
14,2006-12-31,FRAF,USD,2007-03-15,2007-03-15 15:23:03,FY,29203000.0,0.0,0.0,0.0,0.0,9774000.0,1130000.0,0.0,39000000.0,0.0,19956000.0,1503000.0,11170000.0,0.38249494914906,9667000.0,0.3310276341471767,0.0,9667000.0,0.3310276341471767,2097000.0,7570000.0,0.259219943156525,2.11,2.1,3587678.0,3604762.0,https://www.sec.gov/Archives/edgar/data/723646/000110465907019518/0001104659-07-019518-index.htm,https://www.sec.gov/Archives/edgar/data/723646/000110465907019518/a07-5840_110k.htm,1620592230,16:30:30,20210509
15,2005-12-31,FRAF,USD,2006-03-13,2006-03-13 16:17:25,FY,24533000.0,0.0,0.0,0.0,0.0,8806000.0,916000.0,0.0,30000000.0,0.0,12173000.0,1630000.0,8679000.0,0.3537683935923042,7049000.0,0.28732727346838954,0.0,7049000.0,0.28732727346838954,937000.0,6112000.0,0.24913381975298576,1.82,1.81,3358242.0,3376796.0,https://www.sec.gov/Archives/edgar/data/723646/000110465906016152/0001104659-06-016152-index.htm,https://www.sec.gov/Archives/edgar/data/723646/000110465906016152/a06-2978_110k.htm,1620592230,16:30:30,20210509
16,2004-12-31,FRAF,USD,2005-03-15,2005-03-15 16:10:51,FY,23083000.0,0.0,0.0,0.0,0.0,8384000.0,808000.0,0.0,0.0,0.0,8819000.0,1911000.0,8118000.0,0.35168738898756663,6207000.0,0.2688991898799983,0.0,6207000.0,0.2688991898799983,1015000.0,5192000.0,0.22492743577524585,1.54,1.54,3371429.0,3371429.0,https://www.sec.gov/Archives/edgar/data/723646/000104746905006533/0001047469-05-006533-index.htm,https://www.sec.gov/Archives/edgar/data/723646/000104746905006533/a2153669z10-k.htm,1620592230,16:30:30,20210509
17,2003-12-31,FRAF,USD,2004-03-24,2004-03-24 16:16:44,FY,23567000.0,0.0,0.0,0.0,0.0,7441000.0,769000.0,0.0,0.0,0.0,9057000.0,2060000.0,9273000.0,0.39347392540416687,7213000.0,0.30606356345737684,0.0,7213000.0,0.30606356345737684,1373000.0,5840000.0,0.24780413289769593,1.744,1.736,3348624.0,3364055.0,https://www.sec.gov/Archives/edgar/data/723646/000104746904009199/0001047469-04-009199-index.htm,https://www.sec.gov/Archives/edgar/data/723646/000104746904009199/a2131707z10-k.htm,1620592230,16:30:30,20210509
18,2002-12-31,FRAF,USD,2003-03-31,2003-03-31 14:29:47,FY,21490000.0,0.0,0.0,0.0,0.0,7054000.0,619000.0,0.0,0.0,0.0,11801000.0,1650000.0,8419000.0,0.39176361098185203,6769000.0,0.3149837133550489,0.0,6769000.0,0.3149837133550489,1196000.0,5573000.0,0.2593299208934388,1.664,1.656,3343750.0,3358750.0,https://www.sec.gov/Archives/edgar/data/723646/000110465903005479/0001104659-03-005479-index.htm,https://www.sec.gov/Archives/edgar/data/723646/000110465903005479/j9017_10k.htm,1620592230,16:30:30,20210509
19,2001-12-31,FRAF,USD,2001-12-31,2001-12-31,FY,21213000.0,0.0,0.0,0.0,0.0,6683000.0,613000.0,0.0,0.0,0.0,15773000.0,989000.0,7871000.0,0.3710460566633668,6882000.0,0.32442370244661295,0.0,6882000.0,0.32442370244661295,1288000.0,5594000.0,0.26370621788525905,1.672,1.64,3350000.0,3416250.0,,,1620592230,16:30:30,20210509
20,2000-12-31,FRAF,USD,2000-12-31,2000-12-31,FY,19581000.0,0.0,0.0,0.0,0.0,6818000.0,550000.0,0.0,0.0,0.0,17916000.0,938000.0,7051000.0,0.36009396864307236,6113000.0,0.31219038864205095,0.0,6113000.0,0.31219038864205095,1106000.0,5007000.0,0.25570706296920487,1.48,1.448,3390000.0,3448750.0,,,1620592230,16:30:30,20210509
21,1999-12-31,FRAF,USD,1999-12-31,1999-12-31,FY,18900000.0,0.0,0.0,0.0,0.0,6400000.0,500000.0,0.0,0.0,0.0,15000000.0,800000.0,0.0,0.0,0.0,0.3333333333333333,0.0,6300000.0,0.3333333333333333,1200000.0,5100000.0,0.2698412698412698,1.488,1.472,3410000.0,3462500.0,,,1620592230,16:30:30,20210509
22,1998-12-31,FRAF,USD,1998-12-31,1998-12-31,FY,6091000.0,0.0,0.0,0.0,0.0,6053000.0,0.0,0.0,0.0,0.0,13151000.0,761000.0,-6247000.0,-1.0256115580364473,-7008000.0,-1.1505499917911672,0.0,6309000.0,1.035790510589394,1504000.0,4805000.0,0.7888688228533902,1.408,1.392,3413750.0,3461250.0,,,1620592230,16:30:30,20210509
23,1997-12-31,FRAF,USD,1997-12-31,1997-12-31,FY,5242000.0,0.0,0.0,0.0,0.0,6434000.0,0.0,0.0,0.0,0.0,12225000.0,775000.0,0.0,0.0,0.0,1.0974818771461274,0.0,5753000.0,1.0974818771461274,1390000.0,4363000.0,0.8323159099580313,1.272,1.264,3422500.0,3458750.0,,,1620592230,16:30:30,20210509
24,1996-12-31,FRAF,USD,1996-12-31,1996-12-31,FY,4380000.0,0.0,0.0,0.0,0.0,6406000.0,0.0,0.0,0.0,0.0,11087000.0,741000.0,-6858000.0,-1.5657534246575342,-7599000.0,-1.734931506849315,0.0,5506000.0,1.2570776255707763,1379000.0,4127000.0,0.9422374429223744,1.173333,1.173333,3517330.0,3517330.0,,,1620592230,16:30:30,20210509
25,1995-12-31,FRAF,USD,1995-12-31,1995-12-31,FY,3702000.0,0.0,0.0,0.0,0.0,6100000.0,0.0,0.0,0.0,0.0,11210000.0,627000.0,-7202000.0,-1.9454349000540248,-7829000.0,-2.1148028092922746,0.0,5630000.0,1.5207995678011885,1451000.0,4179000.0,1.1288492706645057,1.157333,1.157333,3610887.0,3610887.0,,,1620592230,16:30:30,20210509
