,date,symbol,reportedCurrency,fillingDate,acceptedDate,period,revenue,costOfRevenue,grossProfit,grossProfitRatio,researchAndDevelopmentExpenses,generalAndAdministrativeExpenses,sellingAndMarketingExpenses,otherExpenses,operatingExpenses,costAndExpenses,interestExpense,depreciationAndAmortization,ebitda,ebitdaratio,operatingIncome,operatingIncomeRatio,totalOtherIncomeExpensesNet,incomeBeforeTax,incomeBeforeTaxRatio,incomeTaxExpense,netIncome,netIncomeRatio,eps,epsdiluted,weightedAverageShsOut,weightedAverageShsOutDil,link,finalLink,timestamp,est_time,est_date
0,2019-12-31,SPI.PA,EUR,2019-12-31,2019-12-31,FY,658000.0,0.0,0.0,0.0,0.0,1021000.0,0.0,0.0,1228000.0,1228000.0,4667000.0,0.0,4160000.0,6.322188449848024,-570000.0,-0.8662613981762918,0.0,-503000.0,-0.7644376899696048,0.0,-439000.0,-0.6671732522796353,-0.0721,-0.0721,6088737.0,6088737.0,https://www.infogreffe.com/recherche-entreprise-dirigeants/resultats-entreprise-dirigeants.html?ga_cat=globale&ga_q=S.P.I#phrase=S.P.I,https://www.infogreffe.com/recherche-entreprise-dirigeants/resultats-entreprise-dirigeants.html?ga_cat=globale&ga_q=S.P.I#phrase=S.P.I,1620598207,18:10:07,20210509
1,2018-12-31,SPI.PA,EUR,2018-12-31,2018-12-31,FY,1143000.0,1000.0,1142000.0,0.9991251093613298,0.0,1447000.0,0.0,0.0,2033000.0,2034000.0,295000.0,-148000.0,-1039000.0,-0.9090113735783028,-891000.0,-0.7795275590551181,0.0,-1136000.0,-0.9938757655293088,-291000.0,72498000.0,63.42782152230971,11.91,11.91,6088737.0,6088737.0,https://www.infogreffe.com/recherche-entreprise-dirigeants/resultats-entreprise-dirigeants.html?ga_cat=globale&ga_q=S.P.I#phrase=S.P.I,https://www.infogreffe.com/recherche-entreprise-dirigeants/resultats-entreprise-dirigeants.html?ga_cat=globale&ga_q=S.P.I#phrase=S.P.I,1620598207,18:10:07,20210509
2,2017-12-31,SPI.PA,EUR,2017-12-31,2017-12-31,FY,1729000.0,13000.0,1716000.0,0.9924812030075187,0.0,2750000.0,0.0,0.0,4196000.0,4209000.0,1094000.0,-108000.0,-2588000.0,-1.4968189705031811,-2480000.0,-1.434355118565645,0.0,-5245000.0,-3.0335454019664545,-1341000.0,-1030000.0,-0.5957200694042799,-0.17,-0.17,6088737.0,6088737.0,https://www.infogreffe.com/recherche-entreprise-dirigeants/resultats-entreprise-dirigeants.html?ga_cat=globale&ga_q=S.P.I#phrase=S.P.I,https://www.infogreffe.com/recherche-entreprise-dirigeants/resultats-entreprise-dirigeants.html?ga_cat=globale&ga_q=S.P.I#phrase=S.P.I,1620598207,18:10:07,20210509
3,2016-12-31,SPI.PA,EUR,2016-12-31,2016-12-31,FY,76020000.0,8062000.0,67958000.0,0.8939489607997896,0.0,34132000.0,0.0,0.0,70750000.0,78812000.0,430000.0,1791000.0,-1001000.0,-0.013167587476979742,-2792000.0,-0.03672717705866877,0.0,10326000.0,0.13583267561168114,0.0,-27120000.0,-0.35674822415153906,-4.46,-4.46,6075984.0,6075984.0,https://www.infogreffe.com/recherche-entreprise-dirigeants/resultats-entreprise-dirigeants.html?ga_cat=globale&ga_q=S.P.I#phrase=S.P.I,https://www.infogreffe.com/recherche-entreprise-dirigeants/resultats-entreprise-dirigeants.html?ga_cat=globale&ga_q=S.P.I#phrase=S.P.I,1620598207,18:10:07,20210509
4,2015-12-31,SPI.PA,EUR,2015-12-31,2015-12-31,FY,403339000.0,26513000.0,376826000.0,0.934266212788746,0.0,113490000.0,0.0,-1408000.0,396933000.0,423446000.0,717000.0,8678000.0,-11429000.0,-0.028335965527757048,-20107000.0,-0.04985136572461379,0.0,-64056000.0,-0.1588142976503636,0.0,-62164000.0,-0.1541234544638629,-10.21,-10.21,6086589.0,6086589.0,https://www.infogreffe.com/recherche-entreprise-dirigeants/resultats-entreprise-dirigeants.html?ga_cat=globale&ga_q=S.P.I#phrase=S.P.I,https://www.infogreffe.com/recherche-entreprise-dirigeants/resultats-entreprise-dirigeants.html?ga_cat=globale&ga_q=S.P.I#phrase=S.P.I,1620598207,18:10:07,20210509
5,2014-12-31,SPI.PA,EUR,2014-12-31,2014-12-31,FY,435918000.0,33258000.0,402660000.0,0.9237058345835685,0.0,120796000.0,0.0,-316000.0,428062000.0,461320000.0,902000.0,9749000.0,-15653000.0,-0.03590812951059603,-25402000.0,-0.05827242738313169,0.0,-59869000.0,-0.1373400501929262,8432000.0,-51214000.0,-0.11748539863001757,-8.417929298532739,-8.153828322222534,6083919.0,6280976.0,https://www.infogreffe.com/recherche-entreprise-dirigeants/resultats-entreprise-dirigeants.html?ga_cat=globale&ga_q=S.P.I#phrase=S.P.I,https://www.infogreffe.com/recherche-entreprise-dirigeants/resultats-entreprise-dirigeants.html?ga_cat=globale&ga_q=S.P.I#phrase=S.P.I,1620598207,18:10:07,20210509
6,2013-12-31,SPI.PA,EUR,2013-12-31,2013-12-31,FY,515023000.0,53577000.0,461446000.0,0.8959716362181883,0.0,133075000.0,0.0,-1256000.0,480156000.0,533733000.0,1370000.0,14544000.0,-4166000.0,-0.008088959133863925,-18710000.0,-0.03632847465064667,0.0,-42648000.0,-0.08280795226620948,9519000.0,-55578000.0,-0.10791362715839875,-9.127851509245525,-8.848624799712656,6088837.0,6280976.0,https://www.infogreffe.com/recherche-entreprise-dirigeants/resultats-entreprise-dirigeants.html?ga_cat=globale&ga_q=S.P.I#phrase=S.P.I,https://www.infogreffe.com/recherche-entreprise-dirigeants/resultats-entreprise-dirigeants.html?ga_cat=globale&ga_q=S.P.I#phrase=S.P.I,1620598207,18:10:07,20210509
7,2012-12-31,SPI.PA,EUR,2012-12-31,2012-12-31,FY,542531000.0,62589000.0,479942000.0,0.8846351637049311,0.0,132856000.0,0.0,0.0,469935000.0,532524000.0,1572000.0,12968000.0,22975000.0,0.04234781053985855,10007000.0,0.018445028947654603,0.0,2176000.0,0.004010830717507387,-13000.0,-4650000.0,-0.008570938803496943,-0.764473958071316,-0.7445466759513505,6082614.0,6245411.0,https://www.infogreffe.com/recherche-entreprise-dirigeants/resultats-entreprise-dirigeants.html?ga_cat=globale&ga_q=S.P.I#phrase=S.P.I,https://www.infogreffe.com/recherche-entreprise-dirigeants/resultats-entreprise-dirigeants.html?ga_cat=globale&ga_q=S.P.I#phrase=S.P.I,1620598207,18:10:07,20210509
8,2011-12-31,SPI.PA,EUR,2011-12-31,2011-12-31,FY,542571000.0,63113000.0,479458000.0,0.8836778965333569,0.0,132249000.0,0.0,0.0,466206000.0,529319000.0,0.0,14359000.0,27611000.0,0.05088919238219514,13252000.0,0.02442445320520264,0.0,3135000.0,0.005778045638266697,2201000.0,-53016000.0,-0.09771255743487949,-8.709347221152136,-8.48999995676211,6087253.0,6244523.0,https://www.infogreffe.com/recherche-entreprise-dirigeants/resultats-entreprise-dirigeants.html?ga_cat=globale&ga_q=S.P.I#phrase=S.P.I,https://www.infogreffe.com/recherche-entreprise-dirigeants/resultats-entreprise-dirigeants.html?ga_cat=globale&ga_q=S.P.I#phrase=S.P.I,1620598207,18:10:07,20210509
9,2010-12-31,SPI.PA,EUR,2010-12-31,2010-12-31,FY,539209000.0,215619000.0,323590000.0,0.6001198051219472,0.0,0.0,0.0,0.0,324019000.0,539638000.0,5696000.0,20555000.0,20126000.0,0.03732504464873546,-429000.0,-0.0007956098655623329,0.0,109211000.0,0.20253927512337516,-9755000.0,119674000.0,0.2219436248282206,19.67,19.16,6085164.0,6245411.0,https://www.infogreffe.com/recherche-entreprise-dirigeants/resultats-entreprise-dirigeants.html?ga_cat=globale&ga_q=S.P.I#phrase=S.P.I,https://www.infogreffe.com/recherche-entreprise-dirigeants/resultats-entreprise-dirigeants.html?ga_cat=globale&ga_q=S.P.I#phrase=S.P.I,1620598207,18:10:07,20210509
10,2009-12-31,SPI.PA,EUR,2009-12-31,2009-12-31,FY,577073000.0,58321000.0,518752000.0,0.8989365296938169,0.0,174191000.0,0.0,0.0,535503000.0,593824000.0,0.0,22330000.0,5579000.0,0.00966775433957229,-16751000.0,-0.029027523380924077,0.0,-109275000.0,-0.1893607914423305,-16387000.0,-92888000.0,-0.16096403747879384,-15.269281190796152,-14.87300035177829,6083325.0,6245411.0,https://www.infogreffe.com/recherche-entreprise-dirigeants/resultats-entreprise-dirigeants.html?ga_cat=globale&ga_q=S.P.I#phrase=S.P.I,https://www.infogreffe.com/recherche-entreprise-dirigeants/resultats-entreprise-dirigeants.html?ga_cat=globale&ga_q=S.P.I#phrase=S.P.I,1620598207,18:10:07,20210509
11,2008-12-31,SPI.PA,EUR,2008-12-31,2008-12-31,FY,650089000.0,78910000.0,571179000.0,0.8786166201858515,0.0,164635000.0,0.0,0.0,533443000.0,612353000.0,4708000.0,21768000.0,59504000.0,0.09153208253023817,37736000.0,0.05804743658176034,0.0,29826000.0,0.04587987183293364,10594000.0,10512000.0,0.01617009363333328,1.73,1.68,6086774.0,6245411.0,https://www.infogreffe.com/recherche-entreprise-dirigeants/resultats-entreprise-dirigeants.html?ga_cat=globale&ga_q=S.P.I#phrase=S.P.I,https://www.infogreffe.com/recherche-entreprise-dirigeants/resultats-entreprise-dirigeants.html?ga_cat=globale&ga_q=S.P.I#phrase=S.P.I,1620598207,18:10:07,20210509
12,2007-12-31,SPI.PA,EUR,2007-12-31,2007-12-31,FY,647082000.0,85184000.0,561898000.0,0.8683567152231093,0.0,146620000.0,0.0,0.0,499698000.0,584882000.0,3001000.0,21367000.0,83567000.0,0.12914437428332112,62200000.0,0.0961238297464618,0.0,59533000.0,0.09200225010122365,19582000.0,29114000.0,0.044992752077789216,4.87,4.77,6115381.0,6245411.0,https://www.infogreffe.com/recherche-entreprise-dirigeants/resultats-entreprise-dirigeants.html?ga_cat=globale&ga_q=S.P.I#phrase=S.P.I,https://www.infogreffe.com/recherche-entreprise-dirigeants/resultats-entreprise-dirigeants.html?ga_cat=globale&ga_q=S.P.I#phrase=S.P.I,1620598207,18:10:07,20210509
13,2006-12-31,SPI.PA,EUR,2006-12-31,2006-12-31,FY,588545000.0,84398000.0,504147000.0,0.8565989006787926,0.0,104052000.0,0.0,0.0,426669000.0,511067000.0,1017000.0,18464000.0,95942000.0,0.16301557230118344,77478000.0,0.13164328980791612,0.0,76461000.0,0.12991529959476336,22008000.0,52555000.0,0.08929648540043666,8.62,8.45,6126284.0,6245411.0,https://www.infogreffe.com/recherche-entreprise-dirigeants/resultats-entreprise-dirigeants.html?ga_cat=globale&ga_q=S.P.I#phrase=S.P.I,https://www.infogreffe.com/recherche-entreprise-dirigeants/resultats-entreprise-dirigeants.html?ga_cat=globale&ga_q=S.P.I#phrase=S.P.I,1620598207,18:10:07,20210509
14,2005-12-31,SPI.PA,EUR,2005-12-31,2005-12-31,FY,568714000.0,81171000.0,487543000.0,0.8572727240757217,0.0,0.0,0.0,2552000.0,403438000.0,484609000.0,1732000.0,16101000.0,100206000.0,0.17619752634892055,84105000.0,0.14788628379114985,0.0,78158000.0,0.13742935816596744,28624000.0,49490000.0,0.08702089275101368,810.0,792.0,6111334.0,6245411.0,https://www.infogreffe.com/recherche-entreprise-dirigeants/resultats-entreprise-dirigeants.html?ga_cat=globale&ga_q=S.P.I#phrase=S.P.I,https://www.infogreffe.com/recherche-entreprise-dirigeants/resultats-entreprise-dirigeants.html?ga_cat=globale&ga_q=S.P.I#phrase=S.P.I,1620598207,18:10:07,20210509
15,2004-12-31,SPI.PA,EUR,2004-12-31,2004-12-31,FY,505869000.0,68867000.0,437002000.0,0.8638639647813959,0.0,0.0,0.0,2050000.0,348430000.0,417297000.0,1050000.0,12902000.0,101474000.0,0.2005934342685557,88572000.0,0.17508880757666512,0.0,81273000.0,0.16066017091381365,30213000.0,50913000.0,0.10064463329439044,830.0,815.0,6135123.0,6245411.0,https://www.infogreffe.com/recherche-entreprise-dirigeants/resultats-entreprise-dirigeants.html?ga_cat=globale&ga_q=S.P.I#phrase=S.P.I,https://www.infogreffe.com/recherche-entreprise-dirigeants/resultats-entreprise-dirigeants.html?ga_cat=globale&ga_q=S.P.I#phrase=S.P.I,1620598207,18:10:07,20210509
