,date,symbol,reportedCurrency,fillingDate,acceptedDate,period,revenue,costOfRevenue,grossProfit,grossProfitRatio,researchAndDevelopmentExpenses,generalAndAdministrativeExpenses,sellingAndMarketingExpenses,otherExpenses,operatingExpenses,costAndExpenses,interestExpense,depreciationAndAmortization,ebitda,ebitdaratio,operatingIncome,operatingIncomeRatio,totalOtherIncomeExpensesNet,incomeBeforeTax,incomeBeforeTaxRatio,incomeTaxExpense,netIncome,netIncomeRatio,eps,epsdiluted,weightedAverageShsOut,weightedAverageShsOutDil,link,finalLink,timestamp,est_time,est_date
0,2020-03-31,KALYANIFRG.NS,INR,2020-03-31,2020-03-31,FY,2009485000,1505790000,503695000,0.25065875087398015,0.0,66712000.0,26753000.0,13341000.0,546829000,2052619000,39914000.0,138880000,95746000,0.04764703394153228,-43134000,-0.02146520128291577,0.0,-81292000,-0.040454146211591525,-12040000.0,-69252000.0,-0.034462561303020424,-19.04,-19.04,3638000.0,3638000.0,https://www.nseindia.com/companies-listing/corporate-filings-annual-reports,https://www.nseindia.com/companies-listing/corporate-filings-annual-reports,1620594037,17:00:37,20210509
1,2019-03-31,KALYANIFRG.NS,INR,2019-03-31,2019-03-31,FY,2863526000,2136691000,726835000,0.2538251791672225,0.0,62763000.0,32127000.0,25205000.0,587354000,2724045000,55741000.0,150376000,289857000,0.10122380589524943,139481000,0.048709528043398245,0.0,96346000,0.033645931624158465,26708000.0,69639000.0,0.024319318211184392,19.14,19.14,3638000.0,3638000.0,https://www.nseindia.com/companies-listing/corporate-filings-annual-reports,https://www.nseindia.com/companies-listing/corporate-filings-annual-reports,1620594037,17:00:37,20210509
2,2018-03-31,KALYANIFRG.NS,INR,2018-03-31,2018-03-31,FY,2585521000,1962841000,622680000,0.24083347224795312,0.0,58578000.0,39977000.0,41304000.0,507008000,2469849000,57521000.0,129467000,245139000,0.09481222546635669,115672000,0.04473837187940071,0.0,91947000,0.03556227158858891,26308000.0,65639000.0,0.02538714634303879,18.04,18.04,3638000.0,3638000.0,https://www.nseindia.com/companies-listing/corporate-filings-annual-reports,https://www.nseindia.com/companies-listing/corporate-filings-annual-reports,1620594037,17:00:37,20210509
3,2017-03-31,KALYANIFRG.NS,INR,2017-03-31,2017-03-31,FY,2268386755,1670243041,598143714,0.26368683059957293,0.0,63155079.0,28313078.0,4849385.0,484825630,2155068671,32453241.0,104106036,217424120,0.09584966916278789,113318084,0.049955363101209786,0.0,67032871,0.02955090037104365,21501413.0,45531458.0,0.0200721759195777,12.52,12.52,3638000.0,3638000.0,https://www.nseindia.com/companies-listing/corporate-filings-annual-reports,https://www.nseindia.com/companies-listing/corporate-filings-annual-reports,1620594037,17:00:37,20210509
4,2016-03-31,KALYANIFRG.NS,INR,2016-03-31,2016-03-31,FY,2264221537,1725263925,538957612,0.23803219039869067,0.0,94088933.0,50148556.0,0.0,494324997,2219588922,46462489.0,116705854,161338469,0.0712556021411963,44632615,0.019712123690483207,0.0,20382691,0.009002074517410617,9350557.0,11032134.0,0.004872373935024539,3.03,3.03,3638000.0,3638000.0,https://www.nseindia.com/companies-listing/corporate-filings-annual-reports,https://www.nseindia.com/companies-listing/corporate-filings-annual-reports,1620594037,17:00:37,20210509
5,2015-03-31,KALYANIFRG.NS,INR,2015-03-31,2015-03-31,FY,2402482005,1860593872,541888133,0.2255534617417457,0.0,78850381.0,48400654.0,0.0,511096516,2371690388,56381572.0,131052286,161843903,0.06736529250299213,30791617,0.012816585904043014,0.0,-29798059,-0.012403031089508618,-7179104.0,-22618955.0,-0.009414828062364614,-6.22,-6.22,3638000.0,3638000.0,https://www.nseindia.com/companies-listing/corporate-filings-annual-reports,https://www.nseindia.com/companies-listing/corporate-filings-annual-reports,1620594037,17:00:37,20210509
6,2014-03-31,KALYANIFRG.NS,INR,2014-03-31,2014-03-31,FY,2014226557,1037279185,976947372,0.4850235782091319,0.0,0.0,0.0,0.0,854583245,1891862430,0.0,134880738,257244865,0.12771396748096794,122364127,0.060749932312604296,0.0,71572364,0.03553342286708813,23773955.0,47798409.0,0.023730403530768263,13.14,13.14,3638000.0,3638000.0,https://www.nseindia.com/companies-listing/corporate-filings-annual-reports,https://www.nseindia.com/companies-listing/corporate-filings-annual-reports,1620594037,17:00:37,20210509
7,2013-03-31,KALYANIFRG.NS,INR,2013-03-31,2013-03-31,FY,2581023604,1293539196,1287484408,0.49882705683306877,0.0,0.0,0.0,0.0,1078577570,2372116766,0.0,128113902,337020740,0.13057638817316294,208906838,0.0809395302221343,0.0,137255703,0.053178786426937304,48979408.0,88276295.0,0.03420204870005521,24.27,24.27,3637260.0,3637260.0,https://www.nseindia.com/companies-listing/corporate-filings-annual-reports,https://www.nseindia.com/companies-listing/corporate-filings-annual-reports,1620594037,17:00:37,20210509
8,2012-03-31,KALYANIFRG.NS,INR,2012-03-31,2012-03-31,FY,2780657302,2137114523,643542779,0.23143548776655398,0.0,0.0,0.0,0.0,350703386,2487817909,94351796.0,118867341,411706734,0.1480609400172679,292839393,0.10531301098821994,0.0,198487597,0.0713815387668365,64353586.0,134134011.0,0.04823823881624087,36.87,36.87,3638000.0,3638000.0,https://www.nseindia.com/companies-listing/corporate-filings-annual-reports,https://www.nseindia.com/companies-listing/corporate-filings-annual-reports,1620594037,17:00:37,20210509
9,2011-03-31,KALYANIFRG.NS,INR,2011-03-31,2011-03-31,FY,2309000109,1738453632,570546477,0.2470967735237989,0.0,0.0,0.0,0.0,396098466,2134552098,72999860.0,111715174,286163185,0.12393381181949524,174448011,0.07555132211559372,0.0,101448151,0.04393596631051523,36983633.0,64464518.0,0.027918802493222403,17.72,17.72,3638000.0,3638000.0,https://www.nseindia.com/companies-listing/corporate-filings-annual-reports,https://www.nseindia.com/companies-listing/corporate-filings-annual-reports,1620594037,17:00:37,20210509
10,2010-03-31,KALYANIFRG.NS,INR,2010-03-31,2010-03-31,FY,1620436790,1189175911,431260879,0.26613866190979285,0.0,0.0,0.0,0.0,332237769,1521413680,53758142.0,105116307,204139417,0.12597801917346002,99023110,0.06110890015031071,0.0,59365051,0.03663521549643414,26272138.0,33092913.0,0.02042221776512492,9.1,9.1,3638000.0,3638000.0,https://www.nseindia.com/companies-listing/corporate-filings-annual-reports,https://www.nseindia.com/companies-listing/corporate-filings-annual-reports,1620594037,17:00:37,20210509
11,2009-03-31,KALYANIFRG.NS,INR,2009-03-31,2009-03-31,FY,1611632768,1246073217,365559551,0.22682558847053674,0.0,0.0,0.0,0.0,304112572,1550185789,51976398.0,90862165,152309144,0.09450611021579824,61446979,0.03812715912710953,0.0,20220996,0.012546900510774424,10884056.0,9336940.0,0.005793466219718858,2.57,2.57,3638000.0,3638000.0,https://www.nseindia.com/companies-listing/corporate-filings-annual-reports,https://www.nseindia.com/companies-listing/corporate-filings-annual-reports,1620594037,17:00:37,20210509
12,2008-03-31,KALYANIFRG.NS,INR,2008-03-31,2008-03-31,FY,1886650013,1332337567,554312446,0.29380777684281606,0.0,0.0,0.0,0.0,379547165,1711884732,35287853.0,83433204,258198485,0.13685552869948223,174765281,0.0926325920524614,0.0,148032263,0.07846302280761175,53729434.0,94302829.0,0.049984272838207645,25.92,25.92,3638000.0,3638000.0,https://www.nseindia.com/companies-listing/corporate-filings-annual-reports,https://www.nseindia.com/companies-listing/corporate-filings-annual-reports,1620594037,17:00:37,20210509
13,2007-03-31,KALYANIFRG.NS,INR,2007-03-31,2007-03-31,FY,1817018346,1302378373,514639973,0.28323322884049734,0.0,0.0,0.0,0.0,331398099,1633776472,18625257.0,72085898,255327772,0.14052019483572126,183241874,0.10084756403444702,0.0,168095703,0.09251183587113875,57838048.0,110257655.0,0.060680540316349674,30.31,30.31,3638000.0,3638000.0,https://www.nseindia.com/companies-listing/corporate-filings-annual-reports,https://www.nseindia.com/companies-listing/corporate-filings-annual-reports,1620594037,17:00:37,20210509
