,date,symbol,reportedCurrency,fillingDate,acceptedDate,period,revenue,costOfRevenue,grossProfit,grossProfitRatio,researchAndDevelopmentExpenses,generalAndAdministrativeExpenses,sellingAndMarketingExpenses,otherExpenses,operatingExpenses,costAndExpenses,interestExpense,depreciationAndAmortization,ebitda,ebitdaratio,operatingIncome,operatingIncomeRatio,totalOtherIncomeExpensesNet,incomeBeforeTax,incomeBeforeTaxRatio,incomeTaxExpense,netIncome,netIncomeRatio,eps,epsdiluted,weightedAverageShsOut,weightedAverageShsOutDil,link,finalLink,timestamp,est_time,est_date
0,2020-12-31,CANB,USD,2021-04-14,,FY,1709669.0,1209677.0,1431607.0,0.0008373591613347379,0.0,0.0,0.0,5806015.0,5806015.0,7015692.0,931615.0,124.388,-4374283.612,-0.002558555844435385,-4374408.0,-0.002558628600038955,-1338799.0,-5713207.0,-0.0033417035695213516,3304.0,-5716511.0,-0.0033436361073400757,-1.9391610384235718,-1.581501462121778,2947930.0,3614610.0,https://www.sec.gov/Archives/edgar/data/1509957/000149315221008687/0001493152-21-008687-index.htm,https://www.sec.gov/Archives/edgar/data/1509957/000149315221008687/form10-k.htm,1620589894,15:51:34,20210509
1,2019-12-31,CANB,USD,2020-04-02,2020-04-02,FY,2305503.0,598584.0,1706919.0,0.74036728644465,150000.0,0.0,0.0,6141036.0,6291036.0,6889620.0,8793.0,275720.0,-4308397.0,-1.8687449116309978,-4584117.0,-1.9883370353454322,-6269.0,-4590386.0,-1.9910561816662133,2084.0,-4590386.0,-1.9910561816662133,-1.5571556990837638,-1.269953328298212,2947930.0,3614610.0,https://www.sec.gov/Archives/edgar/data/1509957/000149315220005643/0001493152-20-005643-index.htm,https://www.sec.gov/Archives/edgar/data/1509957/000149315220005643/form10-k.htm,1620589894,15:51:34,20210509
2,2018-12-31,CANB,USD,2019-04-16,2019-04-16,FY,668603.0,405534.0,263069.0,0.3934606934159733,75000.0,0.0,0.0,3603843.0,3678843.0,4084377.0,263510.0,181970.0,-3233804.0,-4.836657927050881,-3415774.0,-5.108822425265815,0.0,-4112277.0,-6.1505512239699796,0.0,-4112277.0,-6.1505512239699796,-0.014898112901424204,-0.00970147145814696,276026704.0,423881781.0,https://www.sec.gov/Archives/edgar/data/1509957/000149315219005487/0001493152-19-005487-index.htm,https://www.sec.gov/Archives/edgar/data/1509957/000149315219005487/form10-k.htm,1620589894,15:51:34,20210509
3,2017-12-31,CANB,USD,2018-04-06,2018-04-06,FY,122746.0,44466.0,78280.0,0.6377397226793541,0.0,0.0,0.0,835532.0,791066.0,879998.0,-279221.0,257387.0,-1882332.0,-15.335179965131246,-2139719.0,-17.432087399996743,0.0,-1461688.0,-11.908233262183696,-748902.0,-712786.0,-5.80699982076809,-0.00431388747419893,-0.0027811062770579146,165230550.0,256295851.0,https://www.sec.gov/Archives/edgar/data/1509957/000151116418000217/0001511164-18-000217-index.htm,https://www.sec.gov/Archives/edgar/data/1509957/000151116418000217/f10-kcanbiola2017.htm,1620589894,15:51:34,20210509
4,2016-12-31,CANB,USD,2016-12-31,2016-12-31,FY,95145.0,0.0,95145.0,1.0,0.0,0.0,0.0,506693.0,443952.0,506693.0,-56234.0,57556.0,-607494.0,-6.384928267381365,-665050.0,-6.9898575857901095,0.0,-897818.0,-9.436312995953545,-232768.0,-665050.0,-6.9898575857901095,-0.00457,-0.00457,145677036.0,145677036.0,,,1620589894,15:51:34,20210509
5,2015-12-31,CANB,USD,2015-12-31,2015-12-31,FY,103043.0,0.0,0.0,0.0,0.0,1612341.0,0.0,0.0,1617301.0,1617301.0,48666.0,4960.0,-1509298.0,-14.647263763671477,-1514258.0,-14.69539900818105,-2285610.0,-3848407.0,-37.34758304785381,0.0,-3848407.0,-37.34758304785381,-6.0006,-6.0006,715576.0,715576.0,,,1620589894,15:51:34,20210509
6,2014-12-31,CANB,USD,2014-12-31,2014-12-31,FY,32570.0,404.0,32166.0,0.9875959471906662,0.0,58758.0,0.0,0.0,58758.0,59162.0,0.0,3395.0,-23197.0,-0.7122198342032545,-26592.0,-0.8164568621430764,0.0,-26591.0,-0.8164261590420633,0.0,-26591.0,-0.8164261590420633,-0.036527,-0.036527,727981.0,727981.0,,,1620589894,15:51:34,20210509
7,2013-12-31,CANB,USD,2013-12-31,2013-12-31,FY,16356.0,2239.0,14117.0,0.8631083394472976,0.0,328333.0,0.0,0.0,328333.0,330572.0,6283.0,2991.0,-311225.0,-19.028185375397406,-314216.0,-19.211054047444364,0.0,-320498.0,-19.595133284421618,0.0,-320498.0,-19.595133284421618,-0.541955,-0.541955,591374.0,591374.0,,,1620589894,15:51:34,20210509
8,2012-12-31,CANB,USD,2012-12-31,2012-12-31,FY,24095.0,404.0,23691.0,0.9832330358995642,0.0,1672008.0,0.0,0.0,1672008.0,1672412.0,10735.0,0.0,-1648259.0,-68.40668188420834,-1648317.0,-68.4090890226188,404.0,-1658590.0,-68.83544303797468,0.0,-1658590.0,-68.83544303797468,-2.846324,-2.846324,582713.0,582713.0,,,1620589894,15:51:34,20210509
9,2011-12-31,CANB,USD,2011-12-31,2011-12-31,FY,2067.0,15405.0,-13338.0,-6.452830188679245,0.0,1130374.0,0.0,0.0,1130640.0,1146045.0,5537.0,266.0,-1143712.0,-553.3197871311079,-1143978.0,-553.4484760522496,0.0,-1149515.0,-556.1272375423318,0.0,-1149515.0,-556.1272375423318,-2.17766,-2.17766,527867.0,527867.0,,,1620589894,15:51:34,20210509
10,2010-12-31,CANB,USD,2010-12-31,2010-12-31,FY,22897.0,14342.0,8555.0,0.3736297331528148,9045.0,1084315.0,17181.0,0.0,1113100.0,1127442.0,9721.0,2559.0,-1101986.0,-48.127964362143516,-1104545.0,-48.23972572826134,-2550.0,-1116816.0,-48.775647464733375,0.0,-1116816.0,-48.775647464733375,-632.398641,-632.398641,1766.0,1766.0,,,1620589894,15:51:34,20210509
