,date,symbol,reportedCurrency,fillingDate,acceptedDate,period,revenue,costOfRevenue,grossProfit,grossProfitRatio,researchAndDevelopmentExpenses,generalAndAdministrativeExpenses,sellingAndMarketingExpenses,otherExpenses,operatingExpenses,costAndExpenses,interestExpense,depreciationAndAmortization,ebitda,ebitdaratio,operatingIncome,operatingIncomeRatio,totalOtherIncomeExpensesNet,incomeBeforeTax,incomeBeforeTaxRatio,incomeTaxExpense,netIncome,netIncomeRatio,eps,epsdiluted,weightedAverageShsOut,weightedAverageShsOutDil,link,finalLink,timestamp,est_time,est_date
0,2020-12-31,NGT.TO,USD,2020-12-31,2020-12-31,FY,11497000000,7492000000,4005000000,0.34835174393319995,122000000.0,361000000.0,0.0,27000000.0,0.0,8543000000,308000000.0,2300000000,5254000000,0.4569887796816561,2954000000.0,0.25693659215447506,473000000.0,3143000000.0,0.27337566321649126,704000000.0,2829000000,0.24606419065843263,3.8489795918367347,3.8489795918367347,735000000,735000000,https://www.sedar.com/ModifyCompanyDocumentSearchForm.do?lang=EN&company_search=NEWMONT CORPORATION&document_selection=0&industry_group=A&FromDate=13&FromMonth=05&FromYear=2000&ToDate=13&ToMonth=11&ToYear=2020&Variable=Issuer,https://www.sedar.com/ModifyCompanyDocumentSearchForm.do?lang=EN&company_search=NEWMONT CORPORATION&document_selection=0&industry_group=A&FromDate=13&FromMonth=05&FromYear=2000&ToDate=13&ToMonth=11&ToYear=2020&Variable=Issuer,1620595671,17:27:51,20210509
1,2019-12-31,NGT.TO,USD,2019-12-31,2019-12-31,FY,9740000000,7155000000,2585000000,0.26540041067761805,150000000.0,313000000.0,0.0,25000000.0,1044000000.0,8199000000,301000000.0,1960000000,3501000000,0.35944558521560577,1541000000.0,0.1582135523613963,2396000000.0,3693000000.0,0.37915811088295687,832000000.0,2805000000,0.2879876796714579,3.82,3.81,735000000,736220472,https://www.sedar.com/ModifyCompanyDocumentSearchForm.do?lang=EN&company_search=NEWMONT CORPORATION&document_selection=0&industry_group=A&FromDate=13&FromMonth=05&FromYear=2000&ToDate=13&ToMonth=11&ToYear=2020&Variable=Issuer,https://www.sedar.com/ModifyCompanyDocumentSearchForm.do?lang=EN&company_search=NEWMONT CORPORATION&document_selection=0&industry_group=A&FromDate=13&FromMonth=05&FromYear=2000&ToDate=13&ToMonth=11&ToYear=2020&Variable=Issuer,1620595671,17:27:51,20210509
2,2018-12-31,NGT.TO,USD,2018-12-31,2018-12-31,FY,7253000000,5308000000,1945000000,0.26816489728388254,153000000.0,244000000.0,0.0,24000000.0,766000000.0,6074000000,207000000.0,1215000000,2394000000,0.3300703157314215,1179000000.0,0.162553426168482,-290000000.0,738000000.0,0.10175099958637805,386000000.0,341000000,0.04701502826416655,0.6397748592870544,0.6373831775700934,533000000,535000000,https://www.sedar.com/ModifyCompanyDocumentSearchForm.do?lang=EN&company_search=NEWMONT CORPORATION&document_selection=0&industry_group=A&FromDate=13&FromMonth=05&FromYear=2000&ToDate=13&ToMonth=11&ToYear=2020&Variable=Issuer,https://www.sedar.com/ModifyCompanyDocumentSearchForm.do?lang=EN&company_search=NEWMONT CORPORATION&document_selection=0&industry_group=A&FromDate=13&FromMonth=05&FromYear=2000&ToDate=13&ToMonth=11&ToYear=2020&Variable=Issuer,1620595671,17:27:51,20210509
3,2017-12-31,NGT.TO,USD,2017-12-31,2017-12-31,FY,7348000000,5287000000,2061000000,0.28048448557430594,143000000.0,237000000.0,0.0,18000000.0,752000000.0,6039000000,241000000.0,1249000000,2558000000,0.34812193794229723,1309000000.0,0.1781437125748503,-4000000.0,1092000000.0,0.14861186717474142,1125000000.0,-98000000,-0.013336962438758846,-0.18386491557223264,-0.18317757009345795,533000000,535000000,https://www.sedar.com/ModifyCompanyDocumentSearchForm.do?lang=EN&company_search=NEWMONT CORPORATION&document_selection=0&industry_group=A&FromDate=13&FromMonth=05&FromYear=2000&ToDate=13&ToMonth=11&ToYear=2020&Variable=Issuer,https://www.sedar.com/ModifyCompanyDocumentSearchForm.do?lang=EN&company_search=NEWMONT CORPORATION&document_selection=0&industry_group=A&FromDate=13&FromMonth=05&FromYear=2000&ToDate=13&ToMonth=11&ToYear=2020&Variable=Issuer,1620595671,17:27:51,20210509
4,2016-12-31,NGT.TO,USD,2016-12-31,2016-12-31,FY,6711000000,4992000000,1719000000,0.2561466249441216,134000000.0,233000000.0,0.0,25000000.0,710000000.0,5702000000,273000000.0,1220000000,2229000000,0.33214126061689764,1009000000.0,0.15035017136045298,-950000000.0,-214000000.0,-0.03188794516465505,563000000.0,-627000000,-0.09342869915064819,-1.18,-1.18,531355932,531355932,https://www.sedar.com/ModifyCompanyDocumentSearchForm.do?lang=EN&company_search=NEWMONT CORPORATION&document_selection=0&industry_group=A&FromDate=13&FromMonth=05&FromYear=2000&ToDate=13&ToMonth=11&ToYear=2020&Variable=Issuer,https://www.sedar.com/ModifyCompanyDocumentSearchForm.do?lang=EN&company_search=NEWMONT CORPORATION&document_selection=0&industry_group=A&FromDate=13&FromMonth=05&FromYear=2000&ToDate=13&ToMonth=11&ToYear=2020&Variable=Issuer,1620595671,17:27:51,20210509
5,2015-12-31,NGT.TO,USD,2015-12-31,2015-12-31,FY,7729000000,5551000000,2178000000,0.2817958338724285,133000000.0,183000000.0,0.0,13000000.0,906000000.0,6457000000,325000000.0,1239000000,2511000000,0.32488032086945273,1272000000.0,0.16457497735800233,19000000.0,966000000.0,0.12498382714452064,644000000.0,220000000,0.028464225643679647,0.43,0.43,511627907,511627907,https://www.sedar.com/ModifyCompanyDocumentSearchForm.do?lang=EN&company_search=NEWMONT CORPORATION&document_selection=0&industry_group=A&FromDate=13&FromMonth=05&FromYear=2000&ToDate=13&ToMonth=11&ToYear=2020&Variable=Issuer,https://www.sedar.com/ModifyCompanyDocumentSearchForm.do?lang=EN&company_search=NEWMONT CORPORATION&document_selection=0&industry_group=A&FromDate=13&FromMonth=05&FromYear=2000&ToDate=13&ToMonth=11&ToYear=2020&Variable=Issuer,1620595671,17:27:51,20210509
6,2014-12-31,NGT.TO,USD,2014-12-31,2014-12-31,FY,7292000000,5686000000,1606000000,0.22024136039495337,161000000.0,186000000.0,0.0,21000000.0,828000000.0,6514000000,361000000.0,1229000000,2007000000,0.2752331321996709,778000000.0,0.10669226549643444,85000000.0,506000000.0,0.0693911135490949,133000000.0,508000000,0.06966538672517827,1.02,1.02,498039216,498039216,https://www.sedar.com/ModifyCompanyDocumentSearchForm.do?lang=EN&company_search=NEWMONT CORPORATION&document_selection=0&industry_group=A&FromDate=13&FromMonth=05&FromYear=2000&ToDate=13&ToMonth=11&ToYear=2020&Variable=Issuer,https://www.sedar.com/ModifyCompanyDocumentSearchForm.do?lang=EN&company_search=NEWMONT CORPORATION&document_selection=0&industry_group=A&FromDate=13&FromMonth=05&FromYear=2000&ToDate=13&ToMonth=11&ToYear=2020&Variable=Issuer,1620595671,17:27:51,20210509
7,2013-12-31,NGT.TO,USD,2013-12-31,2013-12-31,FY,8322000000,6548000000,1774000000,0.21316991107906752,222000000.0,203000000.0,0.0,20000000.0,950000000.0,7498000000,303000000.0,1362000000,2186000000,0.262677241047825,824000000.0,0.09901465993751501,-4119000000.0,-3585000000.0,-0.4307858687815429,-813000000.0,-2462000000,-0.2958423455900024,-4.94,-4.94,498380567,498380567,https://www.sedar.com/ModifyCompanyDocumentSearchForm.do?lang=EN&company_search=NEWMONT CORPORATION&document_selection=0&industry_group=A&FromDate=13&FromMonth=05&FromYear=2000&ToDate=13&ToMonth=11&ToYear=2020&Variable=Issuer,https://www.sedar.com/ModifyCompanyDocumentSearchForm.do?lang=EN&company_search=NEWMONT CORPORATION&document_selection=0&industry_group=A&FromDate=13&FromMonth=05&FromYear=2000&ToDate=13&ToMonth=11&ToYear=2020&Variable=Issuer,1620595671,17:27:51,20210509
8,2012-12-31,NGT.TO,USD,2012-12-31,2012-12-31,FY,9868000000,5270000000,4598000000,0.4659505472233482,348000000.0,212000000.0,0.0,25000000.0,1276000000.0,6546000000,249000000.0,1032000000,4354000000,0.4412241588974463,3322000000.0,0.33664369679773004,29000000.0,3114000000.0,0.3155654641264694,869000000.0,1809000000,0.18331982164572355,3.65,3.63,496000000,499000000,https://www.sedar.com/ModifyCompanyDocumentSearchForm.do?lang=EN&company_search=NEWMONT CORPORATION&document_selection=0&industry_group=A&FromDate=13&FromMonth=05&FromYear=2000&ToDate=13&ToMonth=11&ToYear=2020&Variable=Issuer,https://www.sedar.com/ModifyCompanyDocumentSearchForm.do?lang=EN&company_search=NEWMONT CORPORATION&document_selection=0&industry_group=A&FromDate=13&FromMonth=05&FromYear=2000&ToDate=13&ToMonth=11&ToYear=2020&Variable=Issuer,1620595671,17:27:51,20210509
9,2011-12-31,NGT.TO,USD,2011-12-31,2011-12-31,FY,10358000000,4240000000,6118000000,0.5906545665186329,373000000.0,318000000.0,0.0,0.0,1992000000.0,6232000000,244000000.0,1036000000,5162000000,0.4983587565167021,4126000000.0,0.39833944776983976,-2072000000.0,1810000000.0,0.17474415910407415,713000000.0,366000000,0.0353350067580614,0.74,0.73,494000000,504000000,https://www.sedar.com/ModifyCompanyDocumentSearchForm.do?lang=EN&company_search=NEWMONT CORPORATION&document_selection=0&industry_group=A&FromDate=13&FromMonth=05&FromYear=2000&ToDate=13&ToMonth=11&ToYear=2020&Variable=Issuer,https://www.sedar.com/ModifyCompanyDocumentSearchForm.do?lang=EN&company_search=NEWMONT CORPORATION&document_selection=0&industry_group=A&FromDate=13&FromMonth=05&FromYear=2000&ToDate=13&ToMonth=11&ToYear=2020&Variable=Issuer,1620595671,17:27:51,20210509
10,2010-12-31,NGT.TO,USD,2010-12-31,2010-12-31,FY,9540000000,3484000000,6056000000,0.6348008385744235,216000000.0,0.0,0.0,0.0,1818000000.0,5302000000,279000000.0,945000000,5183000000,0.5432914046121593,4238000000.0,0.4442348008385744,27000000.0,3997000000.0,0.4189727463312369,856000000.0,2277000000,0.23867924528301887,4.63,4.55,492000000,500000000,https://www.sedar.com/ModifyCompanyDocumentSearchForm.do?lang=EN&company_search=NEWMONT CORPORATION&document_selection=0&industry_group=A&FromDate=13&FromMonth=05&FromYear=2000&ToDate=13&ToMonth=11&ToYear=2020&Variable=Issuer,https://www.sedar.com/ModifyCompanyDocumentSearchForm.do?lang=EN&company_search=NEWMONT CORPORATION&document_selection=0&industry_group=A&FromDate=13&FromMonth=05&FromYear=2000&ToDate=13&ToMonth=11&ToYear=2020&Variable=Issuer,1620595671,17:27:51,20210509
11,2009-12-31,NGT.TO,USD,2009-12-31,2009-12-31,FY,7705000000,3236000000,4469000000,0.5800129785853342,135000000.0,193000000.0,0.0,0.0,1517000000.0,4753000000,120000000.0,806000000,3758000000,0.48773523685918235,2952000000.0,0.3831278390655419,65000000.0,2913000000.0,0.3780661907852044,788000000.0,1297000000,0.1683322517845555,2.66,2.66,487000000,487000000,https://www.sedar.com/ModifyCompanyDocumentSearchForm.do?lang=EN&company_search=NEWMONT CORPORATION&document_selection=0&industry_group=A&FromDate=13&FromMonth=05&FromYear=2000&ToDate=13&ToMonth=11&ToYear=2020&Variable=Issuer,https://www.sedar.com/ModifyCompanyDocumentSearchForm.do?lang=EN&company_search=NEWMONT CORPORATION&document_selection=0&industry_group=A&FromDate=13&FromMonth=05&FromYear=2000&ToDate=13&ToMonth=11&ToYear=2020&Variable=Issuer,1620595671,17:27:51,20210509
12,2008-12-31,NGT.TO,USD,2008-12-31,2008-12-31,FY,6199000000,3358000000,2841000000,0.4582997257622197,166000000.0,176000000.0,0.0,0.0,1449000000.0,4807000000,102000000.0,747000000,2139000000,0.3450556541377642,1392000000.0,0.22455234715276656,-153000000.0,1276000000.0,0.2058396515567027,113000000.0,853000000,0.13760283916760768,1.88,1.87,454000000,455000000,https://www.sedar.com/ModifyCompanyDocumentSearchForm.do?lang=EN&company_search=NEWMONT CORPORATION&document_selection=0&industry_group=A&FromDate=13&FromMonth=05&FromYear=2000&ToDate=13&ToMonth=11&ToYear=2020&Variable=Issuer,https://www.sedar.com/ModifyCompanyDocumentSearchForm.do?lang=EN&company_search=NEWMONT CORPORATION&document_selection=0&industry_group=A&FromDate=13&FromMonth=05&FromYear=2000&ToDate=13&ToMonth=11&ToYear=2020&Variable=Issuer,1620595671,17:27:51,20210509
13,2007-12-31,NGT.TO,USD,2007-12-31,2007-12-31,FY,5526000000,2978000000,2548000000,0.46109301483894316,62000000.0,0.0,0.0,0.0,1225000000.0,4203000000,0.0,695000000,2018000000,0.3651827723488961,1323000000.0,0.23941368078175895,-2793000000.0,-763000000.0,-0.1380745566413319,200000000.0,-1886000000,-0.341295693087224,-4.17,-4.17,452000000,452000000,https://www.sedar.com/ModifyCompanyDocumentSearchForm.do?lang=EN&company_search=NEWMONT CORPORATION&document_selection=0&industry_group=A&FromDate=13&FromMonth=05&FromYear=2000&ToDate=13&ToMonth=11&ToYear=2020&Variable=Issuer,https://www.sedar.com/ModifyCompanyDocumentSearchForm.do?lang=EN&company_search=NEWMONT CORPORATION&document_selection=0&industry_group=A&FromDate=13&FromMonth=05&FromYear=2000&ToDate=13&ToMonth=11&ToYear=2020&Variable=Issuer,1620595671,17:27:51,20210509
14,2006-12-31,NGT.TO,USD,2006-12-31,2006-12-31,FY,4987000000,2685000000,2302000000,0.4616001604170844,94000000.0,0.0,0.0,0.0,879000000.0,3564000000,0.0,636000000,2059000000,0.41287347102466415,1423000000.0,0.285341888911169,191000000.0,1625000000.0,0.32584720272709045,424000000.0,791000000,0.15861239221977141,1.76,1.75,450000000,452000000,https://www.sedar.com/ModifyCompanyDocumentSearchForm.do?lang=EN&company_search=NEWMONT CORPORATION&document_selection=0&industry_group=A&FromDate=13&FromMonth=05&FromYear=2000&ToDate=13&ToMonth=11&ToYear=2020&Variable=Issuer,https://www.sedar.com/ModifyCompanyDocumentSearchForm.do?lang=EN&company_search=NEWMONT CORPORATION&document_selection=0&industry_group=A&FromDate=13&FromMonth=05&FromYear=2000&ToDate=13&ToMonth=11&ToYear=2020&Variable=Issuer,1620595671,17:27:51,20210509
15,2005-12-31,NGT.TO,USD,2005-12-31,2005-12-31,FY,4406000000,2578000000,1828000000,0.4148887880163413,73000000.0,0.0,0.0,0.0,851000000.0,3429000000,0.0,644000000,1621000000,0.36790739900136177,977000000.0,0.22174307762142534,105000000.0,1064000000.0,0.24148887880163414,314000000.0,322000000,0.07308216068996823,0.7219730941704036,0.7171492204899778,446000000,449000000,https://www.sedar.com/ModifyCompanyDocumentSearchForm.do?lang=EN&company_search=NEWMONT CORPORATION&document_selection=0&industry_group=A&FromDate=13&FromMonth=05&FromYear=2000&ToDate=13&ToMonth=11&ToYear=2020&Variable=Issuer,https://www.sedar.com/ModifyCompanyDocumentSearchForm.do?lang=EN&company_search=NEWMONT CORPORATION&document_selection=0&industry_group=A&FromDate=13&FromMonth=05&FromYear=2000&ToDate=13&ToMonth=11&ToYear=2020&Variable=Issuer,1620595671,17:27:51,20210509
16,2004-12-31,NGT.TO,USD,2004-12-31,2004-12-31,FY,4524185000,2495639000,2028546000,0.44837821618700385,0.0,0.0,0.0,0.0,812370000.0,3308009000,0.0,696522000,1912698000,0.42277183625338044,1216176000.0,0.2688165934858986,-185105000.0,1099005000.0,0.2429177851922501,275882000.0,443327000,0.09799046679125632,1.0,0.99,443463000,446511000,https://www.sedar.com/ModifyCompanyDocumentSearchForm.do?lang=EN&company_search=NEWMONT CORPORATION&document_selection=0&industry_group=A&FromDate=13&FromMonth=05&FromYear=2000&ToDate=13&ToMonth=11&ToYear=2020&Variable=Issuer,https://www.sedar.com/ModifyCompanyDocumentSearchForm.do?lang=EN&company_search=NEWMONT CORPORATION&document_selection=0&industry_group=A&FromDate=13&FromMonth=05&FromYear=2000&ToDate=13&ToMonth=11&ToYear=2020&Variable=Issuer,1620595671,17:27:51,20210509
17,2003-12-31,NGT.TO,USD,2003-12-31,2003-12-31,FY,3214000000,1816000000,1398000000,0.43497199751088983,0.0,0.0,0.0,0.0,694000000.0,2510000000,0.0,564000000,1268000000,0.39452395768512755,704000000.0,0.21904169259489734,441000000.0,925000000.0,0.28780336029869324,207000000.0,475000000,0.1477909147479776,1.16,1.15,410600000,413723000,https://www.sedar.com/ModifyCompanyDocumentSearchForm.do?lang=EN&company_search=NEWMONT CORPORATION&document_selection=0&industry_group=A&FromDate=13&FromMonth=05&FromYear=2000&ToDate=13&ToMonth=11&ToYear=2020&Variable=Issuer,https://www.sedar.com/ModifyCompanyDocumentSearchForm.do?lang=EN&company_search=NEWMONT CORPORATION&document_selection=0&industry_group=A&FromDate=13&FromMonth=05&FromYear=2000&ToDate=13&ToMonth=11&ToYear=2020&Variable=Issuer,1620595671,17:27:51,20210509
18,2002-12-31,NGT.TO,USD,2002-12-31,2002-12-31,FY,2745000000,1660834000,1084166000,0.39496029143898,0.0,0.0,0.0,0.0,779944000.0,2440778000,0.0,505598000,809820000,0.2950163934426229,304222000.0,0.11082768670309653,38242000.0,170260000.0,0.062025500910746816,19900000.0,158061000,0.05758142076502732,0.42,0.41,370940000,372975000,https://www.sedar.com/ModifyCompanyDocumentSearchForm.do?lang=EN&company_search=NEWMONT CORPORATION&document_selection=0&industry_group=A&FromDate=13&FromMonth=05&FromYear=2000&ToDate=13&ToMonth=11&ToYear=2020&Variable=Issuer,https://www.sedar.com/ModifyCompanyDocumentSearchForm.do?lang=EN&company_search=NEWMONT CORPORATION&document_selection=0&industry_group=A&FromDate=13&FromMonth=05&FromYear=2000&ToDate=13&ToMonth=11&ToYear=2020&Variable=Issuer,1620595671,17:27:51,20210509
19,2001-12-31,NGT.TO,USD,2001-12-31,2001-12-31,FY,1656000000,1148000000,508000000,0.30676328502415456,0.0,73000000.0,0.0,0.0,492000000.0,1640000000,0.0,300000000,316000000,0.19082125603864733,16000000.0,0.00966183574879227,-67000000.0,-76000000.0,-0.04589371980676329,-53000000.0,-23000000,-0.013888888888888888,-0.16,-0.16,195059000,195059000,https://www.sedar.com/ModifyCompanyDocumentSearchForm.do?lang=EN&company_search=NEWMONT CORPORATION&document_selection=0&industry_group=A&FromDate=13&FromMonth=05&FromYear=2000&ToDate=13&ToMonth=11&ToYear=2020&Variable=Issuer,https://www.sedar.com/ModifyCompanyDocumentSearchForm.do?lang=EN&company_search=NEWMONT CORPORATION&document_selection=0&industry_group=A&FromDate=13&FromMonth=05&FromYear=2000&ToDate=13&ToMonth=11&ToYear=2020&Variable=Issuer,1620595671,17:27:51,20210509
20,2000-12-31,NGT.TO,USD,2000-12-31,2000-12-31,FY,1566673000,908522000,658151000,0.42009468472361494,0.0,118540000.0,0.0,0.0,517428000.0,1425950000,0.0,293121000,433844000,0.27692058266147435,140723000.0,0.08982282837580018,-94059000.0,770000.0,0.0004914873748382719,11310000.0,-18947000,-0.012093780897481478,-0.11,-0.11,168078000,168078000,https://www.sedar.com/ModifyCompanyDocumentSearchForm.do?lang=EN&company_search=NEWMONT CORPORATION&document_selection=0&industry_group=A&FromDate=13&FromMonth=05&FromYear=2000&ToDate=13&ToMonth=11&ToYear=2020&Variable=Issuer,https://www.sedar.com/ModifyCompanyDocumentSearchForm.do?lang=EN&company_search=NEWMONT CORPORATION&document_selection=0&industry_group=A&FromDate=13&FromMonth=05&FromYear=2000&ToDate=13&ToMonth=11&ToYear=2020&Variable=Issuer,1620595671,17:27:51,20210509
21,1999-12-31,NGT.TO,USD,1999-12-31,1999-12-31,FY,1398900000,775200000,623700000,0.44585031095861033,0.0,110200000.0,0.0,0.0,406600000.0,1181800000,0.0,296400000,513500000,0.36707412967331476,217100000.0,0.15519336621631283,-75600000.0,39200000.0,0.028022017299306597,14400000.0,24800000,0.01772821502609193,0.15,0.15,165333333,165333333,https://www.sedar.com/ModifyCompanyDocumentSearchForm.do?lang=EN&company_search=NEWMONT CORPORATION&document_selection=0&industry_group=A&FromDate=13&FromMonth=05&FromYear=2000&ToDate=13&ToMonth=11&ToYear=2020&Variable=Issuer,https://www.sedar.com/ModifyCompanyDocumentSearchForm.do?lang=EN&company_search=NEWMONT CORPORATION&document_selection=0&industry_group=A&FromDate=13&FromMonth=05&FromYear=2000&ToDate=13&ToMonth=11&ToYear=2020&Variable=Issuer,1620595671,17:27:51,20210509
22,1998-12-31,NGT.TO,USD,1998-12-31,1998-12-31,FY,1453900000,851700000,602200000,0.414196299607951,0.0,664600000.0,0.0,0.0,1006300000.0,1858000000,0.0,341700000,-62400000,-0.04291904532636357,-404100000.0,-0.27794208680101795,11900000.0,-541400000.0,-0.3723777426232891,-180900000.0,-393400000,-0.2705825710158883,-2.47,-2.47,159271255,159271255,https://www.sedar.com/ModifyCompanyDocumentSearchForm.do?lang=EN&company_search=NEWMONT CORPORATION&document_selection=0&industry_group=A&FromDate=13&FromMonth=05&FromYear=2000&ToDate=13&ToMonth=11&ToYear=2020&Variable=Issuer,https://www.sedar.com/ModifyCompanyDocumentSearchForm.do?lang=EN&company_search=NEWMONT CORPORATION&document_selection=0&industry_group=A&FromDate=13&FromMonth=05&FromYear=2000&ToDate=13&ToMonth=11&ToYear=2020&Variable=Issuer,1620595671,17:27:51,20210509
23,1997-12-31,NGT.TO,USD,1997-12-31,1997-12-31,FY,1572800000,744800000,828000000,0.5264496439471007,98400000.0,66400000.0,0.0,0.0,485800000.0,1230600000,0.0,321000000,663200000,0.42166836215666326,342200000.0,0.2175737538148525,-295900000.0,60500000.0,0.038466429298067144,-7900000.0,68400000,0.043489318413021366,0.44,0.44,155454545,155454545,https://www.sedar.com/ModifyCompanyDocumentSearchForm.do?lang=EN&company_search=NEWMONT CORPORATION&document_selection=0&industry_group=A&FromDate=13&FromMonth=05&FromYear=2000&ToDate=13&ToMonth=11&ToYear=2020&Variable=Issuer,https://www.sedar.com/ModifyCompanyDocumentSearchForm.do?lang=EN&company_search=NEWMONT CORPORATION&document_selection=0&industry_group=A&FromDate=13&FromMonth=05&FromYear=2000&ToDate=13&ToMonth=11&ToYear=2020&Variable=Issuer,1620595671,17:27:51,20210509
24,1996-12-31,NGT.TO,USD,1996-12-31,1996-12-31,FY,768500000,476100000,292400000,0.3804814573845153,0.0,120700000.0,0.0,0.0,245500000.0,721600000,0.0,124800000,171700000,0.22342225113858166,46900000.0,0.06102797657774886,71700000.0,65700000.0,0.08549121665582303,-19400000.0,85100000,0.11073519843851659,0.63,0.63,120800000,120800000,https://www.sedar.com/ModifyCompanyDocumentSearchForm.do?lang=EN&company_search=NEWMONT CORPORATION&document_selection=0&industry_group=A&FromDate=13&FromMonth=05&FromYear=2000&ToDate=13&ToMonth=11&ToYear=2020&Variable=Issuer,https://www.sedar.com/ModifyCompanyDocumentSearchForm.do?lang=EN&company_search=NEWMONT CORPORATION&document_selection=0&industry_group=A&FromDate=13&FromMonth=05&FromYear=2000&ToDate=13&ToMonth=11&ToYear=2020&Variable=Issuer,1620595671,17:27:51,20210509
25,1995-12-31,NGT.TO,USD,1995-12-31,1995-12-31,FY,636200000,370600000,265600000,0.41747878025778057,0.0,164700000.0,0.0,0.0,271500000.0,642100000,0.0,106800000,100900000,0.15859792518076077,-5900000.0,-0.00927381326626847,184200000.0,129600000.0,0.20370952530650738,17000000.0,112600000,0.17698836843759824,0.95,0.95,106000000,106000000,https://www.sedar.com/ModifyCompanyDocumentSearchForm.do?lang=EN&company_search=NEWMONT CORPORATION&document_selection=0&industry_group=A&FromDate=13&FromMonth=05&FromYear=2000&ToDate=13&ToMonth=11&ToYear=2020&Variable=Issuer,https://www.sedar.com/ModifyCompanyDocumentSearchForm.do?lang=EN&company_search=NEWMONT CORPORATION&document_selection=0&industry_group=A&FromDate=13&FromMonth=05&FromYear=2000&ToDate=13&ToMonth=11&ToYear=2020&Variable=Issuer,1620595671,17:27:51,20210509
26,1994-12-31,NGT.TO,USD,1994-12-31,1994-12-31,FY,597400000,326400000,271000000,0.45363240709742214,0.0,153700000.0,0.0,0.0,244800000.0,571200000,0.0,91100000,117300000,0.19635085369936392,26200000.0,0.04385671242048878,37700000.0,46800000.0,0.07833947104117844,-29300000.0,76100000,0.1273853364579846,0.8,0.8,75375000,75375000,https://www.sedar.com/ModifyCompanyDocumentSearchForm.do?lang=EN&company_search=NEWMONT CORPORATION&document_selection=0&industry_group=A&FromDate=13&FromMonth=05&FromYear=2000&ToDate=13&ToMonth=11&ToYear=2020&Variable=Issuer,https://www.sedar.com/ModifyCompanyDocumentSearchForm.do?lang=EN&company_search=NEWMONT CORPORATION&document_selection=0&industry_group=A&FromDate=13&FromMonth=05&FromYear=2000&ToDate=13&ToMonth=11&ToYear=2020&Variable=Issuer,1620595671,17:27:51,20210509
27,1993-12-31,NGT.TO,USD,1993-12-31,1993-12-31,FY,634300000,339200000,295100000,0.4652372694308687,0.0,103000000.0,0.0,0.0,213000000.0,552200000,0.0,110000000,192100000,0.30285353933469966,82100000.0,0.12943402175626675,54600000.0,113300000.0,0.1786221031057859,18600000.0,133200000,0.2099952703767933,2.02,2.02,85491803,85491803,https://www.sedar.com/ModifyCompanyDocumentSearchForm.do?lang=EN&company_search=NEWMONT CORPORATION&document_selection=0&industry_group=A&FromDate=13&FromMonth=05&FromYear=2000&ToDate=13&ToMonth=11&ToYear=2020&Variable=Issuer,https://www.sedar.com/ModifyCompanyDocumentSearchForm.do?lang=EN&company_search=NEWMONT CORPORATION&document_selection=0&industry_group=A&FromDate=13&FromMonth=05&FromYear=2000&ToDate=13&ToMonth=11&ToYear=2020&Variable=Issuer,1620595671,17:27:51,20210509
28,1992-12-31,NGT.TO,USD,1992-12-31,1992-12-31,FY,613200000,323300000,289900000,0.47276581865622963,0.0,87400000.0,0.0,0.0,186200000.0,509500000,0.0,98800000,202500000,0.3302348336594912,103700000.0,0.16911285061969994,11700000.0,93400000.0,0.15231572080887149,2800000.0,79000000,0.1288323548597521,0.9,0.9,85888889,85888889,https://www.sedar.com/ModifyCompanyDocumentSearchForm.do?lang=EN&company_search=NEWMONT CORPORATION&document_selection=0&industry_group=A&FromDate=13&FromMonth=05&FromYear=2000&ToDate=13&ToMonth=11&ToYear=2020&Variable=Issuer,https://www.sedar.com/ModifyCompanyDocumentSearchForm.do?lang=EN&company_search=NEWMONT CORPORATION&document_selection=0&industry_group=A&FromDate=13&FromMonth=05&FromYear=2000&ToDate=13&ToMonth=11&ToYear=2020&Variable=Issuer,1620595671,17:27:51,20210509
29,1991-12-31,NGT.TO,USD,1991-12-31,1991-12-31,FY,622800000,302100000,320700000,0.5149325626204239,0.0,83800000.0,0.0,0.0,177800000.0,479900000,0.0,94000000,236900000,0.38037893384714194,142900000.0,0.22944765574823378,4800000.0,122200000.0,0.1962106615285806,27900000.0,94300000,0.15141297366730894,1.11,1.11,84954955,84954955,https://www.sedar.com/ModifyCompanyDocumentSearchForm.do?lang=EN&company_search=NEWMONT CORPORATION&document_selection=0&industry_group=A&FromDate=13&FromMonth=05&FromYear=2000&ToDate=13&ToMonth=11&ToYear=2020&Variable=Issuer,https://www.sedar.com/ModifyCompanyDocumentSearchForm.do?lang=EN&company_search=NEWMONT CORPORATION&document_selection=0&industry_group=A&FromDate=13&FromMonth=05&FromYear=2000&ToDate=13&ToMonth=11&ToYear=2020&Variable=Issuer,1620595671,17:27:51,20210509
30,1990-12-31,NGT.TO,USD,1990-12-31,1990-12-31,FY,683500000,357000000,326500000,0.4776883686905633,0.0,82500000.0,0.0,0.0,167300000.0,524300000,0.0,84800000,244000000,0.35698610095098754,159200000.0,0.23291880029261156,137600000.0,240500000.0,0.351865398683248,72000000.0,342600000,0.5012435991221653,4.05,4.05,84592593,84592593,https://www.sedar.com/ModifyCompanyDocumentSearchForm.do?lang=EN&company_search=NEWMONT CORPORATION&document_selection=0&industry_group=A&FromDate=13&FromMonth=05&FromYear=2000&ToDate=13&ToMonth=11&ToYear=2020&Variable=Issuer,https://www.sedar.com/ModifyCompanyDocumentSearchForm.do?lang=EN&company_search=NEWMONT CORPORATION&document_selection=0&industry_group=A&FromDate=13&FromMonth=05&FromYear=2000&ToDate=13&ToMonth=11&ToYear=2020&Variable=Issuer,1620595671,17:27:51,20210509
31,1989-12-31,NGT.TO,USD,1989-12-31,1989-12-31,FY,582100000,322600000,259500000,0.445799690774781,0.0,69000000.0,0.0,0.0,138300000.0,460900000,0.0,69300000,190500000,0.3272633568115444,121200000.0,0.2082116474832503,133600000.0,155700000.0,0.26747981446486857,26200000.0,125900000,0.21628586153581858,1.5,1.5,83933333,83933333,https://www.sedar.com/ModifyCompanyDocumentSearchForm.do?lang=EN&company_search=NEWMONT CORPORATION&document_selection=0&industry_group=A&FromDate=13&FromMonth=05&FromYear=2000&ToDate=13&ToMonth=11&ToYear=2020&Variable=Issuer,https://www.sedar.com/ModifyCompanyDocumentSearchForm.do?lang=EN&company_search=NEWMONT CORPORATION&document_selection=0&industry_group=A&FromDate=13&FromMonth=05&FromYear=2000&ToDate=13&ToMonth=11&ToYear=2020&Variable=Issuer,1620595671,17:27:51,20210509
32,1988-12-31,NGT.TO,USD,1988-12-31,1988-12-31,FY,500100000,279900000,220200000,0.4403119376124775,0.0,45100000.0,0.0,0.0,85500000.0,365400000,0.0,40400000,175100000,0.35012997400519896,134700000.0,0.2693461307738452,126900000.0,138200000.0,0.27634473105378926,46100000.0,174900000,0.34973005398920215,3.05,3.05,84045000,84045000,https://www.sedar.com/ModifyCompanyDocumentSearchForm.do?lang=EN&company_search=NEWMONT CORPORATION&document_selection=0&industry_group=A&FromDate=13&FromMonth=05&FromYear=2000&ToDate=13&ToMonth=11&ToYear=2020&Variable=Issuer,https://www.sedar.com/ModifyCompanyDocumentSearchForm.do?lang=EN&company_search=NEWMONT CORPORATION&document_selection=0&industry_group=A&FromDate=13&FromMonth=05&FromYear=2000&ToDate=13&ToMonth=11&ToYear=2020&Variable=Issuer,1620595671,17:27:51,20210509
33,1987-12-31,NGT.TO,USD,1987-12-31,1987-12-31,FY,514000000,232700000,281300000,0.5472762645914397,0.0,31600000.0,0.0,0.0,101900000.0,334600000,0.0,70300000,249700000,0.4857976653696498,179400000.0,0.3490272373540856,315700000.0,449100000.0,0.8737354085603113,111500000.0,337600000,0.6568093385214008,4.21,4.21,80190024,80190024,https://www.sedar.com/ModifyCompanyDocumentSearchForm.do?lang=EN&company_search=NEWMONT CORPORATION&document_selection=0&industry_group=A&FromDate=13&FromMonth=05&FromYear=2000&ToDate=13&ToMonth=11&ToYear=2020&Variable=Issuer,https://www.sedar.com/ModifyCompanyDocumentSearchForm.do?lang=EN&company_search=NEWMONT CORPORATION&document_selection=0&industry_group=A&FromDate=13&FromMonth=05&FromYear=2000&ToDate=13&ToMonth=11&ToYear=2020&Variable=Issuer,1620595671,17:27:51,20210509
34,1986-12-31,NGT.TO,USD,1986-12-31,1986-12-31,FY,380800000,204900000,175900000,0.46192226890756305,0.0,28200000.0,0.0,0.0,99300000.0,304200000,0.0,71100000,147700000,0.38786764705882354,76600000.0,0.20115546218487396,56100000.0,114600000.0,0.3009453781512605,46100000.0,67800000,0.17804621848739496,0.36,0.36,76022000,76022000,https://www.sedar.com/ModifyCompanyDocumentSearchForm.do?lang=EN&company_search=NEWMONT CORPORATION&document_selection=0&industry_group=A&FromDate=13&FromMonth=05&FromYear=2000&ToDate=13&ToMonth=11&ToYear=2020&Variable=Issuer,https://www.sedar.com/ModifyCompanyDocumentSearchForm.do?lang=EN&company_search=NEWMONT CORPORATION&document_selection=0&industry_group=A&FromDate=13&FromMonth=05&FromYear=2000&ToDate=13&ToMonth=11&ToYear=2020&Variable=Issuer,1620595671,17:27:51,20210509
35,1985-12-31,NGT.TO,USD,1985-12-31,1985-12-31,FY,686100000,632800000,53300000,0.07768546859058446,0.0,25600000.0,0.0,0.0,101700000.0,734500000,0.0,76100000,27700000,0.04037312345139193,-48400000.0,-0.07054365252878589,-40600000.0,-38600000.0,-0.056260020405188745,-53500000.0,16000000,0.023320215711995336,0.22,0.22,72727273,72727273,https://www.sedar.com/ModifyCompanyDocumentSearchForm.do?lang=EN&company_search=NEWMONT CORPORATION&document_selection=0&industry_group=A&FromDate=13&FromMonth=05&FromYear=2000&ToDate=13&ToMonth=11&ToYear=2020&Variable=Issuer,https://www.sedar.com/ModifyCompanyDocumentSearchForm.do?lang=EN&company_search=NEWMONT CORPORATION&document_selection=0&industry_group=A&FromDate=13&FromMonth=05&FromYear=2000&ToDate=13&ToMonth=11&ToYear=2020&Variable=Issuer,1620595671,17:27:51,20210509
