,date,symbol,reportedCurrency,fillingDate,acceptedDate,period,revenue,costOfRevenue,grossProfit,grossProfitRatio,researchAndDevelopmentExpenses,generalAndAdministrativeExpenses,sellingAndMarketingExpenses,otherExpenses,operatingExpenses,costAndExpenses,interestExpense,depreciationAndAmortization,ebitda,ebitdaratio,operatingIncome,operatingIncomeRatio,totalOtherIncomeExpensesNet,incomeBeforeTax,incomeBeforeTaxRatio,incomeTaxExpense,netIncome,netIncomeRatio,eps,epsdiluted,weightedAverageShsOut,weightedAverageShsOutDil,link,finalLink,timestamp,est_time,est_date
0,2015-12-31,PFX,USD,2016-03-15,2016-03-15 16:54:58,FY,1694800000.0,0.0,1694800000.0,1.0,0.0,3000000.0,0.0,27600000.0,30600000.0,30600000.0,28300000.0,83300000.0,-76000000,-0.04484304932735426,-159300000,-0.09399339155062544,-2000000.0,-159300000,-0.09399339155062544,-34300000.0,-133700000.0,-0.07888836440877979,-23.24813,-23.24813,5751000.0,5751000.0,https://www.sec.gov/Archives/edgar/data/1129633/000112963316000029/0001129633-16-000029-index.htm,https://www.sec.gov/Archives/edgar/data/1129633/000112963316000029/pnx-20151231x10k.htm,1620596504,17:41:44,20210509
1,2014-12-31,PFX,USD,2015-03-31,2015-03-30 19:53:14,FY,1666900000.0,1119200000.0,547700000.0,0.3285739996400504,0.0,0.0,0.0,350000000.0,350000000.0,1119200000.0,0.0,125600000.0,-69600000,-0.04175415441838143,-195200000,-0.11710360549523066,-13000000.0,-195200000,-0.11710360549523066,10500000.0,-213200000.0,-0.12790209370688105,-37.09116,-37.09116,5748000.0,5748000.0,https://www.sec.gov/Archives/edgar/data/1129633/000112963315000004/0001129633-15-000004-index.htm,https://www.sec.gov/Archives/edgar/data/1129633/000112963315000004/pnx-20141231x10k.htm,1620596504,17:41:44,20210509
2,2013-12-31,PFX,USD,2014-08-06,2014-08-06 16:47:55,FY,1711300000.0,1026500000.0,684800000.0,0.40016361830187575,0.0,0.0,0.0,335000000.0,335000000.0,1026500000.0,0.0,121900000.0,138800000,0.08110792964413019,16900000,0.00987553322035879,-4000000.0,16900000,0.00987553322035879,9600000.0,5100000.0,0.0029801904984514695,0.8892763731473409,0.8848022206800833,5735000.0,5764000.0,https://www.sec.gov/Archives/edgar/data/1129633/000112963314000005/0001129633-14-000005-index.htm,https://www.sec.gov/Archives/edgar/data/1129633/000112963314000005/pnx-20131231x10k.htm,1620596504,17:41:44,20210509
3,2012-12-31,PFX,USD,2014-04-01,2014-04-01,FY,1789200000.0,1166100000.0,623100000.0,0.3482562038900067,0.0,0.0,0.0,291000000.0,291000000.0,1166100000.0,20200000.0,212000000.0,43500000,0.02431254191817572,-168500000,-0.0941761681198301,30400000.0,-180900000,-0.1011066398390342,-3700000.0,-168500000.0,-0.0941761681198301,-29.20277,-29.20277,5770000.0,5770000.0,https://www.sec.gov/Archives/edgar/data/1129633/000135448814001585/0001354488-14-001585-index.htm,https://www.sec.gov/Archives/edgar/data/1129633/000135448814001585/pnx_10k.htm,1620596504,17:41:44,20210509
4,2011-12-31,PFX,USD,2012-03-15,2012-03-15,FY,1849000000.0,0.0,1849000000.0,1.0,0.0,0.0,0.0,245000000.0,245000000.0,245000000.0,0.0,0.0,30000000,0.016224986479177934,30000000,0.016224986479177934,38000000.0,32000000,0.017306652244456464,1000000.0,8000000.0,0.004326663061114116,1.38122,1.38122,5792000.0,5792000.0,https://www.sec.gov/Archives/edgar/data/1129633/000135448812001152/0001354488-12-001152-index.htm,https://www.sec.gov/Archives/edgar/data/1129633/000135448812001152/pnx_10k.htm,1620596504,17:41:44,20210509
5,2010-12-31,PFX,USD,2011-03-08,2011-03-08 09:19:06,FY,2084000000.0,0.0,2084000000.0,1.0,0.0,0.0,0.0,291000000.0,291000000.0,291000000.0,-31000000.0,0.0,-24000000,-0.011516314779270634,-24000000,-0.011516314779270634,55000000.0,-34000000,-0.016314779270633396,-10000000.0,-12000000.0,-0.005758157389635317,-0.10345,-0.10345,116000000.0,116000000.0,https://www.sec.gov/Archives/edgar/data/1129633/000135448811000747/0001354488-11-000747-index.htm,https://www.sec.gov/Archives/edgar/data/1129633/000135448811000747/pnx_10k.htm,1620596504,17:41:44,20210509
6,2009-12-31,PFX,USD,2010-03-02,2010-03-02 10:18:54,FY,6000000.0,0.0,6000000.0,1.0,0.0,0.0,0.0,2000000.0,2000000.0,2000000.0,-20000000.0,0.0,-195000000,-32.5,-195000000,-32.5,0.0,-16000000,-2.6666666666666665,-121000000.0,-319000000.0,-53.166666666666664,-2.75496,-2.75496,115791000.0,115791000.0,https://www.sec.gov/Archives/edgar/data/1129633/000111650210000184/0001116502-10-000184-index.htm,https://www.sec.gov/Archives/edgar/data/1129633/000111650210000184/pnx_10k.htm,1620596504,17:41:44,20210509
7,2008-12-31,PFX,USD,2009-03-05,2009-03-05 16:52:04,FY,66000000.0,0.0,66000000.0,1.0,0.0,0.0,0.0,17000000.0,17000000.0,17000000.0,-24000000.0,0.0,-174000000,-2.6363636363636362,-174000000,-2.6363636363636362,0.0,25000000,0.3787878787878788,0.0,-726000000.0,-11.0,-6.3476,-6.3476,114374000.0,114374000.0,https://www.sec.gov/Archives/edgar/data/1129633/000111650209000329/0001116502-09-000329-index.htm,https://www.sec.gov/Archives/edgar/data/1129633/000111650209000329/phoenx10k.htm,1620596504,17:41:44,20210509
8,2007-12-31,PFX,USD,2008-02-29,2008-02-29 16:02:51,FY,2572000000.0,0.0,2572000000.0,1.0,0.0,0.0,0.0,439000000.0,439000000.0,439000000.0,-44000000.0,0.0,127000000,0.04937791601866252,127000000,0.04937791601866252,0.0,160000000,0.06220839813374806,-33000000.0,123000000.0,0.04782270606531882,1.07895,1.07895,114000000.0,114000000.0,https://www.sec.gov/Archives/edgar/data/1129633/000119312508043638/0001193125-08-043638-index.htm,https://www.sec.gov/Archives/edgar/data/1129633/000119312508043638/d10k.htm,1620596504,17:41:44,20210509
9,2006-12-31,PFX,USD,2007-03-01,2007-03-01 09:24:26,FY,2578000000.0,0.0,2578000000.0,1.0,0.0,0.0,0.0,422000000.0,422000000.0,422000000.0,-49000000.0,0.0,99000000,0.03840186190845617,99000000,0.03840186190845617,0.0,143000000,0.05546935608999224,0.0,99000000.0,0.03840186190845617,0.9,0.9,110000000.0,110000000.0,https://www.sec.gov/Archives/edgar/data/1129633/000094937707000109/0000949377-07-000109-index.htm,https://www.sec.gov/Archives/edgar/data/1129633/000094937707000109/pnx80444-10k.htm,1620596504,17:41:44,20210509
10,2005-12-31,PFX,USD,2006-03-02,2006-03-02 16:48:51,FY,2608000000.0,0.0,2608000000.0,1.0,0.0,0.0,0.0,477000000.0,477000000.0,477000000.0,-46000000.0,0.0,109000000,0.041794478527607364,109000000,0.041794478527607364,0.0,137000000,0.05253067484662577,0.0,108000000.0,0.04141104294478527,1.13684,1.13684,95000000.0,95000000.0,https://www.sec.gov/Archives/edgar/data/1129633/000095012306002496/0000950123-06-002496-index.htm,https://www.sec.gov/Archives/edgar/data/1129633/000095012306002496/q16585e10vk.htm,1620596504,17:41:44,20210509
