,date,symbol,reportedCurrency,fillingDate,acceptedDate,period,revenue,costOfRevenue,grossProfit,grossProfitRatio,researchAndDevelopmentExpenses,generalAndAdministrativeExpenses,sellingAndMarketingExpenses,otherExpenses,operatingExpenses,costAndExpenses,interestExpense,depreciationAndAmortization,ebitda,ebitdaratio,operatingIncome,operatingIncomeRatio,totalOtherIncomeExpensesNet,incomeBeforeTax,incomeBeforeTaxRatio,incomeTaxExpense,netIncome,netIncomeRatio,eps,epsdiluted,weightedAverageShsOut,weightedAverageShsOutDil,link,finalLink,timestamp,est_time,est_date
0,2020-12-31,AIV,USD,2021-03-12,2021-03-12 06:03:36,FY,151451000,61514000,89937000,0.5938356300057445,0.0,10469000.0,0.0,-2545000.0,88434000.0,149948000.0,27512000,77965000,79468000,0.524710962621574,1503000.0,0.009924001822371593,9979000.0,-15920000,-0.1051165063287796,-10149000.0,-5041000.0,-0.03328469273890565,-0.03,-0.03,148569000,148569000,https://www.sec.gov/Archives/edgar/data/922864/000156459021012671/0001564590-21-012671-index.htm,https://www.sec.gov/Archives/edgar/data/922864/000156459021012671/aiv-10k_20201231.htm,1620586405,14:53:25,20210509
1,2019-12-31,AIV,USD,2020-02-24 00:00:00,2020-02-24 16:44:45,FY,732724000,255991000,476733000,0.6506310698161927,0.0,26288000.0,0.0,0.0,343871000.0,599862000.0,133686000,300967000,433829000,0.592076962130352,132862000.0,0.18132612006703752,-132000.0,70629000,0.09639236602049339,-371000.0,60308000.0,0.08230657109634733,0.39851207532953997,0.39851207532953997,151332930,151332930,https://www.sec.gov/Archives/edgar/data/922864/000156459020006053/0001564590-20-006053-index.html,https://www.sec.gov/Archives/edgar/data/922864/000156459020006053/aiv-10k_20191231.htm,1620586405,14:53:25,20210509
2,2018-12-31,AIV,USD,2019-02-20 00:00:00,2019-02-19 18:24:17,FY,972410000,328822000,643588000,0.6618483972809823,0.0,5766000.0,0.0,3778000.0,427832000.0,756654000.0,200634000,377786000,593542000,0.6103824518464434,215756000.0,0.22187760306866444,77000.0,703576000,0.7235384251498853,-13027000.0,666227000.0,0.6851297292294403,4.40239,4.40239,151332930,151332930,https://www.sec.gov/Archives/edgar/data/922864/000092286419000007/0000922864-19-000007-index.html,https://www.sec.gov/Archives/edgar/data/922864/000092286419000007/a201810-k.htm,1620586405,14:53:25,20210509
3,2017-12-31,AIV,USD,2018-03-01 00:00:00,2018-02-28 21:33:40,FY,1005437000,354584000,650853000,0.6473334480429903,0.0,43657000.0,0.0,11148000.0,456869999.99999994,811454000.0,194615000,366184000,560167000,0.557137841555463,193983000.0,0.19293401774551763,7694000.0,316243000,0.3145328847058543,-32126000.0,315774000.0,0.31406642086973124,2.07673,2.07673,152053450,152053450,https://www.sec.gov/Archives/edgar/data/922864/000092286418000006/0000922864-18-000006-index.html,https://www.sec.gov/Archives/edgar/data/922864/000092286418000006/a201710-k.htm,1620586405,14:53:25,20210509
4,2016-12-31,AIV,USD,2017-02-24 00:00:00,2017-02-24 17:08:46,FY,995854000,354913000,640941000,0.6436094045914361,0.0,46784000.0,0.0,14295000.0,394145000.0,749058000.0,196389000,333066000,579862000,0.5822761167801705,246796000.0,0.24782347613204345,6071000.0,464431000,0.4663645474135767,-25208000.0,430410000.0,0.4322019091151916,2.83798,2.83798,151660700,151660700,https://www.sec.gov/Archives/edgar/data/922864/000092286417000006/0000922864-17-000006-index.html,https://www.sec.gov/Archives/edgar/data/922864/000092286417000006/a201610-k.htm,1620586405,14:53:25,20210509
5,2015-12-31,AIV,USD,2016-02-29 00:00:00,2016-02-26 19:01:05,FY,981310000,359393000,621917000,0.6337620120043616,0.0,49033000.0,0.0,10368000.0,365702000.00000006,725095000.0000001,199685000,306301000,562516000,0.5732296623900704,256215000.0,0.2610948629892694,-11313000.0,63866000,0.06508238986660689,-27524000.0,68117000.0,0.06941435428152164,0.45151,0.45151,150864540,150864540,https://www.sec.gov/Archives/edgar/data/922864/000092286416000078/0000922864-16-000078-index.html,https://www.sec.gov/Archives/edgar/data/922864/000092286416000078/a201510-k.htm,1620586405,14:53:25,20210509
6,2014-12-31,AIV,USD,2015-02-27,2015-02-26 20:42:52,FY,984363000,373316000,611047000,0.6207537260136758,0.0,51505000.0,0.0,12764000.0,348697000.00000006,722013000.0000001,220971000,282608000,544958000,0.5536148758130893,262350000.0,0.2665175346899467,-829000.0,47428000,0.04818141275119037,-20047000.0,20613000.0,0.02094044575019581,0.14559,0.14559,141585930,141585930,https://www.sec.gov/Archives/edgar/data/922864/000092286415000011/a201410-k.htm,https://www.sec.gov/Archives/edgar/data/922864/000092286415000011/a201410-k.htm,1620586405,14:53:25,20210509
7,2013-12-31,AIV,USD,2014-02-21,2014-02-21 16:27:20,FY,974100000,375700000,598400000,0.6143106457242583,0.0,50000000.0,0.0,7400000.0,349300000.0,725000000.0,237048000,291900000,540900000,0.5552817985833076,249000000.0,0.25562057283646444,3700000.0,32600000,0.033466789857304176,-1959000.0,207300000.0,0.2128118263012011,1.46917,1.46917,141100000,141100000,https://www.sec.gov/Archives/edgar/data/922864/000092286414000008/a201310-k.htm,https://www.sec.gov/Archives/edgar/data/922864/000092286414000008/a201310-k.htm,1620586405,14:53:25,20210509
8,2012-12-31,AIV,USD,2013-02-25,2013-02-25 17:12:01,FY,1033200000,402200000,631000000,0.610723964382501,0.0,61600000.0,0.0,15800000.0,430800000.0,833000000.0,246761000,366800000,567000000,0.5487804878048781,200200000.0,0.1937669376693767,25300000.0,-15800000,-0.015292295780100659,-929000.0,132500000.0,0.12824235385210994,1.0161,1.0161,130400000,130400000,https://www.sec.gov/Archives/edgar/data/922864/000092286413000013/a201210-k.htm,https://www.sec.gov/Archives/edgar/data/922864/000092286413000013/a201210-k.htm,1620586405,14:53:25,20210509
9,2011-12-31,AIV,USD,2012-02-23 00:00:00,2012-02-23 12:20:54,FY,1079600000,450000000,629600000,0.583178955168581,0.0,61400000.0,0.0,19600000.0,463299999.99999994,913300000.0,-318500000,378000000,544300000,0.5041682104483142,166300000.0,0.1540385327899222,2900000.0,-149300000,-0.1382919599851797,-7200000.0,-57100000.0,-0.05288995924416451,-0.49352,-0.49352,115700000,115700000,https://www.sec.gov/Archives/edgar/data/922864/000119312512074623/0001193125-12-074623-index.html,https://www.sec.gov/Archives/edgar/data/922864/000119312512074623/d241737d10k.htm,1620586405,14:53:25,20210509
10,2010-12-31,AIV,USD,2011-02-25,2011-02-24 20:16:25,FY,1144900000,510200000,634800000,0.5544589047078348,0.0,67900000.0,0.0,10000000.0,504200000.0,1014400000.0,-324600000,426100000,556600000,0.4861559961568696,130500000.0,0.11398375403965412,9700000.0,-184300000,-0.16097475762075292,-18400000.0,-71700000.0,-0.06262555681718927,-0.63564,-0.63564,112800000,112800000,https://www.sec.gov/Archives/edgar/data/922864/000095012311018075/d79886e10vk.htm,https://www.sec.gov/Archives/edgar/data/922864/000095012311018075/d79886e10vk.htm,1620586405,14:53:25,20210509
11,2009-12-31,AIV,USD,2010-02-26 00:00:00,2010-02-26 17:25:09,FY,1195800000,524000000,671700000,0.5617160060210737,0.0,85300000.0,0.0,17900000.0,561599999.9999999,1085600000.0,324160000,444400000,554600000,0.46378993142666,110200000.0,0.09215587890951664,900000.0,-215700000,-0.18038133467134973,-18700000.0,-64300000.0,-0.053771533701287844,-0.58032,-0.58032,110800000,110800000,https://www.sec.gov/Archives/edgar/data/922864/000095012310018394/0000950123-10-018394-index.html,https://www.sec.gov/Archives/edgar/data/922864/000095012310018394/d71233e10vk.htm,1620586405,14:53:25,20210509
12,2008-12-31,AIV,USD,2009-02-27 00:00:00,2009-02-27 17:24:29,FY,1457900000,652800000,805100000,0.5522326634199877,0.0,99000000.0,0.0,19900000.0,713400000.0000001,1366200000.0,368709000,458600000,550300000,0.37746073118869605,91700000.0,0.06289868989642637,95400000.0,-212100000,-0.1454832293024213,-53400000.0,415500000.0,0.28499897112284794,3.53617,3.53617,117500000,117500000,https://www.sec.gov/Archives/edgar/data/922864/000095013409004049/0000950134-09-004049-index.html,https://www.sec.gov/Archives/edgar/data/922864/000095013409004049/d66458e10vk.htm,1620586405,14:53:25,20210509
13,2007-12-31,AIV,USD,2008-02-29,2008-02-29 16:54:49,FY,1721200000,797100000,924100000,0.5368928654427144,0.0,89300000.0,0.0,-200000.0,583499999.9999999,1380600000.0,422130000,487800000,828400000,0.48129212177550545,340600000.0,0.19788519637462235,27800000.0,-50600000,-0.029398094352777134,0.0,29900000.0,0.017371601208459216,0.22001,0.22001,135900000,135900000,https://www.sec.gov/Archives/edgar/data/922864/000095013408003855/d53485e10vk.htm,https://www.sec.gov/Archives/edgar/data/922864/000095013408003855/d53485e10vk.htm,1620586405,14:53:25,20210509
14,2006-12-31,AIV,USD,2007-03-01 00:00:00,2007-03-01 17:29:36,FY,1691000000,772600000,918400000,0.543110585452395,0.0,101700000.0,0.0,9000000.0,580400000.0,1353000000.0,408075000,470600000,808600000,0.4781785925487877,338000000.0,0.19988172678888233,31800000.0,-29100000,-0.01720875221762271,0.0,176800000.0,0.10455351862803075,1.28957,1.28957,137100000,137100000,https://www.sec.gov/Archives/edgar/data/922864/000103570407000186/0001035704-07-000186-index.html,https://www.sec.gov/Archives/edgar/data/922864/000103570407000186/d42599e10vk.htm,1620586405,14:53:25,20210509
15,2005-12-31,AIV,USD,2006-03-08,2006-03-08 17:31:01,FY,1521500000,723400000,798100000,0.5245481432796583,0.0,92900000.0,0.0,-6300000.0,504800000.00000006,1228200000.0,367860000,412100000,705400000,0.46362142622412095,293300000.0,0.1927702924745317,17900000.0,-40300000,-0.02648701938876109,0.0,71000000.0,0.0466644758462044,0.52827,0.52827,134400000,134400000,https://www.sec.gov/Archives/edgar/data/922864/000103570406000156/d33637e10vk.htm,https://www.sec.gov/Archives/edgar/data/922864/000103570406000156/d33637e10vk.htm,1620586405,14:53:25,20210509
16,2004-12-31,AIV,USD,2005-03-14,2005-03-14 12:42:37,FY,1468900000,689800000,779100000,0.5303968956361903,0.0,78100000.0,0.0,3400000.0,453799999.99999994,1143600000.0,366617000,368800000,694100000,0.4725304649737899,325300000.0,0.2214582340526925,70400000.0,41800000,0.02845666825515692,0.0,263500000.0,0.17938593505344136,1.97674,1.97674,133300000,133300000,https://www.sec.gov/Archives/edgar/data/922864/000103570405000147/d23153e10vk.htm,https://www.sec.gov/Archives/edgar/data/922864/000103570405000147/d23153e10vk.htm,1620586405,14:53:25,20210509
17,2003-12-31,AIV,USD,2004-03-11,2004-03-11 17:23:40,FY,1516300000,693300000,823000000,0.5427685814152872,0.0,31000000.0,0.0,613882000.0,370200000.00000006,1063500000.0,372746000,335100000,787900000,0.5196201279430191,452800000.0,0.2986216447932467,3200000.0,79200000,0.052232407834861175,0.0,158900000.0,0.10479456571918486,1.19384,1.19384,133100000,133100000,https://www.sec.gov/Archives/edgar/data/922864/000104746904007529/a2125839z10-k.htm,https://www.sec.gov/Archives/edgar/data/922864/000104746904007529/a2125839z10-k.htm,1620586405,14:53:25,20210509
18,2002-12-31,AIV,USD,2003-03-07,2003-03-07 17:02:02,FY,1506200000,639700000,866600000,0.5753551985128137,0.0,29400000.0,0.0,10200000.0,332099999.9999999,971799999.9999999,297507000,292600000,827000000,0.5490638693400611,534400000.0,0.3548001593413889,-27900000.0,199100000,0.13218696056300624,0.0,169000000.0,0.11220289470189881,1.36071,1.36071,124200000,124200000,https://www.sec.gov/Archives/edgar/data/922864/000104746903008104/a2104430z10-k.htm,https://www.sec.gov/Archives/edgar/data/922864/000104746903008104/a2104430z10-k.htm,1620586405,14:53:25,20210509
19,2001-12-31,AIV,USD,2002-03-20,2002-03-20 00:00:00,FY,1463600000,626700000,836900000,0.5718092374965837,0.0,31600000.0,0.0,-119480000.0,395900000.0,1022600000.0,315860000,364400000,805300000,0.5502186389723969,440900000.0,0.30124350915550696,17400000.0,119800000,0.08185296529106313,0.0,107300000.0,0.07331238043181197,1.01803,1.01803,105400000,105400000,https://www.sec.gov/Archives/edgar/data/922864/000095013402002348/d94548e10-k405.htm,https://www.sec.gov/Archives/edgar/data/922864/000095013402002348/d94548e10-k405.htm,1620586405,14:53:25,20210509
20,2000-12-31,AIV,USD,2000-12-31,2000-12-31,FY,1100700000,467000000,633700000,0.5757245389297719,0.0,18100000.0,0.0,0.0,350500000.0,817500000.0,-199800000,330000000,613200000,0.557100027255383,283200000.0,0.25729081493594985,26300000.0,109700000,0.0996638502770964,0.0,99200000.0,0.0901244662487508,1.00405,1.00405,98800000,98800000,,,1620586405,14:53:25,20210509
21,1999-12-31,AIV,USD,1999-12-31,1999-12-31,FY,577400000,255600000,321800000,0.5573259438863872,0.0,13100000.0,0.0,0.0,153500000.00000003,409100000.00000006,-82700000,151200000,319400000,0.5531693799792172,168200000.0,0.2913058538275026,-1800000.0,83700000,0.14496016626255628,0.0,81000000.0,0.14028403186698996,0.89207,0.89207,90800000,90800000,,,1620586405,14:53:25,20210509
22,1998-12-31,AIV,USD,1998-12-31,1998-12-31,FY,401200000,175300000,225900000,0.5630608175473579,0.0,14800000.0,0.0,0.0,96699999.99999999,272000000.0,-64300000,101600000,230900000,0.5755234297108675,129300000.0,0.32228315054835494,4700000.0,69700000,0.17372881355932204,0.0,64500000.0,0.16076769690927217,0.94575,0.94575,68200000,68200000,,,1620586405,14:53:25,20210509
23,1997-12-31,AIV,USD,1997-12-31,1997-12-31,FY,206900000,92700000,114200000,0.5519574673755437,0.0,6000000.0,0.0,0.0,40499999.999999985,133199999.99999999,-43500000,43500000,117300000,0.5669405509908169,73800000.0,0.3566940550990817,2700000.0,33000000,0.1594973417109715,0.0,28600000.0,0.13823102948284197,0.81714,0.81714,35000000,35000000,,,1620586405,14:53:25,20210509
24,1996-12-31,AIV,USD,1996-12-31,1996-12-31,FY,108900000,46500000,62400000,0.5730027548209367,0.0,2100000.0,0.0,0.0,22400000.000000007,68900000.0,-24400000,21200000,61200000,0.5619834710743802,40000000.0,0.3673094582185491,0.0,15700000,0.14416896235078053,0.0,13000000.0,0.11937557392102846,0.73034,0.73034,17800000,17800000,,,1620586405,14:53:25,20210509
