,date,symbol,reportedCurrency,fillingDate,acceptedDate,period,revenue,costOfRevenue,grossProfit,grossProfitRatio,researchAndDevelopmentExpenses,generalAndAdministrativeExpenses,sellingAndMarketingExpenses,otherExpenses,operatingExpenses,costAndExpenses,interestExpense,depreciationAndAmortization,ebitda,ebitdaratio,operatingIncome,operatingIncomeRatio,totalOtherIncomeExpensesNet,incomeBeforeTax,incomeBeforeTaxRatio,incomeTaxExpense,netIncome,netIncomeRatio,eps,epsdiluted,weightedAverageShsOut,weightedAverageShsOutDil,link,finalLink,timestamp,est_time,est_date
0,2020-03-31,0803.HK,HKD,2020-03-31,2020-03-31,FY,1950281000,1511549000,438732000.0,0.22495835215540735,0.0,167115000.0,38025000.0,-1728000.0,0.0,1717141000,526811000.0,18054000.0,251194000.0,0.1287988756492013,233140000,0.11954174808655778,0.0,-490799000,-0.25165553066455554,65495000.0,-481992000.0,-0.2471397711406715,-0.3617,-0.3617,1332471206,1332471206,https://www1.hkexnews.hk/search/titlesearch.xhtml,https://www1.hkexnews.hk/search/titlesearch.xhtml,1620584918,14:28:38,20210509
1,2019-03-31,0803.HK,HKD,2019-03-31,2019-03-31,FY,2330968000,2285881000,45087000.0,0.019342607877928825,0.0,244487000.0,74289000.0,0.0,0.0,3292539000,242854000.0,36830000.0,-924741000.0,-0.39671973188821125,-961571000,-0.41252003459506953,0.0,-2025033000,-0.8687519519787488,-90337000.0,-1829401000.0,-0.7848245878965305,-1.182072,-1.182072,1547643926,1547643926,https://www1.hkexnews.hk/search/titlesearch.xhtml,https://www1.hkexnews.hk/search/titlesearch.xhtml,1620584918,14:28:38,20210509
2,2018-03-31,0803.HK,HKD,2018-03-31,2018-03-31,FY,4479820000,4199557000,280263000.0,0.06256121897754821,0.0,221664000.0,96522000.0,0.0,0.0,5327386000,216427000.0,149017000.0,-698549000.0,-0.1559323812117451,-847566000,-0.18919644092843016,0.0,-1009071000,-0.22524811264738315,-19629000.0,-961012000.0,-0.21452022625909076,-0.676704,-0.676704,1419624112,1419624112,https://www1.hkexnews.hk/search/titlesearch.xhtml,https://www1.hkexnews.hk/search/titlesearch.xhtml,1620584918,14:28:38,20210509
3,2017-03-31,0803.HK,HKD,2017-03-31,2017-03-31,FY,4521452000,4203705000,317747000.0,0.07027543364388254,0.0,296839000.0,68090000.0,-43026000.0,0.0,4648324000,195856000.0,64575000.0,-62297000.0,-0.01377809606294615,-126872000,-0.0280600125800296,0.0,-62929000,-0.013917874169625156,64953000.0,-119733000.0,-0.026481095011071664,-0.101633,-0.101633,1182340136,1182340136,https://www1.hkexnews.hk/search/titlesearch.xhtml,https://www1.hkexnews.hk/search/titlesearch.xhtml,1620584918,14:28:38,20210509
4,2016-03-31,0803.HK,HKD,2016-03-31,2016-03-31,FY,2008509000,1970206000,38303000.0,0.01907036513154783,0.0,296033000.0,87298000.0,0.0,0.0,2984819000,200667000.0,53331000.0,-922979000.0,-0.45953441084904273,-976310000,-0.4860869431005786,0.0,-306487000,-0.15259428760339136,262000.0,-263209000.0,-0.1310469607056777,-0.232061,-0.232061,1135554522,1135554522,https://www1.hkexnews.hk/search/titlesearch.xhtml,https://www1.hkexnews.hk/search/titlesearch.xhtml,1620584918,14:28:38,20210509
5,2015-03-31,0803.HK,HKD,2015-03-31,2015-03-31,FY,3578700000,3388314000,190386000.0,0.05319976527789421,0.0,386174000.0,56132000.0,0.0,0.0,4786196000,248068000.0,39790000.0,-1167706000.0,-0.3262933467460251,-1207496000,-0.3374119093525582,0.0,-635509000,-0.17758096515494454,122392000.0,-839453000.0,-0.23456925699276274,-0.956194,-0.956194,878039510,878039510,https://www1.hkexnews.hk/search/titlesearch.xhtml,https://www1.hkexnews.hk/search/titlesearch.xhtml,1620584918,14:28:38,20210509
6,2014-03-31,0803.HK,HKD,2014-03-31,2014-03-31,FY,5451942000,4787030000,664912000.0,0.12195874424196002,0.0,281332000.0,39107000.0,0.0,0.0,4990278000,239397000.0,7209000.0,468873000.0,0.08600109832423015,461664000,0.0846788171994493,0.0,729353000,0.1337785691777352,442177000.0,130717000.0,0.02397622718656948,0.173114,0.173114,755067935,755067935,https://www1.hkexnews.hk/search/titlesearch.xhtml,https://www1.hkexnews.hk/search/titlesearch.xhtml,1620584918,14:28:38,20210509
7,2013-03-31,0803.HK,HKD,2013-03-31,2013-03-31,FY,3512306000,3439509000,72797000.0,0.020726269294304083,0.0,281089000.0,82164000.0,0.0,0.0,3780030000,60826000.0,4548000.0,-263176000.0,-0.07492969006686775,-267724000,-0.07622456585502516,0.0,-309758000,-0.08819220193229178,8737000.0,-205841000.0,-0.058605656796418076,-0.272545,-0.27263,755067935,778253237,https://www1.hkexnews.hk/search/titlesearch.xhtml,https://www1.hkexnews.hk/search/titlesearch.xhtml,1620584918,14:28:38,20210509
8,2012-03-31,0803.HK,HKD,2012-03-31,2012-03-31,FY,6190034000,6068008000,122026000.0,0.019713300443907095,0.0,297265000.0,50973000.0,42412000.0,0.0,6357659000,35689000.0,4765000.0,-162860000.0,-0.026310033192063244,-167625000,-0.027079818947682677,0.0,-19956000,-0.0032238918235344104,15956000.0,-49387000.0,-0.00797846990824283,-0.065214,-0.065214,755067935,755067935,https://www1.hkexnews.hk/search/titlesearch.xhtml,https://www1.hkexnews.hk/search/titlesearch.xhtml,1620584918,14:28:38,20210509
9,2011-03-31,0803.HK,HKD,2011-03-31,2011-03-31,FY,8136491000,7968358000,168133000.0,0.020664067593757555,0.0,408434000.0,45429000.0,30412000.0,0.0,8365081000,32385000.0,3401000.0,-225189000.0,-0.027676427098610446,-228590000,-0.028094420555494992,0.0,-219075000,-0.026924997520429875,2406000.0,326913000.0,0.040178622455306595,0.490378,0.490378,666514355,666514355,https://www1.hkexnews.hk/search/titlesearch.xhtml,https://www1.hkexnews.hk/search/titlesearch.xhtml,1620584918,14:28:38,20210509
10,2010-03-31,0803.HK,HKD,2010-03-31,2010-03-31,FY,2559682000,2404708000,154974000.0,0.06054423947974787,0.0,106251000.0,59459000.0,0.0,0.0,2538999000,5883000.0,39596000.0,60279000.0,0.023549409653230362,20683000,0.008080300599840136,0.0,-42465000,-0.016589951408026465,2115000.0,57394000.0,0.022422316522130482,0.127041,0.127041,462083030,462083030,https://www1.hkexnews.hk/search/titlesearch.xhtml,https://www1.hkexnews.hk/search/titlesearch.xhtml,1620584918,14:28:38,20210509
11,2009-03-31,0803.HK,HKD,2009-03-31,2009-03-31,FY,786492000,703062000,83430000.0,0.10607863779924016,0.0,28388000.0,36323000.0,0.0,0.0,760628000,1927000.0,244000.0,26108000.0,0.03319550612085056,25864000,0.03288526774588934,0.0,23937000,0.030435147464945606,878000.0,24573000.0,0.031243801589844526,0.101633,0.093163,245141326,259198483,https://www1.hkexnews.hk/search/titlesearch.xhtml,https://www1.hkexnews.hk/search/titlesearch.xhtml,1620584918,14:28:38,20210509
12,2008-03-31,0803.HK,HKD,2008-03-31,2008-03-31,FY,648611000,596679000,51932000.0,0.08006648052530715,0.0,14530000.0,16694000.0,0.0,0.0,627903000,0.0,169000.0,20877000.0,0.032187243201240806,20708000,0.031926686411423794,0.0,40024000,0.06170724825820099,1491000.0,38533000.0,0.059408489834430804,0.186327,0.177857,203714271,216072871,https://www1.hkexnews.hk/search/titlesearch.xhtml,https://www1.hkexnews.hk/search/titlesearch.xhtml,1620584918,14:28:38,20210509
13,2007-03-31,0803.HK,HKD,2007-03-31,2007-03-31,FY,550597000,500775000,49822000.0,0.09048723476517308,0.0,8603000.0,28296000.0,0.0,0.0,529235000,0.0,11000.0,21373000.0,0.038817864972021277,21362000,0.038797886657573506,0.0,20911000,0.03797877576521485,1565000.0,19346000.0,0.03513640648241818,1.177245,1.134898,16433286,17046468,https://www1.hkexnews.hk/search/titlesearch.xhtml,https://www1.hkexnews.hk/search/titlesearch.xhtml,1620584918,14:28:38,20210509
14,2006-03-31,0803.HK,HKD,2006-03-31,2006-03-31,FY,159587000,143104000,16483000.0,0.1032853553234286,0.0,4665000.0,1682000.0,0.0,0.0,148379000,51000.0,3895000.0,15103000.0,0.09463803442636305,11208000,0.07023128450312369,0.0,11157000,0.06991170960040605,4000.0,6791000.0,0.04255359145795084,1.609184,1.583775,11182812,11343831,https://www1.hkexnews.hk/search/titlesearch.xhtml,https://www1.hkexnews.hk/search/titlesearch.xhtml,1620584918,14:28:38,20210509
15,2005-03-31,0803.HK,HKD,2005-03-31,2005-03-31,FY,59808000,68830000,-9022000.0,-0.15084938469769932,0.0,11292000.0,2985000.0,0.0,0.0,94406000,3501000.0,5508000.0,-29090000.0,-0.4863897806313537,-34598000,-0.5784844836811129,0.0,-38066000,-0.6364700374531835,0.0,-34954000.0,-0.5844368646334939,-0.47598,-0.47598,73443551,73443551,https://www1.hkexnews.hk/search/titlesearch.xhtml,https://www1.hkexnews.hk/search/titlesearch.xhtml,1620584918,14:28:38,20210509
16,2004-03-31,0803.HK,HKD,2004-03-31,2004-03-31,FY,66499000,76537000,-10038000.0,-0.15094963834042618,0.0,15776000.0,2888000.0,0.0,0.0,95070000,3692000.0,7612000.0,-20959000.0,-0.31517767184468937,-28571000,-0.4296455585798283,0.0,-32263000,-0.4851651904539918,0.0,-29333000.0,-0.4411043775094362,-0.468357,-0.468422,62620902,62620902,https://www1.hkexnews.hk/search/titlesearch.xhtml,https://www1.hkexnews.hk/search/titlesearch.xhtml,1620584918,14:28:38,20210509
17,2003-03-31,0803.HK,HKD,2003-03-31,2003-03-31,FY,84254000,78729000,5525000.0,0.06557552163695492,0.0,15048000.0,2757000.0,0.0,0.0,95879000,3602000.0,7030000.0,-4595000.0,-0.05453747003109645,-11625000,-0.13797564507323096,0.0,-15227000,-0.1807273245187172,175000.0,-14537000.0,-0.1725378023595319,-0.256622,-0.256622,56674704,56674704,https://www1.hkexnews.hk/search/titlesearch.xhtml,https://www1.hkexnews.hk/search/titlesearch.xhtml,1620584918,14:28:38,20210509
