,date,symbol,reportedCurrency,fillingDate,acceptedDate,period,revenue,costOfRevenue,grossProfit,grossProfitRatio,researchAndDevelopmentExpenses,generalAndAdministrativeExpenses,sellingAndMarketingExpenses,otherExpenses,operatingExpenses,costAndExpenses,interestExpense,depreciationAndAmortization,ebitda,ebitdaratio,operatingIncome,operatingIncomeRatio,totalOtherIncomeExpensesNet,incomeBeforeTax,incomeBeforeTaxRatio,incomeTaxExpense,netIncome,netIncomeRatio,eps,epsdiluted,weightedAverageShsOut,weightedAverageShsOutDil,link,finalLink,timestamp,est_time,est_date
0,2020-12-31,WWI.OL,USD,2020-12-31,2020-12-31,FY,806000000,575000000.0,231000000.0,0.2866004962779156,0.0,53000000.0,2000000.0,0.0,0.0,751000000,28000000.0,78000000,133000000,0.16501240694789082,55000000,0.06823821339950373,0.0,205000000,0.2543424317617866,27000000.0,117000000.0,0.14516129032258066,2.5463640663370932,2.5463640663370932,45947868,45947868,https://www.oslobors.no/ob_eng/,https://www.oslobors.no/ob_eng/,1620599987,18:39:47,20210509
1,2019-12-31,WWI.OL,USD,2019-12-31,2019-12-31,FY,835000000,592000000.0,243000000.0,0.29101796407185626,0.0,46000000.0,3000000.0,0.0,181000000.0,773000000,36000000.0,71000000,133000000,0.1592814371257485,62000000,0.07425149700598803,0.0,144000000,0.1724550898203593,15000000.0,114000000.0,0.13652694610778443,2.46,2.46,45947868,45947868,https://www.oslobors.no/ob_eng/,https://www.oslobors.no/ob_eng/,1620599987,18:39:47,20210509
2,2018-12-31,WWI.OL,USD,2018-12-31,2018-12-31,FY,867000000,595000000.0,272000000.0,0.3137254901960784,0.0,58000000.0,4000000.0,0.0,240000000.0,835000000,29000000.0,42000000,74000000,0.0853517877739331,32000000,0.03690888119953864,0.0,-86000000,-0.09919261822376009,-12000000.0,-69000000.0,-0.07958477508650519,-1.48,-1.48,46403824,46403824,https://www.oslobors.no/ob_eng/,https://www.oslobors.no/ob_eng/,1620599987,18:39:47,20210509
3,2017-12-31,WWI.OL,USD,2017-12-31,2017-12-31,FY,631000000,431000000.0,200000000.0,0.31695721077654515,0.0,97000000.0,4000000.0,0.0,184000000.0,615000000,14000000.0,42000000,58000000,0.0919175911251981,16000000,0.025356576862123614,0.0,253000000,0.4009508716323296,16000000.0,-64000000.0,-0.10142630744849446,-1.38,-1.38,46403824,46403824,https://www.oslobors.no/ob_eng/,https://www.oslobors.no/ob_eng/,1620599987,18:39:47,20210509
4,2016-12-31,WWI.OL,USD,2016-12-31,2016-12-31,FY,1124000000,776000000.0,348000000.0,0.3096085409252669,0.0,116000000.0,5000000.0,0.0,267000000.0,1043000000,52000000.0,104000000,185000000,0.16459074733096085,81000000,0.07206405693950178,0.0,286000000,0.25444839857651247,35000000.0,201000000.0,0.17882562277580072,4.34,4.34,46403824,46403824,https://www.oslobors.no/ob_eng/,https://www.oslobors.no/ob_eng/,1620599987,18:39:47,20210509
5,2015-12-31,WWI.OL,USD,2015-12-31,2015-12-31,FY,1308000000,912000000.0,396000000.0,0.30275229357798167,0.0,88000000.0,7000000.0,0.0,246000000.0,1158000000,47000000.0,154000000,304000000,0.2324159021406728,150000000,0.11467889908256881,0.0,36000000,0.027522935779816515,-19000000.0,54000000.0,0.04128440366972477,1.16,1.16,46403824,46403824,https://www.oslobors.no/ob_eng/,https://www.oslobors.no/ob_eng/,1620599987,18:39:47,20210509
6,2014-12-31,WWI.OL,USD,2014-12-31,2014-12-31,FY,1369000000,967000000.0,402000000.0,0.293644996347699,0.0,95000000.0,8000000.0,0.0,229000000.0,1196000000,59000000.0,105000000,278000000,0.20306793279766253,173000000,0.12636961285609935,0.0,255000000,0.1862673484295106,-36000000.0,241000000.0,0.1760409057706355,5.2,5.2,46403824,46403824,https://www.oslobors.no/ob_eng/,https://www.oslobors.no/ob_eng/,1620599987,18:39:47,20210509
7,2013-12-31,WWI.OL,USD,2013-12-31,2013-12-31,FY,1313000000,902000000.0,411000000.0,0.31302361005331303,0.0,87000000.0,9000000.0,0.0,288000000.0,1190000000,63000000.0,109000000,232000000,0.1766945925361767,123000000,0.09367859862909368,0.0,353000000,0.26884996191926885,15000000.0,260000000.0,0.19801980198019803,5.59,5.59,46404000,46404000,https://www.oslobors.no/ob_eng/,https://www.oslobors.no/ob_eng/,1620599987,18:39:47,20210509
8,2012-12-31,WWI.OL,USD,2012-12-31,2012-12-31,FY,1325000000,839000000.0,486000000.0,0.3667924528301887,0.0,104000000.0,9000000.0,0.0,305000000.0,1144000000,70000000.0,110000000,291000000,0.21962264150943397,181000000,0.13660377358490566,0.0,474000000,0.35773584905660377,29000000.0,329000000.0,0.24830188679245283,7.06,7.06,46404000,46404000,https://www.oslobors.no/ob_eng/,https://www.oslobors.no/ob_eng/,1620599987,18:39:47,20210509
9,2011-12-31,WWI.OL,USD,2011-12-31,2011-12-31,FY,1247000000,436000000.0,811000000.0,0.6503608660785886,0.0,55000000.0,0.0,0.0,443000000.0,879000000,0.0,106000000,474000000,0.38011226944667204,368000000,0.2951082598235766,0.0,231000000,0.18524458700882118,0.0,231000000.0,0.18524458700882118,4.05,4.05,46453824,46453824,https://www.oslobors.no/ob_eng/,https://www.oslobors.no/ob_eng/,1620599987,18:39:47,20210509
10,2010-12-31,WWI.OL,USD,2010-12-31,2010-12-31,FY,1076000000,437000000.0,639000000.0,0.5938661710037175,0.0,0.0,0.0,0.0,390000000.0,827000000,57000000.0,104000000,353000000,0.32806691449814124,249000000,0.23141263940520446,0.0,131000000,0.12174721189591078,56000000.0,75000000.0,0.06970260223048327,1.29,1.29,46503824,46503824,https://www.oslobors.no/ob_eng/,https://www.oslobors.no/ob_eng/,1620599987,18:39:47,20210509
11,2009-12-31,WWI.OL,USD,2009-12-31,2009-12-31,FY,1015000000,65000000.0,950000000.0,0.9359605911330049,0.0,0.0,0.0,0.0,710000000.0,775000000,0.0,102000000,342000000,0.3369458128078818,240000000,0.23645320197044334,0.0,312000000,0.30738916256157633,-21000000.0,334000000.0,0.32906403940886697,7.11,7.11,46504000,46504000,https://www.oslobors.no/ob_eng/,https://www.oslobors.no/ob_eng/,1620599987,18:39:47,20210509
12,2008-12-31,WWI.OL,USD,2008-12-31,2008-12-31,FY,1385000000,81000000.0,1304000000.0,0.9415162454873646,0.0,0.0,0.0,0.0,1061000000.0,1142000000,0.0,76000000,319000000,0.23032490974729242,243000000,0.17545126353790613,0.0,32000000,0.023104693140794223,-62000000.0,95000000.0,0.06859205776173286,1.94,1.94,46504000,46504000,https://www.oslobors.no/ob_eng/,https://www.oslobors.no/ob_eng/,1620599987,18:39:47,20210509
13,2007-12-31,WWI.OL,USD,2007-12-31,2007-12-31,FY,983000000,378000000.0,605000000.0,0.6154628687690743,0.0,45000000.0,10000000.0,46000000.0,462000000.0,840000000,59000000.0,63000000,206000000,0.20956256358087488,143000000,0.14547304170905392,0.0,228000000,0.23194303153611392,221000000.0,3000000.0,0.003051881993896236,0.07,0.07,47148000,47148000,https://www.oslobors.no/ob_eng/,https://www.oslobors.no/ob_eng/,1620599987,18:39:47,20210509
14,2006-12-31,WWI.OL,USD,2006-12-31,2006-12-31,FY,831000000,290000000.0,541000000.0,0.6510228640192539,0.0,45000000.0,9000000.0,33000000.0,308000000.0,598000000,48000000.0,54000000,287000000,0.345367027677497,233000000,0.28038507821901326,0.0,273000000,0.3285198555956679,43000000.0,227000000.0,0.273164861612515,4.73,4.73,47937000,47937000,https://www.oslobors.no/ob_eng/,https://www.oslobors.no/ob_eng/,1620599987,18:39:47,20210509
15,2005-12-31,WWI.OL,USD,2005-12-31,2005-12-31,FY,577000000,147000000.0,430000000.0,0.7452339688041595,0.0,46000000.0,6000000.0,60000000.0,338000000.0,485000000,34000000.0,56000000,148000000,0.2564991334488735,92000000,0.15944540727902945,0.0,201000000,0.3483535528596187,10000000.0,188000000.0,0.32582322357019067,3.91,3.91,47996000,47996000,https://www.oslobors.no/ob_eng/,https://www.oslobors.no/ob_eng/,1620599987,18:39:47,20210509
16,2004-12-31,WWI.OL,USD,2004-12-31,2004-12-31,FY,376000000,43000000.0,333000000.0,0.8856382978723404,0.0,50300000.0,4000000.0,66000000.0,239000000.0,282000000,17000000.0,57000000,151000000,0.4015957446808511,94000000,0.25,0.0,164000000,0.43617021276595747,-7000000.0,168000000.0,0.44680851063829785,3.51,3.51,47930000,47930000,https://www.oslobors.no/ob_eng/,https://www.oslobors.no/ob_eng/,1620599987,18:39:47,20210509
17,2003-12-31,WWI.OL,USD,2003-12-31,2003-12-31,FY,631000000,0.0,0.0,0.0,0.0,138000000.0,0.0,0.0,234000000.0,234000000,0.0,73000000,470000000,0.7448494453248812,397000000,0.6291600633914421,0.0,73000000,0.11568938193343899,7000000.0,66000000.0,0.1045958795562599,1.38,1.38,47820000,47820000,https://www.oslobors.no/ob_eng/,https://www.oslobors.no/ob_eng/,1620599987,18:39:47,20210509
18,2002-12-31,WWI.OL,USD,2002-12-31,2002-12-31,FY,573000000,0.0,0.0,0.0,0.0,147000000.0,0.0,0.0,207000000.0,207000000,0.0,77000000,443000000,0.7731239092495636,366000000,0.6387434554973822,0.0,57000000,0.09947643979057591,3000000.0,54000000.0,0.09424083769633508,1.13,1.13,47650000,47650000,https://www.oslobors.no/ob_eng/,https://www.oslobors.no/ob_eng/,1620599987,18:39:47,20210509
19,2001-12-31,WWI.OL,USD,2001-12-31,2001-12-31,FY,518000000,0.0,0.0,0.0,0.0,124000000.0,0.0,0.0,248000000.0,248000000,0.0,79000000,349000000,0.6737451737451737,270000000,0.5212355212355212,0.0,31000000,0.059845559845559844,4000000.0,27000000.0,0.052123552123552123,0.51,0.51,48898000,48898000,https://www.oslobors.no/ob_eng/,https://www.oslobors.no/ob_eng/,1620599987,18:39:47,20210509
