,date,symbol,reportedCurrency,fillingDate,acceptedDate,period,revenue,costOfRevenue,grossProfit,grossProfitRatio,researchAndDevelopmentExpenses,generalAndAdministrativeExpenses,sellingAndMarketingExpenses,otherExpenses,operatingExpenses,costAndExpenses,interestExpense,depreciationAndAmortization,ebitda,ebitdaratio,operatingIncome,operatingIncomeRatio,totalOtherIncomeExpensesNet,incomeBeforeTax,incomeBeforeTaxRatio,incomeTaxExpense,netIncome,netIncomeRatio,eps,epsdiluted,weightedAverageShsOut,weightedAverageShsOutDil,link,finalLink,timestamp,est_time,est_date
0,2020-12-31,BSM,USD,2021-02-23,2021-02-23 17:07:08,FY,296640000,125491000,171149000,0.5769586030204962,0.0,42983000,0.0,83000.0,58165000,183656000,10408000.0,1044000.0,114028000,0.384398597626753,112984000,0.3808791801510248,19208000.0,121819000,0.41066275620280474,0.0,121819000.0,0.41066275620280474,0.5914405010438414,0.5914405010438414,206748000,207206000,https://www.sec.gov/Archives/edgar/data/1621434/000162828021002859/0001628280-21-002859-index.htm,https://www.sec.gov/Archives/edgar/data/1621434/000162828021002859/bsm-20201231.htm,1620589714,15:48:34,20210509
1,2019-12-31,BSM,USD,2020-02-25 00:00:00,2020-02-25 16:34:55,FY,492776000,187782000,304994000,0.6189303050473237,0.0,63353000,0.0,472000.0,64867000,252649000,21435000.0,109584000.0,349711000,0.709675390035229,240127000,0.4872944299235352,-4483000.0,214368000,0.43502118609672547,0.0,214368000.0,0.43502118609672547,1.0407729280963247,1.0400357080478955,205970000,206116000,https://www.sec.gov/Archives/edgar/data/1621434/000162828020002208/0001628280-20-002208-index.html,https://www.sec.gov/Archives/edgar/data/1621434/000162828020002208/bsm-20191231.htm,1620589714,15:48:34,20210509
2,2018-12-31,BSM,USD,2019-02-26 00:00:00,2019-02-26 15:06:30,FY,594737000,205432000,389305000,0.654583454535366,0.0,76712000,0.0,-2248000.0,85758000,291190000,20756000.0,122653000.0,426200000,0.7166192787736428,303547000,0.5103886255605419,12586000.0,295560000,0.49695916009933805,0.0,295536000.0,0.4969188061277506,1.46,1.45,202163000,217610000,https://www.sec.gov/Archives/edgar/data/1621434/000162828019001941/0001628280-19-001941-index.html,https://www.sec.gov/Archives/edgar/data/1621434/000162828019001941/bsm10-kdocx12312018.htm,1620589714,15:48:34,20210509
3,2017-12-31,BSM,USD,2018-02-28 00:00:00,2018-02-28 17:24:35,FY,402757000,179288000,223469000,0.5548482087213878,0.0,77574000,0.0,714000.0,79218000,258506000,15694000.0,0.0,259548000,0.6444282780932423,144251000,0.3581588898516972,28547000.0,157153000,0.39019309409892317,0.0,157187000.0,0.39027751224683865,1.01,1.01,192549000,192549000,https://www.sec.gov/Archives/edgar/data/1621434/000162828018002529/0001628280-18-002529-index.html,https://www.sec.gov/Archives/edgar/data/1621434/000162828018002529/bsm10-kdocx12312017.htm,1620589714,15:48:34,20210509
4,2016-12-31,BSM,USD,2017-03-01 00:00:00,2017-03-01 15:42:59,FY,297297000,156706000,140591000,0.4728974728974729,0.0,73139000,0.0,-390000.0,74676000,231382000,7547000.0,0.0,168668000,0.5673383855202037,65915000,0.22171431262340352,-38836000.0,20188000,0.06790515881424972,0.0,20200000.0,0.06794552249097703,0.10564245780838968,0.10529992232827512,191211000,191833000,https://www.sec.gov/Archives/edgar/data/1621434/000162828017002039/0001628280-17-002039-index.html,https://www.sec.gov/Archives/edgar/data/1621434/000162828017002039/bsm10-kdoc.htm,1620589714,15:48:34,20210509
5,2015-12-31,BSM,USD,2016-03-08 00:00:00,2016-03-08 16:49:30,FY,302636000,161648000,140988000,0.46586658560118427,0.0,77175000,0.0,910000.0,82435000,244083000,6418000.0,0.0,163819000,0.5413070487318098,58553000,0.19347665181934734,-153498000.0,-101305000,-0.33474206637676945,0.0,-100495000.0,-0.3320655837375593,-0.56,-0.56,191239000,191239000,https://www.sec.gov/Archives/edgar/data/1621434/000156459016014218/0001564590-16-014218-index.html,https://www.sec.gov/Archives/edgar/data/1621434/000156459016014218/bsm-10k_20151231.htm,1620589714,15:48:34,20210509
6,2014-12-31,BSM,USD,2014-12-31,2014-12-31,FY,510985000,184825000,326160000,0.6382966231885476,0.0,62765000,0.0,959000.0,63825000,248650000,13509000.0,0.0,375284000,0.734432517588579,262335000,0.5133908040353435,-79667000.0,169187000,0.33109973873988474,0.0,170351000.0,0.3333776921044649,0.812707,0.812707,190266666,190266666,,,1620589714,15:48:34,20210509
7,2013-12-31,BSM,USD,2013-12-31,2013-12-31,FY,469419000,166397000,303022000,0.6455256391411511,0.0,59501000,0.0,407000.0,60263000,226660000,11342000.0,0.0,345698000,0.7364380223212098,242759000,0.5171477933360175,-62544000.0,168963000,0.35994069264345924,0.0,0.0,0.0,0.0,0.0,190266666,190266666,,,1620589714,15:48:34,20210509
