,date,symbol,reportedCurrency,fillingDate,acceptedDate,period,revenue,costOfRevenue,grossProfit,grossProfitRatio,researchAndDevelopmentExpenses,generalAndAdministrativeExpenses,sellingAndMarketingExpenses,otherExpenses,operatingExpenses,costAndExpenses,interestExpense,depreciationAndAmortization,ebitda,ebitdaratio,operatingIncome,operatingIncomeRatio,totalOtherIncomeExpensesNet,incomeBeforeTax,incomeBeforeTaxRatio,incomeTaxExpense,netIncome,netIncomeRatio,eps,epsdiluted,weightedAverageShsOut,weightedAverageShsOutDil,link,finalLink,timestamp,est_time,est_date
0,2020-12-31,8088.HK,HKD,2020-12-31,2020-12-31,FY,4023000.0,2893000.0,1130000.0,0.280884911757395,0.0,37990000.0,0.0,0.0,0.0,38297000.0,18587000.0,6134000.0,-28140000.0,-6.994780014914243,-34274000.0,-51.16331096196868,0.0,-205830000.0,-51.16331096196868,-205000.0,-205593000.0,-51.10439970171514,-0.3752,-0.3752,548010694.0,548010694.0,https://www1.hkexnews.hk/search/titlesearch.xhtml,https://www1.hkexnews.hk/search/titlesearch.xhtml,1620585794,14:43:14,20210509
1,2019-12-31,8088.HK,HKD,2019-12-31,2019-12-31,FY,11739000.0,9383000.0,2356000.0,0.20069852627992163,0.0,60890000.0,454000.0,0.0,59575000.0,68958000.0,16259000.0,16373000.0,-40846000.0,-3.479512735326689,-57219000.0,-4.874265269614106,0.0,-152031000.0,-12.95093278814209,-2372000.0,-141458000.0,-12.050259817701678,-0.2604,-0.2604,543143649.0,543143649.0,https://www1.hkexnews.hk/search/titlesearch.xhtml,https://www1.hkexnews.hk/search/titlesearch.xhtml,1620585794,14:43:14,20210509
2,2018-12-31,8088.HK,HKD,2018-12-31,2018-12-31,FY,19261000.0,13239000.0,6022000.0,0.3126525102538809,0.0,89810000.0,637000.0,139000.0,165265000.0,178504000.0,14379000.0,20651000.0,-138592000.0,-7.19547271688905,-159243000.0,-8.267639271065885,0.0,-770537000.0,-40.00503608327709,-1418000.0,-765260000.0,-39.73106276932662,-1.4217,-1.4217,538268649.0,538268649.0,https://www1.hkexnews.hk/search/titlesearch.xhtml,https://www1.hkexnews.hk/search/titlesearch.xhtml,1620585794,14:43:14,20210509
3,2017-12-31,8088.HK,HKD,2017-12-31,2017-12-31,FY,27939000.0,18554000.0,9385000.0,0.3359103761766706,0.0,128490000.0,4423000.0,0.0,156476000.0,175030000.0,13493000.0,20623000.0,-126468000.0,-4.526575754321915,-147091000.0,-5.264719567629479,0.0,-434036000.0,-15.535130104871326,-6063000.0,-420333000.0,-15.044668742617846,-0.8439426444505557,-0.8089593402150616,498058728.0,519597190.0,https://www1.hkexnews.hk/search/titlesearch.xhtml,https://www1.hkexnews.hk/search/titlesearch.xhtml,1620585794,14:43:14,20210509
4,2016-12-31,8088.HK,HKD,2016-12-31,2016-12-31,FY,206093000.0,116194000.0,89899000.0,0.43620598467682065,0.0,174453000.0,62085000.0,0.0,226659000.0,342853000.0,16176000.0,32129000.0,-104631000.0,-0.5076882766518028,-136760000.0,-0.6635839159990878,0.0,492884000.0,2.3915610913519623,-8753000.0,504551000.0,2.4481714565754293,1.148,1.12,439321517.0,460859979.0,https://www1.hkexnews.hk/search/titlesearch.xhtml,https://www1.hkexnews.hk/search/titlesearch.xhtml,1620585794,14:43:14,20210509
5,2015-12-31,8088.HK,HKD,2015-12-31,2015-12-31,FY,160660000.0,87725000.0,72935000.0,0.453971119133574,0.0,111606000.0,38481000.0,646000.0,241411000.0,329136000.0,22890000.0,66063000.0,-102413000.0,-0.637451761483879,-168476000.0,-1.048649321548612,0.0,-238392000.0,-1.4838292045313084,-7978000.0,-233146000.0,-1.4511763973608864,-0.904,-0.904,258001596.0,258001596.0,https://www1.hkexnews.hk/search/titlesearch.xhtml,https://www1.hkexnews.hk/search/titlesearch.xhtml,1620585794,14:43:14,20210509
6,2014-12-31,8088.HK,HKD,2014-12-31,2014-12-31,FY,56115000.0,26225000.0,29890000.0,0.5326561525438831,0.0,72992000.0,28870000.0,0.0,132224000.0,158449000.0,12272000.0,19320000.0,-83014000.0,-1.4793548961953131,-102334000.0,-1.823647865989486,0.0,-105209000.0,-1.8748819388755236,-1423000.0,-89666000.0,-1.597897175443286,-0.6,-0.6,134945816.0,134945816.0,https://www1.hkexnews.hk/search/titlesearch.xhtml,https://www1.hkexnews.hk/search/titlesearch.xhtml,1620585794,14:43:14,20210509
7,2013-12-31,8088.HK,HKD,2013-12-31,2013-12-31,FY,13781612.35,-496355.2,14277967.55,1.036015756893641,0.0,35900440.95,0.0,0.0,36838862.5,36342507.3,23871582.9,4707618.85,-17853276.1,-1.2954417557681488,-22560894.95,-1.6370287000562747,0.0,-79866653.9,-5.795160382667418,62044.4,-83969339.85,-6.092853123241418,-1.566621,-1.566621,53600616.0,53600616.0,https://www1.hkexnews.hk/search/titlesearch.xhtml,https://www1.hkexnews.hk/search/titlesearch.xhtml,1620585794,14:43:14,20210509
8,2012-12-31,8088.HK,HKD,2012-12-31,2012-12-31,FY,19232563.14,4635660.12,14596903.02,0.7589681580008061,0.0,44007763.38,0.0,0.0,51821718.9,56457379.02,19883726.1,4410853.86,-32813962.020000003,-1.7061668681983073,-37224815.88,-1.935509875050383,0.0,-33790706.46,-1.7569528415961306,0.0,-40689933.06,-2.1156791616283757,-1.005168,-1.005168,37794966.0,37794966.0,https://www1.hkexnews.hk/search/titlesearch.xhtml,https://www1.hkexnews.hk/search/titlesearch.xhtml,1620585794,14:43:14,20210509
9,2011-12-31,8088.HK,HKD,2011-12-31,2011-12-31,FY,43728656.7,4426449.0,39302207.7,0.8987746403835909,0.0,69169089.9,0.0,0.0,76134922.8,80561371.8,19686049.5,6329045.5,-30503669.6,-0.6975670396022021,-36832715.1,-0.8423015450186467,0.0,-56549827.4,-1.293198366187178,31062.8,-48877315.8,-1.117741076185402,-2.557504,-2.557504,19113159.0,19113159.0,https://www1.hkexnews.hk/search/titlesearch.xhtml,https://www1.hkexnews.hk/search/titlesearch.xhtml,1620585794,14:43:14,20210509
10,2010-12-31,8088.HK,HKD,2010-12-31,2010-12-31,FY,36835566.43,217915.88,36617650.55,0.9940840904289033,0.0,59101899.74,0.0,0.0,27597489.66,27815405.54,14390230.79,1914546.66,10934707.55,0.29685189097823794,9020160.89,0.24487639974646103,0.0,-23410391.68,-0.6355377139235158,3004126.06,-45591115.18,-1.2376927952672723,-4.072952,-4.072952,11212460.0,11212460.0,https://www1.hkexnews.hk/search/titlesearch.xhtml,https://www1.hkexnews.hk/search/titlesearch.xhtml,1620585794,14:43:14,20210509
11,2009-12-31,8088.HK,HKD,2009-12-31,2009-12-31,FY,28344963.6,3497559.12,24847404.48,0.8766073871409028,0.0,98854514.64,23265.36,0.0,67562605.44,71060164.56,11958395.04,2442862.8,-40272338.160000004,-1.4207934336525307,-42715200.96,-1.5069767441860464,0.0,-141081143.04,-4.977291381668946,-457552.08,-124361104.32,-4.387414500683994,-12.537444,-12.537444,9917939.0,9917939.0,https://www1.hkexnews.hk/search/titlesearch.xhtml,https://www1.hkexnews.hk/search/titlesearch.xhtml,1620585794,14:43:14,20210509
12,2008-12-31,8088.HK,HKD,2008-12-31,2008-12-31,FY,259674180.48,95124481.92,164549698.56,0.6336775502895005,0.0,279599636.16,364253.76,0.0,360316719.36,455441201.28,12655880.64,2433525.12,-193333495.68,-0.7445233689488451,-195767020.8,-0.7538948248074973,0.0,-565252084.8,-2.176774309078971,-984260.16,-478885193.28,-1.8441771622992897,-47.766326,-47.766326,10026669.0,10026669.0,https://www1.hkexnews.hk/search/titlesearch.xhtml,https://www1.hkexnews.hk/search/titlesearch.xhtml,1620585794,14:43:14,20210509
13,2007-12-31,8088.HK,HKD,2007-12-31,2007-12-31,FY,323879639.96,214443350.0,109436289.96,0.337891847642895,0.0,376515734.96,0.0,0.0,445699058.64,660142408.64,0.0,959146.62,-335303622.06,-1.0352723070255694,-336262768.68,-1.0382337362161123,0.0,-431764139.86,-1.3331005922858383,19019175.66,-450783315.52,-1.391823566234892,-49.906816,-49.906816,10101719.0,10101719.0,https://www1.hkexnews.hk/search/titlesearch.xhtml,https://www1.hkexnews.hk/search/titlesearch.xhtml,1620585794,14:43:14,20210509
14,2006-12-31,8088.HK,HKD,2006-12-31,2006-12-31,FY,71302728.5,0.0,0.0,0.0,0.0,448167471.5,0.0,0.0,490627161.5,490627161.5,0.0,2434044.5,-416890388.5,-5.8467662776747735,-419324433.0,-5.880903042861817,0.0,-537457244.5,-7.537681317482822,1368664.0,-538825908.5,-7.556876431453812,-50.028817,-50.028817,9435233.0,9435233.0,https://www1.hkexnews.hk/search/titlesearch.xhtml,https://www1.hkexnews.hk/search/titlesearch.xhtml,1620585794,14:43:14,20210509
15,2005-12-31,8088.HK,HKD,2005-12-31,2005-12-31,FY,59725078.0,0.0,0.0,0.0,0.0,226792614.29999998,1199597.252,0.0,272159094.816,272159094.816,380904.916,2437664.264,-209996352.55200002,-3.5160498668917604,-212434016.816,-3.556864619180573,0.0,901378175.572,15.092122199857153,1152875.108,651161192.556,10.902642815401597,77.56,77.301467,8394305.0,8430521.0,https://www1.hkexnews.hk/search/titlesearch.xhtml,https://www1.hkexnews.hk/search/titlesearch.xhtml,1620585794,14:43:14,20210509
16,2004-12-31,8088.HK,HKD,2004-12-31,2004-12-31,FY,447112420.47352,0.0,0.0,0.0,0.0,75554015.46799,0.0,0.0,102430806.39841,102430806.39841,0.0,2830125.13237,347511739.20748,0.7772357091745369,344681614.07511,0.7709059249798309,0.0,344788389.55253,0.7711447362329535,0.0,344788389.55253,0.7711447362329535,32.893042,32.893042,7927777.0,7927777.0,https://www1.hkexnews.hk/search/titlesearch.xhtml,https://www1.hkexnews.hk/search/titlesearch.xhtml,1620585794,14:43:14,20210509
17,2003-12-31,8088.HK,HKD,2003-12-31,2003-12-31,FY,24441878.60576,0.0,0.0,0.0,0.0,51883634.85984,0.0,0.0,63384107.87464,63384107.87464,0.0,1277764.77248,-37664464.4964,-1.5409807529084099,-38942229.26888,-1.593258435532154,0.0,-34130681.23542,-1.3964017163302958,109487.64596,-34240168.88138,-1.4008812265891428,-4.399589,-4.399589,7709495.0,7709495.0,https://www1.hkexnews.hk/search/titlesearch.xhtml,https://www1.hkexnews.hk/search/titlesearch.xhtml,1620585794,14:43:14,20210509
18,2002-12-31,8088.HK,HKD,2002-12-31,2002-12-31,FY,36749062.28161,0.0,0.0,0.0,0.0,125068844.4873,0.0,0.0,140069667.45016,140069667.45016,0.0,1241824.95262,-102078780.21593,-2.777724760259049,-103320605.16855,-2.811516777674455,0.0,-104045885.79266,-2.8312528084485775,-195179.35682,-103850706.43584,-2.825941670022124,-13.780548,-13.780548,7568900.0,7568900.0,https://www1.hkexnews.hk/search/titlesearch.xhtml,https://www1.hkexnews.hk/search/titlesearch.xhtml,1620585794,14:43:14,20210509
19,2001-12-31,8088.HK,HKD,2001-12-31,2001-12-31,FY,66523664.58416,0.0,0.0,0.0,0.0,164520355.36965,0.0,0.0,37007845.36617,37007845.36617,0.0,13308093.29038,42823912.50837,0.6437395290241847,29515819.21799,0.4436890150669486,0.0,-331916248.21894,-4.9894462413300795,0.0,-331916248.21894,-4.9894462413300795,-40.301602,-40.301602,7475873.0,7475873.0,https://www1.hkexnews.hk/search/titlesearch.xhtml,https://www1.hkexnews.hk/search/titlesearch.xhtml,1620585794,14:43:14,20210509
20,2000-12-31,8088.HK,HKD,2000-12-31,2000-12-31,FY,43280559.513,0.0,0.0,0.0,0.0,32961437.7183,4331581.1445,0.0,49569605.5701,49569605.5701,0.0,2479489.872,-3809556.1851,-0.08802003088605496,-6289046.0571,-0.14530879748010156,0.0,6837159.006,0.1579729810088604,218374.8,6922683.9366,0.15994903981129593,1.03988,1.03988,6657195.0,6657195.0,https://www1.hkexnews.hk/search/titlesearch.xhtml,https://www1.hkexnews.hk/search/titlesearch.xhtml,1620585794,14:43:14,20210509
21,1999-12-31,8088.HK,HKD,1999-12-31,1999-12-31,FY,7868944.18446,0.0,0.0,0.0,0.0,4943157.96305,339173.13182,0.0,7246631.70476,7246631.70476,0.0,230791.3832,853103.8629000001,0.10841401881903724,622312.4797,0.0790846224235489,0.0,1059952.97289,0.1347007867946567,272159.65,787793.32289,0.10011423444148647,0.2592,0.25919966666666666,3039330.0,3039330.0,https://www1.hkexnews.hk/search/titlesearch.xhtml,https://www1.hkexnews.hk/search/titlesearch.xhtml,1620585794,14:43:14,20210509
