,date,symbol,reportedCurrency,fillingDate,acceptedDate,period,revenue,costOfRevenue,grossProfit,grossProfitRatio,researchAndDevelopmentExpenses,generalAndAdministrativeExpenses,sellingAndMarketingExpenses,otherExpenses,operatingExpenses,costAndExpenses,interestExpense,depreciationAndAmortization,ebitda,ebitdaratio,operatingIncome,operatingIncomeRatio,totalOtherIncomeExpensesNet,incomeBeforeTax,incomeBeforeTaxRatio,incomeTaxExpense,netIncome,netIncomeRatio,eps,epsdiluted,weightedAverageShsOut,weightedAverageShsOutDil,link,finalLink,timestamp,est_time,est_date
0,2020-04-03,NLOK,USD,2020-05-28,2020-05-28 16:34:42,FY,2490000000.0,393000000.0,2097000000.0,0.8421686746987952,328000000.0,368000000.0,701000000.0,345000000.0,1511000000.0,1904000000.0,196000000.0,361000000.0,947000000,0.38032128514056224,586000000.0,0.2353413654618474,29000000.0,819000000.0,0.3289156626506024,241000000.0,3887000000.0,1.5610441767068273,6.3203252032520325,6.045101088646967,615000000,643000000,https://www.sec.gov/Archives/edgar/data/849399/000084939920000004/0000849399-20-000004-index.htm,https://www.sec.gov/Archives/edgar/data/849399/000084939920000004/nlokfy2010-k.htm,1620595723,17:28:43,20210509
1,2019-03-29,NLOK,USD,2019-05-24,2019-05-24 16:10:39,FY,2456000000.0,455000000.0,2001000000.0,0.8147394136807817,420000000.0,-371000000.0,1493000000.0,448000000.0,1843000000.0,2298000000.0,208000000.0,615000000.0,773000000,0.31473941368078173,158000000.0,0.06433224755700326,50000000.0,-107000000.0,-0.04356677524429967,92000000.0,31000000.0,0.012622149837133551,0.0490506329113924,0.046898638426626324,632000000,661000000,https://www.sec.gov/Archives/edgar/data/849399/000084939919000005/0000849399-19-000005-index.htm,https://www.sec.gov/Archives/edgar/data/849399/000084939919000005/symc32919-10k.htm,1620595723,17:28:43,20210509
2,2018-03-30,NLOK,USD,2018-10-26,2018-10-26 16:07:43,FY,2559000000.0,463000000.0,2096000000.0,0.8190699491989059,455000000.0,-265000000.0,1593000000.0,630000000.0,1597000000.0,2060000000.0,256000000.0,640000000.0,1139000000,0.44509574052364204,499000000.0,0.1949980461117624,-4000000.0,244000000.0,0.09534974599452911,-690000000.0,1138000000.0,0.4447049628761235,1.8474025974025974,1.7035928143712575,616000000,668000000,https://www.sec.gov/Archives/edgar/data/849399/000119312518309091/0001193125-18-309091-index.htm,https://www.sec.gov/Archives/edgar/data/849399/000119312518309091/d573170d10k.htm,1620595723,17:28:43,20210509
3,2017-03-31,NLOK,USD,2017-05-19,2017-05-19 16:25:17,FY,4019000000.0,853000000.0,3166000000.0,0.7877581487932321,823000000.0,564000000.0,1459000000.0,25000000.0,2993000000.0,3846000000.0,208000000.0,147000000.0,320000000,0.07962179646678279,173000000.0,0.04304553371485444,-248000000.0,-262000000.0,-0.06519034585717841,-26000000.0,-106000000.0,-0.026374720079621796,-0.17,-0.17,618000000,618000000,https://www.sec.gov/Archives/edgar/data/849399/000084939917000009/0000849399-17-000009-index.htm,https://www.sec.gov/Archives/edgar/data/849399/000084939917000009/symc33117-10k.htm,1620595723,17:28:43,20210509
4,2016-04-01,NLOK,USD,2016-05-20,2016-05-20 16:56:17,FY,3600000000.0,615000000.0,2985000000.0,0.8291666666666667,748000000.0,295000000.0,1292000000.0,193000000.0,2528000000.0,3143000000.0,75000000.0,299000000.0,756000000,0.21,457000000.0,0.12694444444444444,0.0,392000000.0,0.10888888888888888,1213000000.0,2488000000.0,0.6911111111111111,3.71343,3.71343,670000000,670000000,https://www.sec.gov/Archives/edgar/data/849399/000084939916000022/0000849399-16-000022-index.htm,https://www.sec.gov/Archives/edgar/data/849399/000084939916000022/symc4116-10k.htm,1620595723,17:28:43,20210509
5,2015-04-03,NLOK,USD,2015-05-22,2015-05-22 17:02:56,FY,3956000000.0,727000000.0,3229000000.0,0.8162285136501517,812000000.0,-311000000.0,2323000000.0,360000000.0,3075000000.0,3802000000.0,79000000.0,280000000.0,434000000,0.10970677451971689,154000000.0,0.038928210313447925,14000000.0,101000000.0,0.025530839231547017,215000000.0,878000000.0,0.22194135490394337,1.274310595065312,1.2614942528735633,689000000,696000000,https://www.sec.gov/Archives/edgar/data/849399/000084939915000007/0000849399-15-000007-index.htm,https://www.sec.gov/Archives/edgar/data/849399/000084939915000007/symc4315-10k.htm,1620595723,17:28:43,20210509
6,2014-03-28,NLOK,USD,2014-05-16,2014-05-16 16:13:22,FY,6676000000.0,1149000000.0,5527000000.0,0.8278909526662672,1039000000.0,450000000.0,2435000000.0,426000000.0,4344000000.0,5493000000.0,2000000.0,491000000.0,1674000000,0.2507489514679449,1183000000.0,0.17720191731575793,45000000.0,1156000000.0,0.1731575793888556,258000000.0,898000000.0,0.13451168364289995,1.27557,1.27557,696000000,696000000,https://www.sec.gov/Archives/edgar/data/849399/000119312514202922/0001193125-14-202922-index.htm,https://www.sec.gov/Archives/edgar/data/849399/000119312514202922/d714308d10k.htm,1620595723,17:28:43,20210509
7,2013-03-29,NLOK,USD,2013-05-17,2013-05-17 16:21:43,FY,6906000000.0,1175000000.0,5731000000.0,0.8298580944106574,1026000000.0,501000000.0,2735000000.0,411000000.0,4625000000.0,5800000000.0,10000000.0,638000000.0,1744000000,0.2525340283811179,1106000000.0,0.1601505936866493,27000000.0,1006000000.0,0.1456704315088329,214000000.0,755000000.0,0.10932522444251376,1.06188,1.06188,701000000,701000000,https://www.sec.gov/Archives/edgar/data/849399/000119312513226119/0001193125-13-226119-index.htm,https://www.sec.gov/Archives/edgar/data/849399/000119312513226119/d516182d10k.htm,1620595723,17:28:43,20210509
8,2012-03-30,NLOK,USD,2012-05-21,2012-05-21 17:20:44,FY,6730000000.0,1082000000.0,5648000000.0,0.8392273402674592,969000000.0,412000000.0,2814000000.0,349000000.0,4018000000.0,5100000000.0,41000000.0,653000000.0,2283000000,0.33922734026745915,1630000000.0,0.24219910846953938,-6000000.0,1495000000.0,0.22213967310549776,274000000.0,1187000000.0,0.17637444279346212,1.5869,1.5869,741000000,741000000,https://www.sec.gov/Archives/edgar/data/849399/000119312512241997/0001193125-12-241997-index.htm,https://www.sec.gov/Archives/edgar/data/849399/000119312512241997/d318934d10k.htm,1620595723,17:28:43,20210509
9,2011-04-01,NLOK,USD,2011-05-20,2011-05-20 17:26:47,FY,6190000000.0,1045000000.0,5145000000.0,0.8311793214862682,862000000.0,390000000.0,2622000000.0,391000000.0,4281000000.0,5326000000.0,143000000.0,642000000.0,1506000000,0.24329563812600968,864000000.0,0.13957996768982228,-2000000.0,698000000.0,0.11276252019386107,105000000.0,597000000.0,0.0964458804523425,0.75954,0.75954,778000000,778000000,https://www.sec.gov/Archives/edgar/data/849399/000095012311052609/0000950123-11-052609-index.htm,https://www.sec.gov/Archives/edgar/data/849399/000095012311052609/f59127e10vk.htm,1620595723,17:28:43,20210509
10,2010-04-02,NLOK,USD,2010-05-24,2010-05-21 19:08:36,FY,5985000000.0,1105000000.0,4880000000.0,0.8153717627401837,857000000.0,352000000.0,2367000000.0,371000000.0,3947000000.0,5052000000.0,-162000000.0,733000000.0,1666000000,0.2783625730994152,933000000.0,0.15588972431077694,55000000.0,826000000.0,0.13801169590643275,112000000.0,714000000.0,0.11929824561403508,0.87179,0.87179,810000000,810000000,https://www.sec.gov/Archives/edgar/data/849399/000095012310052086/0000950123-10-052086-index.htm,https://www.sec.gov/Archives/edgar/data/849399/000095012310052086/f55691e10vk.htm,1620595723,17:28:43,20210509
11,2009-04-03,NLOK,USD,2009-06-01,2009-05-29 19:44:18,FY,6150000000.0,1227000000.0,4923000000.0,0.8004878048780488,870000000.0,343013000.0,2385987000.0,7784343000.0,11393000000.0,12620000000.0,29705000.0,836000000.0,-5634000000,-0.9160975609756098,-6470000000.0,-1.0520325203252032,8000000.0,-6550000000.0,-1.065040650406504,221630000.0,-6786000000.0,-1.1034146341463416,-8.16606,-8.16606,830983000,830983000,https://www.sec.gov/Archives/edgar/data/849399/000095013409011638/0000950134-09-011638-index.htm,https://www.sec.gov/Archives/edgar/data/849399/000095013409011638/f51300e10vk.htm,1620595723,17:28:43,20210509
12,2008-03-28,NLOK,USD,2008-05-21,2008-05-21 06:02:26,FY,5874000000.0,1220000000.0,4654000000.0,0.7923050732039496,895000000.0,347736000.0,2415264000.0,393661000.0,4052000000.0,5272000000.0,29480000.0,824000000.0,1426000000,0.24276472591079332,602000000.0,0.10248552945182159,63000000.0,623000000.0,0.10606060606060606,248673000.0,410000000.0,0.06979911474293497,0.4638,0.4638,867562000,867562000,https://www.sec.gov/Archives/edgar/data/849399/000095013408010001/0000950134-08-010001-index.htm,https://www.sec.gov/Archives/edgar/data/849399/000095013408010001/f40711e10vk.htm,1620595723,17:28:43,20210509
13,2007-03-31,NLOK,USD,2007-05-24 00:00:00,2007-05-23 17:55:32,FY,5199366000.0,1215826000.0,3983540000.0,0.766158797053333,866882000.0,0.0,0.0,0.0,3392818000.0,4608644000.0,0.0,201502000.0,792224000,0.15236934657033185,590722000.0,0.1136142368127191,-53910000.0,631622000.0,0.12148058051693225,227242000.0,404380000.0,0.07777486716649684,0.42,0.41,960575000,983261000,https://www.sec.gov/Archives/edgar/data/849399/000095013407012232/0000950134-07-012232-index.html,https://www.sec.gov/Archives/edgar/data/849399/000095013407012232/f30469e10vk.htm,1620595723,17:28:43,20210509
14,2007-03-30,NLOK,USD,2007-05-24,2007-05-23 17:55:32,FY,5199366000.0,1215826000.0,3983540000.0,0.766158797053333,866882000.0,316783000.0,0.0,2280133000.0,3463798000.0,4679624000.0,27233000.0,255129000.0,774871000,0.14903182426472766,519742000.0,0.09996257235978387,17070000.0,631622000.0,0.12148058051693225,227242000.0,404380000.0,0.07777486716649684,0.42098,0.42098,960575000,960575000,https://www.sec.gov/Archives/edgar/data/849399/000095013407012232/0000950134-07-012232-index.htm,https://www.sec.gov/Archives/edgar/data/849399/000095013407012232/f30469e10vk.htm,1620595723,17:28:43,20210509
15,2006-03-31,NLOK,USD,2006-06-09,2006-06-09 11:18:30,FY,4143392000.0,981869000.0,3161523000.0,0.7630277318679961,664628000.0,0.0,0.0,0.0,2561614000.0,3543483000.0,0.0,148822000.0,748731000,0.18070484279546806,599909000.0,0.14478692819795955,-328144000.0,362723000.0,0.08754252554428835,205871000.0,156852000.0,0.03785594025378241,0.16,0.15,998733000,1025856000,https://www.sec.gov/Archives/edgar/data/849399/000089161806000254/0000891618-06-000254-index.htm,https://www.sec.gov/Archives/edgar/data/849399/000089161806000254/f21002e10vk.htm,1620595723,17:28:43,20210509
16,2005-04-01,NLOK,USD,2005-06-15,2005-06-15 16:51:36,FY,2582849000.0,855324000.0,1727525000.0,0.6688447524419739,332266000.0,-728305000.0,843724000.0,20065000.0,1311474000.0,2166798000.0,12323000.0,90838000.0,910104000,0.3523643852195773,819266000.0,0.3171946946956636,51185000.0,858128000.0,0.3322408704496469,321969000.0,536159000.0,0.20758433807009236,0.81159,0.81159,660631000,660631000,https://www.sec.gov/Archives/edgar/data/849399/000095013405012034/0000950134-05-012034-index.htm,https://www.sec.gov/Archives/edgar/data/849399/000095013405012034/f08616e10vk.htm,1620595723,17:28:43,20210509
17,2005-03-31,NLOK,USD,2005-06-15 00:00:00,2005-06-15 16:51:36,FY,2582849000.0,403215000.0,2179634000.0,0.8438875056187953,332266000.0,0.0,0.0,0.0,1305218000.0,1708433000.0,0.0,58834000.0,933250000,0.3613258072771579,874416000.0,0.33854708502123043,-10125000.0,858128000.0,0.3322408704496469,321969000.0,536159000.0,0.20758433807009236,0.81,0.74,660631000,738245000,https://www.sec.gov/Archives/edgar/data/849399/000095013405012034/0000950134-05-012034-index.html,https://www.sec.gov/Archives/edgar/data/849399/000095013405012034/f08616e10vk.htm,1620595723,17:28:43,20210509
18,2004-04-02,NLOK,USD,2004-06-14,2004-06-14 15:49:48,FY,1870129000.0,327554000.0,1542575000.0,0.8248495157285941,252284000.0,-565928000.0,660573000.0,21488000.0,1028990000.0,1356544000.0,21164000.0,75886000.0,589471000,0.31520338971268824,513585000.0,0.27462544027711455,1997000.0,542222000.0,0.28993828767962,171603000.0,370619000.0,0.19817830748574028,1.21123,1.21123,305985000,305985000,https://www.sec.gov/Archives/edgar/data/849399/000095013404008785/0000950134-04-008785-index.htm,https://www.sec.gov/Archives/edgar/data/849399/000095013404008785/f99544e10vk.htm,1620595723,17:28:43,20210509
19,2004-03-31,NLOK,USD,2004-03-31,2004-03-31,FY,1870129000.0,327554000.0,1542575000.0,0.8248495157285941,252284000.0,0.0,0.0,0.0,1024373000.0,1351927000.0,0.0,2954000.0,521156000,0.27867382410518204,518202000.0,0.27709425392579873,-6990000.0,542222000.0,0.28993828767962,171603000.0,370619000.0,0.19817830748574028,0.605,0.535,611970000,719110000,,,1620595723,17:28:43,20210509
20,2003-03-31,NLOK,USD,2003-03-31,2003-03-31,FY,1406946000.0,250116000.0,1156830000.0,0.8222277187610612,197271000.0,0.0,0.0,0.0,799529000.0,1049645000.0,0.0,2787000.0,360088000,0.2559359065664212,357301000.0,0.2539550203063941,-10208000.0,363631000.0,0.25845412688191305,115193000.0,248438000.0,0.17657962707879335,0.4275,0.385,581580000,682872000,,,1620595723,17:28:43,20210509
21,2003-03-28,NLOK,USD,2003-06-16,2003-06-16 16:41:01,FY,100000.0,18000.0,82000.0,0.82,14000.0,-33000.0,38000.0,1000.0,58000.0,76000.0,1000.0,56794000.0,56818000,568.18,24000.0,0.24,0.0,26000.0,0.26,8000.0,18000.0,0.18,0.00012,0.00012,144533000,144533000,https://www.sec.gov/Archives/edgar/data/849399/000089161803003056/0000891618-03-003056-index.htm,https://www.sec.gov/Archives/edgar/data/849399/000089161803003056/f90767e10vk.htm,1620595723,17:28:43,20210509
22,2002-03-31,NLOK,USD,2002-03-31,2002-03-31,FY,1071438000.0,194610000.0,876828000.0,0.8183655983827343,163979000.0,482375000.0,0.0,0.0,848359000.0,1042969000.0,0.0,198950000.0,227419000,0.2122558654817171,28469000.0,0.026570832843337645,-8574000.0,45498000.0,0.04246442631304845,73649000.0,-28151000.0,-0.02627403545515466,-0.05,-0.05,574416000,574416000,,,1620595723,17:28:43,20210509
23,2002-03-29,NLOK,USD,2002-06-14,2002-06-14 17:31:50,FY,18000.0,18000.0,0.0,0.0,15000.0,-35000.0,40000.0,21000.0,81000.0,99000.0,1000.0,38777000.0,38778000,2154.3333333333335,1000.0,0.05555555555555555,0.0,4000.0,0.2222222222222222,7000.0,-3000.0,-0.16666666666666666,-2e-05,-2e-05,144046000,144046000,https://www.sec.gov/Archives/edgar/data/849399/000089161802002836/0000891618-02-002836-index.htm,https://www.sec.gov/Archives/edgar/data/849399/000089161802002836/f82109e10vk.htm,1620595723,17:28:43,20210509
24,2001-03-31,NLOK,USD,2001-06-22 00:00:00,2001-06-22 00:00:00,FY,853554000.0,91883000.0,761671000.0,0.8923524463595742,126673000.0,44784000.0,349921000.0,0.0,594130000.0,686013000.0,0.0,104729000.0,272270000,0.3189839190021955,167541000.0,0.19628635095143365,-28041000.0,140780000.0,0.16493391162129167,76844000.0,63936000.0,0.07490562987227521,0.12375,0.1175,517896000,545896000,https://www.sec.gov/Archives/edgar/data/849399/000089161801501315/0000891618-01-501315-index.html,https://www.sec.gov/Archives/edgar/data/849399/000089161801501315/f72851e10-k.txt,1620595723,17:28:43,20210509
25,2000-03-31,NLOK,USD,2000-06-26 00:00:00,2000-06-26 00:00:00,FY,745725000.0,89260000.0,656465000.0,0.8803044017566798,108425000.0,348905000.0,0.0,0.0,507944000.0,597204000.0,0.0,50614000.0,199135000,0.2670354353146267,148521000.0,0.19916323041335612,95384000.0,257291000.0,0.34502128800831405,87143000.0,170148000.0,0.22816453786583527,0.3675,0.34125,462960000,497712000,https://www.sec.gov/Archives/edgar/data/849399/000089161800003551/0000891618-00-003551-index.html,https://www.sec.gov/Archives/edgar/data/849399/000089161800003551/e10-k.txt,1620595723,17:28:43,20210509
26,1999-03-31,NLOK,USD,1999-03-31,1999-03-31,FY,633900000.0,66800000.0,567100000.0,0.8946206026187096,101600000.0,321800000.0,0.0,0.0,459600000.0,526400000.0,0.0,36200000.0,143700000,0.22669190724088972,107500000.0,0.16958510806120838,-22300000.0,83200000.0,0.1312509859599306,33000000.0,50200000.0,0.07919230162486196,0.11125,0.1075,452808000,474312000,,,1620595723,17:28:43,20210509
27,1998-03-31,NLOK,USD,1998-03-31,1998-03-31,FY,578400000.0,60700000.0,517700000.0,0.8950553250345782,91300000.0,299300000.0,0.0,0.0,417300000.0,478000000.0,0.0,26700000.0,127100000,0.21974412171507607,100400000.0,0.173582295988935,13000000.0,112100000.0,0.19381051175656985,27000000.0,85100000.0,0.14713001383125865,0.19,0.1775,448776000,482248000,,,1620595723,17:28:43,20210509
28,1997-03-31,NLOK,USD,1997-03-31,1997-03-31,FY,472200000.0,60300000.0,411900000.0,0.872299872935197,88900000.0,254800000.0,0.0,0.0,376900000.0,437200000.0,0.0,33200000.0,68200000,0.1444303261329945,35000000.0,0.07412113511224058,-3100000.0,30300000.0,0.06416772554002541,4300000.0,26000000.0,0.05506141465480729,0.05865684841265544,0.05820096344979495,443256000,446728000,,,1620595723,17:28:43,20210509
29,1996-03-31,NLOK,USD,1996-03-31,1996-03-31,FY,445400000.0,70100000.0,375300000.0,0.8426133812303548,94700000.0,262400000.0,0.0,0.0,396000000.0,466100000.0,0.0,38900000.0,18200000,0.040862146385271664,-20700000.0,-0.04647507858105074,-22200000.0,-44400000.0,-0.09968567579703637,-4600000.0,-39800000.0,-0.08935788055680287,-0.095,-0.095,421312000,421312000,,,1620595723,17:28:43,20210509
30,1995-03-31,NLOK,USD,1995-06-08 00:00:00,1995-06-08 00:00:00,FY,334900000.0,41000000.0,293900000.0,0.8775753956404897,62800000.0,174200000.0,0.0,0.0,256800000.0,297800000.0,0.0,19800000.0,56900000,0.16990146312332038,37100000.0,0.11077933711555689,3700000.0,38400000.0,0.11466109286354136,9900000.0,28500000.0,0.0851000298596596,0.09625,0.08875,299064000,333544000,https://www.sec.gov/Archives/edgar/data/849399/000091205795004482/0000912057-95-004482-index.html,https://www.sec.gov/Archives/edgar/data/849399/0000912057-95-004482.txt,1620595723,17:28:43,20210509
