,date,symbol,reportedCurrency,fillingDate,acceptedDate,period,revenue,costOfRevenue,grossProfit,grossProfitRatio,researchAndDevelopmentExpenses,generalAndAdministrativeExpenses,sellingAndMarketingExpenses,otherExpenses,operatingExpenses,costAndExpenses,interestExpense,depreciationAndAmortization,ebitda,ebitdaratio,operatingIncome,operatingIncomeRatio,totalOtherIncomeExpensesNet,incomeBeforeTax,incomeBeforeTaxRatio,incomeTaxExpense,netIncome,netIncomeRatio,eps,epsdiluted,weightedAverageShsOut,weightedAverageShsOutDil,link,finalLink,timestamp,est_time,est_date
0,2020-06-30,FSTJ,USD,2020-09-24,2020-09-24 06:04:14,FY,0.0,0.0,0.0,0.0,0.0,17095.0,0.0,0.0,17095.0,17095.0,0.0,0.0,-17095.0,0.0,-17095.0,0.0,0.0,-17095.0,0.0,0.0,-17095.0,0.0,-0.002147,-0.002147,7964090.0,7964090.0,https://www.sec.gov/Archives/edgar/data/1525306/000147793220005572/0001477932-20-005572-index.htm,https://www.sec.gov/Archives/edgar/data/1525306/000147793220005572/fstj_10k.htm,1620592289,16:31:29,20210509
1,2019-06-30,FSTJ,USD,2019-09-26,2019-09-26,FY,0.0,0.0,0.0,0.0,0.0,17078.0,0.0,0.0,17078.0,17078.0,0.0,0.0,-17078.0,0.0,-17078.0,0.0,0.0,-17078.0,0.0,0.0,-17078.0,0.0,-0.002144,-0.002144,7964090.0,7964090.0,https://www.sec.gov/Archives/edgar/data/1525306/000147793219005535/0001477932-19-005535-index.htm,https://www.sec.gov/Archives/edgar/data/1525306/000147793219005535/fstj_10k.htm,1620592289,16:31:29,20210509
2,2018-06-30,FSTJ,USD,2018-06-30,2018-06-30,FY,0.0,0.0,0.0,0.0,0.0,19109.0,0.0,0.0,19109.0,19109.0,0.0,0.0,-19109.0,0.0,-19109.0,0.0,0.0,-19109.0,0.0,0.0,-19109.0,0.0,-0.002399,-0.002399,7964090.0,7964090.0,,,1620592289,16:31:29,20210509
3,2017-06-30,FSTJ,USD,2017-10-12,2017-10-12,FY,0.0,0.0,0.0,0.0,0.0,32074.0,0.0,0.0,32074.0,32074.0,0.0,0.0,-32074.0,0.0,-32074.0,0.0,0.0,-32074.0,0.0,0.0,-32074.0,0.0,-0.004027,-0.004027,7964090.0,7964090.0,https://www.sec.gov/Archives/edgar/data/1525306/000147793217005015/0001477932-17-005015-index.htm,https://www.sec.gov/Archives/edgar/data/1525306/000147793217005015/fstj_10k.htm,1620592289,16:31:29,20210509
4,2016-06-30,FSTJ,USD,2016-06-30,2016-06-30,FY,0.0,0.0,0.0,0.0,0.0,32451.0,0.0,0.0,32451.0,32451.0,0.0,0.0,-32452.0,0.0,-32451.0,0.0,1.0,-32450.0,0.0,0.0,-32450.0,0.0,-0.004075,-0.004075,7964090.0,7964090.0,,,1620592289,16:31:29,20210509
5,2015-06-30,FSTJ,USD,2015-09-29,2015-09-29,FY,0.0,0.0,0.0,0.0,0.0,43760.0,0.0,0.0,43760.0,43760.0,0.0,0.0,-43760.0,0.0,-43760.0,0.0,0.0,-43760.0,0.0,0.0,-43760.0,0.0,-0.01,-0.01,7964090.0,7964090.0,https://www.sec.gov/Archives/edgar/data/1525306/000147793215006187/0001477932-15-006187-index.htm,https://www.sec.gov/Archives/edgar/data/1525306/000147793215006187/fstj_10k.htm,1620592289,16:31:29,20210509
6,2014-06-30,FSTJ,USD,2014-06-30,2014-06-30,FY,0.0,0.0,0.0,0.0,0.0,66492.0,0.0,0.0,66492.0,66492.0,0.0,0.0,-66492.0,0.0,-66492.0,0.0,0.0,-66492.0,0.0,0.0,-66492.0,0.0,-0.01,-0.01,6649200.0,6649200.0,,,1620592289,16:31:29,20210509
7,2013-06-30,FSTJ,USD,2013-09-30,2013-09-30,FY,7093.0,4423.0,2670.0,0.3764274636966023,0.0,51523.0,0.0,0.0,51523.0,55946.0,0.0,0.0,-48854.0,-6.88763569716622,-48853.0,-6.88749471309742,1.0,-48852.0,-6.88735372902862,0.0,-48852.0,-6.88735372902862,-0.01,-0.01,4885200.0,4885200.0,https://www.sec.gov/Archives/edgar/data/1525306/000147793213004396/0001477932-13-004396-index.htm,https://www.sec.gov/Archives/edgar/data/1525306/000147793213004396/gdoae_10k.htm,1620592289,16:31:29,20210509
8,2012-06-30,FSTJ,USD,2012-06-30,2012-06-30,FY,6966.0,5708.0,1258.0,0.18059144415733563,0.0,67858.0,0.0,0.0,67858.0,73566.0,0.0,0.0,-66590.0,-9.559287970140684,-66600.0,-9.560723514211887,0.0,-66590.0,-9.559287970140684,0.0,-66590.0,-9.559287970140684,-0.01,-0.01,6659000.0,6659000.0,,,1620592289,16:31:29,20210509
