,date,symbol,reportedCurrency,fillingDate,acceptedDate,period,revenue,costOfRevenue,grossProfit,grossProfitRatio,researchAndDevelopmentExpenses,generalAndAdministrativeExpenses,sellingAndMarketingExpenses,otherExpenses,operatingExpenses,costAndExpenses,interestExpense,depreciationAndAmortization,ebitda,ebitdaratio,operatingIncome,operatingIncomeRatio,totalOtherIncomeExpensesNet,incomeBeforeTax,incomeBeforeTaxRatio,incomeTaxExpense,netIncome,netIncomeRatio,eps,epsdiluted,weightedAverageShsOut,weightedAverageShsOutDil,link,finalLink,timestamp,est_time,est_date
0,2019-12-31,MGT,USD,2020-03-30 00:00:00,2020-03-30 16:16:54,FY,450000.0,510000.0,-60000.0,-0.13333333333333333,0.0,7377000.0,0.0,574000.0,7951000.0,8461000.0,0.0,5775000.0,-1726000.0,-3.8355555555555556,-7501000.0,-16.66888888888889,0.0,-8781000.0,-19.513333333333332,0.0,-8781000.0,-19.513333333333332,-0.03415,-0.03415,257122569.0,257122569.0,https://www.sec.gov/Archives/edgar/data/1001601/000149315220005218/0001493152-20-005218-index.html,https://www.sec.gov/Archives/edgar/data/1001601/000149315220005218/form10-k.htm,1620594977,17:16:17,20210509
1,2018-12-31,MGT,USD,2019-04-16,2019-04-16 16:55:03,FY,2030000.0,4191000.0,-2161000.0,-1.0645320197044335,47000.0,12761000.0,55000.0,13035000.0,25953000.0,30144000.0,3000.0,3291000.0,-20632000.0,-10.163546798029557,-23923000.0,-11.784729064039409,74000.0,-26363000.0,-12.986699507389163,0.0,-26363000.0,-12.986699507389163,-0.10253086729232236,-0.36085906056216455,257122569.0,73056223.0,https://www.sec.gov/Archives/edgar/data/1001601/000149315219005484/0001493152-19-005484-index.htm,https://www.sec.gov/Archives/edgar/data/1001601/000149315219005484/form10-k.htm,1620594977,17:16:17,20210509
2,2017-12-31,MGT,USD,2018-04-02 00:00:00,2018-04-02 17:17:46,FY,3134000.0,1502000.0,1632000.0,0.5207402680280792,346000.0,22115000.0,238000.0,303000.0,23240000.0,24742000.0,0.0,6738000.0,-14870000.0,-4.744735162731334,-21608000.0,-6.894703254626675,0.0,-50433000.0,-16.092214422463307,0.0,-50433000.0,-16.092214422463307,-0.1961438087529376,-1.3361646434191912,257122569.0,37744600.0,https://www.sec.gov/Archives/edgar/data/1001601/000149315218004538/0001493152-18-004538-index.html,https://www.sec.gov/Archives/edgar/data/1001601/000149315218004538/form10-k.htm,1620594977,17:16:17,20210509
3,2016-12-31,MGT,USD,2017-04-20,2017-04-19 17:55:33,FY,313000.0,209000.0,104000.0,0.33226837060702874,297000.0,17478000.0,198000.0,2169000.0,20340000.0,20549000.0,0.0,250000.0,-19986000.0,-63.853035143769965,-20236000.0,-64.65175718849841,216000.0,-24842000.0,-79.36741214057508,0.0,-24523000.0,-78.34824281150159,-0.09537474713081293,-1.0826016733067236,257122569.0,22651914.0,https://www.sec.gov/Archives/edgar/data/1001601/000149315217004179/0001493152-17-004179-index.htm,https://www.sec.gov/Archives/edgar/data/1001601/000149315217004179/form10-k.htm,1620594977,17:16:17,20210509
4,2015-12-31,MGT,USD,2016-04-14,2016-04-14 17:21:18,FY,94000.0,610000.0,94000.0,1.0,188000.0,3926000.0,0.0,-23000.0,4114000.0,4724000.0,0.0,354000.0,-3666000.0,-39.0,-4020000.0,-42.765957446808514,0.0,-4156000.0,-44.212765957446805,0.0,-5330000.0,-56.702127659574465,-0.020729413293937647,-0.561462972359694,257122569.0,9493057.0,https://www.sec.gov/Archives/edgar/data/1001601/000101376216001482/0001013762-16-001482-index.htm,https://www.sec.gov/Archives/edgar/data/1001601/000101376216001482/f10k2015_mgtcapitalinvest.htm,1620594977,17:16:17,20210509
5,2014-12-31,MGT,USD,2015-04-15,2015-04-15 16:15:56,FY,610000.0,610000.0,446000.0,0.7311475409836066,188000.0,5127000.0,380000.0,-1000.0,6075000.0,6685000.0,0.0,704000.0,-4925000.0,-8.073770491803279,-5629000.0,-9.227868852459016,-1000.0,-5765000.0,-9.450819672131148,0.0,-5330000.0,-8.737704918032787,-0.020729413293937647,-0.561462972359694,257122569.0,9493057.0,https://www.sec.gov/Archives/edgar/data/1001601/000114420415022978/0001144204-15-022978-index.htm,https://www.sec.gov/Archives/edgar/data/1001601/000114420415022978/v405352_10k.htm,1620594977,17:16:17,20210509
6,2013-12-31,MGT,USD,2014-03-28,2014-03-28 16:39:32,FY,97000.0,559000.0,-163000.0,-1.6804123711340206,73000.0,8954000.0,161000.0,30000.0,9349000.0,9908000.0,0.0,399000.0,-9113000.0,-93.94845360824742,-9512000.0,-98.0618556701031,30000.0,-10936000.0,-112.74226804123711,0.0,-10202000.0,-105.17525773195877,-1.159839978008288,-1.8248423251803914,8796041.0,5590620.0,https://www.sec.gov/Archives/edgar/data/1001601/000114420414018803/0001144204-14-018803-index.htm,https://www.sec.gov/Archives/edgar/data/1001601/000114420414018803/v371849_10k.htm,1620594977,17:16:17,20210509
7,2012-12-31,MGT,USD,2013-03-29 00:00:00,2013-03-29 16:15:09,FY,265000.0,104000.0,432000.0,1.630188679245283,1144000.0,7150000.0,0.0,-99000.0,8294000.0,8398000.0,0.0,122000.0,-7740000.0,-29.20754716981132,-7862000.0,-29.667924528301885,28000.0,-7753000.0,-29.256603773584906,-198000.0,-4549000.0,-17.166037735849056,-1.4789638604825668,-3.855453954488862,3075802.0,1179887.0,https://www.sec.gov/Archives/edgar/data/1001601/000114420413018728/0001144204-13-018728-index.html,https://www.sec.gov/Archives/edgar/data/1001601/000114420413018728/v337982_10k.htm,1620594977,17:16:17,20210509
8,2011-12-31,MGT,USD,2012-03-01 00:00:00,2012-03-01 17:26:38,FY,540000.0,116000.0,424000.0,0.7851851851851852,1576000.0,10181000.0,0.0,28000.0,11757000.0,11873000.0,0.0,138000.0,-11195000.0,-20.73148148148148,-11333000.0,-20.987037037037037,-1919000.0,-13252000.0,-24.54074074074074,-336000.0,-9651000.0,-17.872222222222224,-3.137718227636239,-0.29280787583101414,3075802.0,32960179.0,https://www.sec.gov/Archives/edgar/data/1001601/000114420412012400/0001144204-12-012400-index.html,https://www.sec.gov/Archives/edgar/data/1001601/000114420412012400/v303863_10k.htm,1620594977,17:16:17,20210509
9,2010-12-31,MGT,USD,2011-04-15,2011-04-15 12:12:03,FY,540000.0,116000.0,424000.0,0.7851851851851852,1576000.0,10181000.0,0.0,66000.0,11757000.0,11873000.0,-66000.0,138000.0,-96000.0,-0.17777777777777778,-234000.0,-0.43333333333333335,66000.0,-13252000.0,-24.54074074074074,0.0,-13252000.0,-24.54074074074074,-0.40206,-0.40206,32960179.0,32960179.0,https://www.sec.gov/Archives/edgar/data/1001601/000114420411022325/0001144204-11-022325-index.htm,https://www.sec.gov/Archives/edgar/data/1001601/000114420411022325/v216176_10k.htm,1620594977,17:16:17,20210509
10,2009-12-31,MGT,USD,2010-03-30 00:00:00,2010-03-30 06:11:16,FY,228000.0,3000.0,225000.0,0.9868421052631579,0.0,15195000.0,0.0,-3018000.0,15195000.0,15198000.0,0.0,337000.0,337000.0,1.4780701754385965,0.0,0.0,-3018000.0,0.0,0.0,0.0,0.0,0.0,-0.81,-0.81,32550590.0,32550590.0,https://www.sec.gov/Archives/edgar/data/1001601/000110465910017090/0001104659-10-017090-index.html,https://www.sec.gov/Archives/edgar/data/1001601/000110465910017090/a09-36063_110k.htm,1620594977,17:16:17,20210509
11,2008-12-31,MGT,USD,2009-04-03,2009-04-03 07:48:40,FY,354000.0,116000.0,238000.0,0.672316384180791,3665000.0,26066000.0,0.0,0.0,29731000.0,29847000.0,0.0,468000.0,-19533000.0,-55.17796610169491,-20001000.0,-56.5,1842000.0,-20001000.0,-56.5,0.0,-20001000.0,-56.5,-0.60265,-0.60265,33188294.0,33188294.0,https://www.sec.gov/Archives/edgar/data/1001601/000110465909022436/0001104659-09-022436-index.htm,https://www.sec.gov/Archives/edgar/data/1001601/000110465909022436/a09-1664_110k.htm,1620594977,17:16:17,20210509
12,2007-12-31,MGT,USD,2008-03-17,2008-03-17 14:51:50,FY,89000.0,35000.0,54000.0,0.6067415730337079,2670000.0,19307000.0,0.0,0.0,21977000.0,22012000.0,0.0,367000.0,-13433000.0,-150.93258426966293,-13800000.0,-155.0561797752809,4048000.0,-17875000.0,-200.8426966292135,0.0,-13800000.0,-155.0561797752809,-0.35475,-0.35475,38900383.0,38900383.0,https://www.sec.gov/Archives/edgar/data/1001601/000110465908017955/0001104659-08-017955-index.htm,https://www.sec.gov/Archives/edgar/data/1001601/000110465908017955/a08-3005_110k.htm,1620594977,17:16:17,20210509
13,2006-12-31,MGT,USD,2007-03-30,2007-03-30 15:23:18,FY,15712000.0,0.0,15712000.0,1.0,2870000.0,12842000.0,0.0,0.0,15712000.0,15712000.0,0.0,278000.0,-14657000.0,-0.9328538696537678,-14935000.0,-0.9505473523421588,300000.0,-15412000.0,-0.9809063136456212,0.0,-14935000.0,-0.9505473523421588,-0.39207,-0.39207,38092965.0,38092965.0,https://www.sec.gov/Archives/edgar/data/1001601/000110465907024175/0001104659-07-024175-index.htm,https://www.sec.gov/Archives/edgar/data/1001601/000110465907024175/a07-9368_110k.htm,1620594977,17:16:17,20210509
14,2005-12-31,MGT,USD,2006-03-29,2006-03-29 12:36:38,FY,11663000.0,0.0,11663000.0,1.0,2363000.0,9300000.0,0.0,0.0,11663000.0,11663000.0,0.0,237000.0,-10501000.0,-0.9003686873017234,-10738000.0,-0.9206893595129898,67000.0,-11596000.0,-0.9942553373917516,0.0,-12216000.0,-1.0474149018262882,-0.35694,-0.35694,34224023.0,34224023.0,https://www.sec.gov/Archives/edgar/data/1001601/000110465906020099/0001104659-06-020099-index.htm,https://www.sec.gov/Archives/edgar/data/1001601/000110465906020099/a06-3922_410k.htm,1620594977,17:16:17,20210509
15,2004-12-31,MGT,USD,2005-03-31 00:00:00,2005-03-31 12:46:59,FY,538000.0,0.0,538000.0,1.0,2972000.0,13261000.0,0.0,0.0,16233000.0,16233000.0,0.0,779000.0,-14251000.0,-26.48884758364312,-15030000.0,-27.936802973977695,130000.0,-15030000.0,-27.936802973977695,0.0,-15030000.0,-27.936802973977695,-0.48714,-0.48714,30853734.0,30853734.0,https://www.sec.gov/Archives/edgar/data/1001601/000110465905014169/0001104659-05-014169-index.html,https://www.sec.gov/Archives/edgar/data/1001601/000110465905014169/a05-5996_110k.htm,1620594977,17:16:17,20210509
16,2004-01-15,MGT,USD,2004-04-08 00:00:00,2004-04-08 10:26:36,FY,276000.0,0.0,276000.0,1.0,2498000.0,10279000.0,0.0,0.0,12777000.0,12777000.0,0.0,631000.0,-9465000.0,-34.29347826086956,-10096000.0,-36.57971014492754,12000.0,-10096000.0,-36.57971014492754,0.0,-10096000.0,-36.57971014492754,-0.45471,-0.45471,22203126.0,22203126.0,https://www.sec.gov/Archives/edgar/data/1001601/000104746904011287/0001047469-04-011287-index.html,https://www.sec.gov/Archives/edgar/data/1001601/000104746904011287/a2132734z10-k.htm,1620594977,17:16:17,20210509
17,2002-12-31,MGT,USD,2003-04-14,2003-04-14 16:42:54,FY,82000.0,0.0,82000.0,1.0,1239000.0,10619000.0,0.0,0.0,11858000.0,11858000.0,0.0,4735000.0,-12980000.0,-158.29268292682926,-17715000.0,-216.03658536585365,3000.0,-17715000.0,-216.03658536585365,0.0,-17715000.0,-216.03658536585365,-0.91813,-0.91813,19294654.0,19294654.0,https://www.sec.gov/Archives/edgar/data/1001601/000104746903013236/0001047469-03-013236-index.htm,https://www.sec.gov/Archives/edgar/data/1001601/000104746903013236/a2107213z10-k.htm,1620594977,17:16:17,20210509
