,date,symbol,reportedCurrency,fillingDate,acceptedDate,period,revenue,costOfRevenue,grossProfit,grossProfitRatio,researchAndDevelopmentExpenses,generalAndAdministrativeExpenses,sellingAndMarketingExpenses,otherExpenses,operatingExpenses,costAndExpenses,interestExpense,depreciationAndAmortization,ebitda,ebitdaratio,operatingIncome,operatingIncomeRatio,totalOtherIncomeExpensesNet,incomeBeforeTax,incomeBeforeTaxRatio,incomeTaxExpense,netIncome,netIncomeRatio,eps,epsdiluted,weightedAverageShsOut,weightedAverageShsOutDil,link,finalLink,timestamp,est_time,est_date
0,2020-12-31,0288.HK,USD,2020-12-31,2020-12-31,FY,25589000000,20563000000,5026000000,0.19641252100511938,0.0,874000000,1914000000,-879000000,0.0,23315000000,130000000,0.0,1428000000,0.055805228809253975,2274000000,0.08886630974246747,0.0,1315000000,0.05138926882644886,223000000,828000000,0.03235765367931533,0.0562,0.056,14733550000,14788770000,https://www1.hkexnews.hk/search/titlesearch.xhtml,https://www1.hkexnews.hk/search/titlesearch.xhtml,1620584647,14:24:07,20210509
1,2019-12-31,0288.HK,USD,2019-12-31,2019-12-31,FY,24103000000,18871000000,5232000000,0.2170684147201593,0.0,811000000,2059000000,-290000000,0.0,21711000000,139000000,581000000.0,2973000000,0.12334564162137493,2392000000,0.09924075841181595,0.0,2052000000,0.0851346305439157,357000000,1465000000,0.060780815666099657,0.0996,0.099,14702710000,14791220000,https://www1.hkexnews.hk/search/titlesearch.xhtml,https://www1.hkexnews.hk/search/titlesearch.xhtml,1620584647,14:24:07,20210509
2,2018-12-31,0288.HK,USD,2018-12-31,2018-12-31,FY,22605000000,17907000000,4698000000,0.20783012607830126,0.0,732000000,2139000000,-354000000,0.0,20748000000,110000000,437000000.0,2294000000,0.10148197301481973,1857000000,0.08214996682149966,0.0,1411000000,0.06241981862419819,258000000,943000000,0.04171643441716434,0.0643,0.064,14674830000,14739890000,https://www1.hkexnews.hk/search/titlesearch.xhtml,https://www1.hkexnews.hk/search/titlesearch.xhtml,1620584647,14:24:07,20210509
3,2017-12-31,0288.HK,USD,2017-12-31,2017-12-31,FY,22379000000,18061000000,4318000000,0.19294874659278788,0.0,823000000,1930000000,357000000,0.0,21071000000,124000000,389000000.0,1697000000,0.07583001921444212,1308000000,0.05844765181643505,0.0,1501000000,0.06707180839179588,182000000,1133000000,0.05062782072478663,0.0779,0.0776,14541850000,14591180000,https://www1.hkexnews.hk/search/titlesearch.xhtml,https://www1.hkexnews.hk/search/titlesearch.xhtml,1620584647,14:24:07,20210509
4,2016-12-31,0288.HK,USD,2016-12-31,2016-12-31,FY,21534000000,17327000000,4207000000,0.19536546856134485,0.0,748000000,1794000000,199000000,0.0,19844000000,169000000,372000000.0,2062000000,0.09575554936379678,1690000000,0.07848054239806818,0.0,1703000000,0.07908423887805331,465000000,1036000000,0.048109965635738834,0.0758,0.0725,13666400000,14297980000,https://www1.hkexnews.hk/search/titlesearch.xhtml,https://www1.hkexnews.hk/search/titlesearch.xhtml,1620584647,14:24:07,20210509
5,2015-12-31,0288.HK,USD,2015-12-31,2015-12-31,FY,21209000000,17129000000,4080000000,0.19237116318544015,0.0,740000000,1783000000,-36000000,0.0,19670000000,211000000,391000000.0,1930000000,0.09099910415389693,1539000000,0.07256353434862559,0.0,1302000000,0.06138903295770663,307000000,786000000,0.037059738790136264,0.0575,0.055,13665960000,14297540000,https://www1.hkexnews.hk/search/titlesearch.xhtml,https://www1.hkexnews.hk/search/titlesearch.xhtml,1620584647,14:24:07,20210509
6,2014-12-31,0288.HK,USD,2014-12-31,2014-12-31,FY,22243000000,18979000000,3264000000,0.14674279548622038,0.0,758000000,1511000000,743000000,0.0,21256000000,299000000,359000000.0,1346000000,0.060513419952344556,987000000,0.04437351076743245,0.0,1420000000,0.0638403093107944,448000000,766000000,0.034437800656386276,0.0644,0.0611,11904310000,12535900000,https://www1.hkexnews.hk/search/titlesearch.xhtml,https://www1.hkexnews.hk/search/titlesearch.xhtml,1620584647,14:24:07,20210509
7,2013-12-31,0288.HK,USD,2013-12-31,2013-12-31,FY,11253000000,9480000000,1773000000,0.15755798453745667,0.0,467000000,539000000,63000000,0.0,11058000000,113000000,174000000.0,369000000,0.032791255665155956,195000000,0.0173287123433751,0.0,162000000,0.014396161023727006,229000000,-263000000,-0.023371545365680264,-0.024548581456020235,-0.023181957209456476,10713450000,11345030000,https://www1.hkexnews.hk/search/titlesearch.xhtml,https://www1.hkexnews.hk/search/titlesearch.xhtml,1620584647,14:24:07,20210509
