,date,symbol,reportedCurrency,fillingDate,acceptedDate,period,revenue,costOfRevenue,grossProfit,grossProfitRatio,researchAndDevelopmentExpenses,generalAndAdministrativeExpenses,sellingAndMarketingExpenses,otherExpenses,operatingExpenses,costAndExpenses,interestExpense,depreciationAndAmortization,ebitda,ebitdaratio,operatingIncome,operatingIncomeRatio,totalOtherIncomeExpensesNet,incomeBeforeTax,incomeBeforeTaxRatio,incomeTaxExpense,netIncome,netIncomeRatio,eps,epsdiluted,weightedAverageShsOut,weightedAverageShsOutDil,link,finalLink,timestamp,est_time,est_date
0,2020-12-31,OII,USD,2021-02-26,2021-02-26 17:26:22,FY,1827889000,1663948000,163941000,0.08968870648053574,0.0,195695000.0,0.0,-14269000.0,195695000.0,1859643000,43900000.0,528895000.0,497141000.0,0.2719754864764764,-31754000.0,-0.01737195201678001,-426326000.0,-498897000.0,-0.2729361575019052,-2146000.0,-496751000.0,-0.2717621255995304,-5.021194807248976,-5.021194807248976,99233000,99233000,https://www.sec.gov/Archives/edgar/data/73756/000007375621000023/0000073756-21-000023-index.htm,https://www.sec.gov/Archives/edgar/data/73756/000007375621000023/oii-20201231.htm,1620596077,17:34:37,20210509
1,2019-12-31,OII,USD,2020-02-27 00:00:00,2020-02-27 16:32:41,FY,2048124000,1949880000,98244000,0.04796779882468054,0.0,0.0,0.0,-6621000.0,214891000.0,2164771000,42711000.0,263427000.0,146780000.0,0.07166558274791957,-116647000.0,-0.05695309463684816,-179356000.0,-330821000.0,-0.16152391163816254,17623000.0,-348444000.0,-0.17012837113377902,-3.522097,-3.522097,98930836,98930836,https://www.sec.gov/Archives/edgar/data/73756/000007375620000018/0000073756-20-000018-index.html,https://www.sec.gov/Archives/edgar/data/73756/000007375620000018/oii10k12312019.htm,1620596077,17:34:37,20210509
2,2018-12-31,OII,USD,2019-02-28 00:00:00,2019-02-28 16:30:06,FY,1909482000,1780256000,129226000,0.06767594562294905,0.0,0.0,0.0,-8788000.0,198259000.0,1978515000,37742000.0,293590000.0,224557000.0,0.11760100383245299,-69033000.0,-0.03615273671079382,-89020000.0,-185833000.0,-0.0973211583036656,26494000.0,-212327000.0,-0.11119612544135006,-2.154746,-2.16,98539215,98539215,https://www.sec.gov/Archives/edgar/data/73756/000007375619000011/0000073756-19-000011-index.html,https://www.sec.gov/Archives/edgar/data/73756/000007375619000011/oii_10kx12312018.htm,1620596077,17:34:37,20210509
3,2017-12-31,OII,USD,2018-03-01 00:00:00,2018-02-28 18:15:10,FY,1921507000,1726897000,194610000,0.10127988084352542,0.0,0.0,0.0,-6055000.0,183954000.0,1910851000,27817000.0,213519000.0,224175000.0,0.11666624165303588,10656000.0,0.0055456472445845895,-8038000.0,-17844000.0,-0.009286461095379825,-184242000.0,166398000.0,0.08659765486152275,1.693112,1.68,98279374,98764000,https://www.sec.gov/Archives/edgar/data/73756/000007375618000013/0000073756-18-000013-index.html,https://www.sec.gov/Archives/edgar/data/73756/000007375618000013/oii_10kx12312017.htm,1620596077,17:34:37,20210509
4,2016-12-31,OII,USD,2017-02-24 00:00:00,2017-02-24 16:24:00,FY,2271603000,1992376000,279227000,0.1229206864051509,0.0,0.0,0.0,-6244000.0,208463000.0,2200839000,25318000.0,250247000.0,321011000.0,0.1413147455783427,70764000.0,0.031151570058676626,-6000000.0,43346000.0,0.019081679325128553,18760000.0,24586000.0,0.010823194017616635,0.25071,0.25,98065362,98424000,https://www.sec.gov/Archives/edgar/data/73756/000007375617000013/0000073756-17-000013-index.html,https://www.sec.gov/Archives/edgar/data/73756/000007375617000013/oii_10kx12312016.htm,1620596077,17:34:37,20210509
5,2015-12-31,OII,USD,2016-02-19 00:00:00,2016-02-19 17:08:07,FY,3062754000,2457325000,605429000,0.19767470714265659,0.0,0.0,0.0,-15336000.0,231619000.0,2688944000,25050000.0,241235000.0,615045000.0,0.20081436511061612,373810000.0,0.12205028546203842,-13106000.0,336261000.0,0.10979040432238436,105250000.0,231011000.0,0.0754259075328936,2.360887,2.34,97849259,98808000,https://www.sec.gov/Archives/edgar/data/73756/000007375616000068/0000073756-16-000068-index.html,https://www.sec.gov/Archives/edgar/data/73756/000007375616000068/oii_10kx12312015.htm,1620596077,17:34:37,20210509
6,2014-12-31,OII,USD,2015-02-19,2015-02-19 16:42:37,FY,3659624000,2800423000,859201000,0.23477849090507658,0.0,0.0,0.0,-387000.0,230871000.0,3031294000,4708000.0,229779000.0,858109000.0,0.23448009959493107,628330000.0,0.1716925017433485,-438000.0,623477000.0,0.17036640922674023,195148000.0,428329000.0,0.11704180538765731,4.299913,4.0,99613406,107091000,https://www.sec.gov/Archives/edgar/data/73756/000007375615000004/oii_10kx12312014.htm,https://www.sec.gov/Archives/edgar/data/73756/000007375615000004/oii_10kx12312014.htm,1620596077,17:34:37,20210509
7,2013-12-31,OII,USD,2014-02-20,2014-02-20 16:04:10,FY,3287019000,2521483000,765536000,0.23289673713477166,0.0,0.0,0.0,-1273000.0,220420000.0,2741903000,2194000.0,202228000.0,747344000.0,0.2273622391595546,545116000.0,0.16583901705466259,-1140000.0,542336000.0,0.16499326593487898,170836000.0,371500000.0,0.11302033848906867,3.433538,3.42,108197444,108731000,https://www.sec.gov/Archives/edgar/data/73756/000007375614000006/oii_10kx12312013.htm,https://www.sec.gov/Archives/edgar/data/73756/000007375614000006/oii_10kx12312013.htm,1620596077,17:34:37,20210509
8,2012-12-31,OII,USD,2013-02-22 00:00:00,2013-02-21 18:56:39,FY,2782604000,2154746000,627858000,0.22563684951218355,0.0,0.0,0.0,-6065000.0,199261000.0,2354007000,4218000.0,176483000.0,605080000.0,0.21745099194854892,428597000.0,0.15402730679608023,-4392000.0,421922000.0,0.15162847462305093,132905000.0,289017000.0,0.10386565964830066,2.678375,2.66,107907574,108617000,https://www.sec.gov/Archives/edgar/data/73756/000007375613000007/0000073756-13-000007-index.html,https://www.sec.gov/Archives/edgar/data/73756/000007375613000007/oii_10kx12312012.htm,1620596077,17:34:37,20210509
9,2011-12-31,OII,USD,2012-02-24 00:00:00,2012-02-24 08:49:46,FY,2192663000,1683904000,508759000,0.23202790396882694,0.0,0.0,0.0,0.0,173928000.0,1857832000,1096000.0,151227000.0,486058000.0,0.22167473980269653,334831000.0,0.15270518086910756,3262000.0,337885000.0,0.15409800776498714,102227000.0,235658000.0,0.10747570420078234,2.181312,2.16,108034970,109001000,https://www.sec.gov/Archives/edgar/data/73756/000007375612000003/0000073756-12-000003-index.html,https://www.sec.gov/Archives/edgar/data/73756/000007375612000003/oii_10kx12312011.htm,1620596077,17:34:37,20210509
10,2010-12-31,OII,USD,2011-02-25,2011-02-25 10:27:44,FY,1917045000,1450725000,466320000,0.24324937599273883,0.0,0.0,0.0,0.0,156820000.0,1607545000,6010000.0,153651000.0,463151000.0,0.24159631098904824,309500000.0,0.16144639275551695,1152000.0,305222000.0,0.15921483324595928,104691000.0,200531000.0,0.10460422160147519,1.85281,1.825,108230764,109534000,https://www.sec.gov/Archives/edgar/data/73756/000119312511046600/d10k.htm,https://www.sec.gov/Archives/edgar/data/73756/000119312511046600/d10k.htm,1620596077,17:34:37,20210509
11,2009-12-31,OII,USD,2010-02-24 00:00:00,2010-02-24 16:16:52,FY,1822081000,1384355000,437726000,0.24023410594808903,0.0,0.0,0.0,0.0,145610000.0,1529965000,7781000.0,122945000.0,415061000.0,0.22779503216377317,292116000.0,0.1603199857745073,4746000.0,289775000.0,0.1590351910809673,101422000.0,188353000.0,0.10337246258536256,1.714864,1.7,109446000,110052000,https://www.sec.gov/Archives/edgar/data/73756/000119312510038885/0001193125-10-038885-index.html,https://www.sec.gov/Archives/edgar/data/73756/000119312510038885/d10k.htm,1620596077,17:34:37,20210509
12,2008-12-31,OII,USD,2009-02-26 00:00:00,2009-02-25 21:55:16,FY,1977421000,1512621000,464800000,0.23505363804672855,0.0,0.0,0.0,0.0,147242000.0,1659863000,13485000.0,115029000.0,432587000.0,0.21876322745636867,317558000.0,0.1605920034226399,2240000.0,307220000.0,0.1553639816710756,107834000.0,199386000.0,0.10083133536055296,1.830054,1.79,110216000,111444000,https://www.sec.gov/Archives/edgar/data/73756/000095012909000581/0000950129-09-000581-index.html,https://www.sec.gov/Archives/edgar/data/73756/000095012909000581/h65906e10vk.htm,1620596077,17:34:37,20210509
13,2007-12-31,OII,USD,2008-02-27,2008-02-27 13:51:07,FY,1743080000,1329795000,413285000,0.23710041994630196,0.0,0.0,0.0,0.0,123662000.0,1453457000,0.0,93776000.0,383399000.0,0.2199549074052826,289623000.0,0.16615588498519862,2010000.0,277498000.0,0.15919980723776303,97124000.0,180374000.0,0.10348004681368612,1.645,1.62,109572000,111510000,https://www.sec.gov/Archives/edgar/data/73756/000095012908001240/h54295e10vk.htm,https://www.sec.gov/Archives/edgar/data/73756/000095012908001240/h54295e10vk.htm,1620596077,17:34:37,20210509
14,2006-12-31,OII,USD,2007-02-28,2007-02-28 17:15:25,FY,1280198000,984077000,296121000,0.23130875067762954,0.0,0.0,0.0,0.0,101785000.0,1085862000,0.0,80456000.0,274792000.0,0.2146480466302869,194336000.0,0.15180151820265303,8887000.0,190895000.0,0.14911365273184304,66401000.0,124494000.0,0.09724589477565189,1.155,1.13,107980000,109982000,https://www.sec.gov/Archives/edgar/data/73756/000095012907001045/h44064e10vk.htm,https://www.sec.gov/Archives/edgar/data/73756/000095012907001045/h44064e10vk.htm,1620596077,17:34:37,20210509
15,2005-12-31,OII,USD,2006-03-14,2006-03-14 16:48:59,FY,998543000,819263000,179280000,0.17954159209968926,0.0,0.0,0.0,0.0,85211000.0,904474000,0.0,79613000.0,173682000.0,0.17393542391264072,94069000.0,0.09420625851866168,10034000.0,94450000.0,0.0945878144456473,31770000.0,62680000.0,0.06277145801432688,0.6,0.585,104600000,107296000,https://www.sec.gov/Archives/edgar/data/73756/000095012906002636/h33938e10vk.htm,https://www.sec.gov/Archives/edgar/data/73756/000095012906002636/h33938e10vk.htm,1620596077,17:34:37,20210509
16,2004-12-31,OII,USD,2005-03-16,2005-03-15 18:15:58,FY,780181000,648378000,131803000,0.1689390026160596,0.0,0.0,0.0,0.0,67939000.0,716317000,0.0,65619000.0,129483000.0,0.16596533368538838,63864000.0,0.08185792783982178,4514000.0,60923000.0,0.07808828976865624,20623000.0,40300000.0,0.0516546801319181,0.4025,0.3925,99972000,102740000,https://www.sec.gov/Archives/edgar/data/73756/000095012905002449/h23415e10vk.htm,https://www.sec.gov/Archives/edgar/data/73756/000095012905002449/h23415e10vk.htm,1620596077,17:34:37,20210509
17,2003-12-31,OII,USD,2004-03-09,2004-03-08 20:06:43,FY,639249000,528465000,110784000,0.17330336066227714,0.0,0.0,0.0,0.0,56787000.0,585252000,0.0,56963000.0,110960000.0,0.17357868373669727,53997000.0,0.08446943209922894,-1629000.0,45079000.0,0.07051868677150844,15778000.0,29301000.0,0.045836598884002946,0.3075,0.3,95612000,97812000,https://www.sec.gov/Archives/edgar/data/73756/000095012904001083/h13268e10vk.htm,https://www.sec.gov/Archives/edgar/data/73756/000095012904001083/h13268e10vk.htm,1620596077,17:34:37,20210509
18,2002-12-31,OII,USD,2002-12-31,2002-12-31,FY,547467000,433302000,114165000,0.20853311706459018,0.0,0.0,0.0,0.0,46462000.0,479764000,0.0,52341000.0,120044000.0,0.2192716638628447,67703000.0,0.12366590132373276,-3193000.0,56525000.0,0.10324823231354584,16392000.0,40133000.0,0.07330670159114613,0.4175,0.4075,96188000,98732000,,,1620596077,17:34:37,20210509
19,2001-12-31,OII,USD,2001-12-31,2001-12-31,FY,523820000,420679000,103141000,0.196901607422397,0.0,43733000.0,0.0,0.0,43733000.0,464412000,0.0,47906000.0,107314000.0,0.20486808445649268,59408000.0,0.11341300446718339,614000.0,50937000.0,0.09724141880798748,17828000.0,33109000.0,0.06320682677255546,0.3525,0.345,93892000,95660000,,,1620596077,17:34:37,20210509
20,2000-12-31,OII,USD,2001-03-29 00:00:00,2001-03-29 00:00:00,FY,307700000,254700000,53100000,0.17257068573285667,0.0,30900000.0,0.0,0.0,30800000.00000001,285500000,-4700000.0,30700000.0,52900000.0,0.17192070198245044,22200000.0,0.07214819629509263,100000.0,17700000.0,0.057523561910952224,6400000.0,11300000.0,0.03672408189795255,0.12164,0.12164,92900000,92900000,https://www.sec.gov/Archives/edgar/data/73756/000095012901001718/0000950129-01-001718-index.html,https://www.sec.gov/Archives/edgar/data/73756/000095012901001718/h85406e10-k.txt,1620596077,17:34:37,20210509
21,2000-03-31,OII,USD,2000-03-31,2000-03-31,FY,416820000,311230000,105590000,0.2533227772179838,0.0,39343000.0,0.0,0.0,73291000.0,384521000,0.0,33948000.0,66247000.0,0.1589343121731203,32299000.0,0.07748908401708171,-330000.0,26225000.0,0.06291684660045103,9441000.0,16784000.0,0.04026678182428866,0.185,0.1825,91028000,92144000,,,1620596077,17:34:37,20210509
22,1999-03-31,OII,USD,1999-03-31,1999-03-31,FY,400300000,284600000,115700000,0.2890332250811891,0.0,41300000.0,0.0,0.0,71300000.0,355900000,0.0,30000000.0,74400000.0,0.18586060454659006,44400000.0,0.11091681239070697,400000.0,41500000.0,0.10367224581563828,15800000.0,25700000.0,0.06420184861353985,0.2825,0.28,90832000,91552000,,,1620596077,17:34:37,20210509
23,1998-03-31,OII,USD,1998-03-31,1998-03-31,FY,358100000,259700000,98400000,0.27478358000558506,0.0,39000000.0,0.0,0.0,62200000.0,321900000,0.0,23200000.0,59400000.0,0.16587545378385926,36200000.0,0.10108908126221726,0.0,35600000.0,0.09941357162803686,13600000.0,22000000.0,0.06143535325328121,0.2375,0.2325,92932000,94184000,,,1620596077,17:34:37,20210509
24,1997-03-31,OII,USD,1997-03-31,1997-03-31,FY,368800000,275200000,93600000,0.25379609544468545,0.0,36400000.0,0.0,0.0,61100000.0,336300000,0.0,24700000.0,57200000.0,0.15509761388286333,32500000.0,0.0881236442516269,10400000.0,41200000.0,0.11171366594360087,21800000.0,19400000.0,0.05260303687635575,0.20250000028704898,0.10104166666666667,95802469,192000000,,,1620596077,17:34:37,20210509
25,1996-03-31,OII,USD,1996-03-31,1996-03-31,FY,289500000,214100000,75400000,0.26044905008635577,0.0,34600000.0,0.0,0.0,55200000.0,269300000,0.0,20600000.0,40800000.0,0.14093264248704662,20200000.0,0.06977547495682211,2100000.0,19900000.0,0.06873920552677029,7500000.0,12400000.0,0.04283246977547496,0.1325,0.1325,93584906,93584906,,,1620596077,17:34:37,20210509
26,1995-03-31,OII,USD,1995-03-31,1995-03-31,FY,239900000,174600000,65300000,0.2721967486452689,0.0,36400000.0,0.0,0.0,52600000.0,227200000,0.0,16200000.0,28900000.0,0.1204668611921634,12700000.0,0.052938724468528556,200000.0,12500000.0,0.05210504376823676,7000000.0,5500000.0,0.022926219258024176,0.0575,0.0575,95652174,95652174,,,1620596077,17:34:37,20210509
27,1994-03-31,OII,USD,1994-03-31,1994-03-31,FY,229800000,165000000,64800000,0.2819843342036554,0.0,0.0,0.0,0.0,0.0,208800000,0.0,12200000.0,33200000.0,0.144473455178416,21000000.0,0.09138381201044386,800000.0,20700000.0,0.09007832898172324,5800000.0,14900000.0,0.06483899042645778,0.0775,0.0775,95984000,95984000,,,1620596077,17:34:37,20210509
28,1993-03-31,OII,USD,1993-03-31,1993-03-31,FY,215600000,145500000,70100000,0.325139146567718,0.0,0.0,0.0,0.0,0.0,189900000,0.0,11500000.0,37200000.0,0.1725417439703154,25700000.0,0.11920222634508348,1100000.0,25200000.0,0.11688311688311688,5800000.0,19400000.0,0.08998144712430427,0.1025,0.1025,94292000,94292000,,,1620596077,17:34:37,20210509
29,1992-03-31,OII,USD,1992-03-31,1992-03-31,FY,168300000,114900000,53400000,0.3172905525846702,0.0,0.0,0.0,0.0,0.0,148800000,0.0,7200000.0,26700000.0,0.1586452762923351,19500000.0,0.11586452762923351,2500000.0,21600000.0,0.12834224598930483,5700000.0,15900000.0,0.0944741532976827,0.0875,0.0875,90108000,90108000,,,1620596077,17:34:37,20210509
30,1991-03-31,OII,USD,1991-03-31,1991-03-31,FY,147200000,97200000,50000000,0.33967391304347827,0.0,0.0,0.0,0.0,0.0,130000000,0.0,6300000.0,23500000.0,0.15964673913043478,17200000.0,0.11684782608695653,5200000.0,22100000.0,0.15013586956521738,5800000.0,16300000.0,0.11073369565217392,0.09,0.09,89496000,89496000,,,1620596077,17:34:37,20210509
31,1990-03-31,OII,USD,1990-03-31,1990-03-31,FY,183400000,140200000,43200000,0.23555070883315157,0.0,0.0,0.0,0.0,0.0,168900000,0.0,6500000.0,21000000.0,0.11450381679389313,14500000.0,0.07906215921483097,400000.0,14600000.0,0.07960741548527808,4400000.0,10200000.0,0.05561613958560523,0.05875,0.05875,89092000,89092000,,,1620596077,17:34:37,20210509
32,1989-03-31,OII,USD,1989-03-31,1989-03-31,FY,132800000,102100000,30700000,0.2311746987951807,0.0,0.0,0.0,0.0,0.0,129900000,0.0,8300000.0,11200000.0,0.08433734939759036,2900000.0,0.021837349397590362,-100000.0,2700000.0,0.02033132530120482,1500000.0,1200000.0,0.009036144578313253,0.0075,0.0075,85188000,85188000,,,1620596077,17:34:37,20210509
33,1988-03-31,OII,USD,1988-03-31,1988-03-31,FY,116400000,93800000,22600000,0.19415807560137457,0.0,0.0,0.0,0.0,0.0,123800000,0.0,11200000.0,3800000.0,0.03264604810996564,-7400000.0,-0.06357388316151202,-2300000.0,-10000000.0,-0.0859106529209622,1400000.0,-11400000.0,-0.0979381443298969,-0.09625,-0.09625,85644000,85644000,,,1620596077,17:34:37,20210509
34,1987-03-31,OII,USD,1987-03-31,1987-03-31,FY,103800000,79300000,24500000,0.23603082851637766,0.0,0.0,0.0,0.0,0.0,110100000,0.0,12600000.0,6300000.0,0.06069364161849711,-6300000.0,-0.06069364161849711,0.0,-8200000.0,-0.0789980732177264,900000.0,-9100000.0,-0.08766859344894026,-0.14375,-0.14375,32008000,32008000,,,1620596077,17:34:37,20210509
35,1986-03-31,OII,USD,1986-03-31,1986-03-31,FY,119900000,89000000,30900000,0.25771476230191825,0.0,0.0,0.0,0.0,0.0,126300000,0.0,14500000.0,8100000.0,0.06755629691409508,-6400000.0,-0.05337781484570475,-900000.0,-10300000.0,-0.08590492076730609,900000.0,-11200000.0,-0.09341117597998332,-0.24,-0.24,31408000,31408000,,,1620596077,17:34:37,20210509
