,date,symbol,reportedCurrency,fillingDate,acceptedDate,period,revenue,costOfRevenue,grossProfit,grossProfitRatio,researchAndDevelopmentExpenses,generalAndAdministrativeExpenses,sellingAndMarketingExpenses,otherExpenses,operatingExpenses,costAndExpenses,interestExpense,depreciationAndAmortization,ebitda,ebitdaratio,operatingIncome,operatingIncomeRatio,totalOtherIncomeExpensesNet,incomeBeforeTax,incomeBeforeTaxRatio,incomeTaxExpense,netIncome,netIncomeRatio,eps,epsdiluted,weightedAverageShsOut,weightedAverageShsOutDil,link,finalLink,timestamp,est_time,est_date
0,2020-06-30,DVL.AX,AUD,2020-06-30,2020-06-30,FY,2019220.0,96967.0,1922253.0,0.951977991501669,0.0,3140449.0,212323.0,101.0,9904933.0,0.0,167451.0,1039647.0,-6943033.0,-3.4384727766167136,-7982680.0,-3.9533483226196253,101.0,-8050443.0,-3.9869073206485672,-457364.0,-7593079.0,-3.7604020364299084,-0.038837669839958906,-0.038837669839958906,195508099,195508099,,,1620591337,16:15:37,20210509
1,2019-06-30,DVL.AX,AUD,2019-06-30,2019-06-30,FY,2514992.0,448597.0,2066395.0,0.8216308441537786,0.0,4178393.0,185009.0,662267.0,7330536.0,0.0,32136.0,965854.0,-4298287.0,-1.709065873768187,-5264141.0,-2.0931044711076616,662267.0,-4587400.0,-1.824021706629683,-566649.0,-4020751.0,-1.5987132364635752,-0.020556,-0.020556,195508099,195508099,,,1620591337,16:15:37,20210509
2,2018-06-30,DVL.AX,AUD,2018-06-30,2018-06-30,FY,3433348.0,873625.0,2559723.0,0.7455472034876744,0.0,4854566.0,244742.0,736631.0,8049280.0,0.0,0.0,738281.0,-4751276.0,-1.383860884477775,-5489557.0,-1.5988932668637144,736631.0,-4640744.0,-1.351667235596275,-913671.0,-3727073.0,-1.0855506054148896,-0.020445,-0.020445,182297284,182297284,,,1620591337,16:15:37,20210509
3,2017-06-30,DVL.AX,AUD,2017-06-30,2017-06-30,FY,3466027.0,1068139.0,2397888.0,0.6918261167613524,0.0,4585721.0,239990.0,-526100.0,6737823.0,0.0,0.0,174677.0,-4165258.0,-1.201738474628155,-4339935.0,-1.2521353699783644,-526100.0,-4717447.0,-1.3610531597128355,-841199.0,-3876248.0,-1.1183548195094846,-0.022563,-0.022563,172102246,172102246,,,1620591337,16:15:37,20210509
4,2016-06-30,DVL.AX,AUD,2016-06-30,2016-06-30,FY,3019928.0,841416.0,2178512.0,0.7213787878386505,0.0,5037293.0,228395.0,89045.0,8309195.0,0.0,3094.0,115935.0,-6014748.0,-1.991685894498147,-6130683.0,-2.030075882603824,89045.0,-5915567.0,-1.958843720777449,-678465.0,-5237102.0,-1.7341810798138233,-0.03343,-0.03343,156737243,156737243,,,1620591337,16:15:37,20210509
5,2015-06-30,DVL.AX,AUD,2015-06-30,2015-06-30,FY,1476973.0,109965.0,1367008.0,0.9255470479148908,0.0,5427067.0,682492.0,119219.0,10423961.0,0.0,1199.0,87588.0,-8969365.0,-6.072802278714641,-9056953.0,-6.132104649170973,119219.0,-8684709.0,-5.880072960033798,-648548.0,-8036161.0,-5.440966761071461,-0.107675,-0.107675,74657277,74657277,,,1620591337,16:15:37,20210509
6,2014-06-30,DVL.AX,AUD,2014-06-30,2014-06-30,FY,529000.0,38000.0,491000.0,0.9281663516068053,0.0,2577000.0,208000.0,11000.0,4850000.0,0.0,1000.0,42000.0,-4317000.0,-8.160680529300567,-4359000.0,-8.240075614366729,11000.0,-4122000.0,-7.792060491493384,-560000.0,-3562000.0,-6.733459357277883,-0.03299,-0.03299,107973010,107973010,,,1620591337,16:15:37,20210509
7,2013-06-30,DVL.AX,AUD,2013-06-30,2013-06-30,FY,0.0,0.0,0.0,0.0,0.0,0.0,0.0,0.0,0.0,0.0,0.0,0.0,0.0,0.0,0.0,0.0,0.0,0.0,0.0,0.0,0.0,0.0,0.0,0.0,126505119,126505119,,,1620591337,16:15:37,20210509
