,date,symbol,reportedCurrency,fillingDate,acceptedDate,period,revenue,costOfRevenue,grossProfit,grossProfitRatio,researchAndDevelopmentExpenses,generalAndAdministrativeExpenses,sellingAndMarketingExpenses,otherExpenses,operatingExpenses,costAndExpenses,interestExpense,depreciationAndAmortization,ebitda,ebitdaratio,operatingIncome,operatingIncomeRatio,totalOtherIncomeExpensesNet,incomeBeforeTax,incomeBeforeTaxRatio,incomeTaxExpense,netIncome,netIncomeRatio,eps,epsdiluted,weightedAverageShsOut,weightedAverageShsOutDil,link,finalLink,timestamp,est_time,est_date
0,2020-12-31,2281.HK,CNY,2020-12-31,2020-12-31,FY,2521905000,2065785000,456120000,0.18086327597589918,0.0,84729000,18026000.0,9871000.0,0.0,2142677000,118449000.0,146948000,526176000,0.20864227637440744,379228000,0.10815752377666883,0.0,272763000,0.10815752377666883,47959000,224804000,0.08914055049654923,0.2614881762454781,0.2614881762454781,859710000,859710000,https://www1.hkexnews.hk/search/titlesearch.xhtml,https://www1.hkexnews.hk/search/titlesearch.xhtml,1620585486,14:38:06,20210509
1,2019-12-31,2281.HK,CNY,2019-12-31,2019-12-31,FY,2067132000,1691668000,375464000,0.18163523180909588,0.0,84454000,18180000.0,11995000.0,81525000.0,1773193000,76369000.0,110245000,404184000,0.19552887769141014,293939000,0.14219653123264503,0.0,231994000,0.11222989146314798,30471000,190591000,0.09220069158621703,0.22,0.22,859710000,859710000,https://www1.hkexnews.hk/search/titlesearch.xhtml,https://www1.hkexnews.hk/search/titlesearch.xhtml,1620585486,14:38:06,20210509
2,2018-12-31,2281.HK,CNY,2018-12-31,2018-12-31,FY,1218206000,939810000,278396000,0.22852949336975847,0.0,69795000,13268000.0,6956000.0,54478000.0,994288000,37236000.0,82800000,306718000,0.2517784348459948,223918000,0.18380963482366694,0.0,186630000,0.15320069019525434,19388000,154065000,0.12646875815748732,0.18,0.18,859710000,859710000,https://www1.hkexnews.hk/search/titlesearch.xhtml,https://www1.hkexnews.hk/search/titlesearch.xhtml,1620585486,14:38:06,20210509
3,2017-12-31,2281.HK,CNY,2017-12-31,2017-12-31,FY,1081744000,828250000,253494000,0.2343382537827804,0.0,65623000,12533000.0,2561000.0,50424000.0,878674000,21486000.0,50391000,253461000,0.2343077474892396,203070000,0.1877246372524368,0.0,163169000,0.15083883062905826,20480000,131298000,0.1213762221006079,0.16,0.16,812065000,812065000,https://www1.hkexnews.hk/search/titlesearch.xhtml,https://www1.hkexnews.hk/search/titlesearch.xhtml,1620585486,14:38:06,20210509
4,2016-12-31,2281.HK,CNY,2016-12-31,2016-12-31,FY,836191000,621582000,214609000,0.25665069344204855,0.0,46323000,9973000.0,-1033000.0,30698000.0,652280000,20495000.0,35529000,219440000,0.26242808162250014,183911000,0.21993898523184297,0.0,165812000,0.19829440881329743,25016000,126647000,0.15145702357475743,0.2,0.2,641116000,641116000,https://www1.hkexnews.hk/search/titlesearch.xhtml,https://www1.hkexnews.hk/search/titlesearch.xhtml,1620585486,14:38:06,20210509
5,2015-12-31,2281.HK,CNY,2015-12-31,2015-12-31,FY,911896000,699435000,212461000,0.2329881916358883,0.0,38706000,8311000.0,706000.0,29255000.0,728690000,14421000.0,29385000,212591000,0.2331307517523928,183206000,0.2009066823409687,0.0,170352000,0.18681077666751472,25934000,130412000,0.1430119224122049,0.152,0.152,859710000,859710000,https://www1.hkexnews.hk/search/titlesearch.xhtml,https://www1.hkexnews.hk/search/titlesearch.xhtml,1620585486,14:38:06,20210509
6,2014-12-31,2281.HK,CNY,2014-12-31,2014-12-31,FY,628983000,456820000,172163000,0.27371645974533493,0.0,32913000,6645000.0,1263000.0,25761000.0,482581000,11765000.0,23617000,170019000,0.27030778256328075,146402000,0.2327598679137592,0.0,136719000,0.21736517521141271,21187000,100386000,0.15960049794668538,0.15658,0.116767,641116000,859710000,https://www1.hkexnews.hk/search/titlesearch.xhtml,https://www1.hkexnews.hk/search/titlesearch.xhtml,1620585486,14:38:06,20210509
7,2013-12-31,2281.HK,CNY,2013-12-31,2013-12-31,FY,409798000,268194000,141604000,0.3455458542989473,0.0,30339000,5912000.0,1794000.0,18871000.0,287065000,6236000.0,18030000,140763000,0.34349362368776815,122733000,0.29949633721980096,0.0,105833000,0.2582565068643576,17880000,73894000,0.180318107945866,0.115258,0.085952,641116000,859710000,https://www1.hkexnews.hk/search/titlesearch.xhtml,https://www1.hkexnews.hk/search/titlesearch.xhtml,1620585486,14:38:06,20210509
