,date,symbol,reportedCurrency,fillingDate,acceptedDate,period,revenue,costOfRevenue,grossProfit,grossProfitRatio,researchAndDevelopmentExpenses,generalAndAdministrativeExpenses,sellingAndMarketingExpenses,otherExpenses,operatingExpenses,costAndExpenses,interestExpense,depreciationAndAmortization,ebitda,ebitdaratio,operatingIncome,operatingIncomeRatio,totalOtherIncomeExpensesNet,incomeBeforeTax,incomeBeforeTaxRatio,incomeTaxExpense,netIncome,netIncomeRatio,eps,epsdiluted,weightedAverageShsOut,weightedAverageShsOutDil,link,finalLink,timestamp,est_time,est_date
0,2020-12-31,FMC,USD,2021-02-25,2021-02-25 17:03:01,FY,4642100000,2590100000,2052000000,0.4420413175071627,287900000.0,729700000,0.0,-20300000.0,1042500000,3632600000,151300000.0,162700000,1172200000.0,0.2525150255272398,1009500000,0.21746623295491266,-128500000,729800000,0.15721333017384373,150900000.0,551500000,0.11880398957368432,4.216360856269113,4.216360856269113,129900000,129900000,https://www.sec.gov/Archives/edgar/data/37785/000003778521000024/0000037785-21-000024-index.htm,https://www.sec.gov/Archives/edgar/data/37785/000003778521000024/fmc-20201231.htm,1620592143,16:29:03,20210509
1,2019-12-31,FMC,USD,2020-02-28 00:00:00,2020-02-28 14:19:04,FY,4609800000,2526200000,2083600000,0.4519935788971322,298100000.0,792900000,0.0,-8100000.0,1199700000,3725900000,160400000.0,150100000,1034000000.0,0.22430474207123954,883900000,0.19174367651525012,-70400000,655000000,0.1420885938652436,111500000.0,477400000,0.10356197665842336,3.64,3.62,130800000,132000000,https://www.sec.gov/Archives/edgar/data/37785/000003778520000035/0000037785-20-000035-index.html,https://www.sec.gov/Archives/edgar/data/37785/000003778520000035/fmc-20191231.htm,1620592143,16:29:03,20210509
2,2018-12-31,FMC,USD,2019-02-28 00:00:00,2019-02-28 15:53:53,FY,4727800000,2640900000,2086900000,0.4414103811497948,291500000.0,851200000,0.0,-6400000.0,1164600000,3805500000,134500000.0,168200000,1090500000.0,0.23065696518465248,922300000,0.19508016413553872,-45500000,743700000,0.15730360844367358,88800000.0,502100000,0.10620161597360295,3.72,3.69,134400000,135900000,https://www.sec.gov/Archives/edgar/data/37785/000003778519000039/0000037785-19-000039-index.html,https://www.sec.gov/Archives/edgar/data/37785/000003778519000039/fmc201810k.htm,1620592143,16:29:03,20210509
3,2017-12-31,FMC,USD,2018-02-28 00:00:00,2018-02-28 15:21:58,FY,2878600000,1777300000,1101300000,0.38258181060237617,141500000.0,618600000,0.0,-6400000.0,776700000,2554000000,80000000.0,113000000,437600000.0,0.15201834224970473,324600000,0.11276314875286597,-64700000,180800000,0.06280830959494199,264100000.0,535800000,0.18613214757173627,3.99,3.99,134300000,134300000,https://www.sec.gov/Archives/edgar/data/37785/000003778518000019/0000037785-18-000019-index.html,https://www.sec.gov/Archives/edgar/data/37785/000003778518000019/fmc201710k.htm,1620592143,16:29:03,20210509
4,2016-12-31,FMC,USD,2017-02-28 00:00:00,2017-02-28 15:06:20,FY,3282400000,2082600000,1199800000,0.3655252254447965,141500000.0,529500000,0.0,-12900000.0,707800000,2790400000,83300000.0,137100000,629100000.0,0.1916585425298562,492000000,0.14989032415305872,-70000000,339300000,0.1033694857421399,93900000.0,209100000,0.06370338776504997,1.561613144137416,1.5546468401486988,133900000,134500000,https://www.sec.gov/Archives/edgar/data/37785/000003778517000011/0000037785-17-000011-index.html,https://www.sec.gov/Archives/edgar/data/37785/000003778517000011/fmc201610k.htm,1620592143,16:29:03,20210509
5,2015-12-31,FMC,USD,2016-02-26 00:00:00,2016-02-26 14:18:26,FY,3276500000,2201100000,1075400000,0.32821608423622767,143700000.0,737900000,0.0,-20500000.0,903300000,3104400000,81400000.0,115700000,287800000.0,0.08783763161910575,172100000,0.052525560811841905,-222500000,-130500000,-0.03982908591484816,47400000.0,489000000,0.14924462078437356,3.66,3.66,133700000,133700000,https://www.sec.gov/Archives/edgar/data/37785/000003778516000081/0000037785-16-000081-index.html,https://www.sec.gov/Archives/edgar/data/37785/000003778516000081/fmc201510k.htm,1620592143,16:29:03,20210509
6,2014-12-31,FMC,USD,2015-02-27,2015-02-27 12:33:13,FY,4037700000,2662700000,1375000000,0.340540406667162,128300000.0,621200000,0.0,4500000.0,793200000,3455900000,59700000.0,131200000,713000000.0,0.17658567996631747,581800000,0.14409193352651262,-37300000,485000000,0.12011788889714442,73500000.0,307500000,0.07615721821829259,2.3,2.29,133300000,134300000,https://www.sec.gov/Archives/edgar/data/37785/000003778515000008/fmc201410k.htm,https://www.sec.gov/Archives/edgar/data/37785/000003778515000008/fmc201410k.htm,1620592143,16:29:03,20210509
7,2013-12-31,FMC,USD,2014-02-18,2014-02-18 14:53:36,FY,3874800000,2534400000,1340400000,0.3459275317435739,117700000.0,515800000,0.0,-32100000.0,639700000,3174100000,42400000.0,127200000,827900000.0,0.21366264065242077,700700000,0.18083513987818725,-42600000,615900000,0.1589501393620316,148600000.0,293900000,0.07584907608134614,2.173816568047337,2.159441587068332,135200000,136100000,https://www.sec.gov/Archives/edgar/data/37785/000003778514000006/fmc201310k.htm,https://www.sec.gov/Archives/edgar/data/37785/000003778514000006/fmc201310k.htm,1620592143,16:29:03,20210509
8,2012-12-31,FMC,USD,2013-02-19 00:00:00,2013-02-19 12:33:44,FY,3748300000,2407100000,1341200000,0.35781554304618096,117800000.0,527100000,0.0,-4000000.0,650700000,3057800000,45400000.0,137800000,828300000.0,0.2209801776805485,690500000,0.1842168449697196,-32600000,612600000,0.16343409012085477,146700000.0,416200000,0.11103700344156017,3.01,3.0,137700000,138800000,https://www.sec.gov/Archives/edgar/data/37785/000003778513000008/0000037785-13-000008-index.html,https://www.sec.gov/Archives/edgar/data/37785/000003778513000008/fmc201210k.htm,1620592143,16:29:03,20210509
9,2011-12-31,FMC,USD,2012-02-21 00:00:00,2012-02-21 08:23:32,FY,3377900000,2210500000,1167400000,0.3455993368661002,105200000.0,442500000,0.0,0.0,547700000,2758200000,39500000.0,126600000,746300000.0,0.22093608454957223,619700000,0.18345717753633914,-29800000,550500000,0.16297107670446134,136500000.0,365900000,0.10832173835815151,2.565,2.55,142000000,143400000,https://www.sec.gov/Archives/edgar/data/37785/000003778512000004/0000037785-12-000004-index.html,https://www.sec.gov/Archives/edgar/data/37785/000003778512000004/fmc201110k.htm,1620592143,16:29:03,20210509
10,2010-12-31,FMC,USD,2011-02-22,2011-02-22 08:57:34,FY,3116300000,2065600000,1050700000,0.3371626608478003,100500000.0,411200000,0.0,0.0,511700000,2577300000,39500000.0,133600000,672600000.0,0.21583287873439655,539000000,0.17296152488528063,-149200000,350500000,0.11247312518050252,132000000.0,172500000,0.05535410583063248,1.19,1.18,144400000,146200000,https://www.sec.gov/Archives/edgar/data/37785/000119312511041464/d10k.htm,https://www.sec.gov/Archives/edgar/data/37785/000119312511041464/d10k.htm,1620592143,16:29:03,20210509
11,2009-12-31,FMC,USD,2010-02-22 00:00:00,2010-02-22 15:54:59,FY,2826200000,1943600000,882600000,0.3122921236996674,92800000.0,322300000,0.0,0.0,415100000,2358700000,27200000.0,127200000,594700000.0,0.21042389073667822,467500000,0.16541646026466633,-130500000,310000000,0.10968792017550068,53000000.0,228500000,0.08085061212936098,1.575,1.56,144400000,146600000,https://www.sec.gov/Archives/edgar/data/37785/000119312510036348/0001193125-10-036348-index.html,https://www.sec.gov/Archives/edgar/data/37785/000119312510036348/d10k.htm,1620592143,16:29:03,20210509
12,2008-12-31,FMC,USD,2009-02-23 00:00:00,2009-02-23 16:13:02,FY,3115300000,2134400000,980900000,0.31486534202163513,93800000.0,336800000,0.0,0.0,430600000,2565000000,32900000.0,124200000,674500000.0,0.21651205341379642,550300000,0.17664430391936572,-46500000,454900000,0.14602124995987545,125400000.0,304600000,0.09777549513690495,2.065,2.01,147600000,151600000,https://www.sec.gov/Archives/edgar/data/37785/000119312509035095/0001193125-09-035095-index.html,https://www.sec.gov/Archives/edgar/data/37785/000119312509035095/d10k.htm,1620592143,16:29:03,20210509
13,2007-12-31,FMC,USD,2008-02-25,2008-02-25 10:10:18,FY,2632900000,1830100000,802800000,0.3049109347107752,94600000.0,315300000,0.0,0.0,409900000,2240000000,0.0,133700000,526600000.0,0.20000759618671426,392900000,0.14922708800182308,-162700000,185700000,0.07053059364199173,29000000.0,132400000,0.05028675604846367,0.88,0.855,150454545,154853801,https://www.sec.gov/Archives/edgar/data/37785/000119312508036999/d10k.htm,https://www.sec.gov/Archives/edgar/data/37785/000119312508036999/d10k.htm,1620592143,16:29:03,20210509
14,2006-12-31,FMC,USD,2007-02-26,2007-02-26 15:20:32,FY,2347000000,1636500000,710500000,0.3027268853855986,96900000.0,284900000,0.0,0.0,381800000,2018300000,0.0,131800000,460500000.0,0.1962079250106519,328700000,0.14005112910097997,-74500000,213500000,0.09096719216020452,68700000.0,132000000,0.05624201107797188,0.8625,0.835,153043478,158083832,https://www.sec.gov/Archives/edgar/data/37785/000119312507039630/d10k.htm,https://www.sec.gov/Archives/edgar/data/37785/000119312507039630/d10k.htm,1620592143,16:29:03,20210509
15,2005-12-31,FMC,USD,2006-03-08,2006-03-08 15:42:21,FY,2150200000,1505500000,644700000,0.2998325737140731,94400000.0,270400000,0.0,0.0,364800000,1870300000,0.0,136300000,416200000.0,0.193563389452144,279900000,0.13017393730815738,-21000000,193300000,0.08989861408241094,82300000.0,116600000,0.05422751371965399,0.775,0.7425,150451613,157037037,https://www.sec.gov/Archives/edgar/data/37785/000119312506048313/d10k.htm,https://www.sec.gov/Archives/edgar/data/37785/000119312506048313/d10k.htm,1620592143,16:29:03,20210509
16,2004-12-31,FMC,USD,2005-03-14,2005-03-14 13:56:20,FY,2051200000,1474200000,577000000,0.28129875195007803,93400000.0,254800000,0.0,0.0,348200000,1822400000,0.0,134300000,363100000.0,0.17701833073322934,228800000,0.11154446177847113,-15500000,131100000,0.06391380655226209,-44500000.0,160200000,0.078100624024961,1.1075,1.07,144650113,149719626,https://www.sec.gov/Archives/edgar/data/37785/000119312505049229/d10k.htm,https://www.sec.gov/Archives/edgar/data/37785/000119312505049229/d10k.htm,1620592143,16:29:03,20210509
17,2003-12-31,FMC,USD,2004-03-11,2004-03-11 14:31:07,FY,1921400000,1400500000,520900000,0.2711044030394504,87400000.0,236900000,0.0,0.0,324300000,1724800000,0.0,124600000,321200000.0,0.16716977204121994,196600000,0.10232122410742167,-63500000,38000000,0.01977724575830124,-1800000.0,26500000,0.01379202664723639,0.1875,0.1875,141333333,141333333,https://www.sec.gov/Archives/edgar/data/37785/000119312504039049/d10k.htm,https://www.sec.gov/Archives/edgar/data/37785/000119312504039049/d10k.htm,1620592143,16:29:03,20210509
18,2002-12-31,FMC,USD,2002-12-31,2002-12-31,FY,1852900000,1359900000,493000000,0.2660694047169302,82000000.0,224100000,0.0,0.0,306100000,1666000000,0.0,118800000,305700000.0,0.16498461870581252,186900000,0.10086890819795996,-25400000,86500000,0.046683577095364026,17400000.0,65800000,0.03551190026445032,0.49,0.48,134285714,137083333,,,1620592143,16:29:03,20210509
19,2001-12-31,FMC,USD,2002-03-11 00:00:00,2002-03-11 00:00:00,FY,1943000000,1408700000,534300000,0.27498713329902214,99800000.0,566400000,0.0,0.0,666200000,2074900000,0.0,131600000,-300000.0,-0.00015440041173443128,-131900000,-0.06788471435923829,-280400000,-472900000,-0.24338651569737518,-166600000.0,-337700000,-0.17380339680905815,-2.715,-2.715,124383057,124383057,https://www.sec.gov/Archives/edgar/data/37785/000093066102000678/0000930661-02-000678-index.html,https://www.sec.gov/Archives/edgar/data/37785/000093066102000678/d10k.txt,1620592143,16:29:03,20210509
20,2000-12-31,FMC,USD,2000-12-31,2000-12-31,FY,3925500000,2683100000,1242400000,0.31649471404916574,154500000.0,522500000,0.0,0.0,865900000,3549000000,0.0,188900000,565400000.0,0.14403260731117054,376500000,0.09591134887275506,-56600000,222600000,0.05670615208253726,45300000.0,110600000,0.028174754808304673,0.9075,0.875,121873278,126400000,,,1620592143,16:29:03,20210509
21,1999-12-31,FMC,USD,1999-12-31,1999-12-31,FY,4110600000,2827700000,1282900000,0.3120955578261081,152400000.0,575400000,0.0,0.0,908500000,3736200000,0.0,180700000,555100000.0,0.13504111321948134,374400000,0.09108159392789374,11700000,274300000,0.06672991777356103,58300000.0,212600000,0.05171994356055077,1.6875,1.6425,125985185,129436834,,,1620592143,16:29:03,20210509
22,1998-12-31,FMC,USD,1998-12-31,1998-12-31,FY,4378400000,3037400000,1341000000,0.30627626530239355,157700000.0,612700000,0.0,0.0,977000000,4014400000,0.0,206600000,570600000.0,0.1303215786588708,364000000,0.0831353919239905,12000000,249500000,0.05698428649735063,64200000.0,106500000,0.024323953955782934,0.7825,0.7625,136102236,139672131,,,1620592143,16:29:03,20210509
23,1997-12-31,FMC,USD,1997-12-31,1997-12-31,FY,4312600000,2952000000,1360600000,0.31549413346936883,174000000.0,625300000,0.0,0.0,1037700000,3989700000,0.0,238400000,561300000.0,0.13015350368687104,322900000,0.07487362611881464,-255400000,-59700000,-0.013843157260121504,-35200000.0,162400000,0.037657097806427675,1.1025,1.1025,147301587,147301587,,,1620592143,16:29:03,20210509
24,1996-12-31,FMC,USD,1997-03-26 00:00:00,1997-03-26 00:00:00,FY,5080600000,3471800000,1608800000,0.31665551312837065,189400000.0,692700000,0.0,0.0,1136300000,4608100000,0.0,254200000,726700000.0,0.14303428728890288,472500000,0.09300082667401488,10100000,322600000,0.06349643742865016,104500000.0,210700000,0.041471479746486635,1.385,1.385,152129964,152129964,https://www.sec.gov/Archives/edgar/data/37785/000095013197002068/0000950131-97-002068-index.html,https://www.sec.gov/Archives/edgar/data/37785/0000950131-97-002068.txt,1620592143,16:29:03,20210509
25,1995-12-31,FMC,USD,1996-03-15 00:00:00,1996-03-15 00:00:00,FY,4509800000,3083200000,1426600000,0.3163333185507118,0.0,817800000,0.0,0.0,1066700000,4149900000,0.0,248900000,608800000.0,0.13499489999556522,359900000,0.0798039824382456,33400000,246900000,0.054747438910816446,31300000.0,215600000,0.04780699809304182,1.43,1.43,150769231,150769231,https://www.sec.gov/Archives/edgar/data/37785/000095013196001103/0000950131-96-001103-index.html,https://www.sec.gov/Archives/edgar/data/37785/0000950131-96-001103.txt,1620592143,16:29:03,20210509
26,1994-12-31,FMC,USD,1994-12-31,1994-12-31,FY,4010800000,2712600000,1298200000,0.32367607459858383,166800000.0,587700000,0.0,0.0,983500000,3696100000,0.0,229000000,543700000.0,0.13555899072504238,314700000,0.07846314949635982,67000000,252300000,0.0629051560785878,78900000.0,173400000,0.043233270170539545,1.165,1.1625,148841202,149161290,,,1620592143,16:29:03,20210509
