,date,symbol,reportedCurrency,fillingDate,acceptedDate,period,revenue,costOfRevenue,grossProfit,grossProfitRatio,researchAndDevelopmentExpenses,generalAndAdministrativeExpenses,sellingAndMarketingExpenses,otherExpenses,operatingExpenses,costAndExpenses,interestExpense,depreciationAndAmortization,ebitda,ebitdaratio,operatingIncome,operatingIncomeRatio,totalOtherIncomeExpensesNet,incomeBeforeTax,incomeBeforeTaxRatio,incomeTaxExpense,netIncome,netIncomeRatio,eps,epsdiluted,weightedAverageShsOut,weightedAverageShsOutDil,link,finalLink,timestamp,est_time,est_date
0,2020-12-31,3689.HK,CNY,2020-12-31,2020-12-31,FY,1745023000,1481868000,263155000,0.1508031699295654,0.0,227774000,0.0,14379000.0,0.0,1703297000,21995000.0,0.0,-22163000,-0.01270069219718021,41726000,-0.014950519276823285,0.0,-26089000,-0.014950519276823285,23967000,-25372000,-0.01453963644032199,-0.07587456712740061,-0.07587456712740061,334394000,334394000,https://www1.hkexnews.hk/search/titlesearch.xhtml,https://www1.hkexnews.hk/search/titlesearch.xhtml,1620585622,14:40:22,20210509
1,2019-12-31,3689.HK,CNY,2019-12-31,2019-12-31,FY,1955525000,1566106000,389419000,0.19913782743764463,0.0,232282000,0.0,8694000.0,231291000.0,1797397000,17241000.0,122604000.0,280732000,0.14355837946331548,158128000,0.08086217256235538,0.0,117485000,0.060078495544674704,68797000,74264000,0.03797650247376024,0.222,0.222,334394000,334394000,https://www1.hkexnews.hk/search/titlesearch.xhtml,https://www1.hkexnews.hk/search/titlesearch.xhtml,1620585622,14:40:22,20210509
2,2018-12-31,3689.HK,CNY,2018-12-31,2018-12-31,FY,1639287000,1280383000,358904000,0.21893908754232785,0.0,185178000,0.0,10386000.0,184336000.0,1464719000,936000.0,71613000.0,246181000,0.15017565563565136,174568000,0.10649019970267562,0.0,221754000,0.13527466514405348,60482000,167943000,0.1024488085368822,0.502,0.502,334394000,334394000,https://www1.hkexnews.hk/search/titlesearch.xhtml,https://www1.hkexnews.hk/search/titlesearch.xhtml,1620585622,14:40:22,20210509
3,2017-12-31,3689.HK,CNY,2017-12-31,2017-12-31,FY,1389169000,1058293000,330876000,0.23818268331642875,0.0,126994000,0.0,7003000.0,124562000.0,1182855000,0.0,49600000.0,255914000,0.18422092632357906,206314000,0.1485161272674527,0.0,218076000,0.15698305965652848,56937000,156592000,0.11272350592332539,0.468,0.468,334394000,334394000,https://www1.hkexnews.hk/search/titlesearch.xhtml,https://www1.hkexnews.hk/search/titlesearch.xhtml,1620585622,14:40:22,20210509
4,2016-12-31,3689.HK,CNY,2016-12-31,2016-12-31,FY,1240390000,943479000,296911000,0.2393690694055902,0.0,109042000,0.0,-6175000.0,105705000.0,1049184000,7449000.0,41488000.0,232694000,0.18759744918936785,191206000,0.154149904465531,0.0,198473000,0.1600085456993365,52786000,141260000,0.11388353662960843,0.538,0.538,262426814,262426814,https://www1.hkexnews.hk/search/titlesearch.xhtml,https://www1.hkexnews.hk/search/titlesearch.xhtml,1620585622,14:40:22,20210509
5,2015-12-31,3689.HK,CNY,2015-12-31,2015-12-31,FY,1063702000,824290000,239412000,0.22507431592682914,0.0,83657000,0.0,3694000.0,78674000.0,902964000,67153000.0,38952000.0,199690000,0.18773115026576992,160738000,0.15111187155801153,0.0,148818000,0.13990572547574415,29854000,118847000,0.11172960095966727,0.475,0.475,250000000,250000000,https://www1.hkexnews.hk/search/titlesearch.xhtml,https://www1.hkexnews.hk/search/titlesearch.xhtml,1620585622,14:40:22,20210509
6,2014-12-31,3689.HK,CNY,2014-12-31,2014-12-31,FY,985108000,761424000,223684000,0.22706545881263782,0.0,79855000,0.0,4391000.0,74041000.0,835465000,76895000.0,37646000.0,187289000,0.19012027107687685,149643000,0.15190517181872445,0.0,135212000,0.1372560165991952,27445000,102237000,0.10378252942824544,0.409,0.409,250000000,250000000,https://www1.hkexnews.hk/search/titlesearch.xhtml,https://www1.hkexnews.hk/search/titlesearch.xhtml,1620585622,14:40:22,20210509
7,2013-12-31,3689.HK,CNY,2013-12-31,2013-12-31,FY,858874000,669778000,189096000,0.22016733537166103,0.0,74365000,0.0,2748000.0,66390000.0,736168000,54126000.0,39988000.0,162694000,0.18942708709310097,122706000,0.14286845334705672,0.0,124742000,0.1452389989684168,15629000,107309000,0.12494149316430582,0.429,0.429,250000000,250000000,https://www1.hkexnews.hk/search/titlesearch.xhtml,https://www1.hkexnews.hk/search/titlesearch.xhtml,1620585622,14:40:22,20210509
