,date,symbol,reportedCurrency,fillingDate,acceptedDate,period,revenue,costOfRevenue,grossProfit,grossProfitRatio,researchAndDevelopmentExpenses,generalAndAdministrativeExpenses,sellingAndMarketingExpenses,otherExpenses,operatingExpenses,costAndExpenses,interestExpense,depreciationAndAmortization,ebitda,ebitdaratio,operatingIncome,operatingIncomeRatio,totalOtherIncomeExpensesNet,incomeBeforeTax,incomeBeforeTaxRatio,incomeTaxExpense,netIncome,netIncomeRatio,eps,epsdiluted,weightedAverageShsOut,weightedAverageShsOutDil,link,finalLink,timestamp,est_time,est_date
0,2020-12-31,PCH,USD,2021-02-18,2021-02-18 15:37:04,FY,1040930000,687781000,353149000,0.3392629667700998,0.0,115507000.0,0.0,-14226000.0,115507000.0,803288000,29463000.0,77885000.0,315527000,0.3031202866667307,237642000,0.22829777218448888,-14226000.0,193953000.0,0.1863266502070264,27123000.0,166830000.0,0.16027014304516154,2.467607383741569,2.467607383741569,67159000,67607000,https://www.sec.gov/Archives/edgar/data/1338749/000156459021006637/0001564590-21-006637-index.htm,https://www.sec.gov/Archives/edgar/data/1338749/000156459021006637/pch-10k_20201231.htm,1620596382,17:39:42,20210509
1,2019-12-31,PCH,USD,2020-02-19 00:00:00,2020-02-19 16:14:37,FY,827098000,682066000,145032000,0.17535044214833068,0.0,0.0,0.0,-3739000.0,57925000.0,739991000,30361000.0,0.0,155473000,0.18797409738628312,87107000,0.1053164195778493,-75000.0,56671000.0,0.06851787817163142,1010000.0,55661000.0,0.06729674113587507,0.823290143178322,0.8216494693178631,67608000,67743000,https://www.sec.gov/Archives/edgar/data/1338749/000156459020005284/0001564590-20-005284-index.html,https://www.sec.gov/Archives/edgar/data/1338749/000156459020005284/pch-10k_20191231.htm,1620596382,17:39:42,20210509
2,2018-12-31,PCH,USD,2019-02-27 00:00:00,2019-02-27 15:35:38,FY,974579000,707645000,266934000,0.2738967287413334,0.0,0.0,0.0,-7648000.0,59861000.0,767506000,35227000.0,0.0,272586000,0.279696155981198,207073000,0.2124743094197597,-29767000.0,142079000.0,0.14578500049765078,19199000.0,122880000.0,0.1260852121787972,2.03,1.99,60534000,61814000,https://www.sec.gov/Archives/edgar/data/1338749/000156459019004862/0001564590-19-004862-index.html,https://www.sec.gov/Archives/edgar/data/1338749/000156459019004862/pch-10k_20181231.htm,1620596382,17:39:42,20210509
3,2017-12-31,PCH,USD,2018-02-16 00:00:00,2018-02-16 16:59:07,FY,678595000,470365000,208230000,0.3068546039979664,0.0,0.0,0.0,0.0,60386000.0,530751000,27049000.0,0.0,177756000,0.26194711131087023,147844000,0.21786780038167095,-2321000.0,118474000.0,0.17458719854994512,32021000.0,86453000.0,0.12739999557910095,2.12,2.1,40824000,41227000,https://www.sec.gov/Archives/edgar/data/1338749/000156459018002349/0001564590-18-002349-index.html,https://www.sec.gov/Archives/edgar/data/1338749/000156459018002349/pch-10k_20171231.htm,1620596382,17:39:42,20210509
4,2016-12-31,PCH,USD,2017-02-17 00:00:00,2017-02-17 15:35:26,FY,599099000,462304000,136795000,0.22833454904782013,0.0,0.0,0.0,0.0,52719000.0,515023000,28941000.0,0.0,118266000,0.19740643866873422,84076000,0.14033740667235298,-48522000.0,6613000.0,0.011038242427378447,-4325000.0,10938000.0,0.018257416553858378,0.2681013775185058,0.2665659347354568,40798000,41033000,https://www.sec.gov/Archives/edgar/data/1338749/000156459017001760/0001564590-17-001760-index.html,https://www.sec.gov/Archives/edgar/data/1338749/000156459017001760/pch-10k_20161231.htm,1620596382,17:39:42,20210509
5,2015-12-31,PCH,USD,2016-02-12 00:00:00,2016-02-12 15:30:12,FY,575336000,470037000,105299000,0.18302174729201717,0.0,0.0,0.0,0.0,46392000.0,516429000,32761000.0,0.0,97012000,0.16861799018312779,58907000,0.10238712682675863,0.0,26146000.0,0.045444748807653264,-5568000.0,31714000.0,0.05512257185366464,0.78,0.77,40842000,40988000,https://www.sec.gov/Archives/edgar/data/1338749/000133874916000089/0001338749-16-000089-index.html,https://www.sec.gov/Archives/edgar/data/1338749/000133874916000089/pch10k2015.htm,1620596382,17:39:42,20210509
6,2014-12-31,PCH,USD,2015-02-13,2015-02-13 15:53:27,FY,606950000,429789000,177161000,0.2918873053793558,0.0,0.0,0.0,0.0,44655000.0,474444000,22909000.0,0.0,159255000,0.26238569898673697,132506000,0.21831452343685642,0.0,109597000.0,0.18057006343191367,19687000.0,89910000.0,0.1481341131888953,2.21,2.2,40749000,40894000,https://www.sec.gov/Archives/edgar/data/1338749/000133874915000008/pch10k2014.htm,https://www.sec.gov/Archives/edgar/data/1338749/000133874915000008/pch10k2014.htm,1620596382,17:39:42,20210509
7,2013-12-31,PCH,USD,2014-02-14,2014-02-14 16:09:11,FY,570289000,408772000,161517000,0.283219560608744,0.0,0.0,0.0,0.0,53919000.0,462691000,23132000.0,0.0,134560000,0.23595054437311608,107598000,0.18867276065293212,0.0,84466000.0,0.14811087010270232,13885000.0,70581000.0,0.12376356549047939,1.74,1.73,40503000,40709000,https://www.sec.gov/Archives/edgar/data/1338749/000133874914000007/pch10k2013.htm,https://www.sec.gov/Archives/edgar/data/1338749/000133874914000007/pch10k2013.htm,1620596382,17:39:42,20210509
8,2012-12-31,PCH,USD,2013-02-15 00:00:00,2013-02-15 15:43:18,FY,525134000,390666000,134468000,0.2560641664794129,0.0,0.0,0.0,0.0,49419000.0,440085000,25539000.0,0.0,111296000,0.21193828622789612,85049000,0.16195675770374798,-107000.0,59403000.0,0.11311969897207189,16809000.0,42594000.0,0.08111072602421478,1.06,1.05,40333000,40553000,https://www.sec.gov/Archives/edgar/data/1338749/000133874913000007/0001338749-13-000007-index.html,https://www.sec.gov/Archives/edgar/data/1338749/000133874913000007/pch10k2012.htm,1620596382,17:39:42,20210509
9,2011-12-31,PCH,USD,2012-02-17 00:00:00,2012-02-17 14:24:59,FY,497421000,382252000,115169000,0.23153224331099811,0.0,0.0,0.0,0.0,40549000.0,422801000,27829000.0,0.0,103712000,0.2084994401120982,74620000,0.1500137710309778,-2380000.0,44411000.0,0.08928251923421006,4145000.0,40266000.0,0.08094953771553674,1.002664408974327,0.9971027412525072,40159000,40383000,https://www.sec.gov/Archives/edgar/data/1338749/000133874912000006/0001338749-12-000006-index.html,https://www.sec.gov/Archives/edgar/data/1338749/000133874912000006/pch10k2011.htm,1620596382,17:39:42,20210509
10,2010-12-31,PCH,USD,2011-02-23,2011-02-23 13:10:03,FY,539447000,423353000,116094000,0.2152092791321483,0.0,0.0,0.0,0.0,43443000.0,466796000,27780000.0,0.0,103855000,0.19252123007450223,72651000,0.13467680791625497,0.0,44871000.0,0.08317962654347878,4596000.0,40394000.0,0.07488038676644786,1.01,1.0,39971000,40219000,https://www.sec.gov/Archives/edgar/data/1338749/000119312511043305/d10k.htm,https://www.sec.gov/Archives/edgar/data/1338749/000119312511043305/d10k.htm,1620596382,17:39:42,20210509
11,2009-12-31,PCH,USD,2010-02-18 00:00:00,2010-02-18 12:02:04,FY,476169000,338389000,137780000,0.28935104973234294,0.0,0.0,0.0,0.0,48082000.0,386471000,21921000.0,0.0,124413000,0.2612790836866743,89698000,0.1883742956807352,-2994000.0,64783000.0,0.13605043587465795,-16648000.0,77328000.0,0.16239612406519535,1.94,1.93,39763000,39974000,https://www.sec.gov/Archives/edgar/data/1338749/000119312510033994/0001193125-10-033994-index.html,https://www.sec.gov/Archives/edgar/data/1338749/000119312510033994/d10k.htm,1620596382,17:39:42,20210509
12,2008-12-31,PCH,USD,2009-03-02 00:00:00,2009-03-02 15:36:13,FY,439957000,300179000,139778000,0.3177083214950552,0.0,0.0,0.0,0.0,78595000.0,378774000,20825000.0,0.0,92007000,0.20912725561816267,61183000,0.1390658632548181,0.0,41029000.0,0.09325684100946229,-27813000.0,52637000.0,0.11964123766640831,1.33,1.32,39474000,39803000,https://www.sec.gov/Archives/edgar/data/1338749/000119312509042452/0001193125-09-042452-index.html,https://www.sec.gov/Archives/edgar/data/1338749/000119312509042452/d10k.htm,1620596382,17:39:42,20210509
13,2007-12-31,PCH,USD,2008-02-20,2008-02-20 16:12:14,FY,1654021000,1365191000,288830000,0.17462293404980953,0.0,0.0,0.0,0.0,170572000.0,1535763000,0.0,80084000.0,198342000,0.1199150434002954,118258000,0.07149727845051544,-2653000.0,87177000.0,0.05270610228044263,-5977000.0,56432000.0,0.03411806742477877,1.44,1.43,39188889,39462937,https://www.sec.gov/Archives/edgar/data/1338749/000119312508034507/d10k.htm,https://www.sec.gov/Archives/edgar/data/1338749/000119312508034507/d10k.htm,1620596382,17:39:42,20210509
14,2006-12-31,PCH,USD,2007-02-23,2007-02-23 15:30:39,FY,1607827000,1347250000,260577000,0.16206780953423472,0.0,0.0,0.0,0.0,143353000.0,1490603000,0.0,91021000.0,208245000,0.12951953164115293,117224000,0.07290834150689098,39373000.0,90033000.0,0.0559966961619627,-49077000.0,139110000.0,0.08652050251675086,3.81,3.79,36511811,36704485,https://www.sec.gov/Archives/edgar/data/1338749/000119312507038308/d10k.htm,https://www.sec.gov/Archives/edgar/data/1338749/000119312507038308/d10k.htm,1620596382,17:39:42,20210509
15,2005-12-31,PCH,USD,2005-12-31,2005-12-31,FY,1496144000,1246620000,249524000,0.16677806414355836,0.0,0.0,0.0,0.0,0.0,1421965000,0.0,89386000.0,163565000,0.10932436984675271,74179000,0.049580120630099776,0.0,47640000.0,0.03184185479472564,14676000.0,32964000.0,0.022032638569549456,1.13,1.13,29171681,29171681,,,1620596382,17:39:42,20210509
16,2004-12-31,PCH,USD,2004-12-31,2004-12-31,FY,1351472000,1083660000,267812000,0.1981631879905762,0.0,0.0,0.0,0.0,0.0,1257550000,0.0,88319000.0,182241000,0.13484630092225366,93922000,0.06949607539038914,-26379000.0,25297000.0,0.018718108847242117,9967000.0,271249000.0,0.20070634093788106,9.23,9.19,29387757,29515669,,,1620596382,17:39:42,20210509
17,2003-12-31,PCH,USD,2003-12-31,2003-12-31,FY,1506634000,1207086000,299548000,0.1988193549329167,0.0,0.0,0.0,0.0,0.0,1392225000,0.0,104859000.0,219268000,0.14553501381224637,114409000,0.07593682340900311,228000.0,80555000.0,0.05346686720198801,27334000.0,47537000.0,0.031551790282178686,1.77,1.77,26857062,26857062,,,1620596382,17:39:42,20210509
18,2002-12-31,PCH,USD,2002-12-31,2002-12-31,FY,1286217000,1102065000,184152000,0.1431733525524853,0.0,0.0,0.0,0.0,0.0,1300711000,0.0,115469000.0,100975000,0.0785054154936531,-14494000,-0.011268705047437563,-11060000.0,-83497000.0,-0.06491672867020107,-32564000.0,-234381000.0,-0.18222508332575296,-8.23,-8.23,28478858,28478858,,,1620596382,17:39:42,20210509
19,2001-12-31,PCH,USD,2001-12-31,2001-12-31,FY,1751996000,1504950000,247046000,0.14100831280436713,0.0,0.0,0.0,0.0,0.0,1799486000,0.0,169388000.0,121898000,0.06957664286904765,-47490000,-0.02710622626992299,-4895000.0,-130238000.0,-0.07433692770988061,-50793000.0,-79445000.0,-0.045345423163066584,-2.81,-2.81,28272242,28272242,,,1620596382,17:39:42,20210509
20,2000-12-31,PCH,USD,2000-12-31,2000-12-31,FY,1808770000,1468316000,340454000,0.1882240417521299,0.0,0.0,0.0,0.0,0.0,1753510000,0.0,161847000.0,217107000,0.1200301862591706,55260000,0.030551148017713695,-50271000.0,-54449000.0,-0.030102777025271317,-21235000.0,-33214000.0,-0.018362754800223355,-1.16,-1.16,28632759,28632759,,,1620596382,17:39:42,20210509
21,1999-12-31,PCH,USD,1999-12-31,1999-12-31,FY,1676800000,1284400000,392400000,0.23401717557251908,0.0,0.0,0.0,0.0,0.0,1564900000,0.0,150300000.0,262200000,0.1563692748091603,111900000,0.06673425572519084,-500000.0,66000000.0,0.03936068702290076,25100000.0,40900000.0,0.024391698473282444,1.41,1.41,29007092,29007092,,,1620596382,17:39:42,20210509
22,1998-12-31,PCH,USD,1998-12-31,1998-12-31,FY,1565900000,1195400000,370500000,0.23660514719969347,0.0,0.0,0.0,0.0,0.0,1466600000,0.0,150300000.0,249600000,0.15939715179768824,99300000,0.06341401111182068,8700000.0,58100000.0,0.037103263299061245,20900000.0,37200000.0,0.023756306277540072,1.28,1.28,29062500,29062500,,,1620596382,17:39:42,20210509
23,1997-12-31,PCH,USD,1997-12-31,1997-12-31,FY,1568900000,1219700000,349200000,0.22257632736312066,0.0,0.0,0.0,0.0,0.0,1476000000,0.0,149800000.0,242700000,0.15469437185289056,92900000,0.059213461661036394,7800000.0,54700000.0,0.034865192172859966,18600000.0,36100000.0,0.023009752055580344,1.25,1.24,28880000,29112903,,,1620596382,17:39:42,20210509
24,1996-12-31,PCH,USD,1996-12-31,1996-12-31,FY,1554400000,1186100000,368300000,0.23694029850746268,0.0,0.0,0.0,0.0,0.0,1431700000,0.0,141500000.0,264200000,0.16996911991765312,122700000,0.078937210499228,7600000.0,86300000.0,0.05551981471950592,24800000.0,58100000.0,0.037377766340710245,2.01,2.01,28905473,28905473,,,1620596382,17:39:42,20210509
25,1995-12-31,PCH,USD,1995-12-31,1995-12-31,FY,1605200000,1158000000,447200000,0.27859456765512086,0.0,0.0,0.0,0.0,0.0,1385600000,0.0,137000000.0,356600000,0.22215300274109145,219600000,0.13680538250685273,-700000.0,170900000.0,0.10646648392723648,62400000.0,108500000.0,0.06759282332419636,3.72,3.72,29166667,29225092,,,1620596382,17:39:42,20210509
26,1994-12-31,PCH,USD,1994-12-31,1994-12-31,FY,1471300000,1121500000,349800000,0.23774892951811324,0.0,0.0,0.0,0.0,0.0,1342600000,0.0,138300000.0,267000000,0.18147216747094405,128700000,0.08747366274723034,-1700000.0,76000000.0,0.051654998980493444,27000000.0,49000000.0,0.03330388092163393,1.68,1.68,29166667,29166667,,,1620596382,17:39:42,20210509
27,1993-12-31,PCH,USD,1993-12-31,1993-12-31,FY,1368900000,1064300000,304600000,0.22251442764263277,0.0,0.0,0.0,0.0,0.0,1271800000,0.0,123500000.0,220600000,0.16115128935641757,97100000,0.07093286580466068,14200000.0,65000000.0,0.04748338081671415,26700000.0,6600000.0,0.004821389436774052,0.41,0.41,29032258,29032258,,,1620596382,17:39:42,20210509
28,1992-12-31,PCH,USD,1992-12-31,1992-12-31,FY,1326600000,1006900000,319700000,0.24099200964872608,0.0,0.0,0.0,0.0,0.0,1197500000,0.0,107200000.0,236300000,0.17812452887079752,129100000,0.09731644806271672,30400000.0,124600000.0,0.09392431780491482,45700000.0,78900000.0,0.05947535052012664,2.71,2.71,29114391,29114391,,,1620596382,17:39:42,20210509
29,1991-12-31,PCH,USD,1991-12-31,1991-12-31,FY,1237000000,945900000,291100000,0.23532740501212612,0.0,0.0,0.0,0.0,0.0,1117800000,0.0,96900000.0,216100000,0.17469684721099435,119200000,0.0963621665319321,-5100000.0,85200000.0,0.06887631366208569,29400000.0,55800000.0,0.04510913500404204,1.92,1.92,29062500,29062500,,,1620596382,17:39:42,20210509
30,1990-12-31,PCH,USD,1990-12-31,1990-12-31,FY,1252900000,924300000,328600000,0.26227153005028336,0.0,0.0,0.0,0.0,0.0,1077500000,0.0,86200000.0,261600000,0.20879559422140634,175400000,0.13999521111022428,7700000.0,152300000.0,0.12155798547370102,53700000.0,98600000.0,0.07869742198100407,3.41,3.41,28914956,28914956,,,1620596382,17:39:42,20210509
31,1989-12-31,PCH,USD,1989-12-31,1989-12-31,FY,1227600000,856200000,371400000,0.30254154447702836,0.0,0.0,0.0,0.0,0.0,1000600000,0.0,77300000.0,304300000,0.24788204626914304,227000000,0.18491365265558815,9800000.0,208500000.0,0.1698435972629521,71800000.0,136700000.0,0.11135549038774845,4.79,4.56,28538622,29978070,,,1620596382,17:39:42,20210509
32,1988-12-31,PCH,USD,1988-12-31,1988-12-31,FY,1084100000,758900000,325200000,0.29997232727608153,0.0,0.0,0.0,0.0,0.0,890300000,0.0,72400000.0,266200000,0.24554930356978139,193800000,0.1787657965132368,7100000.0,175700000.0,0.16206991974910065,63300000.0,112400000.0,0.10368047228115487,4.04,3.78,26881188,28730159,,,1620596382,17:39:42,20210509
33,1987-12-31,PCH,USD,1987-12-31,1987-12-31,FY,992100000,709200000,282900000,0.2851527063804052,0.0,0.0,0.0,0.0,0.0,832600000,0.0,65100000.0,224600000,0.22638846890434433,159500000,0.16077008366092127,2500000.0,134600000.0,0.1356718072774922,47000000.0,87600000.0,0.08829755065013607,3.13,2.98,26773163,28120805,,,1620596382,17:39:42,20210509
34,1986-12-31,PCH,USD,1986-12-31,1986-12-31,FY,976400000,722100000,254300000,0.2604465383039738,0.0,0.0,0.0,0.0,0.0,846800000,0.0,64400000.0,194000000,0.1986890618598935,129600000,0.13273248668578452,4700000.0,107500000.0,0.11009832036050798,37600000.0,69900000.0,0.07158951249487915,1.245,1.245,26710000,26710000,,,1620596382,17:39:42,20210509
35,1985-12-31,PCH,USD,1985-12-31,1985-12-31,FY,950300000,747700000,202600000,0.21319583289487531,0.0,0.0,0.0,0.0,0.0,869900000,0.0,61200000.0,141600000,0.14900557718615173,80400000,0.08460486162264548,-3000000.0,55300000.0,0.05819214984741661,17600000.0,37700000.0,0.03967168262653899,0.55,0.55,26104000,26104000,,,1620596382,17:39:42,20210509
