,date,symbol,reportedCurrency,fillingDate,acceptedDate,period,revenue,costOfRevenue,grossProfit,grossProfitRatio,researchAndDevelopmentExpenses,generalAndAdministrativeExpenses,sellingAndMarketingExpenses,otherExpenses,operatingExpenses,costAndExpenses,interestExpense,depreciationAndAmortization,ebitda,ebitdaratio,operatingIncome,operatingIncomeRatio,totalOtherIncomeExpensesNet,incomeBeforeTax,incomeBeforeTaxRatio,incomeTaxExpense,netIncome,netIncomeRatio,eps,epsdiluted,weightedAverageShsOut,weightedAverageShsOutDil,link,finalLink,timestamp,est_time,est_date
0,2017-12-31,CALL,USD,2018-03-16 00:00:00,2018-03-16 16:54:31,FY,87993000.0,32938000.0,55055000.0,0.6256747695839442,5896000.0,38425000.0,8282000.0,38915000.0,52603000.0,116174000.0,0.0,4374000.0,-23807000.0,-0.27055561237825737,-28181000.0,-0.3202641119179935,89000.0,-28092000.0,-0.31925266782584977,-3129000.0,-24963000.0,-0.2836930210357642,-1.55165,-1.55165,16088000.0,16088000.0,https://www.sec.gov/Archives/edgar/data/1005699/000117891318000881/0001178913-18-000881-index.html,https://www.sec.gov/Archives/edgar/data/1005699/000117891318000881/zk1821349.htm,1620589880,15:51:20,20210509
1,2016-12-31,CALL,USD,2017-03-16 00:00:00,2017-03-16 16:53:03,FY,97398000.0,36734000.0,60664000.0,0.6228464650198156,5199000.0,34325000.0,9085000.0,7385000.0,48609000.0,83643000.0,0.0,4733000.0,18488000.0,0.18981909279451323,13755000.0,0.14122466580422596,20000.0,13775000.0,0.1414300088297501,8719000.0,5691000.0,0.058430357912893485,0.3598482453367057,0.3542704183266932,15815000.0,16064000.0,https://www.sec.gov/Archives/edgar/data/1005699/000117891317000808/0001178913-17-000808-index.html,https://www.sec.gov/Archives/edgar/data/1005699/000117891317000808/zk1719671.htm,1620589880,15:51:20,20210509
2,2015-12-31,CALL,USD,2016-03-15 00:00:00,2016-03-15 17:04:34,FY,100962000.0,34142000.0,66820000.0,0.6618331649531507,4521000.0,27547000.0,9409000.0,9409000.0,41477000.0,75619000.0,57000.0,3642000.0,28985000.0,0.28708821140627167,25343000.0,0.25101523345417087,-31000.0,25312000.0,0.2507081872387631,4500000.0,13510000.0,0.1338127216180345,0.7958762886597938,0.7926078028747433,16975000.0,17045000.0,https://www.sec.gov/Archives/edgar/data/1005699/000117891316004718/0001178913-16-004718-index.html,https://www.sec.gov/Archives/edgar/data/1005699/000117891316004718/zk1618191.htm,1620589880,15:51:20,20210509
3,2014-12-31,CALL,USD,2015-03-16,2015-03-16 16:53:16,FY,116322000.0,53609000.0,73781000.0,0.6342824229294545,5871000.0,33912000.0,20434000.0,-34000.0,60217000.0,113826000.0,192000.0,4823000.0,18387000.0,0.158069840614845,13564000.0,0.1166073485669091,4000.0,13530000.0,0.11631505648114716,9745000.0,3785000.0,0.03253898660614501,0.21227076439908024,0.21183120662637117,17831000.0,17868000.0,https://www.sec.gov/Archives/edgar/data/1005699/000117891315000885/0001178913-15-000885-index.htm,https://www.sec.gov/Archives/edgar/data/1005699/000117891315000885/zk1516428.htm,1620589880,15:51:20,20210509
4,2013-12-31,CALL,USD,2014-03-12,2014-03-12 17:09:47,FY,143492000.0,64435000.0,94398000.0,0.6578624592311767,5661000.0,26998000.0,0.0,14293000.0,46952000.0,111387000.0,0.0,4858000.0,52304000.0,0.3645081258885513,47446000.0,0.3306525799347699,16000.0,47148000.0,0.3285758091043403,-23163000.0,70311000.0,0.4899994424776294,3.943188828444843,3.943188828444843,17831000.0,17831000.0,https://www.sec.gov/Archives/edgar/data/1005699/000117891314000922/0001178913-14-000922-index.htm,https://www.sec.gov/Archives/edgar/data/1005699/000117891314000922/zk1414563.htm,1620589880,15:51:20,20210509
5,2012-12-31,CALL,USD,2013-04-02 00:00:00,2013-04-02 16:07:55,FY,158362000.0,85117000.0,97037000.0,0.6127543223753174,2594000.0,27697000.0,0.0,23181000.0,53472000.0,138589000.0,0.0,3302000.0,46867000.0,0.29594852300425606,43565000.0,0.27509756128364127,41000.0,46890000.0,0.29609375986663466,-8961000.0,55851000.0,0.35267930437857564,3.132241601704896,3.132241601704896,17831000.0,17831000.0,https://www.sec.gov/Archives/edgar/data/1005699/000117891313000986/0001178913-13-000986-index.html,https://www.sec.gov/Archives/edgar/data/1005699/000117891313000986/zk1312713.htm,1620589880,15:51:20,20210509
6,2011-12-31,CALL,USD,2011-12-31,2011-12-31,FY,110450000.0,51181000.0,59269000.0,0.5366138524219104,2716000.0,29050000.0,32148000.0,0.0,63914000.0,115095000.0,277000.0,4160000.0,-485000.0,-0.004391127206880942,-4645000.0,-0.04205522861023087,2876000.0,-775000.0,-0.007016749660479855,61000.0,-836000.0,-0.007569035762788592,-0.08,-0.08,23342000.0,23342000.0,,,1620589880,15:51:20,20210509
7,2010-12-31,CALL,USD,2010-12-31,2010-12-31,FY,119678000.0,57173000.0,62505000.0,0.5222764417854576,3991000.0,28645000.0,32162000.0,0.0,64798000.0,121971000.0,146000.0,2946000.0,653000.0,0.005456307759153729,-2293000.0,-0.01915974531659954,-431000.0,-1587000.0,-0.013260582563211283,-32000.0,-1555000.0,-0.012993198415748926,-0.07,-0.07,21580000.0,21580000.0,,,1620589880,15:51:20,20210509
8,2009-12-31,CALL,USD,2009-12-31,2009-12-31,FY,6407000.0,2337000.0,4070000.0,0.635242703293273,2056000.0,2147000.0,3044000.0,0.0,7247000.0,9584000.0,0.0,301000.0,-2876000.0,-0.44888403308880914,-3177000.0,-0.4958638988606212,50000.0,-3045000.0,-0.47526143280786637,-590000.0,-2455000.0,-0.3831746527235836,-1.025,-1.025,2400236.0,2400236.0,,,1620589880,15:51:20,20210509
9,2008-12-31,CALL,USD,2008-12-31,2008-12-31,FY,6114000.0,2607000.0,3507000.0,0.5736015701668302,4154000.0,2704000.0,3374000.0,0.0,-508000.0,2099000.0,0.0,1016000.0,5031000.0,0.822865554465162,4015000.0,0.6566895649329408,-3993000.0,3777000.0,0.6177625122669284,69000.0,3708000.0,0.6064769381746811,1.256717,1.256717,2950400.0,2950400.0,,,1620589880,15:51:20,20210509
10,2007-12-31,CALL,USD,2007-12-31,2007-12-31,FY,5754000.0,2550000.0,3204000.0,0.556830031282586,4567000.0,0.0,0.0,0.0,16732000.0,19282000.0,0.0,385000.0,-13143000.0,-2.28415015641293,-13528000.0,-2.3510601320820297,-5896000.0,-14142000.0,-2.4577685088633996,37000.0,-14179000.0,-2.4641988182134167,-4.8,-4.8,2950400.0,2950400.0,,,1620589880,15:51:20,20210509
11,2006-12-31,CALL,USD,2006-12-31,2006-12-31,FY,7280000.0,2734000.0,4546000.0,0.6244505494505495,4619000.0,0.0,0.0,0.0,11240000.0,13974000.0,0.0,392000.0,-6302000.0,-0.8656593406593407,-6694000.0,-0.9195054945054945,-38000.0,-7012000.0,-0.9631868131868132,0.0,-7012000.0,-0.9631868131868132,-3.2247976453274467,-3.117181484688824,2174400.0,2249468.0,,,1620589880,15:51:20,20210509
12,2005-12-31,CALL,USD,2005-12-31,2005-12-31,FY,4593000.0,1765000.0,2828000.0,0.6157195732636621,4363000.0,0.0,0.0,0.0,8874000.0,10639000.0,0.0,172000.0,-5874000.0,-1.278902677988243,-6046000.0,-1.3163509688656652,-615000.0,-6649000.0,-1.447637709558023,-19000.0,-6630000.0,-1.4435009797517961,-20.928030303030305,-14.283129103976009,316800.0,464184.0,,,1620589880,15:51:20,20210509
13,2004-12-31,CALL,USD,2004-12-31,2004-12-31,FY,5452000.0,3372000.0,2080000.0,0.3815113719735877,4284000.0,0.0,0.0,0.0,14217000.0,17589000.0,0.0,883000.0,-11254000.0,-2.0641966250917094,-12137000.0,-2.2261555392516508,-1065000.0,-13033000.0,-2.390498899486427,61000.0,-13094000.0,-2.401687454145268,-29.250029,-29.250029,446953.0,446953.0,,,1620589880,15:51:20,20210509
14,2003-12-31,CALL,USD,2003-12-31,2003-12-31,FY,18686000.0,8723000.0,9963000.0,0.5331799207963182,4132000.0,0.0,0.0,0.0,18097000.0,26820000.0,0.0,1556000.0,-6578000.0,-0.35202825644867813,-8134000.0,-0.4352991544471797,132000.0,-7939000.0,-0.42486353419672485,131000.0,-7995000.0,-0.42786043026865034,-21.125021,-21.125021,376861.0,376861.0,,,1620589880,15:51:20,20210509
15,2002-12-31,CALL,USD,2002-12-31,2002-12-31,FY,15588000.0,6668000.0,8920000.0,0.5722350526045676,6138000.0,0.0,0.0,0.0,-4873000.0,1795000.0,0.0,2227000.0,16020000.0,1.0277136258660509,13793000.0,0.8848473184500898,6647000.0,-11075000.0,-0.7104824223761869,-5294000.0,-8155000.0,-0.5231588401334359,-22.100022,-22.100022,373138.0,373138.0,,,1620589880,15:51:20,20210509
16,2001-12-31,CALL,USD,2001-12-31,2001-12-31,FY,28413000.0,11511000.0,16902000.0,0.5948685460880583,11039000.0,31916000.0,0.0,0.0,42955000.0,54466000.0,0.0,3926000.0,-22127000.0,-0.7787632421778763,-26053000.0,-0.9169394291345511,-1132000.0,-25313000.0,-0.8908950128462324,-292000.0,-31783000.0,-1.1186076795832893,-85.150085,-85.150085,373138.0,373138.0,,,1620589880,15:51:20,20210509
17,2000-12-31,CALL,USD,2000-12-31,2000-12-31,FY,42041000.0,10128000.0,31913000.0,0.7590923146452273,13401000.0,38182000.0,0.0,0.0,51583000.0,61711000.0,0.0,3409000.0,-16261000.0,-0.3867890868437953,-19670000.0,-0.4678765966556457,60928000.0,37849000.0,0.9002878142765396,9013000.0,28836000.0,0.6859018577103304,77.675078,70.850071,371741.0,407749.0,,,1620589880,15:51:20,20210509
18,1999-12-31,CALL,USD,1999-12-31,1999-12-31,FY,26615000.0,4537000.0,22078000.0,0.8295322186736802,13157000.0,33763000.0,0.0,0.0,50539000.0,55076000.0,0.0,3619000.0,-24842000.0,-0.933383430396393,-28461000.0,-1.0693593838061244,75000.0,0.0,0.0,0.0,-28386000.0,-1.0665414240090174,-80.27508,-80.27508,353609.0,353609.0,,,1620589880,15:51:20,20210509
19,1998-12-31,CALL,USD,1998-12-31,1998-12-31,FY,24700000.0,4000000.0,20700000.0,0.8380566801619433,11200000.0,23700000.0,0.0,0.0,36900000.0,40900000.0,0.0,2000000.0,-14200000.0,-0.5748987854251012,-16200000.0,-0.6558704453441295,-7000000.0,0.0,0.0,0.0,-23200000.0,-0.9392712550607287,-67.599935,-67.599935,342923.0,342923.0,,,1620589880,15:51:20,20210509
20,1997-12-31,CALL,USD,1997-12-31,1997-12-31,FY,15700000.0,1400000.0,14300000.0,0.910828025477707,5500000.0,16600000.0,0.0,0.0,22900000.0,24300000.0,0.0,800000.0,-7800000.0,-0.4968152866242038,-8600000.0,-0.5477707006369427,1000000.0,0.0,0.0,0.0,-7700000.0,-0.49044585987261147,-28.924968,-28.924968,266206.0,266206.0,,,1620589880,15:51:20,20210509
21,1996-12-31,CALL,USD,1996-12-31,1996-12-31,FY,8500000.0,800000.0,7700000.0,0.9058823529411765,3300000.0,11200000.0,0.0,0.0,14900000.0,15700000.0,0.0,400000.0,-6800000.0,-0.8,-7200000.0,-0.8470588235294118,0.0,0.0,0.0,0.0,-7200000.0,-0.8470588235294118,-27.949968,-27.949968,257603.0,257603.0,,,1620589880,15:51:20,20210509
22,1995-12-31,CALL,USD,1995-12-31,1995-12-31,FY,2500000.0,0.0,2500000.0,1.0,0.0,3500000.0,0.0,0.0,3800000.0,3800000.0,0.0,300000.0,-1000000.0,-0.4,-1300000.0,-0.52,0.0,0.0,0.0,0.0,-1400000.0,-0.56,-7.475,-7.475,187291.0,187291.0,,,1620589880,15:51:20,20210509
23,1994-12-31,CALL,USD,1994-12-31,1994-12-31,FY,400000.0,100000.0,300000.0,0.75,0.0,1400000.0,0.0,0.0,1600000.0,1700000.0,0.0,200000.0,-1100000.0,-2.75,-1300000.0,-3.25,0.0,0.0,0.0,0.0,-1400000.0,-3.5,-7.475,-7.475,187291.0,187291.0,,,1620589880,15:51:20,20210509
