,date,symbol,reportedCurrency,fillingDate,acceptedDate,period,revenue,costOfRevenue,grossProfit,grossProfitRatio,researchAndDevelopmentExpenses,generalAndAdministrativeExpenses,sellingAndMarketingExpenses,otherExpenses,operatingExpenses,costAndExpenses,interestExpense,depreciationAndAmortization,ebitda,ebitdaratio,operatingIncome,operatingIncomeRatio,totalOtherIncomeExpensesNet,incomeBeforeTax,incomeBeforeTaxRatio,incomeTaxExpense,netIncome,netIncomeRatio,eps,epsdiluted,weightedAverageShsOut,weightedAverageShsOutDil,link,finalLink,timestamp,est_time,est_date
0,2020-12-31,HIK.L,USD,2020-12-31,2020-12-31,FY,2341000000.0,1140000000.0,1201000000.0,0.5130286202477574,137000000.0,464000000.0,0.0,0.0,0.0,1827000000.0,69000000.0,42000000.0,556000000.0,0.2375053395984622,514000000.0,0.21956428876548484,0.0,558000000.0,0.2383596753524135,128000000.0,431000000.0,0.18410935497650577,1.78099173553719,1.78099173553719,242000000,242000000,https://find-and-update.company-information.service.gov.uk/search/companies?q=Hikma+Pharmaceuticals+PLC,https://find-and-update.company-information.service.gov.uk/search/companies?q=Hikma+Pharmaceuticals+PLC,1620593091,16:44:51,20210509
1,2019-12-31,HIK.L,USD,2019-12-31,2019-12-31,FY,2207000000.0,0.0,0.0,0.0,0.0,0.0,494000000.0,0.0,0.0,0.0,39000000.0,99000000.0,0.0,0.0,0.0,0.0,0.0,0.0,0.0,4000000.0,0.0,0.0,2.008,2.0,242000000,243000000,https://find-and-update.company-information.service.gov.uk/search/companies?q=Hikma+Pharmaceuticals+PLC,https://find-and-update.company-information.service.gov.uk/search/companies?q=Hikma+Pharmaceuticals+PLC,1620593091,16:44:51,20210509
2,2018-12-31,HIK.L,USD,2018-12-31,2018-12-31,FY,2070000000.0,1020000000.0,1050000000.0,0.5072463768115942,147000000.0,246000000.0,224000000.0,0.0,672000000.0,1692000000.0,41000000.0,121000000.0,499000000.0,0.24106280193236715,378000000.0,0.1826086956521739,0.0,293000000.0,0.14154589371980678,8000000.0,282000000.0,0.13623188405797101,1.17,1.165,241000000,242000000,https://find-and-update.company-information.service.gov.uk/search/companies?q=Hikma+Pharmaceuticals+PLC,https://find-and-update.company-information.service.gov.uk/search/companies?q=Hikma+Pharmaceuticals+PLC,1620593091,16:44:51,20210509
3,2017-12-31,HIK.L,USD,2017-12-31,2017-12-31,FY,1936000000.0,969000000.0,967000000.0,0.4994834710743802,121000000.0,239000000.0,236000000.0,0.0,644000000.0,1613000000.0,51000000.0,48000000.0,371000000.0,0.19163223140495866,323000000.0,0.16683884297520662,0.0,-738000000.0,-0.381198347107438,101000000.0,-843000000.0,-0.43543388429752067,-3.5125,-3.4979253112033195,240000000,241000000,https://find-and-update.company-information.service.gov.uk/search/companies?q=Hikma+Pharmaceuticals+PLC,https://find-and-update.company-information.service.gov.uk/search/companies?q=Hikma+Pharmaceuticals+PLC,1620593091,16:44:51,20210509
4,2016-12-31,HIK.L,USD,2016-12-31,2016-12-31,FY,1950000000.0,964000000.0,986000000.0,0.5056410256410256,150000000.0,208000000.0,184000000.0,0.0,623000000.0,1587000000.0,48000000.0,146000000.0,509000000.0,0.261025641025641,363000000.0,0.18615384615384614,0.0,210000000.0,0.1076923076923077,52000000.0,155000000.0,0.07948717948717948,0.665,0.662,233000000,234000000,https://find-and-update.company-information.service.gov.uk/search/companies?q=Hikma+Pharmaceuticals+PLC,https://find-and-update.company-information.service.gov.uk/search/companies?q=Hikma+Pharmaceuticals+PLC,1620593091,16:44:51,20210509
5,2015-12-31,HIK.L,USD,2015-12-31,2015-12-31,FY,1440000000.0,622000000.0,818000000.0,0.5680555555555555,36000000.0,180000000.0,156000000.0,0.0,401000000.0,1023000000.0,40000000.0,73000000.0,490000000.0,0.3402777777777778,417000000.0,0.28958333333333336,0.0,318000000.0,0.22083333333333333,64000000.0,252000000.0,0.175,1.266,1.254,199000000,201000000,https://find-and-update.company-information.service.gov.uk/search/companies?q=Hikma+Pharmaceuticals+PLC,https://find-and-update.company-information.service.gov.uk/search/companies?q=Hikma+Pharmaceuticals+PLC,1620593091,16:44:51,20210509
6,2014-12-31,HIK.L,USD,2014-12-31,2014-12-31,FY,1489000000.0,638000000.0,851000000.0,0.5715245130960376,55000000.0,185000000.0,171000000.0,0.0,449000000.0,1087000000.0,20000000.0,14000000.0,416000000.0,0.2793821356615178,402000000.0,0.2699798522498321,0.0,362000000.0,0.24311618535930155,80000000.0,278000000.0,0.18670248488918736,1.404,1.39,198000000,200000000,https://find-and-update.company-information.service.gov.uk/search/companies?q=Hikma+Pharmaceuticals+PLC,https://find-and-update.company-information.service.gov.uk/search/companies?q=Hikma+Pharmaceuticals+PLC,1620593091,16:44:51,20210509
7,2013-12-31,HIK.L,USD,2013-12-31,2013-12-31,FY,1365000000.0,601000000.0,764000000.0,0.5597069597069597,39000000.0,151000000.0,160000000.0,0.0,412000000.0,1013000000.0,22000000.0,15000000.0,367000000.0,0.26886446886446885,352000000.0,0.2578754578754579,0.0,298000000.0,0.21831501831501832,82000000.0,212000000.0,0.15531135531135531,1.076,1.071,197000000,198000000,https://find-and-update.company-information.service.gov.uk/search/companies?q=Hikma+Pharmaceuticals+PLC,https://find-and-update.company-information.service.gov.uk/search/companies?q=Hikma+Pharmaceuticals+PLC,1620593091,16:44:51,20210509
8,2012-12-31,HIK.L,USD,2012-12-31,2012-12-31,FY,1108721000.0,607603000.0,501118000.0,0.451978450845614,34019000.0,124560000.0,152763000.0,-1174000.0,334344000.0,941947000.0,21971000.0,12674000.0,179448000.0,0.16185135845717724,166774000.0,0.1504201688251598,0.0,132041000.0,0.11909308112681188,24826000.0,100320000.0,0.09048263720088282,0.511,0.506,196348000,198299000,https://find-and-update.company-information.service.gov.uk/search/companies?q=Hikma+Pharmaceuticals+PLC,https://find-and-update.company-information.service.gov.uk/search/companies?q=Hikma+Pharmaceuticals+PLC,1620593091,16:44:51,20210509
9,2011-12-31,HIK.L,USD,2011-12-31,2011-12-31,FY,918025519.2,522676466.1,395349053.1,0.4306514849876082,31218760.8,0.0,125294650.2,2328000.0,260251140.1,782927606.2,13752230.9,47003754.5,182101667.5,0.19836231530762874,135097913.0,0.14716139167648531,0.0,93892505.6,0.10227657470984167,10423348.7,80107638.6,0.0872607971397229,0.413,0.405,194135000,197768000,https://find-and-update.company-information.service.gov.uk/search/companies?q=Hikma+Pharmaceuticals+PLC,https://find-and-update.company-information.service.gov.uk/search/companies?q=Hikma+Pharmaceuticals+PLC,1620593091,16:44:51,20210509
10,2010-12-31,HIK.L,USD,2010-12-31,2010-12-31,FY,730936085.1,373591677.0,357344408.1,0.4888859852241546,23607624.6,0.0,106672706.7,0.0,208020467.7,581612144.7,5962185.6,38433237.9,187757178.3,0.2568722247093777,149323940.4,0.20429137847199166,0.0,120981639.0,0.16551603001437312,21454787.1,98848903.8,0.13523604295234157,0.514,0.502,192304000,196855000,https://find-and-update.company-information.service.gov.uk/search/companies?q=Hikma+Pharmaceuticals+PLC,https://find-and-update.company-information.service.gov.uk/search/companies?q=Hikma+Pharmaceuticals+PLC,1620593091,16:44:51,20210509
11,2009-12-31,HIK.L,USD,2009-12-31,2009-12-31,FY,636883974.8,332458893.5,304425081.3,0.47799142912270376,16843247.3,0.0,98082770.9,0.0,196016787.0,528475680.5,7563858.2,34147311.1,142555605.4,0.22383292882312922,108408294.3,0.17021670914870066,0.0,94787528.7,0.14883013617946036,15470499.2,77682343.6,0.12197252038629879,0.409,0.401,189757000,193725000,https://find-and-update.company-information.service.gov.uk/search/companies?q=Hikma+Pharmaceuticals+PLC,https://find-and-update.company-information.service.gov.uk/search/companies?q=Hikma+Pharmaceuticals+PLC,1620593091,16:44:51,20210509
12,2008-12-31,HIK.L,USD,2008-12-31,2008-12-31,FY,580656698.2,324173900.2,256482798.0,0.4417115979116074,22171931.0,0.0,90560052.8,0.0,170988532.0,495162432.2,17311750.4,33121554.8,118615820.8,0.2042787436495639,85494266.0,0.14723719930386914,0.0,64033936.6,0.1102784774523419,6914784.4,57124985.0,0.09837996388758441,0.304,0.296,187876000,193171000,https://find-and-update.company-information.service.gov.uk/search/companies?q=Hikma+Pharmaceuticals+PLC,https://find-and-update.company-information.service.gov.uk/search/companies?q=Hikma+Pharmaceuticals+PLC,1620593091,16:44:51,20210509
13,2007-12-31,HIK.L,USD,2007-12-31,2007-12-31,FY,448795234.9,227263609.2,221531625.7,0.4936140325762625,19342181.8,0.0,61020026.1,0.0,130924124.7,358187733.9,10727141.1,23433874.4,114041375.4,0.2541055843104274,90607501.0,0.20189051476936706,0.0,83789351.8,0.1866983989227734,19595152.0,62575993.6,0.13943105615625154,0.37,0.354,169216000,176847000,https://find-and-update.company-information.service.gov.uk/search/companies?q=Hikma+Pharmaceuticals+PLC,https://find-and-update.company-information.service.gov.uk/search/companies?q=Hikma+Pharmaceuticals+PLC,1620593091,16:44:51,20210509
14,2006-12-31,HIK.L,USD,2006-12-31,2006-12-31,FY,317021904.2,158491319.1,158530585.1,0.5000619294747142,18290102.8,0.0,36258224.4,938000.0,86316484.5,244807803.6,4957332.5,13796109.1,86010209.69999999,0.2713068357754189,72214100.6,0.2277889938937538,0.0,75596866.5,0.2384594423870097,19640853.2,54522804.3,0.17198434422879225,0.326,0.31,167279000,175917000,https://find-and-update.company-information.service.gov.uk/search/companies?q=Hikma+Pharmaceuticals+PLC,https://find-and-update.company-information.service.gov.uk/search/companies?q=Hikma+Pharmaceuticals+PLC,1620593091,16:44:51,20210509
15,2005-12-31,HIK.L,USD,2005-12-31,2005-12-31,FY,262215007.2,126424847.0,135790160.2,0.5178580800923739,16506278.5,0.0,27366532.4,1449000.0,64466522.2,190891369.2,5210788.7,10075797.1,81399435.1,0.3104301159922322,71323638.0,0.27200440875452686,0.0,64409752.3,0.24563716999947516,19451432.1,43867650.0,0.1672964887419304,0.3,0.283,146454000,154856000,https://find-and-update.company-information.service.gov.uk/search/companies?q=Hikma+Pharmaceuticals+PLC,https://find-and-update.company-information.service.gov.uk/search/companies?q=Hikma+Pharmaceuticals+PLC,1620593091,16:44:51,20210509
16,2004-12-31,HIK.L,USD,2004-12-31,2004-12-31,FY,212376337.3,103936375.0,108439962.3,0.5106028462427956,9672367.4,-4630000.0,19728000.0,732000.0,44914049.9,148850424.9,2933422.9,6680933.5,70206845.9,0.3305775341667501,63525912.4,0.2991195403764033,0.0,59024258.8,0.27792295295413777,20835617.5,37457702.7,0.1763741816824336,26.3,24.8,166538000,166538000,https://find-and-update.company-information.service.gov.uk/search/companies?q=Hikma+Pharmaceuticals+PLC,https://find-and-update.company-information.service.gov.uk/search/companies?q=Hikma+Pharmaceuticals+PLC,1620593091,16:44:51,20210509
17,2003-12-31,HIK.L,USD,2003-12-31,2003-12-31,FY,105149000.0,51568000.0,53581000.0,0.5095721309760435,4127000.0,0.0,0.0,0.0,22620000.0,74188000.0,1900000.0,504000.0,31465000.0,0.29924202797934357,30961000.0,0.2944488297558702,0.0,29672000.0,0.2821900350930584,11913000.0,17591000.0,0.1672959324387298,0.106,0.106,166538000,166538000,https://find-and-update.company-information.service.gov.uk/search/companies?q=Hikma+Pharmaceuticals+PLC,https://find-and-update.company-information.service.gov.uk/search/companies?q=Hikma+Pharmaceuticals+PLC,1620593091,16:44:51,20210509
18,2002-12-31,HIK.L,USD,2002-12-31,2002-12-31,FY,85502000.0,40581000.0,44921000.0,0.525379523286005,3014000.0,0.0,0.0,0.0,20285000.0,60866000.0,2548000.0,746000.0,25382000.0,0.2968585530163037,24636000.0,0.2881336109096863,0.0,19096000.0,0.22333980491684405,8524000.0,10500000.0,0.12280414493228228,0.063,0.063,166538000,166538000,https://find-and-update.company-information.service.gov.uk/search/companies?q=Hikma+Pharmaceuticals+PLC,https://find-and-update.company-information.service.gov.uk/search/companies?q=Hikma+Pharmaceuticals+PLC,1620593091,16:44:51,20210509
