,date,symbol,reportedCurrency,fillingDate,acceptedDate,period,revenue,costOfRevenue,grossProfit,grossProfitRatio,researchAndDevelopmentExpenses,generalAndAdministrativeExpenses,sellingAndMarketingExpenses,otherExpenses,operatingExpenses,costAndExpenses,interestExpense,depreciationAndAmortization,ebitda,ebitdaratio,operatingIncome,operatingIncomeRatio,totalOtherIncomeExpensesNet,incomeBeforeTax,incomeBeforeTaxRatio,incomeTaxExpense,netIncome,netIncomeRatio,eps,epsdiluted,weightedAverageShsOut,weightedAverageShsOutDil,link,finalLink,timestamp,est_time,est_date
0,2019-12-31,JASNW,USD,2020-03-02 00:00:00,2020-02-28 20:19:42,FY,337897000.0,263291000.0,74606000.0,0.22079509436307515,0.0,0.0,78200000.0,0.0,78200000,341491000,32978000.0,24606000.0,16755000.0,0.04958611647928215,-7851000.0,-0.02323489110586954,1098000.0,-39415000.0,-0.11664797260703706,0.0,-81608000.0,-0.24151738547545554,-2.878792154649358,-2.878792154649358,28348000,28348000.0,https://www.sec.gov/Archives/edgar/data/1579252/000157925220000007/0001579252-20-000007-index.html,https://www.sec.gov/Archives/edgar/data/1579252/000157925220000007/jasn-20191231.htm,1620593867,16:57:47,20210509
1,2018-12-31,JASNW,USD,2019-03-05 00:00:00,2019-03-05 16:32:03,FY,612948000.0,486668000.0,126280000.0,0.2060207391165319,3200000.0,0.0,106470000.0,0.0,109670000,596338000,33437000.0,45493000.0,61987000.0,0.10112929644929097,16494000.0,0.026909297362908435,654000.0,-15265000.0,-0.024904233311798064,-2105000.0,-13160000.0,-0.021470010506600887,-0.46423028079582335,-0.4768979887660808,28348000,27595000.0,https://www.sec.gov/Archives/edgar/data/1579252/000157925219000028/0001579252-19-000028-index.html,https://www.sec.gov/Archives/edgar/data/1579252/000157925219000028/jasonindustries1231201810k.htm,1620593867,16:57:47,20210509
2,2017-12-31,JASNW,USD,2018-03-01 00:00:00,2018-03-01 16:23:41,FY,648616000.0,517764000.0,130852000.0,0.2017403209294868,3600000.0,0.0,103855000.0,0.0,107455000,625219000,33089000.0,41903000.0,65393000.0,0.10081928290390617,23490000.0,0.036215572850500144,319000.0,-14857000.0,-0.02290569458662753,-10384000.0,-4478000.0,-0.006903930831185169,-0.15796528855651193,-0.1716892876313166,28348000,26082000.0,https://www.sec.gov/Archives/edgar/data/1579252/000157925218000016/0001579252-18-000016-index.html,https://www.sec.gov/Archives/edgar/data/1579252/000157925218000016/jasonindustries1231201710k.htm,1620593867,16:57:47,20210509
3,2016-12-31,JASNW,USD,2017-03-02 00:00:00,2017-03-02 16:55:56,FY,705519000.0,573917000.0,131602000.0,0.18653218410843647,4200000.0,0.0,113797000.0,0.0,117997000,691914000,31843000.0,46533000.0,-7059000.0,-0.010005400279794024,-53592000.0,-0.07596110097672777,900000.0,-83854000.0,-0.11885434694175494,-6157000.0,-66879000.0,-0.0947940452347846,-2.3592140539015096,-2.971475540942818,28348000,22507000.0,https://www.sec.gov/Archives/edgar/data/1579252/000157925217000018/0001579252-17-000018-index.html,https://www.sec.gov/Archives/edgar/data/1579252/000157925217000018/jasonindustries1231201610k.htm,1620593867,16:57:47,20210509
4,2015-12-31,JASNW,USD,2016-03-08 00:00:00,2016-03-08 17:27:07,FY,708366000.0,561076000.0,147290000.0,0.20792923432237007,5000000.0,0.0,129371000.0,97000.0,134371000,695447000,31835000.0,48268000.0,-32734000.0,-0.0462105747593758,-81002000.0,-0.1143504911302914,97000.0,-111856000.0,-0.15790707063862466,-22255000.0,-74458000.0,-0.10511232893730077,-2.626569775645548,-3.36229397155114,28348000,22145000.0,https://www.sec.gov/Archives/edgar/data/1579252/000157925216000155/0001579252-16-000155-index.html,https://www.sec.gov/Archives/edgar/data/1579252/000157925216000155/jasonindustries1231201510k.htm,1620593867,16:57:47,20210509
5,2014-12-31,JASNW,USD,2015-03-11,2015-03-11 16:37:16,FY,772674000.0,270676000.0,772674000.0,1.0,0.0,0.0,57183000.0,167000.0,57183000,327859000,0.0,13180000.0,6935000.0,0.008975324651793641,-6245000.0,-0.008082321910663487,167000.0,-21869000.0,-0.028303010066341044,0.0,-21869000.0,-0.028303010066341044,-0.7714477211796247,-0.9944522759310627,28348000,21991000.0,https://www.sec.gov/Archives/edgar/data/1579252/000157925215000010/0001579252-15-000010-index.htm,https://www.sec.gov/Archives/edgar/data/1579252/000157925215000010/jasonindustries1231201410k.htm,1620593867,16:57:47,20210509
6,2013-12-31,JASNW,USD,2014-03-07,2014-03-07 16:34:15,FY,0.0,0.0,0.0,0.0,0.0,535627000.0,0.0,0.0,535627000,535627000,0.0,0.0,-535627000.0,0.0,-535627000.0,0.0,0.0,0.0,0.0,0.0,0.0,0.0,0.0,0.0,28348000,8267875.0,https://www.sec.gov/Archives/edgar/data/1579252/000121390014001330/0001213900-14-001330-index.htm,https://www.sec.gov/Archives/edgar/data/1579252/000121390014001330/f10k2013_quinparioacq.htm,1620593867,16:57:47,20210509
