,date,symbol,reportedCurrency,fillingDate,acceptedDate,period,revenue,costOfRevenue,grossProfit,grossProfitRatio,researchAndDevelopmentExpenses,generalAndAdministrativeExpenses,sellingAndMarketingExpenses,otherExpenses,operatingExpenses,costAndExpenses,interestExpense,depreciationAndAmortization,ebitda,ebitdaratio,operatingIncome,operatingIncomeRatio,totalOtherIncomeExpensesNet,incomeBeforeTax,incomeBeforeTaxRatio,incomeTaxExpense,netIncome,netIncomeRatio,eps,epsdiluted,weightedAverageShsOut,weightedAverageShsOutDil,link,finalLink,timestamp,est_time,est_date
0,2020-04-30,0318.HK,HKD,2020-04-30,2020-04-30,FY,34023000,5105000.0,28918000,0.8499544425829586,0.0,15819000.0,0.0,0.0,0.0,22130000,679000.0,771000.0,12664000.0,0.37221879316932666,11893000.0,0.34955765217646884,0.0,9920000.0,0.2915674690650442,-298000.0,10218000.0,0.30032624988978046,0.053166183874044995,0.053166183874044995,192189833,192189833,https://www1.hkexnews.hk/search/titlesearch.xhtml,https://www1.hkexnews.hk/search/titlesearch.xhtml,1620584665,14:24:25,20210509
1,2019-04-30,0318.HK,HKD,2019-04-30,2019-04-30,FY,33953000,6971000.0,26982000,0.7946867728919389,0.0,4172000.0,0.0,0.0,0.0,22570000,640000.0,773000.0,12156000.0,0.3580243277471799,11383000.0,0.3352575619238359,0.0,22258000.0,0.6555532648072335,98000.0,22160000.0,0.6526669219214797,0.1153,0.1153,192189833,192189833,https://www1.hkexnews.hk/search/titlesearch.xhtml,https://www1.hkexnews.hk/search/titlesearch.xhtml,1620584665,14:24:25,20210509
2,2018-04-30,0318.HK,HKD,2018-04-30,2018-04-30,FY,23541000,7425000.0,16116000,0.6845928380272716,0.0,0.0,0.0,0.0,0.0,20741000,535000.0,773000.0,3573000.0,0.15177774945839173,2800000.0,0.11894142134998513,0.0,38967000.0,1.655282273480311,191000.0,38776000.0,1.64716876938108,0.2018,0.2018,192189833,192189833,https://www1.hkexnews.hk/search/titlesearch.xhtml,https://www1.hkexnews.hk/search/titlesearch.xhtml,1620584665,14:24:25,20210509
3,2017-04-30,0318.HK,HKD,2017-04-30,2017-04-30,FY,12767000,64000.0,12703000,0.9949870760554554,0.0,0.0,0.0,0.0,0.0,24529000,486000.0,525000.0,-11237000.0,-0.8801597869507324,-11762000.0,-0.9212814286833242,0.0,-4727000.0,-0.37025142946659356,80000.0,-4807000.0,-0.37651758439727423,-0.0264,-0.0264,182018435,182018435,https://www1.hkexnews.hk/search/titlesearch.xhtml,https://www1.hkexnews.hk/search/titlesearch.xhtml,1620584665,14:24:25,20210509
4,2016-04-30,0318.HK,HKD,2016-04-30,2016-04-30,FY,11967000,117000.0,11850000,0.9902231135622963,0.0,0.0,0.0,0.0,0.0,33578000,461000.0,534000.0,-21077000.0,-1.7612601320297485,-21611000.0,-1.8058828444890114,0.0,-19477000.0,-1.627559120915852,-87000.0,8359000.0,0.6985042199381633,0.0535,0.0535,156375921,156375921,https://www1.hkexnews.hk/search/titlesearch.xhtml,https://www1.hkexnews.hk/search/titlesearch.xhtml,1620584665,14:24:25,20210509
5,2015-04-30,0318.HK,HKD,2015-04-30,2015-04-30,FY,12889000,122000.0,12767000,0.9905345643572038,0.0,0.0,0.0,0.0,0.0,16581000,469000.0,579000.0,-3113000.0,-0.2415237799674141,-3692000.0,-0.28644580650166807,0.0,-3563000.0,-0.276437272092482,-61000.0,-6663000.0,-0.5169524400651718,-0.044,-0.044,146496522,146496522,https://www1.hkexnews.hk/search/titlesearch.xhtml,https://www1.hkexnews.hk/search/titlesearch.xhtml,1620584665,14:24:25,20210509
6,2014-04-30,0318.HK,HKD,2014-04-30,2014-04-30,FY,27878000,10332000.0,17546000,0.6293851782767774,0.0,0.0,0.0,0.0,0.0,36803000,507000.0,1551000.0,-7374000.0,-0.2645096491857379,-8925000.0,-0.32014491713896265,0.0,-32891000.0,-1.1798192122820863,1691000.0,-34582000.0,-1.2404763612884713,-0.236,-0.236,146496522,146496522,https://www1.hkexnews.hk/search/titlesearch.xhtml,https://www1.hkexnews.hk/search/titlesearch.xhtml,1620584665,14:24:25,20210509
7,2013-04-30,0318.HK,HKD,2013-04-30,2013-04-30,FY,34216000,9728000.0,24488000,0.7156885667523966,0.0,0.0,0.0,0.0,0.0,59123000,549000.0,2159000.0,-22748000.0,-0.6648351648351648,-24907000.0,-0.7279342997428104,0.0,-9076000.0,-0.2652560205751695,-475000.0,-8601000.0,-0.25137362637362637,-0.06,-0.06,146496522,146496522,https://www1.hkexnews.hk/search/titlesearch.xhtml,https://www1.hkexnews.hk/search/titlesearch.xhtml,1620584665,14:24:25,20210509
8,2012-04-30,0318.HK,HKD,2012-04-30,2012-04-30,FY,27650000,14226000.0,13424000,0.48549728752260396,0.0,0.0,0.0,0.0,0.0,69994000,510000.0,1799000.0,-40545000.0,-1.466365280289331,-42344000.0,-1.5314285714285714,0.0,-41151000.0,-1.4882820976491862,69000.0,-41220000.0,-1.4907775768535263,-0.28,-0.28,146496522,146496522,https://www1.hkexnews.hk/search/titlesearch.xhtml,https://www1.hkexnews.hk/search/titlesearch.xhtml,1620584665,14:24:25,20210509
9,2011-04-30,0318.HK,HKD,2011-04-30,2011-04-30,FY,43833000,14642000.0,29191000,0.6659594369538931,0.0,0.0,0.0,0.0,0.0,60671000,271000.0,1977000.0,-14861000.0,-0.33903679875892595,-16838000.0,-0.38413980334451214,0.0,-10283000.0,-0.23459493988547442,280000.0,-7674000.0,-0.17507357470399015,-0.052,-0.052,146496522,146496522,https://www1.hkexnews.hk/search/titlesearch.xhtml,https://www1.hkexnews.hk/search/titlesearch.xhtml,1620584665,14:24:25,20210509
10,2010-04-30,0318.HK,HKD,2010-04-30,2010-04-30,FY,102784000,7164000.0,95620000,0.9303004358655044,0.0,0.0,0.0,0.0,0.0,124048000,0.0,2901000.0,-18363000.0,-0.1786562110834371,-21264000.0,-0.20688044831880448,0.0,-7183000.0,-0.06988441780821918,757000.0,-6507000.0,-0.06330751867995019,-0.044415536689885134,-0.044415536689885134,146502789,146502789,https://www1.hkexnews.hk/search/titlesearch.xhtml,https://www1.hkexnews.hk/search/titlesearch.xhtml,1620584665,14:24:25,20210509
11,2009-04-30,0318.HK,HKD,2009-04-30,2009-04-30,FY,160442000,376000.0,160066000,0.997656473990601,0.0,0.0,0.0,0.0,0.0,209762000,182000.0,2693000.0,-46627000.0,-0.29061592351130006,-49320000.0,-0.3074008052754266,0.0,-49979000.0,-0.31150820857381484,304000.0,-45229000.0,-0.28190249435933235,-0.308,-0.308,146599022,146599022,https://www1.hkexnews.hk/search/titlesearch.xhtml,https://www1.hkexnews.hk/search/titlesearch.xhtml,1620584665,14:24:25,20210509
12,2008-04-30,0318.HK,HKD,2008-04-30,2008-04-30,FY,464360000,345584000.0,118776000,0.2557843052803859,0.0,0.0,0.0,0.0,0.0,492772000,0.0,1539000.0,-26873000.0,-0.05787104832457576,-28412000.0,-0.06118528727711259,0.0,-27301000.0,-0.058792747006632784,392000.0,-27693000.0,-0.05963691963132053,-0.188,-0.188,145238817,145238817,https://www1.hkexnews.hk/search/titlesearch.xhtml,https://www1.hkexnews.hk/search/titlesearch.xhtml,1620584665,14:24:25,20210509
13,2007-04-30,0318.HK,HKD,2007-04-30,2007-04-30,FY,218188000,84790000.0,133398000,0.6113901772783105,0.0,0.0,0.0,0.0,0.0,230763000,0.0,4363000.0,-8212000.0,-0.03763726694410325,-12575000.0,-0.05763378370946157,0.0,-10923000.0,-0.05006233156727226,4257000.0,-15180000.0,-0.06957302876418502,-2.8,-2.8,139684647,139684647,https://www1.hkexnews.hk/search/titlesearch.xhtml,https://www1.hkexnews.hk/search/titlesearch.xhtml,1620584665,14:24:25,20210509
14,2006-04-30,0318.HK,HKD,2006-04-30,2006-04-30,FY,217626000,79828000.0,137798000,0.6331872110869106,0.0,0.0,0.0,0.0,0.0,247282000,0.0,10373000.0,-19283000.0,-0.08860614081038111,-29656000.0,-0.13627048238721476,0.0,-29313000.0,-0.13469438394309505,4905000.0,-57915000.0,-0.2661216950180585,-0.62,-0.62,93411290,93411290,https://www1.hkexnews.hk/search/titlesearch.xhtml,https://www1.hkexnews.hk/search/titlesearch.xhtml,1620584665,14:24:25,20210509
