,date,symbol,reportedCurrency,fillingDate,acceptedDate,period,revenue,costOfRevenue,grossProfit,grossProfitRatio,researchAndDevelopmentExpenses,generalAndAdministrativeExpenses,sellingAndMarketingExpenses,otherExpenses,operatingExpenses,costAndExpenses,interestExpense,depreciationAndAmortization,ebitda,ebitdaratio,operatingIncome,operatingIncomeRatio,totalOtherIncomeExpensesNet,incomeBeforeTax,incomeBeforeTaxRatio,incomeTaxExpense,netIncome,netIncomeRatio,eps,epsdiluted,weightedAverageShsOut,weightedAverageShsOutDil,link,finalLink,timestamp,est_time,est_date
0,2020-12-31,SMSI,USD,2021-03-08,2021-03-08 16:02:05,FY,51300000.0,5190000.0,46110000.0,0.8988304093567251,19071000.0,12801000.0,10698000.0,-3000.0,42570000.0,47760000.0,0.0,3582000.0,7122000.0,0.13883040935672514,3540000.0,0.06900584795321638,689000.0,4325000.0,0.08430799220272904,160000.0,4165000.0,0.08118908382066277,0.1,0.1,40808000.0,42764000.0,https://www.sec.gov/Archives/edgar/data/948708/000156459021011475/0001564590-21-011475-index.htm,https://www.sec.gov/Archives/edgar/data/948708/000156459021011475/smsi-10k_20201231.htm,1620598063,18:07:43,20210509
1,2019-12-31,SMSI,USD,2020-03-13,2020-03-13 16:01:58,FY,43346000.0,3927000.0,39419000.0,0.9094034051584922,11682000.0,9921000.0,7517000.0,-14000.0,29120000.0,33047000.0,0.0,1341000.0,11640000.0,0.2685368892169981,10299000.0,0.23759977852627692,275000.0,10802000.0,0.24920407880773313,80000.0,10722000.0,0.2473584644488534,0.31,0.29,34513000.0,36991000.0,https://www.sec.gov/Archives/edgar/data/948708/000156459020010806/0001564590-20-010806-index.htm,https://www.sec.gov/Archives/edgar/data/948708/000156459020010806/smsi-10k_20191231.htm,1620598063,18:07:43,20210509
2,2018-12-31,SMSI,USD,2019-03-27,2019-03-27 16:06:57,FY,26285000.0,4333000.0,21952000.0,0.8351531291611185,8602000.0,8607000.0,5784000.0,-26000.0,22993000.0,27326000.0,0.0,779000.0,-262000.0,-0.009967662164732737,-1041000.0,-0.03960433707437702,-1214000.0,-2727000.0,-0.10374738443979456,13000.0,-2740000.0,-0.10424196309682328,-0.14,-0.14,22322000.0,22322000.0,https://www.sec.gov/Archives/edgar/data/948708/000156459019009576/0001564590-19-009576-index.htm,https://www.sec.gov/Archives/edgar/data/948708/000156459019009576/smsi-10k_20181231.htm,1620598063,18:07:43,20210509
3,2017-12-31,SMSI,USD,2018-03-30,2018-03-30 16:28:17,FY,22974000.0,5082000.0,17892000.0,0.7787934186471663,8952000.0,8551000.0,6186000.0,-8000.0,23689000.0,28771000.0,0.0,922000.0,-4875000.0,-0.2121963959258292,-5797000.0,-0.2523287194219552,-290000.0,-7207000.0,-0.3137024462435797,-546000.0,-6661000.0,-0.2899364498998868,-0.49,-0.49,13489000.0,13489000.0,https://www.sec.gov/Archives/edgar/data/948708/000156459018007263/0001564590-18-007263-index.htm,https://www.sec.gov/Archives/edgar/data/948708/000156459018007263/smsi-10k_20171231.htm,1620598063,18:07:43,20210509
4,2016-12-31,SMSI,USD,2017-03-10,2017-03-10 17:20:50,FY,28235000.0,7564000.0,20671000.0,0.7321055427660704,15906000.0,10341000.0,9615000.0,-25000.0,35862000.0,43426000.0,0.0,1381000.0,-13810000.0,-0.4891092615548079,-15191000.0,-0.5380201877102887,839000.0,-14741000.0,-0.5220825216929343,-229000.0,-14512000.0,-0.5139720205418806,-1.28,-1.28,11951000.0,11951000.0,https://www.sec.gov/Archives/edgar/data/948708/000156459017004015/0001564590-17-004015-index.htm,https://www.sec.gov/Archives/edgar/data/948708/000156459017004015/smsi-10k_20161231.htm,1620598063,18:07:43,20210509
5,2015-12-31,SMSI,USD,2016-03-09,2016-03-09 13:12:09,FY,39507000.0,8152000.0,31355000.0,0.7936568203103248,13863000.0,11128000.0,8902000.0,0.0,33893000.0,42045000.0,0.0,1904000.0,-634000.0,-0.016047788999417823,-2538000.0,-0.06424177993773256,0.0,-2534000.0,-0.06414053205761004,68000.0,-2602000.0,-0.06586174601969272,-0.24,-0.24,11486500.0,11486500.0,https://www.sec.gov/Archives/edgar/data/948708/000119312516498016/0001193125-16-498016-index.htm,https://www.sec.gov/Archives/edgar/data/948708/000119312516498016/d108733d10k.htm,1620598063,18:07:43,20210509
6,2014-12-31,SMSI,USD,2015-02-27,2015-02-27 15:45:32,FY,36979000.0,9317000.0,27662000.0,0.7480461883771871,14192000.0,13218000.0,9559000.0,0.0,36969000.0,46286000.0,0.0,2931000.0,-6376000.0,-0.17242218556478,-9307000.0,-0.2516833878687904,-2435000.0,-11750000.0,-0.3177479109765002,49000.0,-11799000.0,-0.3190729873712107,-1.16,-1.16,10162250.0,10162250.0,https://www.sec.gov/Archives/edgar/data/948708/000119312515069548/0001193125-15-069548-index.htm,https://www.sec.gov/Archives/edgar/data/948708/000119312515069548/d841063d10k.htm,1620598063,18:07:43,20210509
7,2013-12-31,SMSI,USD,2014-03-07,2014-03-07 13:28:57,FY,42675000.0,9707000.0,32968000.0,0.7725366139425893,21305000.0,18216000.0,15675000.0,0.0,55196000.0,64903000.0,0.0,4006000.0,-18222000.0,-0.42699472759226714,-22228000.0,-0.5208670181605155,-5602000.0,-27800000.0,-0.651435266549502,153000.0,-27953000.0,-0.65502050380785,-3.04,-3.04,9245500.0,9245500.0,https://www.sec.gov/Archives/edgar/data/948708/000119312514088577/0001193125-14-088577-index.htm,https://www.sec.gov/Archives/edgar/data/948708/000119312514088577/d657850d10k.htm,1620598063,18:07:43,20210509
8,2012-12-31,SMSI,USD,2013-02-20,2013-02-20 15:43:29,FY,43329000.0,8448000.0,34881000.0,0.805026656511805,24767000.0,20211000.0,16666000.0,1210000.0,61644000.0,70092000.0,0.0,4430000.0,-22333000.0,-0.5154284659235154,-26763000.0,-0.6176694592536177,972000.0,-25697000.0,-0.5930669990075931,-234000.0,-25463000.0,-0.5876664589535877,-2.84,-2.84,8962250.0,8962250.0,https://www.sec.gov/Archives/edgar/data/948708/000119312513067128/0001193125-13-067128-index.htm,https://www.sec.gov/Archives/edgar/data/948708/000119312513067128/d443946d10k.htm,1620598063,18:07:43,20210509
9,2011-12-31,SMSI,USD,2012-02-27,2012-02-27 15:16:50,FY,57767000.0,13761000.0,44006000.0,0.7617844097841328,41711000.0,25279000.0,26594000.0,0.0,93584000.0,107345000.0,0.0,10177000.0,-39401000.0,-0.6820676164592241,-49578000.0,-0.8582408641611993,-116088000.0,-165535000.0,-2.865563383938927,-5929000.0,-159606000.0,-2.762926930600516,-17.92,-17.92,8904250.0,8904250.0,https://www.sec.gov/Archives/edgar/data/948708/000119312512081316/0001193125-12-081316-index.htm,https://www.sec.gov/Archives/edgar/data/948708/000119312512081316/d282708d10k.htm,1620598063,18:07:43,20210509
10,2010-12-31,SMSI,USD,2011-02-25,2011-02-25 13:03:57,FY,130501000.0,15507000.0,114994000.0,0.8811733243423422,42759000.0,24146000.0,29708000.0,0.0,96613000.0,112120000.0,0.0,11778000.0,30159000.0,0.23110167738178253,18381000.0,0.14084949540616548,0.0,18511000.0,0.14184565635512372,6165000.0,12346000.0,0.09460463904491154,1.4438077417845867,1.4266647407193414,8551000.0,8653750.0,https://www.sec.gov/Archives/edgar/data/948708/000095012311018452/0000950123-11-018452-index.htm,https://www.sec.gov/Archives/edgar/data/948708/000095012311018452/a58764e10vk.htm,1620598063,18:07:43,20210509
11,2009-12-31,SMSI,USD,2010-03-02,2010-03-02 15:26:41,FY,107279000.0,15486000.0,91793000.0,0.8556474240065624,36530000.0,19155000.0,24999000.0,0.0,80684000.0,96170000.0,0.0,10540000.0,21649000.0,0.2018009116416074,11109000.0,0.10355241939242536,0.0,11490000.0,0.1071039066359679,6738000.0,4752000.0,0.04429571491158568,0.6,0.56,8109500.0,8224250.0,https://www.sec.gov/Archives/edgar/data/948708/000095012310019966/0000950123-10-019966-index.htm,https://www.sec.gov/Archives/edgar/data/948708/000095012310019966/a55282e10vk.htm,1620598063,18:07:43,20210509
12,2008-12-31,SMSI,USD,2009-03-10,2009-03-10 15:51:56,FY,98424000.0,20108000.0,78316000.0,0.7957002357148663,30811000.0,44804000.0,0.0,0.0,75615000.0,95723000.0,0.0,8446000.0,11147000.0,0.1132548971795497,2701000.0,0.0274424937007234,0.0,3440000.0,0.034950825002032025,4172000.0,-732000.0,-0.007437210436478907,-0.08,-0.08,7744500.0,7744500.0,https://www.sec.gov/Archives/edgar/data/948708/000095013409004947/0000950134-09-004947-index.htm,https://www.sec.gov/Archives/edgar/data/948708/000095013409004947/a51364e10vk.htm,1620598063,18:07:43,20210509
13,2007-12-31,SMSI,USD,2008-03-17,2008-03-17 17:12:19,FY,73377000.0,20644000.0,52733000.0,0.7186584352044919,14772000.0,33712000.0,0.0,0.0,48484000.0,69128000.0,0.0,3198000.0,7447000.0,0.10148956757567085,4249000.0,0.057906428444880545,0.0,8503000.0,0.11588099813292994,5342000.0,3161000.0,0.043078893931340886,0.44,0.4,7442000.0,7749500.0,https://www.sec.gov/Archives/edgar/data/948708/000089256908000334/0000892569-08-000334-index.htm,https://www.sec.gov/Archives/edgar/data/948708/000089256908000334/a39059e10vk.htm,1620598063,18:07:43,20210509
14,2006-12-31,SMSI,USD,2007-03-30,2007-03-30 15:56:26,FY,54469000.0,20259000.0,34210000.0,0.6280636692430557,7899000.0,17524000.0,0.0,0.0,25423000.0,45682000.0,0.0,2098000.0,10885000.0,0.19983844021369954,8787000.0,0.1613211184343388,0.0,10190000.0,0.18707888890928784,1234000.0,8956000.0,0.16442380069397272,1.52,1.4,5938250.0,6332500.0,https://www.sec.gov/Archives/edgar/data/948708/000095013707004908/0000950137-07-004908-index.htm,https://www.sec.gov/Archives/edgar/data/948708/000095013707004908/a28473e10vk.htm,1620598063,18:07:43,20210509
15,2005-12-31,SMSI,USD,2006-03-31,2006-03-31 15:25:05,FY,20258000.0,4103000.0,16155000.0,0.797462730773028,3963000.0,8031000.0,0.0,0.0,11994000.0,16097000.0,0.0,901000.0,5062000.0,0.24987659196366868,4161000.0,0.20540033566985882,0.0,4828000.0,0.23832559976305656,104000.0,4724000.0,0.2331918254516734,0.88,0.84,5337750.0,5701500.0,https://www.sec.gov/Archives/edgar/data/948708/000095013706004034/0000950137-06-004034-index.htm,https://www.sec.gov/Archives/edgar/data/948708/000095013706004034/a19170e10vk.htm,1620598063,18:07:43,20210509
16,2004-12-31,SMSI,USD,2005-03-31,2005-03-31 15:53:06,FY,13316000.0,2910000.0,10406000.0,0.7814659056773806,2556000.0,4387000.0,0.0,0.0,6943000.0,9853000.0,0.0,146000.0,3609000.0,0.27102733553619707,3463000.0,0.2600630820066086,0.0,3516000.0,0.26404325623310304,71000.0,3445000.0,0.25871132472213876,0.8,0.76,4316750.0,4603000.0,https://www.sec.gov/Archives/edgar/data/948708/000095013705003972/0000950137-05-003972-index.htm,https://www.sec.gov/Archives/edgar/data/948708/000095013705003972/a07334e10vk.htm,1620598063,18:07:43,20210509
17,2003-12-31,SMSI,USD,2004-03-25,2004-03-25 14:57:02,FY,7216000.0,1671000.0,5545000.0,0.7684312638580931,2506000.0,3924000.0,0.0,0.0,6430000.0,8101000.0,72000.0,410000.0,-475000.0,-0.0658259423503326,-885000.0,-0.12264412416851442,0.0,-920000.0,-0.12749445676274945,3000.0,-923000.0,-0.127910199556541,-0.24,-0.24,4127750.0,4127750.0,https://www.sec.gov/Archives/edgar/data/948708/000093639204000277/0000936392-04-000277-index.htm,https://www.sec.gov/Archives/edgar/data/948708/000093639204000277/a97579e10vk.htm,1620598063,18:07:43,20210509
18,2002-12-31,SMSI,USD,2003-03-28,2003-03-27 19:16:01,FY,7131000.0,2202000.0,4929000.0,0.6912074042911233,2162000.0,4491000.0,0.0,0.0,6653000.0,8855000.0,0.0,605000.0,-1119000.0,-0.15692048801009675,-1724000.0,-0.24176132379750387,0.0,-1750000.0,-0.245407376244566,-1062000.0,-688000.0,-0.0964801570607208,-0.16,-0.16,4058750.0,4058750.0,https://www.sec.gov/Archives/edgar/data/948708/000089256903000796/0000892569-03-000796-index.htm,https://www.sec.gov/Archives/edgar/data/948708/000089256903000796/a88402e10vk.htm,1620598063,18:07:43,20210509
19,2001-12-31,SMSI,USD,2001-12-31,2001-12-31,FY,10762000.0,3928000.0,6834000.0,0.6350120795391191,2997000.0,9578000.0,0.0,0.0,12575000.0,16503000.0,0.0,1255000.0,-4486000.0,-0.4168370191414235,-5741000.0,-0.5334510314068017,-380000.0,-6035000.0,-0.5607693737223565,90000.0,-6125000.0,-0.5691321315740568,-1.52,-1.52,4058000.0,4058000.0,,,1620598063,18:07:43,20210509
20,2000-12-31,SMSI,USD,2000-12-31,2000-12-31,FY,13738000.0,2537000.0,11201000.0,0.8153297423205706,4041000.0,9563000.0,0.0,0.0,14716000.0,17253000.0,0.0,1112000.0,-2403000.0,-0.17491629058087058,-3515000.0,-0.2558596593390595,0.0,-3101000.0,-0.2257242684524676,54000.0,-3155000.0,-0.2296549716115883,-0.8,-0.8,3996000.0,3996000.0,,,1620598063,18:07:43,20210509
21,1999-12-31,SMSI,USD,1999-12-31,1999-12-31,FY,10700000.0,1600000.0,9100000.0,0.8504672897196262,3800000.0,10000000.0,0.0,0.0,14700000.0,16300000.0,0.0,900000.0,-4700000.0,-0.4392523364485981,-5600000.0,-0.5233644859813084,0.0,-5200000.0,-0.48598130841121495,900000.0,-6100000.0,-0.5700934579439252,-1.595605545383207,-1.5788236780069345,3823000.0,3863636.0,,,1620598063,18:07:43,20210509
22,1998-12-31,SMSI,USD,1998-12-31,1998-12-31,FY,9500000.0,2200000.0,7300000.0,0.7684210526315789,3300000.0,7200000.0,0.0,0.0,11200000.0,13400000.0,0.0,700000.0,-3200000.0,-0.3368421052631579,-3900000.0,-0.4105263157894737,700000.0,-3100000.0,-0.3263157894736842,-1100000.0,-2000000.0,-0.21052631578947367,-0.5683836589698046,-0.5538461708875745,3518750.0,3611111.0,,,1620598063,18:07:43,20210509
23,1997-12-31,SMSI,USD,1997-12-31,1997-12-31,FY,11700000.0,3200000.0,8500000.0,0.7264957264957265,3300000.0,7700000.0,0.0,0.0,11700000.0,14900000.0,0.0,700000.0,-2500000.0,-0.21367521367521367,-3200000.0,-0.27350427350427353,700000.0,-2400000.0,-0.20512820512820512,-800000.0,-1600000.0,-0.13675213675213677,-0.44,-0.44,3636364.0,3636364.0,,,1620598063,18:07:43,20210509
24,1996-12-31,SMSI,USD,1996-12-31,1996-12-31,FY,22100000.0,6300000.0,15800000.0,0.7149321266968326,3300000.0,6700000.0,0.0,0.0,10500000.0,16800000.0,0.0,500000.0,5800000.0,0.26244343891402716,5300000.0,0.2398190045248869,-4400000.0,900000.0,0.04072398190045249,2400000.0,-1500000.0,-0.06787330316742081,-0.4288164665523156,-0.4,3498000.0,3750000.0,,,1620598063,18:07:43,20210509
25,1995-12-31,SMSI,USD,1995-12-31,1995-12-31,FY,18000000.0,5700000.0,12300000.0,0.6833333333333333,0.0,0.0,0.0,0.0,0.0,12100000.0,0.0,200000.0,6100000.0,0.3388888888888889,5900000.0,0.3277777777777778,300000.0,6300000.0,0.35,800000.0,5500000.0,0.3055555555555556,1.2,1.2,3214286.0,3214286.0,,,1620598063,18:07:43,20210509
26,1994-12-31,SMSI,USD,1994-12-31,1994-12-31,FY,10400000.0,3000000.0,7400000.0,0.7115384615384616,0.0,0.0,0.0,0.0,0.0,7800000.0,0.0,100000.0,2700000.0,0.25961538461538464,2600000.0,0.25,0.0,2700000.0,0.25961538461538464,1000000.0,1700000.0,0.16346153846153846,0.52,0.52,3269231.0,3269231.0,,,1620598063,18:07:43,20210509
