,date,symbol,reportedCurrency,fillingDate,acceptedDate,period,revenue,costOfRevenue,grossProfit,grossProfitRatio,researchAndDevelopmentExpenses,generalAndAdministrativeExpenses,sellingAndMarketingExpenses,otherExpenses,operatingExpenses,costAndExpenses,interestExpense,depreciationAndAmortization,ebitda,ebitdaratio,operatingIncome,operatingIncomeRatio,totalOtherIncomeExpensesNet,incomeBeforeTax,incomeBeforeTaxRatio,incomeTaxExpense,netIncome,netIncomeRatio,eps,epsdiluted,weightedAverageShsOut,weightedAverageShsOutDil,link,finalLink,timestamp,est_time,est_date
0,2020-10-31,TD,CAD,2020-10-31,2020-10-31,FY,43284000000,0.0,0.0,0.0,0.0,14777000000,740000000.0,0.0,0.0,0.0,10036000000,817000000,0.0,0.0,0.0,0.27525182515479163,0.0,11914000000,0.27525182515479163,1152000000.0,11895000000,0.27481286387579706,6.5816411221158635,6.576183104820876,1807300000,1808800000,,,1620598664,18:17:44,20210509
1,2019-10-31,TD,CAD,2019-12-05,2019-12-05,FY,41065000000,0.0,41065000000.0,1.0,0.0,27836000000,0.0,0.0,45904000000.0,0.0,18068000000,1405000000,14634000000.0,0.3563618653354438,13229000000.0,0.32214781444052115,0.0,13229000000,0.32214781444052115,2735000000.0,11668000000,0.28413490807256786,6.38538,6.38538,1827300000,1827300000,https://www.sec.gov/Archives/edgar/data/947263/000119312519307329/d804444dex992.htm,https://www.sec.gov/Archives/edgar/data/947263/000119312519307329/d804444dex992.htm,1620598664,18:17:44,20210509
2,2018-10-31,TD,CAD,2018-11-29,2018-11-29,FY,38892000000,14183000000.0,38892000000.0,1.0,0.0,25119000000,0.0,0.0,39302000000.0,803000.0,14183000000,1391000000,15164000000.0,0.3899002365525044,13773000000.0,0.35413452638074666,0.0,13773000000,0.35413452638074666,3182000.0,11262000000,0.2895711200246837,6.12232,6.12232,1839500000,1839500000,https://www.sec.gov/Archives/edgar/data/947263/000119312518338056/d508435dex993.htm,https://www.sec.gov/Archives/edgar/data/947263/000119312518338056/d508435dex993.htm,1620598664,18:17:44,20210509
3,2017-10-31,TD,CAD,2017-11-30,2017-11-30,FY,36202000000,8985000000.0,36202000000.0,1.0,0.0,23881000000,0.0,0.0,32866000000.0,0.0,8985000000,1307000000,13628000000.0,0.3764432904259433,12321000000.0,0.3403403126899066,0.0,12321000000,0.3403403126899066,2253000.0,10396000000,0.28716645489199494,5.60492,5.60492,1854800000,1854800000,https://www.sec.gov/Archives/edgar/data/947263/000127956917002319/ex992.htm,https://www.sec.gov/Archives/edgar/data/947263/000127956917002319/ex992.htm,1620598664,18:17:44,20210509
4,2016-10-31,TD,CAD,2016-12-01,2016-12-01,FY,34315000000,6637000000.0,34315000000.0,1.0,0.0,23669000000,0.0,0.0,30306000000.0,0.0,6637000000,1337000000,11983000000.0,0.3492058866384963,10646000000.0,0.3102433338190296,0.0,10646000000,0.3102433338190296,2226000.0,8821000000,0.25705959492933117,4.75065,4.75065,1856800000,1856800000,https://www.sec.gov/Archives/edgar/data/947263/000127956916004765/ex992.htm,https://www.sec.gov/Archives/edgar/data/947263/000127956916004765/ex992.htm,1620598664,18:17:44,20210509
5,2015-10-31,TD,CAD,2015-12-03 00:00:00,2015-12-03 12:56:34,FY,31426000000,6106000000.0,31426000000.0,1.0,0.0,22256000000,0.0,0.0,28362000000.0,0.0,6106000000,1250000000,10420000000.0,0.33157258321135363,9170000000.0,0.291796601540126,0.0,9170000000,0.291796601540126,1862000.0,7912000000,0.2517660535862025,4.2673,4.2673,1854100000,1854100000,https://www.sec.gov/Archives/edgar/data/947263/000127956915002313/0001279569-15-002313-index.html,https://www.sec.gov/Archives/edgar/data/947263/000127956915002313/tdform40f.htm,1620598664,18:17:44,20210509
6,2014-10-31,TD,CAD,2014-12-04,2014-12-04,FY,29961000000,6344000000.0,29961000000.0,1.0,0.0,20886000000,0.0,0.0,27230000000.0,0.0,6344000000,1140000000,10215000000.0,0.34094322619405226,9075000000.0,0.3028937618904576,0.0,9075000000,0.3028937618904576,1649000.0,7776000000,0.2595373986182037,4.21463,4.21463,1845000000,1845000000,https://www.sec.gov/Archives/edgar/data/947263/000127956914001976/ex992.htm,https://www.sec.gov/Archives/edgar/data/947263/000127956914001976/ex992.htm,1620598664,18:17:44,20210509
7,2013-10-31,TD,CAD,2013-12-05 00:00:00,2013-12-05 16:59:45,FY,27262000000,6538000000.0,27262000000.0,1.0,0.0,19729000000,0.0,0.0,26267000000.0,0.0,6538000000,1039000000,8572000000.0,0.3144303426014232,7533000000.0,0.2763186853495708,0.0,7533000000,0.2763186853495708,1334000.0,6557000000,0.24051793705524172,3.55393,3.55393,1845000000,1845000000,https://www.sec.gov/Archives/edgar/data/947263/000127956913001652/0001279569-13-001652-index.html,https://www.sec.gov/Archives/edgar/data/947263/000127956913001652/tdbank40f.htm,1620598664,18:17:44,20210509
8,2012-10-31,TD,CAD,2012-12-06 00:00:00,2012-12-06 16:05:22,FY,23122000000,7212000000.0,23122000000.0,1.0,0.0,15793000000,0.0,0.0,23005000000.0,668000.0,7212000000,985000000,8314000000.0,0.3595709713692587,7329000000.0,0.3169708502724678,0.0,7329000000,0.3169708502724678,1092000.0,6367000000,0.2753654528155004,3.47923,3.47923,1830000000,1830000000,https://www.sec.gov/Archives/edgar/data/947263/000127956912001419/0001279569-12-001419-index.html,https://www.sec.gov/Archives/edgar/data/947263/000127956912001419/tdbank40f36811.htm,1620598664,18:17:44,20210509
9,2011-10-31,TD,CAD,2011-12-01 00:00:00,2011-12-01 17:01:03,FY,21594000000,5628000000.0,21594000000.0,1.0,0.0,14548000000,0.0,0.0,20176000000.0,593000.0,5628000000,1182000000,8228000000.0,0.38103176808372696,7046000000.0,0.3262943410206539,0.0,7046000000,0.3262943410206539,1299000.0,5889000000,0.27271464295637676,3.30843,3.30843,1780000000,1780000000,https://www.sec.gov/Archives/edgar/data/947263/000127956911001363/0001279569-11-001363-index.html,https://www.sec.gov/Archives/edgar/data/947263/000127956911001363/tdbank40f.htm,1620598664,18:17:44,20210509
10,2010-10-31,TD,CAD,2010-12-02 00:00:00,2010-12-02 15:12:38,FY,19565000000,5844000000.0,19565000000.0,1.0,0.0,13788000000,0.0,0.0,19632000000.0,595000.0,5844000000,1193000000,6970000000.0,0.35624840276003067,5777000000.0,0.29527216969077436,0.0,5777000000,0.29527216969077436,1262000.0,4644000000,0.23736263736263735,2.66284,2.66284,1744000000,1744000000,https://www.sec.gov/Archives/edgar/data/947263/000127956910001437/0001279569-10-001437-index.html,https://www.sec.gov/Archives/edgar/data/947263/000127956910001437/tdbank40f.htm,1620598664,18:17:44,20210509
11,2009-10-31,TD,CAD,2009-12-03 00:00:00,2009-12-03 16:23:55,FY,17697000000,7561000000.0,17697000000.0,1.0,0.0,14528000000,0.0,0.0,22089000000.0,491000.0,7561000000,1253000000,4422000000.0,0.2498728598067469,3169000000.0,0.1790698988529129,0.0,3169000000,0.1790698988529129,537000.0,3120000000,0.17630106797762332,1.83529,1.83529,1700000000,1700000000,https://www.sec.gov/Archives/edgar/data/947263/000127956909001552/0001279569-09-001552-index.html,https://www.sec.gov/Archives/edgar/data/947263/000127956909001552/td40f.htm,1620598664,18:17:44,20210509
12,2008-10-31,TD,CAD,2008-12-04 00:00:00,2008-12-04 16:57:46,FY,14669000000,11052000000.0,14669000000.0,1.0,0.0,10565000000,0.0,0.0,21617000000.0,0.0,11052000000,1015000000,5119000000.0,0.3489672097620833,4104000000.0,0.2797736723703047,0.0,4104000000,0.2797736723703047,459000.0,3833000000,0.26129933874156386,2.47131,2.47131,1551000000,1551000000,https://www.sec.gov/Archives/edgar/data/947263/000127956908001376/0001279569-08-001376-index.html,https://www.sec.gov/Archives/edgar/data/947263/000127956908001376/tdbank40f23209.htm,1620598664,18:17:44,20210509
13,2007-10-31,TD,CAD,2007-11-29 00:00:00,2007-11-29 17:13:33,FY,14281000000,10928000000.0,14281000000.0,1.0,0.0,9620000000,0.0,0.0,20548000000.0,445000000.0,10928000000,861000000,5522000000.0,0.38666760030810166,4661000000.0,0.326377704642532,0.0,4661000000,0.326377704642532,853000000.0,3997000000,0.27988236117918913,2.75465,2.75465,1451000000,1451000000,https://www.sec.gov/Archives/edgar/data/947263/000127956907001725/0001279569-07-001725-index.html,https://www.sec.gov/Archives/edgar/data/947263/000127956907001725/td40f18617.htm,1620598664,18:17:44,20210509
14,2006-10-31,TD,CAD,2006-12-11,2006-12-11,FY,13104000000,9198000000.0,13104000000.0,1.0,0.0,7577000000,0.0,0.0,16775000000.0,470000000.0,9198000000,848000000,6375000000.0,0.486492673992674,5527000000.0,0.4217796092796093,0.0,5527000000,0.4217796092796093,874000000.0,4603000000,0.35126678876678874,3.18326,3.18326,1446000000,1446000000,https://www.sec.gov/Archives/edgar/data/947263/000127956906001361/ex993.htm,https://www.sec.gov/Archives/edgar/data/947263/000127956906001361/ex993.htm,1620598664,18:17:44,20210509
15,2005-10-31,TD,CAD,2005-12-12,2005-12-12,FY,11897000000,6768000000.0,11897000000.0,1.0,0.0,8837000000,0.0,0.0,15605000000.0,0.0,6768000000,868000000,3928000000.0,0.3301672690594267,3060000000.0,0.25720769942002186,0.0,3060000000,0.25720769942002186,747000000.0,2229000000,0.1873581575187022,1.599,1.599,1394000000,1394000000,https://www.sec.gov/Archives/edgar/data/947263/000127956905001112/tdbank40f.htm,https://www.sec.gov/Archives/edgar/data/947263/000127956905001112/tdbank40f.htm,1620598664,18:17:44,20210509
16,2004-10-31,TD,CAD,2004-12-13,2004-12-13,FY,10826000000,5189000000.0,10826000000.0,1.0,0.0,7621000000,0.0,0.0,12810000000.0,0.0,5189000000,920000000,4125000000.0,0.3810271568446333,3205000000.0,0.2960465545907999,0.0,3205000000,0.2960465545907999,803000000.0,2310000000,0.21337520783299463,1.75133,1.75133,1319000000,1319000000,https://www.sec.gov/Archives/edgar/data/947263/000104746904036928/a2147360z40-f.htm,https://www.sec.gov/Archives/edgar/data/947263/000104746904036928/a2147360z40-f.htm,1620598664,18:17:44,20210509
17,2003-10-31,TD,CAD,2003-12-15,2003-12-15,FY,10079000000,5586000000.0,10079000000.0,1.0,0.0,8589000000,0.0,0.0,14175000000.0,0.0,5586000000,1090000000,2580000000.0,0.2559777755729735,1490000000.0,0.14783212620299632,0.0,1490000000,0.14783212620299632,322000000.0,1076000000,0.1067566226808215,0.82263,0.82263,1308000000,1308000000,https://www.sec.gov/Archives/edgar/data/947263/000104746903041021/a2124214zex-4.htm,https://www.sec.gov/Archives/edgar/data/947263/000104746903041021/a2124214zex-4.htm,1620598664,18:17:44,20210509
18,2002-10-31,TD,CAD,2002-10-31,2002-10-31,FY,10229000000,6451000000.0,10229000000.0,1.0,0.0,10677000000,0.0,0.0,17128000000.0,0.0,6451000000,1310000000,862000000.0,0.08427021214194937,-448000000.0,-0.04379704760973702,0.0,-448000000,-0.04379704760973702,-406000000.0,-76000000,-0.0074298562909375305,-0.05928,-0.05928,1282000000,1282000000,,,1620598664,18:17:44,20210509
19,2001-10-31,TD,CAD,2001-10-31,2001-10-31,FY,10838000000,10080000000.0,10838000000.0,1.0,0.0,9565000000,0.0,0.0,19645000000.0,0.0,10080000000,1807000000,3080000000.0,0.28418527403579996,1273000000.0,0.11745709540505628,0.0,1273000000,0.11745709540505628,-155000000.0,1383000000,0.12760656947776342,1.10287,1.10287,1254000000,1254000000,,,1620598664,18:17:44,20210509
20,2000-10-31,TD,CAD,2000-10-31,2000-10-31,FY,10005000000,10070000000.0,10005000000.0,1.0,0.0,8598000000,0.0,0.0,18668000000.0,0.0,10070000000,1605000000,3012000000.0,0.3010494752623688,1407000000.0,0.1406296851574213,0.0,1407000000,0.1406296851574213,305000000.0,1025000000,0.1024487756121939,0.81092,0.81092,1264000000,1264000000,,,1620598664,18:17:44,20210509
21,1999-10-31,TD,CAD,1999-10-31,1999-10-31,FY,8912000000,7893000000.0,8912000000.0,1.0,0.0,4827000000,0.0,0.0,12720000000.0,0.0,7893000000,254000000,4339000000.0,0.4868716337522442,4085000000.0,0.45837073608617596,0.0,4085000000,0.45837073608617596,1099000000.0,2981000000,0.3344928186714542,2.48624,2.48624,1199000000,1199000000,,,1620598664,18:17:44,20210509
22,1998-10-31,TD,CAD,1998-10-31,1998-10-31,FY,6138000000,7056000000.0,6138000000.0,1.0,0.0,4400000000,0.0,0.0,11456000000.0,0.0,7056000000,224000000,1962000000.0,0.3196480938416422,1738000000.0,0.2831541218637993,0.0,1738000000,0.2831541218637993,617000000.0,1121000000,0.18263277940697295,0.9436,0.9436,1188000000,1188000000,,,1620598664,18:17:44,20210509
23,1997-10-31,TD,CAD,1997-10-31,1997-10-31,FY,5472000000,5004000000.0,5472000000.0,1.0,0.0,3743000000,0.0,0.0,8747000000.0,0.0,5004000000,158000000,1887000000.0,0.34484649122807015,1729000000.0,0.3159722222222222,0.0,1729000000,0.3159722222222222,641000000.0,1088000000,0.19883040935672514,0.91046,0.91046,1195000000,1195000000,,,1620598664,18:17:44,20210509
24,1996-10-31,TD,CAD,1996-10-31,1996-10-31,FY,4216000000,4855000000.0,4216000000.0,1.0,0.0,2806000000,0.0,0.0,7661000000.0,0.0,4855000000,135000000,1545000000.0,0.36646110056925996,1410000000.0,0.3344402277039848,0.0,1410000000,0.3344402277039848,496000000.0,914000000,0.2167931688804554,0.76549,0.76549,1194000000,1194000000,,,1620598664,18:17:44,20210509
25,1995-10-31,TD,CAD,1995-10-31,1995-10-31,FY,3839000000,4888000000.0,3839000000.0,1.0,0.0,2593000000,0.0,0.0,7481000000.0,0.0,4888000000,132000000,1378000000.0,0.3589476426152644,1246000000.0,0.3245636884605366,0.0,1246000000,0.3245636884605366,452000000.0,794000000,0.20682469393071112,0.65892,0.65892,1205000000,1205000000,,,1620598664,18:17:44,20210509
