,date,symbol,reportedCurrency,fillingDate,acceptedDate,period,revenue,costOfRevenue,grossProfit,grossProfitRatio,researchAndDevelopmentExpenses,generalAndAdministrativeExpenses,sellingAndMarketingExpenses,otherExpenses,operatingExpenses,costAndExpenses,interestExpense,depreciationAndAmortization,ebitda,ebitdaratio,operatingIncome,operatingIncomeRatio,totalOtherIncomeExpensesNet,incomeBeforeTax,incomeBeforeTaxRatio,incomeTaxExpense,netIncome,netIncomeRatio,eps,epsdiluted,weightedAverageShsOut,weightedAverageShsOutDil,link,finalLink,timestamp,est_time,est_date
0,2019-12-31,MGA,USD,2020-03-27 00:00:00,2020-03-27 17:31:48,FY,39431000000,34022000000,5409000000,0.13717633334178692,0.0,1697000000,0.0,0.0,3042000000,37064000000,104000000.0,1345000000,3712000000,0.0941391291116127,2367000000,0.06002891126271208,-62000000.0,2223000000,0.05637696228855469,591000000,1765000000,0.044761735690193,5.61,5.59,314700000,315800000,https://www.sec.gov/Archives/edgar/data/749098/000119312520088979/0001193125-20-088979-index.html,https://www.sec.gov/Archives/edgar/data/749098/000119312520088979/d822681d40f.htm,1620594952,17:15:52,20210509
1,2018-12-31,MGA,USD,2019-03-29 00:00:00,2019-03-29 17:20:05,FY,40827000000,35055000000,5772000000,0.1413770299066794,0.0,1664000000,0.0,0.0,2942000000,37997000000,113000000.0,1278000000,4108000000,0.10061968795160066,2830000000,0.06931687363754378,214000000.0,2951000000,0.07228059862345997,619000000,2296000000,0.056237293947632695,6.65,6.61,345400000,347500000,https://www.sec.gov/Archives/edgar/data/749098/000119312519092912/0001193125-19-092912-index.html,https://www.sec.gov/Archives/edgar/data/749098/000119312519092912/d653794d40f.htm,1620594952,17:15:52,20210509
2,2017-12-31,MGA,USD,2018-03-29 00:00:00,2018-03-28 18:21:21,FY,38946000000,33258000000,5688000000,0.14604837467262363,0.0,1668000000,0.0,-39000000.0,2841000000,36099000000,90000000.0,1173000000,4020000000,0.10321984285934371,2847000000,0.07310121706978893,222000000.0,2999000000,0.07700405689929646,744000000,2206000000,0.0566425306835105,5.93,5.9,371800000,373900000,https://www.sec.gov/Archives/edgar/data/749098/000119312518099856/0001193125-18-099856-index.html,https://www.sec.gov/Archives/edgar/data/749098/000119312518099856/d481059d40f.htm,1620594952,17:15:52,20210509
3,2016-12-31,MGA,USD,2017-03-30 00:00:00,2017-03-29 19:32:26,FY,36445000000,31123000000,5322000000,0.14602826176430236,0.0,1601000000,0.0,-30000000.0,2657000000,33780000000,100000000.0,1056000000,3721000000,0.1020990533680889,2665000000,0.07312388530662642,203000000.0,2780000000,0.07627932501028947,706000000,2031000000,0.055727809027301414,5.19,5.16,391000000,393200000,https://www.sec.gov/Archives/edgar/data/749098/000119312517102145/0001193125-17-102145-index.html,https://www.sec.gov/Archives/edgar/data/749098/000119312517102145/d311634d40f.htm,1620594952,17:15:52,20210509
4,2015-12-31,MGA,USD,2016-03-29 00:00:00,2016-03-29 15:52:01,FY,32134000000,27559000000,4575000000,0.14237256488454597,0.0,1448000000,0.0,166000000.0,2250000000,29809000000,58000000.0,802000000,3127000000,0.09731125910250825,2325000000,0.07235327067903155,370000000.0,2651000000,0.08249828841725275,711000000,2013000000,0.06264392854920023,4.94,4.88,407500000,412700000,https://www.sec.gov/Archives/edgar/data/749098/000119312516521370/0001193125-16-521370-index.html,https://www.sec.gov/Archives/edgar/data/749098/000119312516521370/d76864d40f.htm,1620594952,17:15:52,20210509
5,2014-12-31,MGA,USD,2014-12-31,2014-12-31,FY,36641000000,31623000000,5018000000,0.1369504107420649,0.0,1707000000,0.0,-64000000.0,2597000000,34220000000,47000000.0,890000000,3311000000,0.09036325427799459,2421000000,0.06607352419420867,147000000.0,2539000000,0.06929396031767691,659000000,1882000000,0.05136322698616304,4.405,4.345,427200000,433200000,,,1620594952,17:15:52,20210509
6,2013-12-31,MGA,USD,2013-12-31,2013-12-31,FY,34835000000,30287000000,4548000000,0.13055834649059853,0.0,1616000000,0.0,-144000000.0,2679000000,32966000000,34000000.0,1063000000,2932000000,0.08416822161619061,1869000000,0.053652935266255204,52000000.0,1905000000,0.054686378642170234,360000000,1561000000,0.0448112530500933,3.425,3.38,455800000,461600000,,,1620594952,17:15:52,20210509
7,2012-12-31,MGA,USD,2013-03-28 00:00:00,2013-03-28 15:02:10,FY,30837000000,27010000000,3827000000,0.12410416058630866,0.0,1519000000,0.0,108000000.0,2320000000,29330000000,34000000.0,801000000,2308000000,0.07484515354930765,1507000000,0.048869864124266305,259000000.0,1750000000,0.056750008107144014,324000000,1433000000,0.04647014949573564,3.085,3.045,464800000,470400000,https://www.sec.gov/Archives/edgar/data/749098/000119312513131919/0001193125-13-131919-index.html,https://www.sec.gov/Archives/edgar/data/749098/000119312513131919/d442861d40f.htm,1620594952,17:15:52,20210509
8,2011-12-31,MGA,USD,2012-03-30 00:00:00,2012-03-30 16:13:48,FY,28748000000,25401000000,3347000000,0.11642549046890219,0.0,1415000000,0.0,0.0,2101000000,27502000000,19000000.0,686000000,1932000000,0.0672046751078336,1246000000,0.043342145540559346,35000000.0,1217000000,0.042333379713371366,202000000,1018000000,0.03541115903715041,2.13,2.1,478600000,485600000,https://www.sec.gov/Archives/edgar/data/749098/000119312512143610/0001193125-12-143610-index.html,https://www.sec.gov/Archives/edgar/data/749098/000119312512143610/d247062d40f.htm,1620594952,17:15:52,20210509
9,2010-12-31,MGA,USD,2010-12-31,2010-12-31,FY,24102000000,20924000000,3178000000,0.13185627748734544,0.0,1340000000,0.0,0.0,1968000000,22892000000,12000000.0,661000000,1871000000,0.0776284125798689,1210000000,0.0502033026304871,-23000000.0,1197000000,0.049663928304705,236000000,973000000,0.040370093768152024,2.115,2.09,460000000,466000000,,,1620594952,17:15:52,20210509
10,2009-12-31,MGA,USD,2010-03-31 00:00:00,2010-03-31 16:12:11,FY,17367000000,15697000000,1670000000,0.09615938273737548,0.0,1261000000,0.0,0.0,1991000000,17688000000,27000000.0,737000000,416000000,0.023953474981286346,-321000000,-0.018483330454309898,-183000000.0,-511000000,-0.029423619508262798,-18000000,-493000000,-0.02838717107157252,-1.1025,-1.1025,447200000,447200000,https://www.sec.gov/Archives/edgar/data/749098/000110465910017713/0001104659-10-017713-index.html,https://www.sec.gov/Archives/edgar/data/749098/000110465910017713/a10-7333_140f.htm,1620594952,17:15:52,20210509
11,2008-12-31,MGA,USD,2009-03-30 00:00:00,2009-03-30 17:06:16,FY,23704000000,20982000000,2722000000,0.11483293958825515,0.0,1319000000,0.0,0.0,2394000000,23376000000,0.0,873000000,1201000000,0.0506665541680729,328000000,0.013837327033412082,-264000000.0,328000000,0.013837327033412082,257000000,71000000,0.002995275059061762,0.1575,0.155,451200000,455600000,https://www.sec.gov/Archives/edgar/data/749098/000110465909021369/0001104659-09-021369-index.html,https://www.sec.gov/Archives/edgar/data/749098/000110465909021369/a09-8309_540f.htm,1620594952,17:15:52,20210509
12,2007-12-31,MGA,USD,2007-12-31,2007-12-31,FY,26067000000,22599000000,3468000000,0.13304177695937391,0.0,1461000000,0.0,0.0,2316000000,24915000000,0.0,872000000,2024000000,0.07764606590708559,1152000000,0.04419380826332144,-45000000.0,1152000000,0.04419380826332144,489000000,663000000,0.025434457359880307,1.4875,1.465,445600000,456400000,,,1620594952,17:15:52,20210509
13,2006-12-31,MGA,USD,2006-12-31,2006-12-31,FY,24180000000,21211000000,2969000000,0.1227874276261373,0.0,1360000000,0.0,0.0,2177000000,23388000000,0.0,790000000,1582000000,0.06542597187758478,792000000,0.032754342431761785,-41000000.0,792000000,0.032754342431761785,264000000,528000000,0.02183622828784119,1.215,1.195,434400000,445600000,,,1620594952,17:15:52,20210509
14,2005-12-31,MGA,USD,2005-12-31,2005-12-31,FY,22811000000,19831000000,2980000000,0.13063872692998993,0.0,1198000000,0.0,0.0,2038000000,21869000000,0.0,711000000,1653000000,0.07246503879707158,942000000,0.04129586602954715,-123000000.0,931000000,0.0408136425408794,292000000,639000000,0.02801280084169918,1.4975,1.475,426800000,436000000,,,1620594952,17:15:52,20210509
15,2004-12-31,MGA,USD,2004-12-31,2004-12-31,FY,20653000000,17696000000,2957000000,0.1431753256185542,0.0,1186000000,0.0,0.0,1784000000,19480000000,30000000.0,598000000,1771000000,0.0857502542003583,1173000000,0.05679562291192563,-22000000.0,1156000000,0.055972497942187574,398000000,692000000,0.033506028179925436,1.7925,1.7825,386800000,389200000,,,1620594952,17:15:52,20210509
16,2003-12-31,MGA,USD,2003-12-31,2003-12-31,FY,15345000000,12805000000,2540000000,0.16552623004235908,0.0,1007000000,0.0,0.0,1500000000,14305000000,0.0,505000000,1545000000,0.10068426197458455,1040000000,0.06777451938742261,-7000000.0,962000000,0.06269143043336592,373000000,522000000,0.03401759530791789,1.3075,1.3025,383600000,385200000,,,1620594952,17:15:52,20210509
17,2002-12-31,MGA,USD,2002-12-31,2002-12-31,FY,12971000000,10827000000,2144000000,0.1652918047953126,0.0,780000000,0.0,0.0,1202000000,12029000000,33000000.0,422000000,1364000000,0.10515765939403285,942000000,0.07262354483077635,-27000000.0,928000000,0.07154421401588158,317000000,554000000,0.04271066224655,1.4575,1.455,354800000,368000000,,,1620594952,17:15:52,20210509
18,2001-12-31,MGA,USD,2001-12-31,2001-12-31,FY,11026000000,8588000000,2438000000,0.22111373118084526,0.0,685000000,0.0,0.0,1084000000,9672000000,35000000.0,399000000,1753000000,0.15898784690731,1354000000,0.12280065300199529,-434000000.0,918000000,0.083257754398694,290000000,580000000,0.05260293850897878,1.6425,1.55,320400000,365600000,,,1620594952,17:15:52,20210509
19,2000-12-31,MGA,USD,2000-12-31,2000-12-31,FY,10513000000,8264000000,2249000000,0.2139256159041187,0.0,655000000,0.0,0.0,1027000000,9291000000,45000000.0,372000000,1594000000,0.15162180157899743,1222000000,0.1162370398554171,-237000000.0,972000000,0.0924569580519357,348000000,598000000,0.056881955673927516,1.76,1.585,314000000,373200000,,,1620594952,17:15:52,20210509
20,1999-12-31,MGA,USD,1999-12-31,1999-12-31,FY,9359000000,7622000000,1737000000,0.18559675178972113,0.0,607000000,0.0,0.0,961000000,8583000000,43000000.0,354000000,1130000000,0.1207393952345336,776000000,0.08291484132920184,-78000000.0,682000000,0.07287103323004594,233000000,430000000,0.045945079602521637,1.27,1.1875,314000000,367200000,,,1620594952,17:15:52,20210509
21,1998-12-31,MGA,USD,1998-12-31,1998-12-31,FY,3396000000,2833000000,563000000,0.16578327444051827,0.0,229000000,0.0,0.0,355000000,3188000000,0.0,126000000,334000000,0.0983510011778563,208000000,0.061248527679623084,7000000.0,210000000,0.061837455830388695,73000000,137000000,0.040341578327444054,0.405,0.3875,338271605,353548387,,,1620594952,17:15:52,20210509
22,1998-07-31,MGA,USD,1998-07-31,1998-07-31,FY,6079700000,5015800000,1063900000,0.17499218711449577,0.0,408800000,0.0,0.0,611300000,5627100000,0.0,202500000,655100000,0.1077520272381861,452600000,0.07444446272020001,53100000.0,497300000,0.08179679918417027,162500000,334800000,0.05506850666973699,1.1,1.0275,304363636,325839416,,,1620594952,17:15:52,20210509
23,1997-07-31,MGA,USD,1997-07-31,1997-07-31,FY,5580400000,4618700000,961700000,0.17233531646476954,0.0,349500000,0.0,0.0,517900000,5136600000,0.0,168400000,612200000,0.10970539746254748,443800000,0.07952834922227797,172500000.0,606500000,0.10868396530714644,168700000,437800000,0.07845315747975055,1.505,1.405,290897010,311601423,,,1620594952,17:15:52,20210509
24,1996-07-31,MGA,USD,1996-07-31,1996-07-31,FY,4261600000,3501100000,760500000,0.17845410174582316,0.0,274900000,0.0,0.0,413400000,3914500000,0.0,138500000,485600000,0.11394781302797072,347100000,0.08144828233527314,14200000.0,338400000,0.07940679556973906,113500000,224900000,0.05277360615731181,0.9025,0.855,249196676,263040936,,,1620594952,17:15:52,20210509
25,1995-07-31,MGA,USD,1995-07-31,1995-07-31,FY,3309600000,2677600000,632000000,0.19095963258399806,0.0,219200000,0.0,0.0,328000000,3005600000,0.0,108800000,412800000,0.12472806381435823,304000000,0.09185400048344211,39500000.0,335800000,0.10146241237611796,103300000,232500000,0.07025018129079043,0.9525,0.945,244094488,246031746,,,1620594952,17:15:52,20210509
