,date,symbol,reportedCurrency,fillingDate,acceptedDate,period,revenue,costOfRevenue,grossProfit,grossProfitRatio,researchAndDevelopmentExpenses,generalAndAdministrativeExpenses,sellingAndMarketingExpenses,otherExpenses,operatingExpenses,costAndExpenses,interestExpense,depreciationAndAmortization,ebitda,ebitdaratio,operatingIncome,operatingIncomeRatio,totalOtherIncomeExpensesNet,incomeBeforeTax,incomeBeforeTaxRatio,incomeTaxExpense,netIncome,netIncomeRatio,eps,epsdiluted,weightedAverageShsOut,weightedAverageShsOutDil,link,finalLink,timestamp,est_time,est_date
0,2019-06-30,IVQ.AX,AUD,2019-06-30,2019-06-30,FY,568198.483,301807.8382,266390.6448,0.46883378391561104,222753.898,5854867.2567,0.0,244844.0792,7476641.3823,0.0,45144.3321,138803.2027,-7071447.5348,-12.44538263717962,-7210250.7375,-12.68966910898986,244844.0792,-7007884.5343,-12.333515037385272,2317.7413,-7025397.1766,-12.364336383840715,-0.01487556613066288,-0.01487556613066288,472277634.0,472277634.0,,,1620593830,16:57:10,20210509
1,2018-06-30,IVQ.AX,AUD,2018-06-30,2018-06-30,FY,654512.8001,373535.4237,280977.3764,0.4292924085779083,552541.1788,3736211.5498,0.0,246256.2016,5126035.9197,0.0,26273.0701,135259.9722,-4709798.5711,-7.195884588323424,-4845058.5433,-7.40254207795439,246256.2016,-4620934.7093,-7.060113581573941,0.0,-4620934.7093,-7.060113581573941,-0.0098,-0.0098,472277634.0,472277634.0,,,1620593830,16:57:10,20210509
2,2017-06-30,IVQ.AX,AUD,2017-06-30,2017-06-30,FY,699142.291,347385.3557,351756.9353,0.5031263876154218,40135.8747,1216471.9758,0.0,189557.4636,2248760.1434,0.0,28253.444,96353.0855,-1800650.1226,-2.575513090510498,-1897003.2081,-2.71332922141882,189557.4636,-1731904.1329,-2.477184051365018,0.0,-1731904.1329,-2.477184051365018,-0.0039,-0.0039,444112515.0,444112515.0,,,1620593830,16:57:10,20210509
3,2016-06-30,IVQ.AX,AUD,2016-06-30,2016-06-30,FY,82980.9514,60372.9929,22607.9585,0.2724475692140594,0.0,1305989.8275,0.0,-19062642.8643,1932713.9315,0.0,362208.7786,52554.1039,-1857551.8691,-22.38528045003832,-1910105.973,-23.018607774121037,-19062642.8643,-21004656.2222,-253.1262400324805,0.0,-21004656.2222,-253.1262400324805,-0.069,-0.069,300847797.0,300847797.0,,,1620593830,16:57:10,20210509
4,2015-06-30,IVQ.AX,AUD,2015-06-30,2015-06-30,FY,0.0,0.0,0.0,0.0,0.0,186016.0,0.0,1713943.0,1780330.0,0.0,0.0,0.0,-1780330.0,0.0,-1780330.0,0.0,1713943.0,-66387.0,0.0,0.0,-66387.0,0.0,-0.0004,-0.0004,178805000.0,178805000.0,,,1620593830,16:57:10,20210509
5,2014-06-30,IVQ.AX,AUD,2014-06-30,2014-06-30,FY,0.0,0.0,0.0,0.0,0.0,91565.0,0.0,0.0,456773.0,0.0,0.0,0.0,-332741.0,0.0,-456773.0,0.0,-124032.0,-580805.0,0.0,0.0,-580805.0,0.0,-0.213197,-0.213197,2695127.0,2695127.0,,,1620593830,16:57:10,20210509
6,2013-06-30,IVQ.AX,AUD,2013-06-30,2013-06-30,FY,0.0,0.0,0.0,0.0,0.0,0.0,0.0,4174039.0,185259.0,0.0,0.0,0.0,-35259.0,0.0,-185259.0,0.0,4024039.0,3839027.0,0.0,0.0,3839027.0,0.0,2.776767,2.776767,1381887.0,1381887.0,,,1620593830,16:57:10,20210509
7,2012-06-30,IVQ.AX,AUD,2012-06-30,2012-06-30,FY,0.0,0.0,0.0,0.0,0.0,32000.0,0.0,375151.0,106691.0,0.0,0.0,0.0,-106691.0,0.0,-106691.0,0.0,375151.0,268473.0,0.0,0.0,268473.0,0.0,2.235973,2.235973,118964.0,118964.0,,,1620593830,16:57:10,20210509
8,2011-06-30,IVQ.AX,AUD,2011-06-30,2011-06-30,FY,0.0,0.0,0.0,0.0,0.0,0.0,0.0,0.0,165919.0,0.0,0.0,0.0,-165919.0,0.0,-165919.0,0.0,0.0,-165807.0,0.0,0.0,-165807.0,0.0,-1.393583,-1.393583,118964.0,118964.0,,,1620593830,16:57:10,20210509
9,2010-06-30,IVQ.AX,AUD,2010-06-30,2010-06-30,FY,0.0,0.0,0.0,0.0,0.0,0.0,0.0,507351.7588,107999.1625,0.0,0.0,0.0,-107999.1625,0.0,-107999.1625,0.0,507351.7588,416639.0285,0.0,0.0,361141.5411,0.0,3.624357,3.624357,118964.0,118964.0,,,1620593830,16:57:10,20210509
10,2009-06-30,IVQ.AX,AUD,2009-06-30,2009-06-30,FY,41670.0,-588887.0,630557.0,15.132157427405808,0.0,51528.0,0.0,8029998.0,1350437.0,0.0,0.0,39206.0,-680674.0,-16.334869210463165,-719880.0,-17.275737940964724,8029998.0,7385418.0,177.23585313174945,0.0,12325409.0,295.7861531077514,414.507826,414.507826,29734.0,29734.0,,,1620593830,16:57:10,20210509
11,2008-06-30,IVQ.AX,AUD,2008-06-30,2008-06-30,FY,11302000.0,7589000.0,3713000.0,0.3285259246151124,447000.0,7567000.0,0.0,-3500000.0,13397000.0,0.0,3294000.0,137000.0,-9547000.0,-0.8447177490709609,-9684000.0,-0.8568394974340825,-3500000.0,-16435000.0,-1.4541674039992922,0.0,-16435000.0,-1.4541674039992922,-1477.822266,-1477.822266,11121.0,11121.0,,,1620593830,16:57:10,20210509
12,2007-06-30,IVQ.AX,AUD,2007-06-30,2007-06-30,FY,15681000.0,10349000.0,5332000.0,0.34002933486384795,0.0,8679000.0,0.0,305000.0,14193000.0,0.0,2362000.0,171000.0,-8690000.0,-0.5541738409540208,-8861000.0,-0.5650787577322874,305000.0,-10864000.0,-0.6928129583572477,0.0,-10864000.0,-0.6928129583572477,-977.068275,-977.068275,11121.0,11121.0,,,1620593830,16:57:10,20210509
13,2006-06-30,IVQ.AX,AUD,2006-06-30,2006-06-30,FY,29748000.0,18714000.0,11034000.0,0.3709156918112142,0.0,10449000.0,0.0,819000.0,21125000.0,0.0,1305000.0,576000.0,-9515000.0,-0.31985343552507733,-10091000.0,-0.3392160817533952,819000.0,-10527000.0,-0.3538725292456636,0.0,-10527000.0,-0.3538725292456636,-948.468618,-948.468618,11101.0,11101.0,,,1620593830,16:57:10,20210509
14,2005-06-30,IVQ.AX,AUD,2005-06-30,2005-06-30,FY,32125000.0,25041000.0,7084000.0,0.2205136186770428,0.0,10737000.0,0.0,18505000.0,25087000.0,0.0,1641000.0,1714000.0,-16289000.0,-0.5070505836575876,-18003000.0,-0.5604046692607004,18505000.0,-929000.0,-0.02891828793774319,-929000.0,-929000.0,-0.02891828793774319,-7.799906,-7.799906,115329.0,115329.0,,,1620593830,16:57:10,20210509
15,2004-06-30,IVQ.AX,AUD,2004-06-30,2004-06-30,FY,33903000.0,25474000.0,8429000.0,0.24862106598236144,0.0,18970000.0,0.0,-271000.0,38781000.0,0.0,1674000.0,2197000.0,-28155000.0,-0.8304574816387931,-30352000.0,-0.8952600064891013,-1083000.0,-33059000.0,-0.9751054478954665,-33059000.0,-40932000.0,-1.2073267852402443,-439.726466,-439.726466,93070.0,93070.0,,,1620593830,16:57:10,20210509
16,2003-06-30,IVQ.AX,AUD,2003-06-30,2003-06-30,FY,32754000.0,18923000.0,13831000.0,0.4222690358429505,0.0,11621000.0,0.0,-10234000.0,28804000.0,0.0,842000.0,17183000.0,2210000.0,0.0674726750931184,-14973000.0,-0.4571350064114307,-10772000.0,-26685000.0,-0.8147096537827441,-26685000.0,-17935000.0,-0.5475667094095378,-230.359568,-230.359568,77865.0,77865.0,,,1620593830,16:57:10,20210509
17,2002-06-30,IVQ.AX,AUD,2002-06-30,2002-06-30,FY,88040000.0,51395000.0,36645000.0,0.41623125851885506,0.0,9345000.0,0.0,-10948000.0,14433000.0,0.0,439000.0,4994000.0,27206000.0,0.3090186278964107,22212000.0,0.2522944116310768,-11254000.0,10796000.0,0.12262607905497501,10796000.0,7006000.0,0.0795774647887324,90.408433,90.128531,77507.0,77733.0,,,1620593830,16:57:10,20210509
18,2001-06-30,IVQ.AX,AUD,2001-06-30,2001-06-30,FY,65133000.0,42589000.0,22544000.0,0.3461225492453902,0.0,7556000.0,0.0,-2599000.0,10194000.0,0.0,465000.0,2638000.0,14988000.0,0.23011376721477592,12350000.0,0.1896120246265334,-2599000.0,9409000.0,0.1444582623247816,9409000.0,9409000.0,0.1444582623247816,123.156999,123.156999,76714.0,76714.0,,,1620593830,16:57:10,20210509
19,2000-06-30,IVQ.AX,AUD,2000-06-30,2000-06-30,FY,0.0,0.0,0.0,0.0,0.0,0.0,0.0,0.0,0.0,0.0,1077835.0,0.0,11132290.0,0.0,0.0,0.0,0.0,10054455.0,0.0,10054455.0,10054455.0,0.0,165.142339,165.142339,60627.0,60627.0,,,1620593830,16:57:10,20210509
20,1999-06-30,IVQ.AX,AUD,1999-06-30,1999-06-30,FY,0.0,0.0,0.0,0.0,0.0,0.0,0.0,0.0,0.0,0.0,1531080.0,0.0,-44047732.0,0.0,0.0,0.0,0.0,-45578812.0,0.0,-45578812.0,-45770554.0,0.0,-2132.855297,-2132.855297,21448.0,21448.0,,,1620593830,16:57:10,20210509
21,1998-06-30,IVQ.AX,AUD,1998-06-30,1998-06-30,FY,0.0,0.0,0.0,0.0,0.0,0.0,0.0,0.0,0.0,0.0,1220652.0,0.0,-2479678.0,0.0,0.0,0.0,0.0,-3700330.0,0.0,-3700330.0,-5754909.0,0.0,-279.062563,-279.062563,20623.0,20623.0,,,1620593830,16:57:10,20210509
22,1997-06-30,IVQ.AX,AUD,1997-06-30,1997-06-30,FY,0.0,0.0,0.0,0.0,0.0,0.0,0.0,0.0,0.0,0.0,593037.0,0.0,3142934.0,0.0,0.0,0.0,0.0,2549897.0,0.0,2549897.0,1720097.0,0.0,83.970681,83.970681,20483.0,20483.0,,,1620593830,16:57:10,20210509
23,1996-06-30,IVQ.AX,AUD,1996-06-30,1996-06-30,FY,0.0,0.0,0.0,0.0,0.0,0.0,0.0,0.0,0.0,0.0,323306.0,0.0,-2725013.0,0.0,0.0,0.0,0.0,-3048319.0,0.0,-3048319.0,-918161.0,0.0,-50.382409,-50.382409,18223.0,18223.0,,,1620593830,16:57:10,20210509
24,1995-06-30,IVQ.AX,AUD,1995-06-30,1995-06-30,FY,0.0,0.0,0.0,0.0,0.0,0.0,0.0,0.0,0.0,0.0,338000.0,0.0,4808000.0,0.0,0.0,0.0,0.0,4470000.0,0.0,4470000.0,3051000.0,0.0,193.132566,181.936475,18068.0,18068.0,,,1620593830,16:57:10,20210509
