,date,symbol,reportedCurrency,fillingDate,acceptedDate,period,revenue,costOfRevenue,grossProfit,grossProfitRatio,researchAndDevelopmentExpenses,generalAndAdministrativeExpenses,sellingAndMarketingExpenses,otherExpenses,operatingExpenses,costAndExpenses,interestExpense,depreciationAndAmortization,ebitda,ebitdaratio,operatingIncome,operatingIncomeRatio,totalOtherIncomeExpensesNet,incomeBeforeTax,incomeBeforeTaxRatio,incomeTaxExpense,netIncome,netIncomeRatio,eps,epsdiluted,weightedAverageShsOut,weightedAverageShsOutDil,link,finalLink,timestamp,est_time,est_date
0,2020-12-31,NCU.TO,USD,2020-12-31,2020-12-31,FY,0.0,42000.0,-42000.0,0.0,0.0,8944000.0,0.0,6771000.0,0.0,8986000.0,841000.0,42000.0,-2164000.0,0.0,-8986000.0,0.0,-10526000.0,-20344000.0,0.0,0.0,-20344000.0,0.0,-0.02,-0.02,1090993522.0,1090993522.0,https://www.sedar.com/ModifyCompanyDocumentSearchForm.do?lang=EN&company_search=Nevada Copper Corp&document_selection=0&industry_group=A&FromDate=13&FromMonth=05&FromYear=2000&ToDate=13&ToMonth=11&ToYear=2020&Variable=Issuer,https://www.sedar.com/ModifyCompanyDocumentSearchForm.do?lang=EN&company_search=Nevada Copper Corp&document_selection=0&industry_group=A&FromDate=13&FromMonth=05&FromYear=2000&ToDate=13&ToMonth=11&ToYear=2020&Variable=Issuer,1620595574,17:26:14,20210509
1,2019-12-31,NCU.TO,USD,2019-12-31,2019-12-31,FY,0.0,41000.0,-41000.0,0.0,0.0,7494000.0,0.0,23000.0,7494000.0,7535000.0,26000.0,41000.0,-7494000.0,0.0,-7535000.0,0.0,1328000.0,-5380000.0,0.0,0.0,-5380000.0,0.0,-0.01,-0.01,724948740.0,724948740.0,https://www.sedar.com/ModifyCompanyDocumentSearchForm.do?lang=EN&company_search=Nevada Copper Corp&document_selection=0&industry_group=A&FromDate=13&FromMonth=05&FromYear=2000&ToDate=13&ToMonth=11&ToYear=2020&Variable=Issuer,https://www.sedar.com/ModifyCompanyDocumentSearchForm.do?lang=EN&company_search=Nevada Copper Corp&document_selection=0&industry_group=A&FromDate=13&FromMonth=05&FromYear=2000&ToDate=13&ToMonth=11&ToYear=2020&Variable=Issuer,1620595574,17:26:14,20210509
2,2018-12-31,NCU.TO,USD,2018-12-31,2018-12-31,FY,0.0,0.0,0.0,0.0,57000.0,9901000.0,0.0,-516000.0,9919000.0,9919000.0,991000.0,18000.0,-9901000.0,0.0,-9919000.0,0.0,-10881000.0,-20057000.0,0.0,0.0,-20057000.0,0.0,-0.04,-0.04,498579148.0,498579148.0,https://www.sedar.com/ModifyCompanyDocumentSearchForm.do?lang=EN&company_search=Nevada Copper Corp&document_selection=0&industry_group=A&FromDate=13&FromMonth=05&FromYear=2000&ToDate=13&ToMonth=11&ToYear=2020&Variable=Issuer,https://www.sedar.com/ModifyCompanyDocumentSearchForm.do?lang=EN&company_search=Nevada Copper Corp&document_selection=0&industry_group=A&FromDate=13&FromMonth=05&FromYear=2000&ToDate=13&ToMonth=11&ToYear=2020&Variable=Issuer,1620595574,17:26:14,20210509
3,2017-12-31,NCU.TO,USD,2017-12-31,2017-12-31,FY,0.0,0.0,0.0,0.0,208000.0,4235000.0,0.0,4000.0,4252000.0,4252000.0,5544000.0,17000.0,-4235000.0,0.0,-4252000.0,0.0,3198000.0,-6589000.0,0.0,0.0,-6589000.0,0.0,-0.07,-0.07,91271929.0,91271929.0,https://www.sedar.com/ModifyCompanyDocumentSearchForm.do?lang=EN&company_search=Nevada Copper Corp&document_selection=0&industry_group=A&FromDate=13&FromMonth=05&FromYear=2000&ToDate=13&ToMonth=11&ToYear=2020&Variable=Issuer,https://www.sedar.com/ModifyCompanyDocumentSearchForm.do?lang=EN&company_search=Nevada Copper Corp&document_selection=0&industry_group=A&FromDate=13&FromMonth=05&FromYear=2000&ToDate=13&ToMonth=11&ToYear=2020&Variable=Issuer,1620595574,17:26:14,20210509
4,2016-12-31,NCU.TO,USD,2016-12-31,2016-12-31,FY,0.0,3000.0,-3000.0,0.0,145000.0,3497000.0,0.0,13000.0,3515000.0,3518000.0,3327000.0,21000.0,-3497000.0,0.0,-3518000.0,0.0,-22155000.0,-28968000.0,0.0,0.0,-28968000.0,0.0,-0.34,-0.34,84942460.0,84942460.0,https://www.sedar.com/ModifyCompanyDocumentSearchForm.do?lang=EN&company_search=Nevada Copper Corp&document_selection=0&industry_group=A&FromDate=13&FromMonth=05&FromYear=2000&ToDate=13&ToMonth=11&ToYear=2020&Variable=Issuer,https://www.sedar.com/ModifyCompanyDocumentSearchForm.do?lang=EN&company_search=Nevada Copper Corp&document_selection=0&industry_group=A&FromDate=13&FromMonth=05&FromYear=2000&ToDate=13&ToMonth=11&ToYear=2020&Variable=Issuer,1620595574,17:26:14,20210509
5,2015-12-31,NCU.TO,USD,2015-12-31,2015-12-31,FY,0.0,125000.0,-125000.0,0.0,227000.0,2135000.0,0.0,68000.0,2150000.0,2275000.0,2125000.0,140000.0,-2135000.0,0.0,-2275000.0,0.0,-678000.0,-4998000.0,0.0,0.0,-4998000.0,0.0,-0.06,-0.06,80501458.0,80501458.0,https://www.sedar.com/ModifyCompanyDocumentSearchForm.do?lang=EN&company_search=Nevada Copper Corp&document_selection=0&industry_group=A&FromDate=13&FromMonth=05&FromYear=2000&ToDate=13&ToMonth=11&ToYear=2020&Variable=Issuer,https://www.sedar.com/ModifyCompanyDocumentSearchForm.do?lang=EN&company_search=Nevada Copper Corp&document_selection=0&industry_group=A&FromDate=13&FromMonth=05&FromYear=2000&ToDate=13&ToMonth=11&ToYear=2020&Variable=Issuer,1620595574,17:26:14,20210509
6,2014-12-31,NCU.TO,USD,2014-12-31,2014-12-31,FY,0.0,133000.0,-133000.0,0.0,536000.0,5024000.0,0.0,-338000.0,5037000.0,5170000.0,6700000.0,146000.0,-5024000.0,0.0,-5170000.0,0.0,-5411000.0,-17063000.0,0.0,0.0,-17063000.0,0.0,-0.21,-0.21,80501458.0,80501458.0,https://www.sedar.com/ModifyCompanyDocumentSearchForm.do?lang=EN&company_search=Nevada Copper Corp&document_selection=0&industry_group=A&FromDate=13&FromMonth=05&FromYear=2000&ToDate=13&ToMonth=11&ToYear=2020&Variable=Issuer,https://www.sedar.com/ModifyCompanyDocumentSearchForm.do?lang=EN&company_search=Nevada Copper Corp&document_selection=0&industry_group=A&FromDate=13&FromMonth=05&FromYear=2000&ToDate=13&ToMonth=11&ToYear=2020&Variable=Issuer,1620595574,17:26:14,20210509
7,2013-06-30,NCU.TO,USD,2013-06-30,2013-06-30,FY,0.0,0.0,0.0,0.0,419000.0,4959000.0,0.0,0.0,4962000.0,4962000.0,0.0,2000.0,-4960000.0,0.0,-4962000.0,0.0,-14614000.0,-19134000.0,0.0,0.0,-19134000.0,0.0,-0.24,-0.24,78475640.0,78475640.0,https://www.sedar.com/ModifyCompanyDocumentSearchForm.do?lang=EN&company_search=Nevada Copper Corp&document_selection=0&industry_group=A&FromDate=13&FromMonth=05&FromYear=2000&ToDate=13&ToMonth=11&ToYear=2020&Variable=Issuer,https://www.sedar.com/ModifyCompanyDocumentSearchForm.do?lang=EN&company_search=Nevada Copper Corp&document_selection=0&industry_group=A&FromDate=13&FromMonth=05&FromYear=2000&ToDate=13&ToMonth=11&ToYear=2020&Variable=Issuer,1620595574,17:26:14,20210509
8,2012-06-30,NCU.TO,USD,2012-06-30,2012-06-30,FY,0.0,0.0,0.0,0.0,366744.0,9315856.0,0.0,0.0,9682600.0,9682600.0,0.0,1227.0,-9681373.0,0.0,-9682600.0,0.0,465965.0,-8402813.0,0.0,0.0,-8402813.0,0.0,-0.12,-0.12,71719491.0,71719491.0,https://www.sedar.com/ModifyCompanyDocumentSearchForm.do?lang=EN&company_search=Nevada Copper Corp&document_selection=0&industry_group=A&FromDate=13&FromMonth=05&FromYear=2000&ToDate=13&ToMonth=11&ToYear=2020&Variable=Issuer,https://www.sedar.com/ModifyCompanyDocumentSearchForm.do?lang=EN&company_search=Nevada Copper Corp&document_selection=0&industry_group=A&FromDate=13&FromMonth=05&FromYear=2000&ToDate=13&ToMonth=11&ToYear=2020&Variable=Issuer,1620595574,17:26:14,20210509
9,2011-06-30,NCU.TO,USD,2011-06-30,2011-06-30,FY,0.0,0.0,0.0,0.0,281675.133193,7392012.555239,0.0,0.0,7673687.688432,7673687.688432,71968.570603,0.0,-7333514.021393,0.0,-7673687.688432,0.0,-68604.675174,-7474087.267171,0.0,0.0,-7474087.267171,0.0,-0.134225,-0.134225,56760285.0,56760285.0,https://www.sedar.com/ModifyCompanyDocumentSearchForm.do?lang=EN&company_search=Nevada Copper Corp&document_selection=0&industry_group=A&FromDate=13&FromMonth=05&FromYear=2000&ToDate=13&ToMonth=11&ToYear=2020&Variable=Issuer,https://www.sedar.com/ModifyCompanyDocumentSearchForm.do?lang=EN&company_search=Nevada Copper Corp&document_selection=0&industry_group=A&FromDate=13&FromMonth=05&FromYear=2000&ToDate=13&ToMonth=11&ToYear=2020&Variable=Issuer,1620595574,17:26:14,20210509
10,2010-06-30,NCU.TO,USD,2010-06-30,2010-06-30,FY,0.0,0.0,0.0,0.0,104935.015653,3909318.850204,0.0,0.0,4014253.865857,4014253.865857,140863.295702,0.0,-3971992.220852,0.0,-4014253.865857,0.0,-27695.664548,-4140551.181102,0.0,0.0,-4140551.181102,0.0,-0.094868,-0.094868,44988790.0,44988790.0,https://www.sedar.com/ModifyCompanyDocumentSearchForm.do?lang=EN&company_search=Nevada Copper Corp&document_selection=0&industry_group=A&FromDate=13&FromMonth=05&FromYear=2000&ToDate=13&ToMonth=11&ToYear=2020&Variable=Issuer,https://www.sedar.com/ModifyCompanyDocumentSearchForm.do?lang=EN&company_search=Nevada Copper Corp&document_selection=0&industry_group=A&FromDate=13&FromMonth=05&FromYear=2000&ToDate=13&ToMonth=11&ToYear=2020&Variable=Issuer,1620595574,17:26:14,20210509
11,2009-06-30,NCU.TO,USD,2009-06-30,2009-06-30,FY,0.0,0.0,0.0,0.0,192039.278177,1535688.014126,0.0,0.0,1727727.292304,1727727.292304,3202.549636,0.0,-1682528.963349,0.0,-1727727.292304,0.0,-544353.331323,-2230084.844309,0.0,0.0,-2230084.844309,0.0,-0.051682,-0.051682,40564287.0,40564287.0,https://www.sedar.com/ModifyCompanyDocumentSearchForm.do?lang=EN&company_search=Nevada Copper Corp&document_selection=0&industry_group=A&FromDate=13&FromMonth=05&FromYear=2000&ToDate=13&ToMonth=11&ToYear=2020&Variable=Issuer,https://www.sedar.com/ModifyCompanyDocumentSearchForm.do?lang=EN&company_search=Nevada Copper Corp&document_selection=0&industry_group=A&FromDate=13&FromMonth=05&FromYear=2000&ToDate=13&ToMonth=11&ToYear=2020&Variable=Issuer,1620595574,17:26:14,20210509
12,2008-06-30,NCU.TO,USD,2008-06-30,2008-06-30,FY,0.0,0.0,0.0,0.0,464981.332285,2224097.072116,0.0,0.0,2682807.034781,2682807.034781,0.0,0.0,-2682807.034781,0.0,-2682807.034781,0.0,0.0,0.0,0.0,0.0,-2530860.679898,0.0,-0.068776,-0.068776,36967199.0,36967199.0,https://www.sedar.com/ModifyCompanyDocumentSearchForm.do?lang=EN&company_search=Nevada Copper Corp&document_selection=0&industry_group=A&FromDate=13&FromMonth=05&FromYear=2000&ToDate=13&ToMonth=11&ToYear=2020&Variable=Issuer,https://www.sedar.com/ModifyCompanyDocumentSearchForm.do?lang=EN&company_search=Nevada Copper Corp&document_selection=0&industry_group=A&FromDate=13&FromMonth=05&FromYear=2000&ToDate=13&ToMonth=11&ToYear=2020&Variable=Issuer,1620595574,17:26:14,20210509
13,2007-06-30,NCU.TO,USD,2007-06-30,2007-06-30,FY,0.0,73926.726163,-73926.726163,0.0,259180.836073,0.0,0.0,0.0,3058228.276186,3132155.002349,0.0,0.0,-3132155.002349,0.0,-3132155.002349,0.0,-5162.987318,0.0,0.0,0.0,-3017447.627994,0.0,-0.103335,-0.103335,28082929.0,28082929.0,https://www.sedar.com/ModifyCompanyDocumentSearchForm.do?lang=EN&company_search=Nevada Copper Corp&document_selection=0&industry_group=A&FromDate=13&FromMonth=05&FromYear=2000&ToDate=13&ToMonth=11&ToYear=2020&Variable=Issuer,https://www.sedar.com/ModifyCompanyDocumentSearchForm.do?lang=EN&company_search=Nevada Copper Corp&document_selection=0&industry_group=A&FromDate=13&FromMonth=05&FromYear=2000&ToDate=13&ToMonth=11&ToYear=2020&Variable=Issuer,1620595574,17:26:14,20210509
14,2006-06-30,NCU.TO,USD,2006-06-30,2006-06-30,FY,0.0,0.0,0.0,0.0,0.0,0.0,0.0,0.0,61680.129241,61680.129241,0.0,24.232633,-61655.896608,0.0,-61680.129241,0.0,-2243.762341,0.0,0.0,0.0,-63923.891581,0.0,-0.01795,-0.01795,3533312.0,3533312.0,https://www.sedar.com/ModifyCompanyDocumentSearchForm.do?lang=EN&company_search=Nevada Copper Corp&document_selection=0&industry_group=A&FromDate=13&FromMonth=05&FromYear=2000&ToDate=13&ToMonth=11&ToYear=2020&Variable=Issuer,https://www.sedar.com/ModifyCompanyDocumentSearchForm.do?lang=EN&company_search=Nevada Copper Corp&document_selection=0&industry_group=A&FromDate=13&FromMonth=05&FromYear=2000&ToDate=13&ToMonth=11&ToYear=2020&Variable=Issuer,1620595574,17:26:14,20210509
15,2005-06-30,NCU.TO,USD,2005-06-30,2005-06-30,FY,0.0,0.0,0.0,0.0,0.0,0.0,0.0,0.0,38257.526285,38257.526285,0.0,88.976686,-38168.549599,0.0,-38257.526285,0.0,0.0,0.0,0.0,0.0,-38257.526285,0.0,-0.016326,-0.016326,3086352.0,3086352.0,https://www.sedar.com/ModifyCompanyDocumentSearchForm.do?lang=EN&company_search=Nevada Copper Corp&document_selection=0&industry_group=A&FromDate=13&FromMonth=05&FromYear=2000&ToDate=13&ToMonth=11&ToYear=2020&Variable=Issuer,https://www.sedar.com/ModifyCompanyDocumentSearchForm.do?lang=EN&company_search=Nevada Copper Corp&document_selection=0&industry_group=A&FromDate=13&FromMonth=05&FromYear=2000&ToDate=13&ToMonth=11&ToYear=2020&Variable=Issuer,1620595574,17:26:14,20210509
16,2004-06-30,NCU.TO,USD,2004-06-30,2004-06-30,FY,0.0,0.0,0.0,0.0,0.0,0.0,0.0,4500.585076,21206.756878,21206.756878,0.0,83.260824,-21123.496054,0.0,-21206.756878,0.0,3825.497315,0.0,0.0,0.0,-18056.347325,0.0,-0.007501,-0.007501,2678000.0,2678000.0,https://www.sedar.com/ModifyCompanyDocumentSearchForm.do?lang=EN&company_search=Nevada Copper Corp&document_selection=0&industry_group=A&FromDate=13&FromMonth=05&FromYear=2000&ToDate=13&ToMonth=11&ToYear=2020&Variable=Issuer,https://www.sedar.com/ModifyCompanyDocumentSearchForm.do?lang=EN&company_search=Nevada Copper Corp&document_selection=0&industry_group=A&FromDate=13&FromMonth=05&FromYear=2000&ToDate=13&ToMonth=11&ToYear=2020&Variable=Issuer,1620595574,17:26:14,20210509
17,2003-06-30,NCU.TO,USD,2003-06-30,2003-06-30,FY,0.0,0.0,0.0,0.0,0.0,0.0,0.0,0.0,30448.113558,30448.113558,0.0,59.392122,-30388.721436,0.0,-30448.113558,0.0,0.0,0.0,0.0,0.0,-30310.026875,0.0,-0.014848,-0.014848,2678000.0,2678000.0,https://www.sedar.com/ModifyCompanyDocumentSearchForm.do?lang=EN&company_search=Nevada Copper Corp&document_selection=0&industry_group=A&FromDate=13&FromMonth=05&FromYear=2000&ToDate=13&ToMonth=11&ToYear=2020&Variable=Issuer,https://www.sedar.com/ModifyCompanyDocumentSearchForm.do?lang=EN&company_search=Nevada Copper Corp&document_selection=0&industry_group=A&FromDate=13&FromMonth=05&FromYear=2000&ToDate=13&ToMonth=11&ToYear=2020&Variable=Issuer,1620595574,17:26:14,20210509
18,2002-06-30,NCU.TO,USD,2002-06-30,2002-06-30,FY,0.0,0.0,0.0,0.0,0.0,52092.97725,0.0,0.0,52395.647873,52395.647873,0.0,302.670623,-52092.97725,0.0,-52395.647873,0.0,0.0,0.0,0.0,0.0,-50801.846357,0.0,-0.019782,-0.019782,2678000.0,2678000.0,https://www.sedar.com/ModifyCompanyDocumentSearchForm.do?lang=EN&company_search=Nevada Copper Corp&document_selection=0&industry_group=A&FromDate=13&FromMonth=05&FromYear=2000&ToDate=13&ToMonth=11&ToYear=2020&Variable=Issuer,https://www.sedar.com/ModifyCompanyDocumentSearchForm.do?lang=EN&company_search=Nevada Copper Corp&document_selection=0&industry_group=A&FromDate=13&FromMonth=05&FromYear=2000&ToDate=13&ToMonth=11&ToYear=2020&Variable=Issuer,1620595574,17:26:14,20210509
19,2001-06-30,NCU.TO,USD,2001-06-30,2001-06-30,FY,0.0,0.0,0.0,0.0,81719.193921,0.0,0.0,0.0,82151.965643,82151.965643,0.0,432.771721,-81719.193922,0.0,-82151.965643,0.0,0.0,0.0,0.0,0.0,-77735.051206,0.0,-0.026429,-0.026429,2678000.0,2678000.0,https://www.sedar.com/ModifyCompanyDocumentSearchForm.do?lang=EN&company_search=Nevada Copper Corp&document_selection=0&industry_group=A&FromDate=13&FromMonth=05&FromYear=2000&ToDate=13&ToMonth=11&ToYear=2020&Variable=Issuer,https://www.sedar.com/ModifyCompanyDocumentSearchForm.do?lang=EN&company_search=Nevada Copper Corp&document_selection=0&industry_group=A&FromDate=13&FromMonth=05&FromYear=2000&ToDate=13&ToMonth=11&ToYear=2020&Variable=Issuer,1620595574,17:26:14,20210509
