,date,symbol,reportedCurrency,fillingDate,acceptedDate,period,revenue,costOfRevenue,grossProfit,grossProfitRatio,researchAndDevelopmentExpenses,generalAndAdministrativeExpenses,sellingAndMarketingExpenses,otherExpenses,operatingExpenses,costAndExpenses,interestExpense,depreciationAndAmortization,ebitda,ebitdaratio,operatingIncome,operatingIncomeRatio,totalOtherIncomeExpensesNet,incomeBeforeTax,incomeBeforeTaxRatio,incomeTaxExpense,netIncome,netIncomeRatio,eps,epsdiluted,weightedAverageShsOut,weightedAverageShsOutDil,link,finalLink,timestamp,est_time,est_date
0,2020-12-31,CCPG.L,EUR,2020-12-31,2020-12-31,FY,931935.0,0.0,0.0,0.0,0.0,1017747.0,0.0,0.0,0.0,0.0,0.0,0.0,0.0,0.0,0.0,-19.922215605165597,0.0,-18566210.0,-19.922215605165597,0.0,-18566210.0,-19.922215605165597,-0.03931078367843531,-0.03931078367843531,472293052,472293052,https://find-and-update.company-information.service.gov.uk/search/companies?q=CVC+Credit+Partners+European+Opportunities+Ltd,https://find-and-update.company-information.service.gov.uk/search/companies?q=CVC+Credit+Partners+European+Opportunities+Ltd,1620590045,15:54:05,20210509
1,2019-12-31,CCPG.L,EUR,2019-12-31,2019-12-31,FY,15351715.0,0.0,0.0,0.0,0.0,1048120.0,0.0,0.0,30085569.0,0.0,0.0,0.0,0.0,0.0,0.0,-0.9597529657109971,0.0,-14733854.0,-0.9597529657109971,0.0,-14733854.0,-0.9597529657109971,-0.031196,-0.031196,472293052,472293052,https://find-and-update.company-information.service.gov.uk/search/companies?q=CVC+Credit+Partners+European+Opportunities+Ltd,https://find-and-update.company-information.service.gov.uk/search/companies?q=CVC+Credit+Partners+European+Opportunities+Ltd,1620590045,15:54:05,20210509
2,2018-12-31,CCPG.L,EUR,2018-12-31,2018-12-31,FY,4547562.0,0.0,0.0,0.0,0.0,1110512.0,0.0,0.0,28441362.0,0.0,0.0,0.0,0.0,0.0,0.0,-5.254199942738548,0.0,-23893800.0,-5.254199942738548,0.0,-23893800.0,-5.254199942738548,-0.054283,-0.054283,440169556,440169556,https://find-and-update.company-information.service.gov.uk/search/companies?q=CVC+Credit+Partners+European+Opportunities+Ltd,https://find-and-update.company-information.service.gov.uk/search/companies?q=CVC+Credit+Partners+European+Opportunities+Ltd,1620590045,15:54:05,20210509
3,2017-12-31,CCPG.L,EUR,2017-12-31,2017-12-31,FY,38833923.0,0.0,0.0,0.0,0.0,1386602.0,0.0,0.0,23615438.0,0.0,10677.0,0.0,0.0,0.0,0.0,0.3918863669786851,0.0,15218485.0,0.3918863669786851,0.0,15218485.0,0.3918863669786851,0.041674,0.041674,365175613,365175613,https://find-and-update.company-information.service.gov.uk/search/companies?q=CVC+Credit+Partners+European+Opportunities+Ltd,https://find-and-update.company-information.service.gov.uk/search/companies?q=CVC+Credit+Partners+European+Opportunities+Ltd,1620590045,15:54:05,20210509
4,2016-12-31,CCPG.L,EUR,2016-12-31,2016-12-31,FY,41744181.0,0.0,0.0,0.0,0.0,2474570.0,0.0,0.0,30989811.0,0.0,0.0,0.0,0.0,0.0,0.0,0.25762560774638266,0.0,10754370.0,0.25762560774638266,0.0,10754370.0,0.25762560774638266,0.02696,0.02696,398905448,398905448,https://find-and-update.company-information.service.gov.uk/search/companies?q=CVC+Credit+Partners+European+Opportunities+Ltd,https://find-and-update.company-information.service.gov.uk/search/companies?q=CVC+Credit+Partners+European+Opportunities+Ltd,1620590045,15:54:05,20210509
5,2015-12-31,CCPG.L,EUR,2015-12-31,2015-12-31,FY,33421577.0,0.0,0.0,0.0,0.0,1542320.0,0.0,0.0,31262412.0,0.0,0.0,0.0,0.0,0.0,0.0,0.06460392338757684,0.0,2159165.0,0.06460392338757684,0.0,2159165.0,0.06460392338757684,0.004436,0.004436,465981212,465981212,https://find-and-update.company-information.service.gov.uk/search/companies?q=CVC+Credit+Partners+European+Opportunities+Ltd,https://find-and-update.company-information.service.gov.uk/search/companies?q=CVC+Credit+Partners+European+Opportunities+Ltd,1620590045,15:54:05,20210509
6,2014-12-31,CCPG.L,EUR,2014-12-31,2014-12-31,FY,14780152.0,0.0,0.0,0.0,0.0,1083518.0,0.0,0.0,16186804.0,0.0,2893.0,0.0,0.0,0.0,0.0,-0.09517168700294827,0.0,-1406652.0,-0.09517168700294827,0.0,-1406652.0,-0.09517168700294827,-0.003665,-0.003665,479525542,479525542,https://find-and-update.company-information.service.gov.uk/search/companies?q=CVC+Credit+Partners+European+Opportunities+Ltd,https://find-and-update.company-information.service.gov.uk/search/companies?q=CVC+Credit+Partners+European+Opportunities+Ltd,1620590045,15:54:05,20210509
7,2013-12-31,CCPG.L,EUR,2013-12-31,2013-12-31,FY,0.0,0.0,0.0,0.0,0.0,0.0,0.0,0.0,0.0,0.0,0.0,0.0,0.0,0.0,0.0,0.0,0.0,0.0,0.0,0.0,0.0,0.0,0.0,0.0,472293052,472293052,https://find-and-update.company-information.service.gov.uk/search/companies?q=CVC+Credit+Partners+European+Opportunities+Ltd,https://find-and-update.company-information.service.gov.uk/search/companies?q=CVC+Credit+Partners+European+Opportunities+Ltd,1620590045,15:54:05,20210509
