,date,symbol,reportedCurrency,fillingDate,acceptedDate,period,revenue,costOfRevenue,grossProfit,grossProfitRatio,researchAndDevelopmentExpenses,generalAndAdministrativeExpenses,sellingAndMarketingExpenses,otherExpenses,operatingExpenses,costAndExpenses,interestExpense,depreciationAndAmortization,ebitda,ebitdaratio,operatingIncome,operatingIncomeRatio,totalOtherIncomeExpensesNet,incomeBeforeTax,incomeBeforeTaxRatio,incomeTaxExpense,netIncome,netIncomeRatio,eps,epsdiluted,weightedAverageShsOut,weightedAverageShsOutDil,link,finalLink,timestamp,est_time,est_date
0,2020-12-31,BIO3.DE,EUR,2020-12-31,2020-12-31,FY,484200000.0,354100000,130100000,0.2686906237092111,55800000,28200000.0,50200000,0.0,0.0,486700000,14200000.0,29600000,27100000,0.05596860801321768,-2500000.0,-0.005163155720776538,0.0,-30000000.0,-0.061957868649318466,1400000.0,-31400000.0,-0.06484923585295332,-0.7935013352555271,-0.7935013352555271,39571452,39571452,https://www.bundesanzeiger.de/pub/de/suche;wwwsid=627BFD7A56A5CB624C47FDDEAB2FC509.web07-pub?0,https://www.bundesanzeiger.de/pub/de/suche;wwwsid=627BFD7A56A5CB624C47FDDEAB2FC509.web07-pub?0,1620589389,15:43:09,20210509
1,2019-12-31,BIO3.DE,EUR,2019-12-31,2019-12-31,FY,419100000.0,290300000,128800000,0.3073252207110475,53400000,31300000.0,49600000,0.0,135500000.0,425800000,10700000.0,31700000,25000000,0.05965163445478406,-6700000.0,-0.015986638033882127,0.0,-1300000.0,-0.003101884991648771,3400000.0,-4700000.0,-0.011214507277499404,-0.13,-0.13,39571452,39571452,https://www.bundesanzeiger.de/pub/de/suche;wwwsid=627BFD7A56A5CB624C47FDDEAB2FC509.web07-pub?0,https://www.bundesanzeiger.de/pub/de/suche;wwwsid=627BFD7A56A5CB624C47FDDEAB2FC509.web07-pub?0,1620589389,15:43:09,20210509
2,2018-12-31,BIO3.DE,EUR,2018-12-31,2018-12-31,FY,400300000.0,265500000,134800000,0.33674743942043467,48500000,31600000.0,51600000,0.0,132300000.0,397800000,10900000.0,24700000,27200000,0.067949038221334,2500000.0,0.006245316012990257,0.0,-6000000.0,-0.014988758431176618,6900000.0,181700000.0,0.4539095678241319,4.58,4.58,39571452,39571452,https://www.bundesanzeiger.de/pub/de/suche;wwwsid=627BFD7A56A5CB624C47FDDEAB2FC509.web07-pub?0,https://www.bundesanzeiger.de/pub/de/suche;wwwsid=627BFD7A56A5CB624C47FDDEAB2FC509.web07-pub?0,1620589389,15:43:09,20210509
3,2017-12-31,BIO3.DE,EUR,2017-12-31,2017-12-31,FY,378100000.0,254600000,123500000,0.32663316582914576,55400000,45200000.0,53700000,0.0,156800000.0,411400000,8900000.0,22300000,-11000000,-0.029092832583972494,-33300000.0,-0.08807193864057128,0.0,-26000000.0,-0.06876487701666226,-9600000.0,-3500000.0,-0.009256810367627611,-0.09,-0.09,39571452,39571452,https://www.bundesanzeiger.de/pub/de/suche;wwwsid=627BFD7A56A5CB624C47FDDEAB2FC509.web07-pub?0,https://www.bundesanzeiger.de/pub/de/suche;wwwsid=627BFD7A56A5CB624C47FDDEAB2FC509.web07-pub?0,1620589389,15:43:09,20210509
4,2016-12-31,BIO3.DE,EUR,2016-12-31,2016-12-31,FY,553100000.0,349600000,203500000,0.36792623395407703,48500000,35200000.0,52700000,0.0,137500000.0,487100000,12800000.0,22900000,88900000,0.16073042849394323,66000000.0,0.1193274272283493,0.0,52700000.0,0.09528114265051528,18200000.0,-45800000.0,-0.08280600253118785,-1.17,-1.17,39571452,39571452,https://www.bundesanzeiger.de/pub/de/suche;wwwsid=627BFD7A56A5CB624C47FDDEAB2FC509.web07-pub?0,https://www.bundesanzeiger.de/pub/de/suche;wwwsid=627BFD7A56A5CB624C47FDDEAB2FC509.web07-pub?0,1620589389,15:43:09,20210509
5,2015-12-31,BIO3.DE,EUR,2015-12-31,2015-12-31,FY,589600000.0,448300000,141300000,0.2396540027137042,98800000,35600000.0,77800000,0.0,212800000.0,661100000,8600000.0,94200000,22700000,0.03850067842605156,-71500000.0,-0.12126865671641791,0.0,-74300000.0,-0.12601763907734057,8200000.0,-82500000.0,-0.13992537313432835,-2.1,-2.1,39571452,39571452,https://www.bundesanzeiger.de/pub/de/suche;wwwsid=627BFD7A56A5CB624C47FDDEAB2FC509.web07-pub?0,https://www.bundesanzeiger.de/pub/de/suche;wwwsid=627BFD7A56A5CB624C47FDDEAB2FC509.web07-pub?0,1620589389,15:43:09,20210509
6,2014-12-31,BIO3.DE,EUR,2014-12-31,2014-12-31,FY,582000000.0,357500000,224500000,0.3857388316151203,67200000,31600000.0,74200000,0.0,172300000.0,529800000,11200000.0,32500000,84700000,0.14553264604810998,52200000.0,0.08969072164948454,0.0,46900000.0,0.08058419243986255,27700000.0,19200000.0,0.032989690721649485,0.476667,0.476667,39571452,39571452,https://www.bundesanzeiger.de/pub/de/suche;wwwsid=627BFD7A56A5CB624C47FDDEAB2FC509.web07-pub?0,https://www.bundesanzeiger.de/pub/de/suche;wwwsid=627BFD7A56A5CB624C47FDDEAB2FC509.web07-pub?0,1620589389,15:43:09,20210509
7,2013-12-31,BIO3.DE,EUR,2013-12-31,2013-12-31,FY,500800000.0,293200000,207600000,0.4145367412140575,64600000,30600000.0,60100000,0.0,157300000.0,450500000,5900000.0,31800000,82100000,0.1639376996805112,50300000.0,0.10043929712460063,0.0,47800000.0,0.09544728434504793,15800000.0,32000000.0,0.06389776357827476,0.846667,0.846667,37396611,37396611,https://www.bundesanzeiger.de/pub/de/suche;wwwsid=627BFD7A56A5CB624C47FDDEAB2FC509.web07-pub?0,https://www.bundesanzeiger.de/pub/de/suche;wwwsid=627BFD7A56A5CB624C47FDDEAB2FC509.web07-pub?0,1620589389,15:43:09,20210509
8,2012-12-31,BIO3.DE,EUR,2012-12-31,2012-12-31,FY,439967000.0,255304000,184663000,0.41972011537228926,51438000,27886000.0,57151000,82000.0,136634000.0,391938000,5933000.0,31432000,79461000,0.18060672732273103,48029000.0,0.10916500555723498,0.0,36478000.0,0.08291076376182759,13430000.0,33408000.0,0.07593296769985021,0.94,0.94,35185725,35185725,https://www.bundesanzeiger.de/pub/de/suche;wwwsid=627BFD7A56A5CB624C47FDDEAB2FC509.web07-pub?0,https://www.bundesanzeiger.de/pub/de/suche;wwwsid=627BFD7A56A5CB624C47FDDEAB2FC509.web07-pub?0,1620589389,15:43:09,20210509
9,2011-12-31,BIO3.DE,EUR,2011-12-31,2011-12-31,FY,422027000.0,254266000,167761000,0.3975124814289133,49406000,31958000.0,48517000,0.0,126201000.0,380467000,34571000.0,30828000,72388000,0.17152457070282234,41560000.0,0.0984771116539937,0.0,28580000.0,0.06772078563693792,9850000.0,48149000.0,0.1140898568101093,1.31,1.31,35185725,35185725,https://www.bundesanzeiger.de/pub/de/suche;wwwsid=627BFD7A56A5CB624C47FDDEAB2FC509.web07-pub?0,https://www.bundesanzeiger.de/pub/de/suche;wwwsid=627BFD7A56A5CB624C47FDDEAB2FC509.web07-pub?0,1620589389,15:43:09,20210509
10,2010-12-31,BIO3.DE,EUR,2010-12-31,2010-12-31,FY,412482000.0,247999000,164483000,0.3987640672805116,48968000,30729000.0,52456000,0.0,121589000.0,369588000,26438000.0,26908000,69802000,0.1692243540324184,42894000.0,0.10398999229057268,0.0,28453000.0,0.06897997973244893,8826000.0,39485000.0,0.09572538922910576,1.04,1.04,35185725,35185725,https://www.bundesanzeiger.de/pub/de/suche;wwwsid=627BFD7A56A5CB624C47FDDEAB2FC509.web07-pub?0,https://www.bundesanzeiger.de/pub/de/suche;wwwsid=627BFD7A56A5CB624C47FDDEAB2FC509.web07-pub?0,1620589389,15:43:09,20210509
11,2009-12-31,BIO3.DE,EUR,2009-12-31,2009-12-31,FY,440191000.0,227870000,212321000,0.48233834858050256,48457000,37072000.0,69047000,0.0,150848000.0,378718000,19701000.0,25949000,87422000,0.1986001531153522,61473000.0,0.13965074251858853,0.0,48969000.0,0.11124489142213266,17070000.0,28020000.0,0.06365418647814244,0.72,0.72,35185725,35185725,https://www.bundesanzeiger.de/pub/de/suche;wwwsid=627BFD7A56A5CB624C47FDDEAB2FC509.web07-pub?0,https://www.bundesanzeiger.de/pub/de/suche;wwwsid=627BFD7A56A5CB624C47FDDEAB2FC509.web07-pub?0,1620589389,15:43:09,20210509
12,2008-12-31,BIO3.DE,EUR,2008-12-31,2008-12-31,FY,422956000.0,203819000,219137000,0.5181082665809209,43676000,40216000.0,81002000,0.0,163498000.0,367317000,19041000.0,26232000,81871000,0.19356859815205363,55639000.0,0.13154796243580894,0.0,40532000.0,0.09583029913277032,12413000.0,28119000.0,0.06648209269994988,0.723333,0.723333,35185725,35185725,https://www.bundesanzeiger.de/pub/de/suche;wwwsid=627BFD7A56A5CB624C47FDDEAB2FC509.web07-pub?0,https://www.bundesanzeiger.de/pub/de/suche;wwwsid=627BFD7A56A5CB624C47FDDEAB2FC509.web07-pub?0,1620589389,15:43:09,20210509
13,2007-12-31,BIO3.DE,EUR,2007-12-31,2007-12-31,FY,0.0,-153840000,153840000,0.0,-34476000,0.0,-72104000,0.0,-106580000.0,-260420000,0.0,16367000,276787000,0.0,260420000.0,0.0,0.0,0.0,0.0,0.0,0.0,0.0,0.463333,0.463333,32819565,32819565,https://www.bundesanzeiger.de/pub/de/suche;wwwsid=627BFD7A56A5CB624C47FDDEAB2FC509.web07-pub?0,https://www.bundesanzeiger.de/pub/de/suche;wwwsid=627BFD7A56A5CB624C47FDDEAB2FC509.web07-pub?0,1620589389,15:43:09,20210509
14,2006-12-31,BIO3.DE,EUR,2006-12-31,2006-12-31,FY,0.0,-139980000,139980000,0.0,-26078000,0.0,-63314000,0.0,-89392000.0,-229372000,0.0,15493000,244865000,0.0,229372000.0,0.0,0.0,0.0,0.0,0.0,0.0,0.0,0.493333,0.493333,31987026,31987026,https://www.bundesanzeiger.de/pub/de/suche;wwwsid=627BFD7A56A5CB624C47FDDEAB2FC509.web07-pub?0,https://www.bundesanzeiger.de/pub/de/suche;wwwsid=627BFD7A56A5CB624C47FDDEAB2FC509.web07-pub?0,1620589389,15:43:09,20210509
15,2005-12-31,BIO3.DE,EUR,2005-12-31,2005-12-31,FY,0.0,-126106000,126106000,0.0,-16872000,0.0,-54891000,0.0,-71763000.0,-197869000,0.0,14298000,212167000,0.0,197869000.0,0.0,0.0,0.0,0.0,0.0,0.0,0.0,0.376667,0.376667,26315190,26315190,https://www.bundesanzeiger.de/pub/de/suche;wwwsid=627BFD7A56A5CB624C47FDDEAB2FC509.web07-pub?0,https://www.bundesanzeiger.de/pub/de/suche;wwwsid=627BFD7A56A5CB624C47FDDEAB2FC509.web07-pub?0,1620589389,15:43:09,20210509
16,2004-12-31,BIO3.DE,EUR,2004-12-31,2004-12-31,FY,217851000.0,114123000,103728000,0.4761419502320393,18530000,16799000.0,50035000,0.0,85102000.0,199225000,0.0,12868000,31494000,0.14456669925774956,18626000.0,0.08549880422857825,0.0,6223000.0,0.02856539561443372,369000.0,5854000.0,0.02687157736250924,0.19,0.19,24000000,24000000,https://www.bundesanzeiger.de/pub/de/suche;wwwsid=627BFD7A56A5CB624C47FDDEAB2FC509.web07-pub?0,https://www.bundesanzeiger.de/pub/de/suche;wwwsid=627BFD7A56A5CB624C47FDDEAB2FC509.web07-pub?0,1620589389,15:43:09,20210509
17,2003-12-31,BIO3.DE,EUR,2003-12-31,2003-12-31,FY,221889000.0,124395000,97494000,0.43938185308870653,18364000,16225000.0,-52547000,0.0,89842000.0,214237000,0.0,11015000,18667000,0.08412764941029073,7652000.0,0.03448571132413054,0.0,1447000.0,0.006521278657346691,-3797000.0,5244000.0,0.02363343834079202,0.256667,0.256667,24000000,24000000,https://www.bundesanzeiger.de/pub/de/suche;wwwsid=627BFD7A56A5CB624C47FDDEAB2FC509.web07-pub?0,https://www.bundesanzeiger.de/pub/de/suche;wwwsid=627BFD7A56A5CB624C47FDDEAB2FC509.web07-pub?0,1620589389,15:43:09,20210509
18,2002-12-31,BIO3.DE,EUR,2002-12-31,2002-12-31,FY,257856000.0,142067000,115789000,0.44904520352444777,19282000,19838000.0,-63914000,0.0,109004000.0,251071000,0.0,19570000,26355000,0.10220820923306032,6785000.0,0.02631313601389923,0.0,17277000.0,0.06700251303052866,-2520000.0,19797000.0,0.07677540953090096,0.853333,0.853333,24000000,24000000,https://www.bundesanzeiger.de/pub/de/suche;wwwsid=627BFD7A56A5CB624C47FDDEAB2FC509.web07-pub?0,https://www.bundesanzeiger.de/pub/de/suche;wwwsid=627BFD7A56A5CB624C47FDDEAB2FC509.web07-pub?0,1620589389,15:43:09,20210509
