,date,symbol,reportedCurrency,fillingDate,acceptedDate,period,revenue,costOfRevenue,grossProfit,grossProfitRatio,researchAndDevelopmentExpenses,generalAndAdministrativeExpenses,sellingAndMarketingExpenses,otherExpenses,operatingExpenses,costAndExpenses,interestExpense,depreciationAndAmortization,ebitda,ebitdaratio,operatingIncome,operatingIncomeRatio,totalOtherIncomeExpensesNet,incomeBeforeTax,incomeBeforeTaxRatio,incomeTaxExpense,netIncome,netIncomeRatio,eps,epsdiluted,weightedAverageShsOut,weightedAverageShsOutDil,link,finalLink,timestamp,est_time,est_date
0,2020-12-31,TCON,USD,2021-02-25,2021-02-25 17:20:06,FY,0.0,0.0,0.0,0.0,8198000.0,8025000.0,0.0,-7000.0,16223000,16223000,545000.0,12000.0,-16211000,0.0,-16223000,0.0,-7000.0,-16775000,0.0,0.0,-16775000,0.0,-1.5962174167064729,-1.5962174167064729,10509220.0,10509220.0,https://www.sec.gov/Archives/edgar/data/1394319/000156459021008957/0001564590-21-008957-index.htm,https://www.sec.gov/Archives/edgar/data/1394319/000156459021008957/tcon-10k_20201231.htm,1620598652,18:17:32,20210509
1,2019-12-31,TCON,USD,2020-02-28 00:00:00,2020-02-27 19:02:10,FY,0.0,0.0,0.0,0.0,14530000.0,7766000.0,0.0,8000.0,22296000,22296000,386000.0,16000.0,-22280000,0.0,-22296000,0.0,8000.0,-22674000,0.0,0.0,-22674000,0.0,-7.47,-7.47,3034299.0,3034299.0,https://www.sec.gov/Archives/edgar/data/1394319/000156459020007520/0001564590-20-007520-index.html,https://www.sec.gov/Archives/edgar/data/1394319/000156459020007520/tcon-10k_20191231.htm,1620598652,18:17:32,20210509
2,2018-12-31,TCON,USD,2019-03-01 00:00:00,2019-02-28 20:22:04,FY,3000000.0,0.0,0.0,0.0,30460000.0,7280000.0,0.0,12000.0,37740000,37740000,231000.0,28000.0,-34712000,-11.570666666666666,-34740000,-11.58,12000.0,-34959000,-11.653,0.0,-34959000,-11.653,-13.0,-13.0,2694570.0,2694570.0,https://www.sec.gov/Archives/edgar/data/1394319/000156459019005597/0001564590-19-005597-index.html,https://www.sec.gov/Archives/edgar/data/1394319/000156459019005597/tcon-10k_20181231.htm,1620598652,18:17:32,20210509
3,2017-12-31,TCON,USD,2018-03-01 00:00:00,2018-02-28 21:05:29,FY,8755000.0,0.0,0.0,0.0,19355000.0,7610000.0,0.0,0.0,26965000,26965000,0.0,48000.0,-18162000,-2.0744717304397486,-18210000,-2.0799543118218162,-7000.0,-19103000,-2.1819531696173615,0.0,-19103000,-2.1819531696173615,-11.4,-11.4,1680609.0,1680609.0,https://www.sec.gov/Archives/edgar/data/1394319/000156459018003925/0001564590-18-003925-index.html,https://www.sec.gov/Archives/edgar/data/1394319/000156459018003925/tcon-10k_20171231.htm,1620598652,18:17:32,20210509
4,2016-12-31,TCON,USD,2017-03-01 00:00:00,2017-02-28 19:06:51,FY,3449000.0,0.0,0.0,0.0,21566000.0,7859000.0,0.0,0.0,29425000,29425000,0.0,94000.0,-25882000,-7.5042041171354015,-25976000,-7.531458393737315,87000.0,-27008000,-7.830675558132792,0.0,-27008000,-7.830675558132792,-21.3,-21.3,1267791.0,1267791.0,https://www.sec.gov/Archives/edgar/data/1394319/000156459017002953/0001564590-17-002953-index.html,https://www.sec.gov/Archives/edgar/data/1394319/000156459017002953/tcon-10k_20161231.htm,1620598652,18:17:32,20210509
5,2015-12-31,TCON,USD,2016-02-19 00:00:00,2016-02-18 18:24:10,FY,7904000.0,0.0,7904000.0,1.0,25680000.0,5691000.0,0.0,0.0,31371000,31371000,923000.0,51000.0,-23416000,-2.9625506072874495,-23467000,-2.969003036437247,-20000.0,-24410000,-3.0883097165991904,0.0,-24410000,-3.0883097165991904,-22.0,-22.0,1111565.0,1111565.0,https://www.sec.gov/Archives/edgar/data/1394319/000155837016003288/0001558370-16-003288-index.html,https://www.sec.gov/Archives/edgar/data/1394319/000155837016003288/tcon-20151231x10k.htm,1620598652,18:17:32,20210509
