,date,symbol,reportedCurrency,fillingDate,acceptedDate,period,revenue,costOfRevenue,grossProfit,grossProfitRatio,researchAndDevelopmentExpenses,generalAndAdministrativeExpenses,sellingAndMarketingExpenses,otherExpenses,operatingExpenses,costAndExpenses,interestExpense,depreciationAndAmortization,ebitda,ebitdaratio,operatingIncome,operatingIncomeRatio,totalOtherIncomeExpensesNet,incomeBeforeTax,incomeBeforeTaxRatio,incomeTaxExpense,netIncome,netIncomeRatio,eps,epsdiluted,weightedAverageShsOut,weightedAverageShsOutDil,link,finalLink,timestamp,est_time,est_date
0,2020-05-31,CLSH,USD,2020-08-31,2020-08-31 15:39:50,FY,11917630.0,5959290.0,5958340.0,0.49996014308213965,0.0,8776880.0,0.0,25185003.0,8776876.0,39646169.99999999,2941131.0,449190.0,-27279350.0,-2.2889911836497694,-27728540.0,-2.3266824024575357,28510.0,-30657970.0,-2.5724888253788714,0.0,-30657970.0,-2.5724888253788714,-0.24257,-0.24257,126390105.0,126390105.0,https://www.sec.gov/Archives/edgar/data/1522222/000118518520001268/0001185185-20-001268-index.htm,https://www.sec.gov/Archives/edgar/data/1522222/000118518520001268/cls20200531_10k.htm,1620590393,15:59:53,20210509
1,2019-05-31,CLSH,USD,2019-08-29,2019-08-29 17:09:59,FY,8459050.0,4836170.0,3622880.0,0.42828450003250956,0.0,26472060.0,0.0,4769882000.0,26472057.0,31630110.0,4447993.0,288350.0,-22882710.0,-2.7051158226987666,-23171060.0,-2.7392035748695185,0.0,-27619060.0,-3.2650309431910203,0.0,-27619060.0,-3.2650309431910203,-0.26849,-0.26849,102869612.0,102869612.0,https://www.sec.gov/Archives/edgar/data/1522222/000118518519001214/0001185185-19-001214-index.htm,https://www.sec.gov/Archives/edgar/data/1522222/000118518519001214/cls20190531_10k.htm,1620590393,15:59:53,20210509
2,2018-05-31,CLSH,USD,2018-08-29,2018-08-28 21:48:48,FY,0.0,0.0,0.0,0.0,0.0,3116040.0,0.0,2294666.0,3116040.0,4130740.0,4709940.0,1320.0,-4129420.0,0.0,-4130740.0,0.0,-541080.0,-9577480.0,0.0,0.0,-9577480.0,0.0,-0.24417,-0.24417,39224613.0,39224613.0,https://www.sec.gov/Archives/edgar/data/1522222/000118518518001595/0001185185-18-001595-index.htm,https://www.sec.gov/Archives/edgar/data/1522222/000118518518001595/cls20180531_10k.htm,1620590393,15:59:53,20210509
3,2017-05-31,CLSH,USD,2017-08-29,2017-08-29 11:06:19,FY,0.0,0.0,0.0,0.0,0.0,1610960.0,0.0,892185.0,1469216.0,2605530.0,2571171.0,1320.0,-2604210.0,0.0,-2605530.0,0.0,0.0,-4865720.0,0.0,0.0,-4865720.0,0.0,-0.23417,-0.23417,20778785.0,20778785.0,https://www.sec.gov/Archives/edgar/data/1522222/000118518517001877/0001185185-17-001877-index.htm,https://www.sec.gov/Archives/edgar/data/1522222/000118518517001877/clsholdings10k053117.htm,1620590393,15:59:53,20210509
4,2016-05-31,CLSH,USD,2016-08-29,2016-08-29 08:21:48,FY,0.0,0.0,0.0,0.0,0.0,2270040.0,0.0,955810.0,2270035.0,2270040.0,402021.0,1290.0,-2268750.0,0.0,-2270040.0,0.0,0.0,-2610300.0,0.0,0.0,-2610300.0,0.0,-0.12957,-0.12957,20079223.0,20079223.0,https://www.sec.gov/Archives/edgar/data/1522222/000118518516005361/0001185185-16-005361-index.htm,https://www.sec.gov/Archives/edgar/data/1522222/000118518516005361/clsholdings10k053116.htm,1620590393,15:59:53,20210509
5,2015-05-31,CLSH,USD,2015-08-28,2015-08-28 15:56:40,FY,0.0,0.0,0.0,0.0,0.0,1503350.0,0.0,471585.0,1503348.0,1503350.0,12239.0,5556.0,-1497794.0,0.0,-1503350.0,0.0,0.0,-1515590.0,0.0,0.0,-1515590.0,0.0,-0.23844,-0.23844,6356167.0,6356167.0,https://www.sec.gov/Archives/edgar/data/1522222/000118518515002316/0001185185-15-002316-index.htm,https://www.sec.gov/Archives/edgar/data/1522222/000118518515002316/clsholdingsusa10k053115.htm,1620590393,15:59:53,20210509
6,2014-05-31,CLSH,USD,2014-08-29,2014-08-29 08:51:04,FY,0.0,0.0,0.0,0.0,0.0,30000.0,0.0,15789.0,27292.0,30000.0,631.0,0.0,-29369.0,0.0,-30000.0,0.0,-631.0,-30000.0,0.0,0.0,-30000.0,0.0,-0.00267,-0.00267,18000000.0,18000000.0,https://www.sec.gov/Archives/edgar/data/1522222/000118518514002351/0001185185-14-002351-index.htm,https://www.sec.gov/Archives/edgar/data/1522222/000118518514002351/adeltdesign10k053114.htm,1620590393,15:59:53,20210509
7,2013-05-31,CLSH,USD,2013-05-31,2013-05-31,FY,0.0,0.0,0.0,0.0,0.0,0.0,0.0,0.0,1430.0,0.0,0.0,0.0,0.0,0.0,0.0,0.0,0.0,0.0,0.0,0.0,0.0,0.0,0.0,0.0,11250000.0,11250000.0,,,1620590393,15:59:53,20210509
8,2011-05-31,CLSH,USD,2011-05-31,2011-05-31,FY,0.0,0.0,0.0,0.0,0.0,20000.0,0.0,0.0,20000.0,20000.0,0.0,0.0,-20000.0,0.0,-20000.0,0.0,0.0,-20000.0,0.0,0.0,-20000.0,0.0,-0.00178,-0.00178,11250000.0,11250000.0,,,1620590393,15:59:53,20210509
