,date,symbol,reportedCurrency,fillingDate,acceptedDate,period,revenue,costOfRevenue,grossProfit,grossProfitRatio,researchAndDevelopmentExpenses,generalAndAdministrativeExpenses,sellingAndMarketingExpenses,otherExpenses,operatingExpenses,costAndExpenses,interestExpense,depreciationAndAmortization,ebitda,ebitdaratio,operatingIncome,operatingIncomeRatio,totalOtherIncomeExpensesNet,incomeBeforeTax,incomeBeforeTaxRatio,incomeTaxExpense,netIncome,netIncomeRatio,eps,epsdiluted,weightedAverageShsOut,weightedAverageShsOutDil,link,finalLink,timestamp,est_time,est_date
0,2019-12-31,DCI.L,EUR,2019-12-31,2019-12-31,FY,9829000.0,0.0,0.0,0.0,0.0,3961000.0,195000.0,0.0,5571000.0,0.0,460000.0,38000.0,0.0,0.0,0.0,0.4332078543086784,0.0,4258000.0,0.4332078543086784,37000.0,4317000.0,0.4392104995421711,0.01,0.01,904627000,904627000,https://find-and-update.company-information.service.gov.uk/search/companies?q=Dolphin+Capital+Investors+Ltd,https://find-and-update.company-information.service.gov.uk/search/companies?q=Dolphin+Capital+Investors+Ltd,1620591012,16:10:12,20210509
1,2018-12-31,DCI.L,EUR,2018-12-31,2018-12-31,FY,-28776000.0,0.0,0.0,0.0,0.0,5232000.0,312000.0,0.0,8416000.0,0.0,4580000.0,45000.0,0.0,0.0,0.0,1.2924659438420907,0.0,-37192000.0,1.2924659438420907,-1614000.0,-40706000.0,1.4145815957742562,-0.05,-0.05,904627000,904627000,https://find-and-update.company-information.service.gov.uk/search/companies?q=Dolphin+Capital+Investors+Ltd,https://find-and-update.company-information.service.gov.uk/search/companies?q=Dolphin+Capital+Investors+Ltd,1620591012,16:10:12,20210509
2,2017-12-31,DCI.L,EUR,2017-12-31,2017-12-31,FY,-12591000.0,15191000.0,4311000.0,-0.34238741958541813,0.0,6169000.0,516000.0,0.0,29844000.0,32766000.0,7865000.0,2308000.0,-10956000.0,0.8701453419108888,-13264000.0,1.0534508776109919,0.0,-42435000.0,3.370264474624732,-2893000.0,-31986000.0,2.5403859899928523,-0.03,-0.03,904627000,904627000,https://find-and-update.company-information.service.gov.uk/search/companies?q=Dolphin+Capital+Investors+Ltd,https://find-and-update.company-information.service.gov.uk/search/companies?q=Dolphin+Capital+Investors+Ltd,1620591012,16:10:12,20210509
3,2016-12-31,DCI.L,EUR,2016-12-31,2016-12-31,FY,-179458000.0,0.0,0.0,0.0,0.0,8262000.0,713000.0,0.0,27848000.0,0.0,12928000.0,2284000.0,0.0,0.0,0.0,1.1551783704265064,0.0,-207306000.0,1.1551783704265064,-3584000.0,-243762000.0,1.3583233960035217,-0.27,-0.27,904627000,904627000,https://find-and-update.company-information.service.gov.uk/search/companies?q=Dolphin+Capital+Investors+Ltd,https://find-and-update.company-information.service.gov.uk/search/companies?q=Dolphin+Capital+Investors+Ltd,1620591012,16:10:12,20210509
4,2015-12-31,DCI.L,EUR,2015-12-31,2015-12-31,FY,-106982000.0,0.0,0.0,0.0,0.0,20684000.0,4799000.0,0.0,56309000.0,0.0,19700000.0,2919000.0,0.0,0.0,0.0,1.5263408797741675,0.0,-163291000.0,1.5263408797741675,-15296000.0,-145360000.0,1.3587332448449272,-0.18,-0.18,788860000,788860000,https://find-and-update.company-information.service.gov.uk/search/companies?q=Dolphin+Capital+Investors+Ltd,https://find-and-update.company-information.service.gov.uk/search/companies?q=Dolphin+Capital+Investors+Ltd,1620591012,16:10:12,20210509
5,2014-12-31,DCI.L,EUR,2014-12-31,2014-12-31,FY,64573000.0,0.0,0.0,0.0,0.0,30561000.0,0.0,0.0,41849000.0,0.0,15228000.0,3239000.0,0.0,0.0,0.0,0.3519117897573289,0.0,22724000.0,0.3519117897573289,-1588000.0,21639000.0,0.3351091013271801,0.03368252288151423,0.03339223023803094,642440000,648025000,https://find-and-update.company-information.service.gov.uk/search/companies?q=Dolphin+Capital+Investors+Ltd,https://find-and-update.company-information.service.gov.uk/search/companies?q=Dolphin+Capital+Investors+Ltd,1620591012,16:10:12,20210509
6,2013-12-31,DCI.L,EUR,2013-12-31,2013-12-31,FY,-69272000.0,0.0,0.0,0.0,0.0,21944000.0,295000.0,0.0,32346000.0,0.0,12308000.0,2447000.0,0.0,0.0,0.0,1.4669419101512877,0.0,-101618000.0,1.4669419101512877,11256000.0,-111910000.0,1.6155156484582516,-0.17419525558807047,-0.1726939547085375,642440000,648025000,https://find-and-update.company-information.service.gov.uk/search/companies?q=Dolphin+Capital+Investors+Ltd,https://find-and-update.company-information.service.gov.uk/search/companies?q=Dolphin+Capital+Investors+Ltd,1620591012,16:10:12,20210509
7,2012-12-31,DCI.L,EUR,2012-12-31,2012-12-31,FY,20524000.0,0.0,0.0,0.0,0.0,43058000.0,1364000.0,0.0,65175000.0,0.0,20661000.0,1758000.0,0.0,0.0,0.0,-2.1755505749366595,0.0,-44651000.0,-2.1755505749366595,-1936000.0,-41220000.0,-2.008380432664198,-0.07,-0.07,583306000,583306000,https://find-and-update.company-information.service.gov.uk/search/companies?q=Dolphin+Capital+Investors+Ltd,https://find-and-update.company-information.service.gov.uk/search/companies?q=Dolphin+Capital+Investors+Ltd,1620591012,16:10:12,20210509
8,2011-12-31,DCI.L,EUR,2011-12-31,2011-12-31,FY,-26616150.4,0.0,0.0,0.0,0.0,0.0,2101086.0,0.0,76560940.0,76560940.0,28073142.8,1841293.6,-74719646.4,2.807304785894207,-76560940.0,2.8764843468873695,0.0,-182332362.8,6.850440806045341,-16237623.6,-161126359.2,6.053706369197553,-0.25,-0.25,636090000,636090000,https://find-and-update.company-information.service.gov.uk/search/companies?q=Dolphin+Capital+Investors+Ltd,https://find-and-update.company-information.service.gov.uk/search/companies?q=Dolphin+Capital+Investors+Ltd,1620591012,16:10:12,20210509
9,2010-12-31,DCI.L,EUR,2010-12-31,2010-12-31,FY,-20589978.2,0.0,0.0,0.0,0.0,0.0,2952763.0,0.0,45134091.2,45134091.2,20414913.2,1944388.6,-43189702.6,2.0976079809545403,-45134091.2,2.1920417186260064,0.0,-78207371.0,3.798322185693232,-5940539.0,-72597121.3,3.5258474095907495,-0.12,-0.12,627403000,627403000,https://find-and-update.company-information.service.gov.uk/search/companies?q=Dolphin+Capital+Investors+Ltd,https://find-and-update.company-information.service.gov.uk/search/companies?q=Dolphin+Capital+Investors+Ltd,1620591012,16:10:12,20210509
10,2009-12-31,DCI.L,EUR,2009-12-31,2009-12-31,FY,-19160064.0,0.0,0.0,0.0,0.0,0.0,3488460.8,0.0,106153062.4,106153062.4,22717235.2,1565696.0,-104587366.4,5.458612580834803,-106153062.4,5.540329218106996,0.0,-186719948.8,9.745267489711935,-19518259.2,-170607923.2,8.90435038212816,-0.29,-0.29,583241000,583241000,https://find-and-update.company-information.service.gov.uk/search/companies?q=Dolphin+Capital+Investors+Ltd,https://find-and-update.company-information.service.gov.uk/search/companies?q=Dolphin+Capital+Investors+Ltd,1620591012,16:10:12,20210509
11,2008-12-31,DCI.L,EUR,2008-12-31,2008-12-31,FY,-10994430.4,0.0,0.0,0.0,0.0,0.0,9550516.8,0.0,85521059.2,85521059.2,21086153.6,2885737.6,-82635321.60000001,7.516107573885774,-85521059.2,7.7785802527796255,0.0,-156473427.2,14.23206309987646,-19360144.0,-119534523.2,10.87227976812696,-0.23,-0.23,520364000,520364000,https://find-and-update.company-information.service.gov.uk/search/companies?q=Dolphin+Capital+Investors+Ltd,https://find-and-update.company-information.service.gov.uk/search/companies?q=Dolphin+Capital+Investors+Ltd,1620591012,16:10:12,20210509
12,2007-12-31,DCI.L,EUR,2007-12-31,2007-12-31,FY,3570744.6,0.0,0.0,0.0,0.0,0.0,5633568.8,0.0,454924314.6,454924314.6,8068601.2,1014369.6,-453909945.0,-127.11912943871707,-454924314.6,-127.40320733104238,0.0,710940839.8,199.10156548300876,31284576.4,574483587.4,160.88621611302023,1.33,1.24,431163000,462698000,https://find-and-update.company-information.service.gov.uk/search/companies?q=Dolphin+Capital+Investors+Ltd,https://find-and-update.company-information.service.gov.uk/search/companies?q=Dolphin+Capital+Investors+Ltd,1620591012,16:10:12,20210509
13,2006-12-31,DCI.L,EUR,2006-12-31,2006-12-31,FY,3682297.0,0.0,0.0,0.0,0.0,0.0,0.0,0.0,-2541723.0,-2541723.0,376717.0,2978.0,2544701.0,0.6910634856449657,2541723.0,0.6902547513141933,0.0,126020026.0,34.22321067529317,10524252.0,110324477.0,29.96077638495754,1.01,1.01,109096000,109096000,https://find-and-update.company-information.service.gov.uk/search/companies?q=Dolphin+Capital+Investors+Ltd,https://find-and-update.company-information.service.gov.uk/search/companies?q=Dolphin+Capital+Investors+Ltd,1620591012,16:10:12,20210509
