,date,symbol,reportedCurrency,fillingDate,acceptedDate,period,revenue,costOfRevenue,grossProfit,grossProfitRatio,researchAndDevelopmentExpenses,generalAndAdministrativeExpenses,sellingAndMarketingExpenses,otherExpenses,operatingExpenses,costAndExpenses,interestExpense,depreciationAndAmortization,ebitda,ebitdaratio,operatingIncome,operatingIncomeRatio,totalOtherIncomeExpensesNet,incomeBeforeTax,incomeBeforeTaxRatio,incomeTaxExpense,netIncome,netIncomeRatio,eps,epsdiluted,weightedAverageShsOut,weightedAverageShsOutDil,link,finalLink,timestamp,est_time,est_date
0,2021-03-31,SBRY.L,GBP,2021-03-31,2021-03-31,FY,29048000000,27283000000.0,1765000000,0.060761498209859544,0.0,1718000000.0,0.0,0.0,0.0,28988000000.0,351000000.0,1249000000,1309000000,0.045063343431561556,60000000.0,-0.008985128063894244,0.0,-261000000,-0.008985128063894244,19000000,-280000000,-0.009639217846323328,-0.13,-0.13,2210000000,2320100000,https://find-and-update.company-information.service.gov.uk/search/companies?q=J+Sainsbury+PLC,https://find-and-update.company-information.service.gov.uk/search/companies?q=J+Sainsbury+PLC,1620597628,18:00:28,20210509
1,2020-03-31,SBRY.L,GBP,2020-03-31,2020-03-31,FY,28993000000,26977000000.0,2016000000,0.06953402545442003,0.0,1459000000.0,0.0,2000000.0,1366000000.0,28343000000.0,390000000.0,1256000000,1906000000,0.06574000620839512,650000000.0,0.022419204635601698,0.0,255000000,0.008795226433966819,103000000,152000000,0.00524264477632532,0.06885305308932778,0.06153846153846154,2207600000,2470000000,https://find-and-update.company-information.service.gov.uk/search/companies?q=J+Sainsbury+PLC,https://find-and-update.company-information.service.gov.uk/search/companies?q=J+Sainsbury+PLC,1620597628,18:00:28,20210509
2,2019-03-31,SBRY.L,GBP,2019-03-31,2019-03-31,FY,29007000000,27000000000.0,2007000000,0.06919019547005895,0.0,1733000000.0,0.0,0.0,1695000000.0,28695000000.0,83000000.0,792000000,1104000000,0.03805977867411314,312000000.0,0.010756024407901542,0.0,239000000,0.00823939049195022,20000000,219000000,0.007549901747853967,0.076,0.075,2447000000,2480000000,https://find-and-update.company-information.service.gov.uk/search/companies?q=J+Sainsbury+PLC,https://find-and-update.company-information.service.gov.uk/search/companies?q=J+Sainsbury+PLC,1620597628,18:00:28,20210509
3,2018-03-31,SBRY.L,GBP,2018-03-31,2018-03-31,FY,28456000000,26574000000.0,1882000000,0.06613719426482992,0.0,1415000000.0,0.0,0.0,1364000000.0,27938000000.0,135000000.0,731000000,1249000000,0.043892324992971604,518000000.0,0.018203542310936183,0.0,409000000,0.014373067191453473,100000000,309000000,0.010858869834129885,0.133,0.127,2186200000,2429800000,https://find-and-update.company-information.service.gov.uk/search/companies?q=J+Sainsbury+PLC,https://find-and-update.company-information.service.gov.uk/search/companies?q=J+Sainsbury+PLC,1620597628,18:00:28,20210509
4,2017-03-31,SBRY.L,GBP,2017-03-31,2017-03-31,FY,26224000000,24590000000.0,1634000000,0.062309334960341675,0.0,1207000000.0,0.0,0.0,992000000.0,25582000000.0,130000000.0,628000000,1270000000,0.04842892007321538,642000000.0,0.024481391092129347,0.0,503000000,0.01918090298962782,126000000,377000000,0.01437614399023795,0.175,0.165,2049000000,2280000000,https://find-and-update.company-information.service.gov.uk/search/companies?q=J+Sainsbury+PLC,https://find-and-update.company-information.service.gov.uk/search/companies?q=J+Sainsbury+PLC,1620597628,18:00:28,20210509
5,2017-02-28,SBRY.L,GBP,2017-02-28,2017-02-28,FY,26224000000,24590000000.0,1634000000,0.062309334960341675,0.0,1207000000.0,0.0,0.0,992000000.0,0.0,114000000.0,628000000,1270000000,0.04842892007321538,642000000.0,0.024481391092129347,0.0,503000000,0.01918090298962782,126000000,377000000,0.01437614399023795,0.175,0.165,2049000000,2280000000,https://find-and-update.company-information.service.gov.uk/search/companies?q=J+Sainsbury+PLC,https://find-and-update.company-information.service.gov.uk/search/companies?q=J+Sainsbury+PLC,1620597628,18:00:28,20210509
6,2016-03-31,SBRY.L,GBP,2016-03-31,2016-03-31,FY,23506000000,22050000000.0,1456000000,0.061941631923764146,0.0,850000000.0,0.0,0.0,749000000.0,22799000000.0,142000000.0,584000000,1291000000,0.05492214753679912,707000000.0,0.030077427039904705,0.0,548000000,0.023313196630647494,77000000,471000000,0.020037437250063815,0.239,0.225,1920800000,2108200000,https://find-and-update.company-information.service.gov.uk/search/companies?q=J+Sainsbury+PLC,https://find-and-update.company-information.service.gov.uk/search/companies?q=J+Sainsbury+PLC,1620597628,18:00:28,20210509
7,2016-02-29,SBRY.L,GBP,2016-02-29,2016-02-29,FY,23506000000,22050000000.0,1456000000,0.061941631923764146,0.0,850000000.0,0.0,0.0,850000000.0,0.0,120000000.0,584000000,1291000000,0.05492214753679912,707000000.0,0.030077427039904705,0.0,548000000,0.023313196630647494,77000000,471000000,0.020037437250063815,0.21335386845443016,0.21335386845443016,2207600000,2207600000,https://find-and-update.company-information.service.gov.uk/search/companies?q=J+Sainsbury+PLC,https://find-and-update.company-information.service.gov.uk/search/companies?q=J+Sainsbury+PLC,1620597628,18:00:28,20210509
8,2015-03-31,SBRY.L,GBP,2015-03-31,2015-03-31,FY,23775000000,22567000000.0,1208000000,0.050809674027339644,0.0,1132000000.0,0.0,0.0,1127000000.0,23694000000.0,154000000.0,579000000,660000000,0.0277602523659306,81000000.0,0.003406940063091483,0.0,-72000000,-0.003028391167192429,94000000,-166000000,-0.006982124079915878,-0.08686551543694401,-0.0833919421280016,1911000000,1990600000,https://find-and-update.company-information.service.gov.uk/search/companies?q=J+Sainsbury+PLC,https://find-and-update.company-information.service.gov.uk/search/companies?q=J+Sainsbury+PLC,1620597628,18:00:28,20210509
9,2015-02-28,SBRY.L,GBP,2015-02-28,2015-02-28,FY,23775000000,22567000000.0,1208000000,0.050809674027339644,0.0,1132000000.0,0.0,-31000000.0,1132000000.0,0.0,123000000.0,579000000,660000000,0.0277602523659306,81000000.0,0.003406940063091483,0.0,-72000000,-0.003028391167192429,94000000,-166000000,-0.006982124079915878,-0.07519478166334481,-0.07519478166334481,2207600000,2207600000,https://find-and-update.company-information.service.gov.uk/search/companies?q=J+Sainsbury+PLC,https://find-and-update.company-information.service.gov.uk/search/companies?q=J+Sainsbury+PLC,1620597628,18:00:28,20210509
10,2014-03-31,SBRY.L,GBP,2014-03-31,2014-03-31,FY,23949000000,22562000000.0,1387000000,0.05791473547956073,0.0,444000000.0,0.0,0.0,378000000.0,22940000000.0,152000000.0,551000000,1560000000,0.06513841914067393,1009000000.0,0.04213119545701282,0.0,898000000,0.03749634640277256,182000000,716000000,0.02989686416969393,0.377,0.369,1896800000,1968500000,https://find-and-update.company-information.service.gov.uk/search/companies?q=J+Sainsbury+PLC,https://find-and-update.company-information.service.gov.uk/search/companies?q=J+Sainsbury+PLC,1620597628,18:00:28,20210509
11,2013-03-31,SBRY.L,GBP,2013-03-31,2013-03-31,FY,23303000000,22026000000.0,1277000000,0.05479981118310947,0.0,457000000.0,0.0,-5000000.0,390000000.0,22416000000.0,133000000.0,517000000,1404000000,0.060249753250654424,887000000.0,0.03806376861348324,0.0,788000000,0.03381538857657812,174000000,614000000,0.026348538814744884,0.326,0.321,1881500000,1948000000,https://find-and-update.company-information.service.gov.uk/search/companies?q=J+Sainsbury+PLC,https://find-and-update.company-information.service.gov.uk/search/companies?q=J+Sainsbury+PLC,1620597628,18:00:28,20210509
12,2012-03-31,SBRY.L,GBP,2012-03-31,2012-03-31,FY,22294000000,21083000000.0,1211000000,0.05431954786041087,0.0,440000000.0,0.0,29000000.0,486000000.0,21569000000.0,124000000.0,499000000,1224000000,0.05490266439400736,725000000.0,0.032519960527496186,0.0,799000000,0.03583923925719924,201000000,598000000,0.026823360545438234,0.32,0.315,1870300000,1929500000,https://find-and-update.company-information.service.gov.uk/search/companies?q=J+Sainsbury+PLC,https://find-and-update.company-information.service.gov.uk/search/companies?q=J+Sainsbury+PLC,1620597628,18:00:28,20210509
13,2011-03-31,SBRY.L,GBP,2011-03-31,2011-03-31,FY,21102000000,19942000000.0,1160000000,0.054971092787413516,0.0,464000000.0,0.0,33000000.0,483000000.0,20425000000.0,113000000.0,482000000,1159000000,0.054923703914320915,677000000.0,0.03208226708368875,0.0,827000000,0.03919059804757843,187000000,640000000,0.03032887877926263,0.344,0.338,1858700000,1921000000,https://find-and-update.company-information.service.gov.uk/search/companies?q=J+Sainsbury+PLC,https://find-and-update.company-information.service.gov.uk/search/companies?q=J+Sainsbury+PLC,1620597628,18:00:28,20210509
14,2010-03-31,SBRY.L,GBP,2010-03-31,2010-03-31,FY,19964000000,18882000000.0,1082000000,0.05419755560008015,0.0,510000000.0,0.0,37000000.0,491000000.0,19373000000.0,134000000.0,479000000,1070000000,0.05359647365257463,591000000.0,0.029603285914646362,0.0,733000000,0.03671608896012823,148000000,585000000,0.029302744940893608,0.321,0.316,1821700000,1872600000,https://find-and-update.company-information.service.gov.uk/search/companies?q=J+Sainsbury+PLC,https://find-and-update.company-information.service.gov.uk/search/companies?q=J+Sainsbury+PLC,1620597628,18:00:28,20210509
15,2009-03-31,SBRY.L,GBP,2009-03-31,2009-03-31,FY,18911000000,17875000000.0,1036000000,0.05478293056950981,0.0,296000000.0,0.0,39000000.0,508000000.0,18383000000.0,140000000.0,453000000,981000000,0.05187457035587753,528000000.0,0.027920258050869864,0.0,466000000,0.024641742900957116,177000000,289000000,0.015282110940722331,0.166,0.164,1738500000,1763200000,https://find-and-update.company-information.service.gov.uk/search/companies?q=J+Sainsbury+PLC,https://find-and-update.company-information.service.gov.uk/search/companies?q=J+Sainsbury+PLC,1620597628,18:00:28,20210509
16,2008-03-31,SBRY.L,GBP,2008-03-31,2008-03-31,FY,17837000000,16835000000.0,1002000000,0.05617536581263666,0.0,475000000.0,0.0,4000000.0,447000000.0,17282000000.0,127000000.0,463000000,1018000000,0.05707237764198016,555000000.0,0.03111509783035264,0.0,479000000,0.026854291640971015,150000000,329000000,0.018444805740875706,0.191,0.186,1718700000,1767200000,https://find-and-update.company-information.service.gov.uk/search/companies?q=J+Sainsbury+PLC,https://find-and-update.company-information.service.gov.uk/search/companies?q=J+Sainsbury+PLC,1620597628,18:00:28,20210509
17,2007-03-31,SBRY.L,GBP,2007-03-31,2007-03-31,FY,17151000000,15979000000.0,1172000000,0.06833420791790566,0.0,758000000.0,0.0,30000000.0,795000000.0,16774000000.0,106000000.0,479000000,856000000,0.04990962626085942,377000000.0,0.021981225584514024,0.0,477000000,0.027811789400034984,153000000,325000000,0.018949332400443122,0.192,0.189,1691300000,1719800000,https://find-and-update.company-information.service.gov.uk/search/companies?q=J+Sainsbury+PLC,https://find-and-update.company-information.service.gov.uk/search/companies?q=J+Sainsbury+PLC,1620597628,18:00:28,20210509
18,2006-03-31,SBRY.L,GBP,2006-03-31,2006-03-31,FY,16061000000,14994000000.0,1067000000,0.06643421953801133,0.0,776000000.0,0.0,24000000.0,735000000.0,15729000000.0,103000000.0,470000000,802000000,0.04993462424506569,332000000.0,0.02067119108399228,0.0,104000000,0.0064753128696843285,46000000,64000000,0.00398480791980574,0.038117927337701016,0.03782058858290982,1679000000,1692200000,https://find-and-update.company-information.service.gov.uk/search/companies?q=J+Sainsbury+PLC,https://find-and-update.company-information.service.gov.uk/search/companies?q=J+Sainsbury+PLC,1620597628,18:00:28,20210509
19,2005-03-31,SBRY.L,GBP,2005-03-31,2005-03-31,FY,15202000000,14544000000.0,658000000,0.04328377845020392,0.0,333000000.0,0.0,-2000000.0,830000000.0,15374000000.0,132000000.0,748000000,576000000,0.03788975134850678,-172000000.0,-0.01131430074990133,0.0,-238000000,-0.015655834758584397,-51000000,184000000,0.012103670569661886,0.10514886564946568,0.10474780826596834,1749900000,1756600000,https://find-and-update.company-information.service.gov.uk/search/companies?q=J+Sainsbury+PLC,https://find-and-update.company-information.service.gov.uk/search/companies?q=J+Sainsbury+PLC,1620597628,18:00:28,20210509
20,2004-03-31,SBRY.L,GBP,2004-03-31,2004-03-31,FY,17141000000,15658000000.0,1483000000,0.08651770608482585,0.0,827000000.0,0.0,30000000.0,945000000.0,16603000000.0,85000000.0,425000000,963000000,0.056181086284347474,538000000.0,0.03138673356280264,0.0,610000000,0.03558718861209965,206000000,396000000,0.02310250277113354,0.236571,0.235429,1699750500,1699750500,https://find-and-update.company-information.service.gov.uk/search/companies?q=J+Sainsbury+PLC,https://find-and-update.company-information.service.gov.uk/search/companies?q=J+Sainsbury+PLC,1620597628,18:00:28,20210509
21,2003-03-31,SBRY.L,GBP,2003-03-31,2003-03-31,FY,17079000000,15688000000.0,1391000000,0.08144504947596463,0.0,690000000.0,0.0,29000000.0,873000000.0,16561000000.0,105000000.0,398000000,916000000,0.053633116693014814,518000000.0,0.030329644592774752,0.0,667000000,0.03905380877100533,206000000,454000000,0.02658235259675625,0.270857,0.270857,1672912500,1672912500,https://find-and-update.company-information.service.gov.uk/search/companies?q=J+Sainsbury+PLC,https://find-and-update.company-information.service.gov.uk/search/companies?q=J+Sainsbury+PLC,1620597628,18:00:28,20210509
22,2002-03-31,SBRY.L,GBP,2002-03-31,2002-03-31,FY,17162000000,15905000000.0,1257000000,0.07324321174688264,0.0,0.0,0.0,26000000.0,623000000.0,16528000000.0,128000000.0,362000000,996000000,0.05803519403332945,634000000.0,0.036942081342500876,0.0,571000000,0.03327118051509148,200000000,364000000,0.02120964922503205,0.218286,0.216,1669062500,1683062500,https://find-and-update.company-information.service.gov.uk/search/companies?q=J+Sainsbury+PLC,https://find-and-update.company-information.service.gov.uk/search/companies?q=J+Sainsbury+PLC,1620597628,18:00:28,20210509
23,2001-03-31,SBRY.L,GBP,2001-03-31,2001-03-31,FY,17244000000,16082000000.0,1162000000,0.06738575736488053,0.0,0.0,0.0,10000000.0,544000000.0,16626000000.0,139000000.0,410000000,1028000000,0.05961493852934354,618000000.0,0.03583855254001392,0.0,437000000,0.025342147993504986,157000000,276000000,0.016005567153792623,0.165714,0.164571,1663812500,1672475000,https://find-and-update.company-information.service.gov.uk/search/companies?q=J+Sainsbury+PLC,https://find-and-update.company-information.service.gov.uk/search/companies?q=J+Sainsbury+PLC,1620597628,18:00:28,20210509
24,2000-03-31,SBRY.L,GBP,2000-03-31,2000-03-31,FY,16271000000,15201000000.0,1070000000,0.06576117018007498,8000000.0,515000000.0,0.0,15000000.0,536000000.0,15737000000.0,108000000.0,11000000,545000000,0.03349517546555221,534000000.0,0.03281912605248602,0.0,509000000,0.03128265011369922,162000000,349000000,0.021449204105463707,0.20844376423158759,0.20799809285416293,1674312500,1677900000,https://find-and-update.company-information.service.gov.uk/search/companies?q=J+Sainsbury+PLC,https://find-and-update.company-information.service.gov.uk/search/companies?q=J+Sainsbury+PLC,1620597628,18:00:28,20210509
25,1998-03-31,SBRY.L,GBP,1998-03-31,1998-03-31,FY,14500000000,13289000000.0,1211000000,0.08351724137931034,0.0,357000000.0,0.0,0.0,421000000.0,13710000000.0,104000000.0,345000000,1135000000,0.07827586206896552,790000000.0,0.05448275862068966,0.0,719000000,0.04958620689655172,236000000,487000000,0.03358620689655172,0.298286,0.293714,1635637500,1716487500,https://find-and-update.company-information.service.gov.uk/search/companies?q=J+Sainsbury+PLC,https://find-and-update.company-information.service.gov.uk/search/companies?q=J+Sainsbury+PLC,1620597628,18:00:28,20210509
26,1998-02-28,SBRY.L,GBP,1998-02-28,1998-02-28,FY,14500000000,0.0,14500000000,1.0,8500000.0,0.0,0.0,21000000.0,13712000000.0,0.0,104000000.0,345000000,1133000000,0.07813793103448276,788000000.0,0.054344827586206894,0.0,691000000,0.04765517241379311,226000000,469000000,0.032344827586206895,0.2867383512544803,0.2841842956364986,1635637500,1650337500,https://find-and-update.company-information.service.gov.uk/search/companies?q=J+Sainsbury+PLC,https://find-and-update.company-information.service.gov.uk/search/companies?q=J+Sainsbury+PLC,1620597628,18:00:28,20210509
27,1997-03-31,SBRY.L,GBP,1997-03-31,1997-03-31,FY,13395000000,12413000000.0,982000000,0.07331093691675998,0.0,287000000.0,0.0,0.0,324000000.0,12737000000.0,94000000.0,299000000,957000000,0.07144456886898096,658000000.0,0.04912280701754386,0.0,609000000,0.045464725643896975,208000000,403000000,0.030085852930197835,0.251429,0.249143,1605791896,1702079610,https://find-and-update.company-information.service.gov.uk/search/companies?q=J+Sainsbury+PLC,https://find-and-update.company-information.service.gov.uk/search/companies?q=J+Sainsbury+PLC,1620597628,18:00:28,20210509
28,1997-02-28,SBRY.L,GBP,1997-02-28,1997-02-28,FY,13395000000,0.0,13395000000,1.0,7500000.0,0.0,0.0,21000000.0,12737000000.0,0.0,94000000.0,299000000,957000000,0.07144456886898096,658000000.0,0.04912280701754386,0.0,609000000,0.045464725643896975,208000000,403000000,0.030085852930197835,0.251429,0.249143,1605792125,1702079750,https://find-and-update.company-information.service.gov.uk/search/companies?q=J+Sainsbury+PLC,https://find-and-update.company-information.service.gov.uk/search/companies?q=J+Sainsbury+PLC,1620597628,18:00:28,20210509
29,1996-03-31,SBRY.L,GBP,1996-03-31,1996-03-31,FY,12627000000,11569000000.0,1058000000,0.08378870673952642,0.0,252000000.0,0.0,0.0,302000000.0,11871000000.0,68000000.0,278000000,1034000000,0.081888017739764,756000000.0,0.05987170349251604,0.0,712000000,0.05638710699295161,234000000,488000000,0.03864734299516908,0.306286,0.301714,1590265320,1691415276,https://find-and-update.company-information.service.gov.uk/search/companies?q=J+Sainsbury+PLC,https://find-and-update.company-information.service.gov.uk/search/companies?q=J+Sainsbury+PLC,1620597628,18:00:28,20210509
30,1996-02-29,SBRY.L,GBP,1996-02-29,1996-02-29,FY,12627000000,0.0,12627000000,1.0,6000000.0,0.0,0.0,19000000.0,11854000000.0,0.0,68000000.0,278000000,1051000000,0.08323433911459571,773000000.0,0.061218024867347745,0.0,712000000,0.05638710699295161,234000000,488000000,0.03864734299516908,0.306286,0.301714,1590265250,1691415250,https://find-and-update.company-information.service.gov.uk/search/companies?q=J+Sainsbury+PLC,https://find-and-update.company-information.service.gov.uk/search/companies?q=J+Sainsbury+PLC,1620597628,18:00:28,20210509
31,1995-03-31,SBRY.L,GBP,1995-03-31,1995-03-31,FY,11357000000,10241300000.0,1115700000,0.09823897155939068,0.0,216800000.0,0.0,0.0,277400000.0,10518700000.0,48900000.0,227600000,1065900000,0.0938540107422735,838300000.0,0.07381350708813947,0.0,809200000,0.07125121070705293,269900000,535500000,0.047151536497314434,0.340571,0.331429,1573504307,1678585080,https://find-and-update.company-information.service.gov.uk/search/companies?q=J+Sainsbury+PLC,https://find-and-update.company-information.service.gov.uk/search/companies?q=J+Sainsbury+PLC,1620597628,18:00:28,20210509
32,1995-02-28,SBRY.L,GBP,1995-02-28,1995-02-28,FY,11357000000,0.0,11357000000,1.0,5500000.0,0.0,0.0,1000000.0,10518000000.0,0.0,49000000.0,228000000,1067000000,0.093950867306507,839000000.0,0.0738751430835608,0.0,809000000,0.07123360042264683,270000000,535000000,0.0471075107862992,0.340571,0.331429,1573504625,1678585125,https://find-and-update.company-information.service.gov.uk/search/companies?q=J+Sainsbury+PLC,https://find-and-update.company-information.service.gov.uk/search/companies?q=J+Sainsbury+PLC,1620597628,18:00:28,20210509
33,1994-03-31,SBRY.L,GBP,1994-03-31,1994-03-31,FY,10583200000,9574500000.0,1008700000,0.09531143699448182,0.0,212900000.0,0.0,0.0,269200000.0,9843700000.0,20200000.0,206900000,946400000,0.08942474865825081,739500000.0,0.06987489606168266,0.0,368800000,0.034847683120417264,227300000,141400000,0.013360798246277119,0.09067938773038842,0.08497560396683956,1559340039,1664007002,https://find-and-update.company-information.service.gov.uk/search/companies?q=J+Sainsbury+PLC,https://find-and-update.company-information.service.gov.uk/search/companies?q=J+Sainsbury+PLC,1620597628,18:00:28,20210509
34,1994-02-28,SBRY.L,GBP,1994-02-28,1994-02-28,FY,10583200000,0.0,10583200000,1.0,4800000.0,0.0,0.0,7000000.0,9850700000.0,0.0,20200000.0,206900000,939400000,0.08876332300249452,732500000.0,0.06921347040592638,0.0,368800000,0.034847683120417264,227300000,141600000,0.01337969612215587,0.0908076421107935,0.08509580865582426,1559340125,1664006750,https://find-and-update.company-information.service.gov.uk/search/companies?q=J+Sainsbury+PLC,https://find-and-update.company-information.service.gov.uk/search/companies?q=J+Sainsbury+PLC,1620597628,18:00:28,20210509
35,1993-03-31,SBRY.L,GBP,1993-03-31,1993-03-31,FY,9685500000,8688900000.0,996600000,0.10289608177172062,0.0,211600000.0,0.0,0.0,270200000.0,8959100000.0,23500000.0,19700000,746100000,0.07703267771410872,726400000.0,0.07499870941097517,0.0,732800000,0.0756594909916886,228800000,502800000,0.05191265293479944,0.325371,0.319314,1545184505,1640641985,https://find-and-update.company-information.service.gov.uk/search/companies?q=J+Sainsbury+PLC,https://find-and-update.company-information.service.gov.uk/search/companies?q=J+Sainsbury+PLC,1620597628,18:00:28,20210509
36,1993-02-28,SBRY.L,GBP,1993-02-28,1993-02-28,FY,9685500000,0.0,9685500000,1.0,4800000.0,0.0,0.0,-2400000.0,8956700000.0,0.0,23500000.0,154700000,883500000,0.09121883227505033,728800000.0,0.07524650250374271,0.0,732800000,0.0756594909916886,228800000,502800000,0.05191265293479944,0.325714,0.318857,1545184375,1640641625,https://find-and-update.company-information.service.gov.uk/search/companies?q=J+Sainsbury+PLC,https://find-and-update.company-information.service.gov.uk/search/companies?q=J+Sainsbury+PLC,1620597628,18:00:28,20210509
37,1992-03-31,SBRY.L,GBP,1992-03-31,1992-03-31,FY,8695500000,7825000000.0,870500000,0.10010925191190846,0.0,202800000.0,0.0,0.0,252200000.0,8077200000.0,0.0,135600000,753900000,0.08670001725030188,618300000.0,0.07110574435052613,0.0,628000000,0.07222126387211776,184500000,438200000,0.050393881892933125,0.2936,0.288229,1537901504,1537901504,https://find-and-update.company-information.service.gov.uk/search/companies?q=J+Sainsbury+PLC,https://find-and-update.company-information.service.gov.uk/search/companies?q=J+Sainsbury+PLC,1620597628,18:00:28,20210509
38,1992-02-29,SBRY.L,GBP,1992-02-29,1992-02-29,FY,8695500000,0.0,8695500000,1.0,4000000.0,0.0,0.0,-2500000.0,8076400000.0,0.0,103900000.0,135600000,754700000,0.08679201886033006,619100000.0,0.07119774596055431,0.0,628000000,0.07222126387211776,184500000,438200000,0.050393881892933125,0.293714,0.288,1492246875,1588209875,https://find-and-update.company-information.service.gov.uk/search/companies?q=J+Sainsbury+PLC,https://find-and-update.company-information.service.gov.uk/search/companies?q=J+Sainsbury+PLC,1620597628,18:00:28,20210509
39,1991-03-31,SBRY.L,GBP,1991-03-31,1991-03-31,FY,7813300000,0.0,7813300000,1.0,0.0,0.0,0.0,553500000.0,7813300000.0,7813300000.0,114900000.0,125400000,758500000,0.09707805920673723,0.0,0.06632280854440506,0.0,518200000,0.06632280854440506,163400000,355200000,0.045460944799252556,0.264684,0.264684,1341979679,1341979679,https://find-and-update.company-information.service.gov.uk/search/companies?q=J+Sainsbury+PLC,https://find-and-update.company-information.service.gov.uk/search/companies?q=J+Sainsbury+PLC,1620597628,18:00:28,20210509
40,1990-03-31,SBRY.L,GBP,1990-03-31,1990-03-31,FY,6930400000,0.0,6930400000,1.0,5000000.0,0.0,0.0,467600000.0,6930400000.0,6930400000.0,95500000.0,103400000,650300000,0.09383296779406672,0.0,0.06513332563776983,0.0,451400000,0.06513332563776983,140500000,313700000,0.04526434260648736,0.235766,0.235766,1330554022,1330554022,https://find-and-update.company-information.service.gov.uk/search/companies?q=J+Sainsbury+PLC,https://find-and-update.company-information.service.gov.uk/search/companies?q=J+Sainsbury+PLC,1620597628,18:00:28,20210509
41,1989-03-31,SBRY.L,GBP,1989-03-31,1989-03-31,FY,5659000000,0.0,5659000000,1.0,4000000.0,0.0,0.0,402000000.0,5659000000.0,5659000000.0,86800000.0,79600000,541500000,0.09568828414914296,0.0,0.06628379572362608,0.0,375100000,0.06628379572362608,125100000,251200000,0.04438946810390528,0.190114,0.190114,1321311528,1321311528,https://find-and-update.company-information.service.gov.uk/search/companies?q=J+Sainsbury+PLC,https://find-and-update.company-information.service.gov.uk/search/companies?q=J+Sainsbury+PLC,1620597628,18:00:28,20210509
42,1988-03-31,SBRY.L,GBP,1988-03-31,1988-03-31,FY,4791500000,0.0,4791500000,1.0,0.0,0.0,0.0,310700000.0,4791500000.0,4791500000.0,54900000.0,63400000,426700000,0.08905353229677554,0.0,0.06436397787749139,0.0,308400000,0.06436397787749139,109000000,199700000,0.04167797140770114,0.205217,0.205217,973116999,973116999,https://find-and-update.company-information.service.gov.uk/search/companies?q=J+Sainsbury+PLC,https://find-and-update.company-information.service.gov.uk/search/companies?q=J+Sainsbury+PLC,1620597628,18:00:28,20210509
43,1987-03-31,SBRY.L,GBP,1987-03-31,1987-03-31,FY,3857100000,0.0,3857100000,1.0,0.0,0.0,0.0,240800000.0,3857100000.0,3857100000.0,39400000.0,49800000,336100000,0.08713800523709522,0.0,0.0640118223535817,0.0,246900000,0.0640118223535817,88900000,158200000,0.04101527054004304,0.126837,0.126837,1247269250,1247269250,https://find-and-update.company-information.service.gov.uk/search/companies?q=J+Sainsbury+PLC,https://find-and-update.company-information.service.gov.uk/search/companies?q=J+Sainsbury+PLC,1620597628,18:00:28,20210509
44,1986-03-31,SBRY.L,GBP,1986-03-31,1986-03-31,FY,3414100000,0.0,3414100000,1.0,0.0,0.0,0.0,194900000.0,3414100000.0,3414100000.0,37200000.0,40300000,270200000,0.0791423801294631,0.0,0.0564424006326704,0.0,192700000,0.0564424006326704,65400000,127400000,0.03731583726311473,0.102988,0.102988,1237037055,1237037055,https://find-and-update.company-information.service.gov.uk/search/companies?q=J+Sainsbury+PLC,https://find-and-update.company-information.service.gov.uk/search/companies?q=J+Sainsbury+PLC,1620597628,18:00:28,20210509
