,date,symbol,reportedCurrency,fillingDate,acceptedDate,period,revenue,costOfRevenue,grossProfit,grossProfitRatio,researchAndDevelopmentExpenses,generalAndAdministrativeExpenses,sellingAndMarketingExpenses,otherExpenses,operatingExpenses,costAndExpenses,interestExpense,depreciationAndAmortization,ebitda,ebitdaratio,operatingIncome,operatingIncomeRatio,totalOtherIncomeExpensesNet,incomeBeforeTax,incomeBeforeTaxRatio,incomeTaxExpense,netIncome,netIncomeRatio,eps,epsdiluted,weightedAverageShsOut,weightedAverageShsOutDil,link,finalLink,timestamp,est_time,est_date
0,2019-12-31,ASC.OL,NOK,2019-12-31,2019-12-31,FY,1351353000,328696000.0,1022657000.0,0.7567652567463867,0.0,243155000,0.0,0.0,683254000,1011950000,28703000.0,38971000.0,378374000,0.27999641840436956,339403000,0.2511579135873454,0.0,333971000,0.24713823849134903,80307000,227443000,0.16830761466471011,0.5,0.44,455182000,525151000,https://www.oslobors.no/ob_eng/,https://www.oslobors.no/ob_eng/,1620588777,15:32:57,20210509
1,2018-12-31,ASC.OL,NOK,2018-12-31,2018-12-31,FY,1137397000,305455000.0,831942000.0,0.7314438142530708,0.0,262373000,0.0,0.0,599941000,905396000,29556000.0,10504000.0,242505000,0.2132105148861831,232001000,0.2039753929366791,0.0,237441000,0.20875824360359663,65421000,147187000,0.12940688255727772,0.32,0.3,455585000,495867000,https://www.oslobors.no/ob_eng/,https://www.oslobors.no/ob_eng/,1620588777,15:32:57,20210509
2,2017-12-31,ASC.OL,NOK,2017-12-31,2017-12-31,FY,1283138000,289545000.0,993593000.0,0.7743461732097405,0.0,253359000,0.0,0.0,682849000,972394000,21988000.0,8505000.0,319249000,0.24880332435014785,310744000,0.24217504274676613,0.0,330830000,0.25782885395023764,84496000,240498000,0.18742956720165718,0.52,0.49,459517000,493763000,https://www.oslobors.no/ob_eng/,https://www.oslobors.no/ob_eng/,1620588777,15:32:57,20210509
3,2016-12-31,ASC.OL,NOK,2016-12-31,2016-12-31,FY,1242962000,332038000.0,910924000.0,0.7328655260579164,0.0,245476000,0.0,1000.0,644034000,976072000,16441000.0,6279000.0,273169000,0.21977260769033968,266890000,0.21472096492089057,0.0,281928000,0.22681948442510713,71249000,210679000,0.16949753894326616,0.45,0.43,469275000,496534000,https://www.oslobors.no/ob_eng/,https://www.oslobors.no/ob_eng/,1620588777,15:32:57,20210509
4,2015-12-31,ASC.OL,NOK,2015-12-31,2015-12-31,FY,1313863000,293285000.0,1020578000.0,0.7767765741176972,0.0,257170000,0.0,0.0,696288000,989573000,14642000.0,8830000.0,333120000,0.25354241652287945,324290000,0.24682177669970157,0.0,341398000,0.25984292121781344,111119000,230279000,0.1752686543421955,0.5,0.47,464156000,499142000,https://www.oslobors.no/ob_eng/,https://www.oslobors.no/ob_eng/,1620588777,15:32:57,20210509
5,2014-12-31,ASC.OL,NOK,2014-12-31,2014-12-31,FY,1149440000,276971000.0,872469000.0,0.7590383143095768,0.0,236102000,0.0,-1000.0,599648000,876619000,17168000.0,11228000.0,284049000,0.24711946687082406,272821000,0.23735123190423163,0.0,290153000,0.2524298788975501,72899000,217254000,0.18900856069042316,0.48,0.44,453840000,500947000,https://www.oslobors.no/ob_eng/,https://www.oslobors.no/ob_eng/,1620588777,15:32:57,20210509
6,2013-12-31,ASC.OL,NOK,2013-12-31,2013-12-31,FY,918900000,256121000.0,662779000.0,0.7212743497660246,0.0,205856000,0.0,0.0,487688000,743809000,14446000.0,13271000.0,188362000,0.2049863967787572,175091000,0.1905441288497116,0.0,195971000,0.21326694961366852,57900000,138071000,0.15025682881706387,0.32,0.3,436987000,490550000,https://www.oslobors.no/ob_eng/,https://www.oslobors.no/ob_eng/,1620588777,15:32:57,20210509
7,2012-12-31,ASC.OL,NOK,2012-12-31,2012-12-31,FY,930289000,268754000.0,661535000.0,0.7111069785840745,0.0,215821000,0.0,-1000.0,520169000,788923000,21093000.0,16168000.0,157534000,0.16933877536980443,141366000,0.15195922987372742,0.0,211611000,0.22746802337768157,48402000,163209000,0.17543903023684038,0.38,0.37,424638000,476995000,https://www.oslobors.no/ob_eng/,https://www.oslobors.no/ob_eng/,1620588777,15:32:57,20210509
8,2011-12-31,ASC.OL,NOK,2011-12-31,2011-12-31,FY,960752000,0.0,0.0,0.0,0.0,655253000,0.0,9236000.0,801716000,801716000,0.0,16925000.0,175961000,0.18314924142754843,159036000,0.165532832614452,0.0,168872000,0.1757706463270438,46255000,122617000,0.12762606791346778,0.30247272942557885,0.26380764075499624,405382000,464797000,https://www.oslobors.no/ob_eng/,https://www.oslobors.no/ob_eng/,1620588777,15:32:57,20210509
9,2010-12-31,ASC.OL,NOK,2010-12-31,2010-12-31,FY,1295769000,0.0,0.0,0.0,0.0,575124000,0.0,43522000.0,938391000,938391000,0.0,18432000.0,375810000,0.2900285467548614,357378000,0.27580378910129816,0.0,400540000,0.30911373863705643,121760000,278779000,0.21514560079767303,0.73,0.66,383470000,450253000,https://www.oslobors.no/ob_eng/,https://www.oslobors.no/ob_eng/,1620588777,15:32:57,20210509
10,2009-12-31,ASC.OL,NOK,2009-12-31,2009-12-31,FY,1013648000,0.0,0.0,0.0,0.0,477920000,0.0,33485000.0,500098000,500098000,0.0,22178000.0,535728000,0.5285148296055435,513550000,0.5066354395214118,0.0,284800000,0.2809653844332549,79556000,205244000,0.20248054551481381,0.56,0.53,422847000,422847000,https://www.oslobors.no/ob_eng/,https://www.oslobors.no/ob_eng/,1620588777,15:32:57,20210509
11,2008-12-31,ASC.OL,NOK,2008-12-31,2008-12-31,FY,1287206000,0.0,0.0,0.0,0.0,312900000,0.0,-393188000.0,969396000,969396000,163665000.0,20422000.0,338232000,0.26276446815816584,317810000,0.24689909773571597,-2137000.0,19391000,0.015064410824685404,114945000,-95554000,-0.07423365024712439,-0.2713191721349412,-0.23871968661701773,352183000,400277000,https://www.oslobors.no/ob_eng/,https://www.oslobors.no/ob_eng/,1620588777,15:32:57,20210509
12,2007-12-31,ASC.OL,NOK,2007-12-31,2007-12-31,FY,2192344000,0.0,0.0,0.0,0.0,233868900,0.0,0.0,1404236900,1404236900,0.0,14051000.0,-1390185900,-0.6341093824691746,-1404236900,-0.6405185043952957,0.0,887241100,0.4046997642705707,262134000,625107100,0.2851318497462077,1.99,1.81,314607000,353859000,https://www.oslobors.no/ob_eng/,https://www.oslobors.no/ob_eng/,1620588777,15:32:57,20210509
13,2006-12-31,ASC.OL,NOK,2006-12-31,2006-12-31,FY,1834606000,0.0,0.0,0.0,0.0,205513000,0.0,0.0,1180231000,1180231000,0.0,11544000.0,-1168687000,-0.6370234262833546,-1180231000,-0.64331578551471,0.0,719577000,0.39222427049731656,175355000,544222000,0.29664243984812,1.95,1.73,288556000,321689000,https://www.oslobors.no/ob_eng/,https://www.oslobors.no/ob_eng/,1620588777,15:32:57,20210509
14,2005-12-31,ASC.OL,NOK,2005-12-31,2005-12-31,FY,1193373000,0.0,0.0,0.0,0.0,163340700,0.0,0.0,802252700,802252700,0.0,12480000.0,-789772700,-0.6617986999873468,-802252700,-0.6722564529279613,0.0,426920300,0.35774254989848103,88140000,338780300,0.28388466975539084,1.14,1.14,302810000,302810000,https://www.oslobors.no/ob_eng/,https://www.oslobors.no/ob_eng/,1620588777,15:32:57,20210509
15,2004-12-31,ASC.OL,NOK,2004-12-31,2004-12-31,FY,839533000,0.0,0.0,0.0,0.0,165502000,0.0,0.0,612835000,612835000,0.0,12940000.0,-599895000,-0.7145579744929622,-612835000,-0.7299713054757824,0.0,390383000,0.46500018462645304,89805000,300578000,0.3580300000119114,1.12,1.12,269307000,269307000,https://www.oslobors.no/ob_eng/,https://www.oslobors.no/ob_eng/,1620588777,15:32:57,20210509
16,2003-12-31,ASC.OL,NOK,2003-12-31,2003-12-31,FY,627856000,0.0,0.0,0.0,0.0,312543000,0.0,12584000.0,332574000,332574000,0.0,20031000.0,315313000,0.5022059198287505,295282000,0.47030210748961543,0.0,159825000,0.2545567773502204,51028000,108797000,0.17328336433831962,0.42,0.41,261456000,263386000,https://www.oslobors.no/ob_eng/,https://www.oslobors.no/ob_eng/,1620588777,15:32:57,20210509
17,2002-12-31,ASC.OL,NOK,2002-12-31,2002-12-31,FY,466308000,0.0,0.0,0.0,0.0,293146000,0.0,29907000.0,315074000,315074000,0.0,21928000.0,173162000,0.37134683513900685,151234000,0.3243221218593719,0.0,85516000,0.18338951937346132,29683000,55833000,0.11973416711701279,0.22,0.22,253552000,253552000,https://www.oslobors.no/ob_eng/,https://www.oslobors.no/ob_eng/,1620588777,15:32:57,20210509
