,date,symbol,reportedCurrency,fillingDate,acceptedDate,period,revenue,costOfRevenue,grossProfit,grossProfitRatio,researchAndDevelopmentExpenses,generalAndAdministrativeExpenses,sellingAndMarketingExpenses,otherExpenses,operatingExpenses,costAndExpenses,interestExpense,depreciationAndAmortization,ebitda,ebitdaratio,operatingIncome,operatingIncomeRatio,totalOtherIncomeExpensesNet,incomeBeforeTax,incomeBeforeTaxRatio,incomeTaxExpense,netIncome,netIncomeRatio,eps,epsdiluted,weightedAverageShsOut,weightedAverageShsOutDil,link,finalLink,timestamp,est_time,est_date
0,2020-12-31,AUP.TO,USD,2020-12-31,2020-12-31,FY,50118000.0,50327000.0,-209000.0,-0.00417015842611437,0.0,95983000.0,0.0,-6809000.0,0.0,147599000.0,0.0,1289000.0,-96192000.0,-1.9193104273913564,-97481000.0,-1.9450297298375834,-6809000.0,-102774000.0,-2.0506404884472644,-94000.0,-102680000.0,-2.0487649148010694,-1.1038011695906433,-1.1038011695906433,93024000.0,93024000.0,https://www.sedar.com/ModifyCompanyDocumentSearchForm.do?lang=EN&company_search=Aurinia Pharmaceuticals Inc&document_selection=0&industry_group=A&FromDate=13&FromMonth=05&FromYear=2000&ToDate=13&ToMonth=11&ToYear=2020&Variable=Issuer,https://www.sedar.com/ModifyCompanyDocumentSearchForm.do?lang=EN&company_search=Aurinia Pharmaceuticals Inc&document_selection=0&industry_group=A&FromDate=13&FromMonth=05&FromYear=2000&ToDate=13&ToMonth=11&ToYear=2020&Variable=Issuer,1620588931,15:35:31,20210509
1,2019-12-31,AUP.TO,USD,2019-12-31,2019-12-31,FY,318000.0,52866000.0,-52548000.0,-165.24528301886792,0.0,22154000.0,0.0,-7866000.0,23702000.0,76568000.0,39000.0,1548000.0,-74702000.0,-234.91194968553458,-76250000.0,-239.77987421383648,-50115000.0,-123702000.0,-389.0,144000.0,-123846000.0,-389.45283018867923,-1.33,-1.33,93024000.0,93024000.0,https://www.sedar.com/ModifyCompanyDocumentSearchForm.do?lang=EN&company_search=Aurinia Pharmaceuticals Inc&document_selection=0&industry_group=A&FromDate=13&FromMonth=05&FromYear=2000&ToDate=13&ToMonth=11&ToYear=2020&Variable=Issuer,https://www.sedar.com/ModifyCompanyDocumentSearchForm.do?lang=EN&company_search=Aurinia Pharmaceuticals Inc&document_selection=0&industry_group=A&FromDate=13&FromMonth=05&FromYear=2000&ToDate=13&ToMonth=11&ToYear=2020&Variable=Issuer,1620588931,15:35:31,20210509
2,2018-12-31,AUP.TO,USD,2018-12-31,2018-12-31,FY,463000.0,41382000.0,-40919000.0,-88.37796976241901,0.0,13674000.0,0.0,-236000.0,15239000.0,56621000.0,0.0,1565000.0,-54593000.0,-117.91144708423326,-56158000.0,-121.29157667386609,-10123000.0,-64047000.0,-138.3304535637149,73000.0,-64120000.0,-138.48812095032397,-0.76,-0.76,84782000.0,84782000.0,https://www.sedar.com/ModifyCompanyDocumentSearchForm.do?lang=EN&company_search=Aurinia Pharmaceuticals Inc&document_selection=0&industry_group=A&FromDate=13&FromMonth=05&FromYear=2000&ToDate=13&ToMonth=11&ToYear=2020&Variable=Issuer,https://www.sedar.com/ModifyCompanyDocumentSearchForm.do?lang=EN&company_search=Aurinia Pharmaceuticals Inc&document_selection=0&industry_group=A&FromDate=13&FromMonth=05&FromYear=2000&ToDate=13&ToMonth=11&ToYear=2020&Variable=Issuer,1620588931,15:35:31,20210509
3,2017-12-31,AUP.TO,USD,2017-12-31,2017-12-31,FY,420000.0,33931000.0,-33511000.0,-79.78809523809524,33930000.0,12096000.0,0.0,-502000.0,13552000.0,47483000.0,0.0,1456000.0,-45607000.0,-108.58809523809524,-47063000.0,-112.0547619047619,-24431000.0,-70792000.0,-168.55238095238096,0.0,-70792000.0,-168.55238095238096,-0.92,-0.92,76947826.0,76947826.0,https://www.sedar.com/ModifyCompanyDocumentSearchForm.do?lang=EN&company_search=Aurinia Pharmaceuticals Inc&document_selection=0&industry_group=A&FromDate=13&FromMonth=05&FromYear=2000&ToDate=13&ToMonth=11&ToYear=2020&Variable=Issuer,https://www.sedar.com/ModifyCompanyDocumentSearchForm.do?lang=EN&company_search=Aurinia Pharmaceuticals Inc&document_selection=0&industry_group=A&FromDate=13&FromMonth=05&FromYear=2000&ToDate=13&ToMonth=11&ToYear=2020&Variable=Issuer,1620588931,15:35:31,20210509
4,2016-12-31,AUP.TO,USD,2016-12-31,2016-12-31,FY,173000.0,14538000.0,-14365000.0,-83.03468208092485,0.0,6970000.0,0.0,-1630000.0,8449000.0,22987000.0,0.0,1479000.0,-21335000.0,-123.32369942196532,-22814000.0,-131.8728323699422,-508000.0,-23295000.0,-134.65317919075144,0.0,-23295000.0,-134.65317919075144,-0.66,-0.66,35285000.0,35285000.0,https://www.sedar.com/ModifyCompanyDocumentSearchForm.do?lang=EN&company_search=Aurinia Pharmaceuticals Inc&document_selection=0&industry_group=A&FromDate=13&FromMonth=05&FromYear=2000&ToDate=13&ToMonth=11&ToYear=2020&Variable=Issuer,https://www.sedar.com/ModifyCompanyDocumentSearchForm.do?lang=EN&company_search=Aurinia Pharmaceuticals Inc&document_selection=0&industry_group=A&FromDate=13&FromMonth=05&FromYear=2000&ToDate=13&ToMonth=11&ToYear=2020&Variable=Issuer,1620588931,15:35:31,20210509
5,2015-12-31,AUP.TO,USD,2015-12-31,2015-12-31,FY,235000.0,15994000.0,-15759000.0,-67.0595744680851,0.0,6263000.0,0.0,-337000.0,7821000.0,23815000.0,0.0,1558000.0,-22022000.0,-93.71063829787234,-23580000.0,-100.34042553191489,4923000.0,-18607000.0,-79.17872340425532,0.0,-18607000.0,-79.17872340425532,-0.58,-0.58,32154000.0,32154000.0,https://www.sedar.com/ModifyCompanyDocumentSearchForm.do?lang=EN&company_search=Aurinia Pharmaceuticals Inc&document_selection=0&industry_group=A&FromDate=13&FromMonth=05&FromYear=2000&ToDate=13&ToMonth=11&ToYear=2020&Variable=Issuer,https://www.sedar.com/ModifyCompanyDocumentSearchForm.do?lang=EN&company_search=Aurinia Pharmaceuticals Inc&document_selection=0&industry_group=A&FromDate=13&FromMonth=05&FromYear=2000&ToDate=13&ToMonth=11&ToYear=2020&Variable=Issuer,1620588931,15:35:31,20210509
6,2014-12-31,AUP.TO,USD,2014-12-31,2014-12-31,FY,278000.0,9149000.0,-8871000.0,-31.91007194244604,0.0,6890000.0,0.0,-848000.0,8411000.0,17560000.0,30000.0,1521000.0,-15761000.0,-56.694244604316545,-17282000.0,-62.16546762589928,600000.0,-16647000.0,-59.881294964028775,0.0,-16647000.0,-59.881294964028775,-0.57,-0.57,29158000.0,29158000.0,https://www.sedar.com/ModifyCompanyDocumentSearchForm.do?lang=EN&company_search=Aurinia Pharmaceuticals Inc&document_selection=0&industry_group=A&FromDate=13&FromMonth=05&FromYear=2000&ToDate=13&ToMonth=11&ToYear=2020&Variable=Issuer,https://www.sedar.com/ModifyCompanyDocumentSearchForm.do?lang=EN&company_search=Aurinia Pharmaceuticals Inc&document_selection=0&industry_group=A&FromDate=13&FromMonth=05&FromYear=2000&ToDate=13&ToMonth=11&ToYear=2020&Variable=Issuer,1620588931,15:35:31,20210509
7,2013-12-31,AUP.TO,USD,2013-12-31,2013-12-31,FY,948561.661204,1934690.120871,-986128.459667,-1.0396039603954863,1933750.95091,2231467.828733,0.0,-4206542.257952,3044789.015468,4979479.136339,100491.18589,813321.186735,-3217596.2884,-3.3920792079198483,-4030917.475135,-4.249504950493778,-2273730.477004,-6402321.628145,-6.749504950493778,-3856231.86228,-2546089.765865,-2.6841584158411727,-0.403843,-0.403843,6344000.0,6344000.0,https://www.sedar.com/ModifyCompanyDocumentSearchForm.do?lang=EN&company_search=Aurinia Pharmaceuticals Inc&document_selection=0&industry_group=A&FromDate=13&FromMonth=05&FromYear=2000&ToDate=13&ToMonth=11&ToYear=2020&Variable=Issuer,https://www.sedar.com/ModifyCompanyDocumentSearchForm.do?lang=EN&company_search=Aurinia Pharmaceuticals Inc&document_selection=0&industry_group=A&FromDate=13&FromMonth=05&FromYear=2000&ToDate=13&ToMonth=11&ToYear=2020&Variable=Issuer,1620588931,15:35:31,20210509
8,2012-12-31,AUP.TO,USD,2012-12-31,2012-12-31,FY,6157836.012183,5555723.088367,602112.923816,0.09777995429315539,0.0,3902174.240825,0.0,0.0,6070383.884684,11626106.973051,56291.024597,851401.747032,-4616869.213836,-0.7497551420177044,-5468270.960868,-0.8880182827293993,-4175587.788868,-9738347.25531,-1.5814560888018325,0.0,-9737342.058442,-1.5812928501468875,-2.512992,-2.512992,3552380.0,3552380.0,https://www.sedar.com/ModifyCompanyDocumentSearchForm.do?lang=EN&company_search=Aurinia Pharmaceuticals Inc&document_selection=0&industry_group=A&FromDate=13&FromMonth=05&FromYear=2000&ToDate=13&ToMonth=11&ToYear=2020&Variable=Issuer,https://www.sedar.com/ModifyCompanyDocumentSearchForm.do?lang=EN&company_search=Aurinia Pharmaceuticals Inc&document_selection=0&industry_group=A&FromDate=13&FromMonth=05&FromYear=2000&ToDate=13&ToMonth=11&ToYear=2020&Variable=Issuer,1620588931,15:35:31,20210509
9,2011-12-31,AUP.TO,USD,2011-12-31,2011-12-31,FY,927522.037218,185112.634672,742409.402547,0.8004223864845034,3476003.917728,2744368.266405,0.0,4022526.934378,7181194.906954,7366307.541626,979.431929,960822.722821,-5477962.781586,-5.906019007393662,-6438785.504407,-6.941921858503142,4022526.934378,-2407443.682664,-2.595564941922956,0.0,-2407443.682664,-2.595564941922956,-0.489716,-0.489716,3459280.0,3459280.0,https://www.sedar.com/ModifyCompanyDocumentSearchForm.do?lang=EN&company_search=Aurinia Pharmaceuticals Inc&document_selection=0&industry_group=A&FromDate=13&FromMonth=05&FromYear=2000&ToDate=13&ToMonth=11&ToYear=2020&Variable=Issuer,https://www.sedar.com/ModifyCompanyDocumentSearchForm.do?lang=EN&company_search=Aurinia Pharmaceuticals Inc&document_selection=0&industry_group=A&FromDate=13&FromMonth=05&FromYear=2000&ToDate=13&ToMonth=11&ToYear=2020&Variable=Issuer,1620588931,15:35:31,20210509
10,2010-12-31,AUP.TO,USD,2010-12-31,2010-12-31,FY,3420452.727564,50991.841305,3369460.886258,0.9850920783394905,3989361.702128,3267477.203647,0.0,-424932.010878,8415653.495441,8466645.336746,0.0,1146816.509359,-3899376.099824,-1.1400175387312201,-5046192.609183,-1.4752996199941142,-424932.010878,-5459126.539754,-1.596024554223825,100983.842585,-3660414.333707,-1.0701549254603784,-1.49976,-1.49976,2761000.0,2761000.0,https://www.sedar.com/ModifyCompanyDocumentSearchForm.do?lang=EN&company_search=Aurinia Pharmaceuticals Inc&document_selection=0&industry_group=A&FromDate=13&FromMonth=05&FromYear=2000&ToDate=13&ToMonth=11&ToYear=2020&Variable=Issuer,https://www.sedar.com/ModifyCompanyDocumentSearchForm.do?lang=EN&company_search=Aurinia Pharmaceuticals Inc&document_selection=0&industry_group=A&FromDate=13&FromMonth=05&FromYear=2000&ToDate=13&ToMonth=11&ToYear=2020&Variable=Issuer,1620588931,15:35:31,20210509
11,2009-12-31,AUP.TO,USD,2009-12-31,2009-12-31,FY,4052144.016808,575876.229586,3476267.787222,0.8578835729437781,7651609.20638,3609970.394423,0.0,2447712.730398,12493553.624296,13069429.853882,1028555.056824,1274949.861522,-7742335.975552,-1.9106764082020162,-9017285.837074,-2.2253122790480675,2447712.730398,0.0,0.0,0.0,-7598128.163499,-1.8750883808627024,-3.342565,-3.342565,2393906.0,2393906.0,https://www.sedar.com/ModifyCompanyDocumentSearchForm.do?lang=EN&company_search=Aurinia Pharmaceuticals Inc&document_selection=0&industry_group=A&FromDate=13&FromMonth=05&FromYear=2000&ToDate=13&ToMonth=11&ToYear=2020&Variable=Issuer,https://www.sedar.com/ModifyCompanyDocumentSearchForm.do?lang=EN&company_search=Aurinia Pharmaceuticals Inc&document_selection=0&industry_group=A&FromDate=13&FromMonth=05&FromYear=2000&ToDate=13&ToMonth=11&ToYear=2020&Variable=Issuer,1620588931,15:35:31,20210509
12,2008-12-31,AUP.TO,USD,2008-12-31,2008-12-31,FY,3876746.09696,2115036.976171,1761709.120789,0.45442984315389306,11442892.358258,4539030.402629,0.0,478225.143796,17380443.714051,19495480.690222,741166.803615,1401807.723911,-14216926.869351,-3.667231877914157,-15618734.593262,-4.028825773632591,478225.143796,0.0,0.0,0.0,-15881676.253081,-4.096651123356987,-7.395234,-7.395234,2124869.0,2124869.0,https://www.sedar.com/ModifyCompanyDocumentSearchForm.do?lang=EN&company_search=Aurinia Pharmaceuticals Inc&document_selection=0&industry_group=A&FromDate=13&FromMonth=05&FromYear=2000&ToDate=13&ToMonth=11&ToYear=2020&Variable=Issuer,https://www.sedar.com/ModifyCompanyDocumentSearchForm.do?lang=EN&company_search=Aurinia Pharmaceuticals Inc&document_selection=0&industry_group=A&FromDate=13&FromMonth=05&FromYear=2000&ToDate=13&ToMonth=11&ToYear=2020&Variable=Issuer,1620588931,15:35:31,20210509
13,2007-12-31,AUP.TO,USD,2007-12-31,2007-12-31,FY,2334646.066848,1050186.812077,1284459.254771,0.5501730103806035,29697061.496516,5711400.585681,0.0,0.0,37308896.294052,38359083.106129,0.0,1763102.090276,-34261334.949005,-14.675173010383173,-36024437.039281,-15.430363321802139,2206402.100374,-33822074.118954,-14.487024221456018,0.0,-33822074.118954,-14.487024221456018,-16.15672,-16.15672,2093375.0,2093375.0,https://www.sedar.com/ModifyCompanyDocumentSearchForm.do?lang=EN&company_search=Aurinia Pharmaceuticals Inc&document_selection=0&industry_group=A&FromDate=13&FromMonth=05&FromYear=2000&ToDate=13&ToMonth=11&ToYear=2020&Variable=Issuer,https://www.sedar.com/ModifyCompanyDocumentSearchForm.do?lang=EN&company_search=Aurinia Pharmaceuticals Inc&document_selection=0&industry_group=A&FromDate=13&FromMonth=05&FromYear=2000&ToDate=13&ToMonth=11&ToYear=2020&Variable=Issuer,1620588931,15:35:31,20210509
14,2006-12-31,AUP.TO,USD,2006-12-31,2006-12-31,FY,3522649.279341,597117.364447,2925531.914894,0.8304919629811385,19003946.46534,6193376.801647,0.0,0.0,27078757.721345,27675875.085793,268531.228552,1551132.463967,-22602093.342485,-6.416220165611629,-24153225.806452,-6.856551388212699,1237989.018531,-22853466.026081,-6.4875791524600235,-857.927248,-22852608.098833,-6.487335606429759,-13.726840086948556,-13.559159902001305,1664812.0,1685400.0,https://www.sedar.com/ModifyCompanyDocumentSearchForm.do?lang=EN&company_search=Aurinia Pharmaceuticals Inc&document_selection=0&industry_group=A&FromDate=13&FromMonth=05&FromYear=2000&ToDate=13&ToMonth=11&ToYear=2020&Variable=Issuer,https://www.sedar.com/ModifyCompanyDocumentSearchForm.do?lang=EN&company_search=Aurinia Pharmaceuticals Inc&document_selection=0&industry_group=A&FromDate=13&FromMonth=05&FromYear=2000&ToDate=13&ToMonth=11&ToYear=2020&Variable=Issuer,1620588931,15:35:31,20210509
15,2005-12-31,AUP.TO,USD,2005-12-31,2005-12-31,FY,1177888.754951,0.0,1177888.754951,1.0,19445496.81419,9783020.492509,0.0,0.0,31467194.764939,31467194.764939,381436.197692,2136214.913036,-28153091.096952,-23.901315789472125,-30289306.009988,-25.714912280700084,1493886.688479,-29074392.973997,-24.683479532162178,861.029792,-29075254.003789,-24.68421052631454,-18.512136408447063,-18.387628698862287,1570605.0,1581240.0,https://www.sedar.com/ModifyCompanyDocumentSearchForm.do?lang=EN&company_search=Aurinia Pharmaceuticals Inc&document_selection=0&industry_group=A&FromDate=13&FromMonth=05&FromYear=2000&ToDate=13&ToMonth=11&ToYear=2020&Variable=Issuer,https://www.sedar.com/ModifyCompanyDocumentSearchForm.do?lang=EN&company_search=Aurinia Pharmaceuticals Inc&document_selection=0&industry_group=A&FromDate=13&FromMonth=05&FromYear=2000&ToDate=13&ToMonth=11&ToYear=2020&Variable=Issuer,1620588931,15:35:31,20210509
16,2004-12-31,AUP.TO,USD,2004-12-31,2004-12-31,FY,1273562.147504,0.0,0.0,0.0,13520055.900311,7850167.201823,0.0,0.0,24432262.46527,24432262.46527,0.0,2326684.080057,-20832016.237710003,-16.357282821680734,-23158700.317767,-18.184193337682615,33273.994709,-22556441.013526,-17.71129980404443,3327.399471,-22559768.412997,-17.71391247550104,-14.973294306570065,-14.957281415252472,1506667.0,1508280.0,https://www.sedar.com/ModifyCompanyDocumentSearchForm.do?lang=EN&company_search=Aurinia Pharmaceuticals Inc&document_selection=0&industry_group=A&FromDate=13&FromMonth=05&FromYear=2000&ToDate=13&ToMonth=11&ToYear=2020&Variable=Issuer,https://www.sedar.com/ModifyCompanyDocumentSearchForm.do?lang=EN&company_search=Aurinia Pharmaceuticals Inc&document_selection=0&industry_group=A&FromDate=13&FromMonth=05&FromYear=2000&ToDate=13&ToMonth=11&ToYear=2020&Variable=Issuer,1620588931,15:35:31,20210509
17,2003-12-31,AUP.TO,USD,2003-12-31,2003-12-31,FY,7661343.183448,0.0,7661343.183448,1.0,9123437.463852,8332240.875406,0.0,0.0,18878444.134272,18878444.134272,34701.604756,1388064.190257,-9829036.760567,-1.2829391041772165,-11217100.950824,-1.464116758933089,-3302821.62604,-14519922.576864,-1.8952189229995158,126468.070668,-14646390.647532,-1.911726220432847,-10.410481,-10.410481,1406889.0,1406889.0,https://www.sedar.com/ModifyCompanyDocumentSearchForm.do?lang=EN&company_search=Aurinia Pharmaceuticals Inc&document_selection=0&industry_group=A&FromDate=13&FromMonth=05&FromYear=2000&ToDate=13&ToMonth=11&ToYear=2020&Variable=Issuer,https://www.sedar.com/ModifyCompanyDocumentSearchForm.do?lang=EN&company_search=Aurinia Pharmaceuticals Inc&document_selection=0&industry_group=A&FromDate=13&FromMonth=05&FromYear=2000&ToDate=13&ToMonth=11&ToYear=2020&Variable=Issuer,1620588931,15:35:31,20210509
18,2002-12-31,AUP.TO,USD,2002-12-31,2002-12-31,FY,11916966.798153,686014.825543,11230951.97261,0.9424337721869525,7105970.234579,4965985.098234,0.0,0.0,12773850.131169,13459864.956711,0.0,680933.234242,-861964.9243160001,-0.07233089920579415,-1542898.158558,-0.1294707105164657,1248801.062053,-294097.096506,-0.02467885507171018,71777.477117,-365874.573623,-0.030701988166964313,-0.3175994562699653,-0.2838481385459821,1152000.0,1288980.0,https://www.sedar.com/ModifyCompanyDocumentSearchForm.do?lang=EN&company_search=Aurinia Pharmaceuticals Inc&document_selection=0&industry_group=A&FromDate=13&FromMonth=05&FromYear=2000&ToDate=13&ToMonth=11&ToYear=2020&Variable=Issuer,https://www.sedar.com/ModifyCompanyDocumentSearchForm.do?lang=EN&company_search=Aurinia Pharmaceuticals Inc&document_selection=0&industry_group=A&FromDate=13&FromMonth=05&FromYear=2000&ToDate=13&ToMonth=11&ToYear=2020&Variable=Issuer,1620588931,15:35:31,20210509
19,2001-12-31,AUP.TO,USD,2001-12-31,2001-12-31,FY,5297177.100215,1025138.506765,4272038.59345,0.8064745642120607,8409653.387605,3053430.319476,0.0,0.0,11801655.799696,12826794.306461,0.0,331034.309476,-7198582.8967699995,-1.3589469939522743,-7529617.206246,-1.4214395825920922,180278.646717,-7349338.55953,-1.3874066168623487,55277.076345,-7404615.635875,-1.397841811929313,-7.223709,-7.223709,1013628.0,1013628.0,https://www.sedar.com/ModifyCompanyDocumentSearchForm.do?lang=EN&company_search=Aurinia Pharmaceuticals Inc&document_selection=0&industry_group=A&FromDate=13&FromMonth=05&FromYear=2000&ToDate=13&ToMonth=11&ToYear=2020&Variable=Issuer,https://www.sedar.com/ModifyCompanyDocumentSearchForm.do?lang=EN&company_search=Aurinia Pharmaceuticals Inc&document_selection=0&industry_group=A&FromDate=13&FromMonth=05&FromYear=2000&ToDate=13&ToMonth=11&ToYear=2020&Variable=Issuer,1620588931,15:35:31,20210509
20,2000-11-30,AUP.TO,USD,2000-11-30,2000-11-30,FY,902772.802178,680662.033388,222110.76879,0.24603174603193945,4778312.609508,1772978.04295,0.0,0.0,6962293.277404,7642955.310792,14981.078247,411002.624945,-6329179.883669,-7.010822510823796,-6740182.508614,-7.466089466090313,5210.809825,-6271209.624366,-6.946608946610139,13678.375791,-6284888.000156,-6.961760461761017,-8.467566,-8.467566,749004.0,749004.0,https://www.sedar.com/ModifyCompanyDocumentSearchForm.do?lang=EN&company_search=Aurinia Pharmaceuticals Inc&document_selection=0&industry_group=A&FromDate=13&FromMonth=05&FromYear=2000&ToDate=13&ToMonth=11&ToYear=2020&Variable=Issuer,https://www.sedar.com/ModifyCompanyDocumentSearchForm.do?lang=EN&company_search=Aurinia Pharmaceuticals Inc&document_selection=0&industry_group=A&FromDate=13&FromMonth=05&FromYear=2000&ToDate=13&ToMonth=11&ToYear=2020&Variable=Issuer,1620588931,15:35:31,20210509
21,1999-11-30,AUP.TO,USD,1999-11-30,1999-11-30,FY,1358197.40041,679098.700205,679098.700205,0.5,1426107.270431,1018648.050308,0.0,0.0,1901476.360574,2580575.060779,0.0,203729.610062,-1018648.0503069999,-0.7499999999996319,-1222377.660369,-0.8999999999999999,0.0,0.0,0.0,0.0,-1222377.660369,-0.8999999999999999,-2.376845,-2.376845,514286.0,514286.0,https://www.sedar.com/ModifyCompanyDocumentSearchForm.do?lang=EN&company_search=Aurinia Pharmaceuticals Inc&document_selection=0&industry_group=A&FromDate=13&FromMonth=05&FromYear=2000&ToDate=13&ToMonth=11&ToYear=2020&Variable=Issuer,https://www.sedar.com/ModifyCompanyDocumentSearchForm.do?lang=EN&company_search=Aurinia Pharmaceuticals Inc&document_selection=0&industry_group=A&FromDate=13&FromMonth=05&FromYear=2000&ToDate=13&ToMonth=11&ToYear=2020&Variable=Issuer,1620588931,15:35:31,20210509
22,1998-11-30,AUP.TO,USD,1998-11-30,1998-11-30,FY,781250.0,520833.333333,260416.666667,0.33333333333376003,1432291.666667,1367187.5,0.0,0.0,2929687.5,3450520.833333,0.0,260416.666667,-2408854.166666,-3.0833333333324804,-2669270.833333,-3.41666666666624,325520.833333,0.0,0.0,0.0,-2213541.666667,-2.83333333333376,-4.557292,-4.557292,485714.0,485714.0,https://www.sedar.com/ModifyCompanyDocumentSearchForm.do?lang=EN&company_search=Aurinia Pharmaceuticals Inc&document_selection=0&industry_group=A&FromDate=13&FromMonth=05&FromYear=2000&ToDate=13&ToMonth=11&ToYear=2020&Variable=Issuer,https://www.sedar.com/ModifyCompanyDocumentSearchForm.do?lang=EN&company_search=Aurinia Pharmaceuticals Inc&document_selection=0&industry_group=A&FromDate=13&FromMonth=05&FromYear=2000&ToDate=13&ToMonth=11&ToYear=2020&Variable=Issuer,1620588931,15:35:31,20210509
