,date,symbol,reportedCurrency,fillingDate,acceptedDate,period,revenue,costOfRevenue,grossProfit,grossProfitRatio,researchAndDevelopmentExpenses,generalAndAdministrativeExpenses,sellingAndMarketingExpenses,otherExpenses,operatingExpenses,costAndExpenses,interestExpense,depreciationAndAmortization,ebitda,ebitdaratio,operatingIncome,operatingIncomeRatio,totalOtherIncomeExpensesNet,incomeBeforeTax,incomeBeforeTaxRatio,incomeTaxExpense,netIncome,netIncomeRatio,eps,epsdiluted,weightedAverageShsOut,weightedAverageShsOutDil,link,finalLink,timestamp,est_time,est_date
0,2020-12-31,BFG.AX,AUD,2020-12-31,2020-12-31,FY,283848000,0.0,0.0,0.0,0.0,175148000,0.0,353000.0,0.0,0.0,5850000.0,11177000.0,0.0,0.0,0.0,0.23604182520222092,0.0,67000000.0,0.23604182520222092,20305000.0,46695000.0,0.16450706011668217,0.1465634850524925,0.1465634850524925,318599138,318599138,,,1620589305,15:41:45,20210509
1,2019-12-31,BFG.AX,AUD,2019-12-31,2019-12-31,FY,243933000,0.0,0.0,0.0,0.0,152153000,0.0,660000.0,0.0,0.0,7740000.0,10370000.0,0.0,0.0,0.0,0.19062611454784714,0.0,46500000.0,0.19062611454784714,14057000.0,32443000.0,0.13299963514571625,0.102,0.102,318599138,318599138,,,1620589305,15:41:45,20210509
2,2018-12-31,BFG.AX,AUD,2018-12-31,2018-12-31,FY,212238000,0.0,0.0,0.0,0.0,134344000,0.0,470000.0,0.0,0.0,5007000.0,1471000.0,0.0,0.0,0.0,0.16962089729454669,0.0,36000000.0,0.16962089729454669,10930000.0,24692000.0,0.11634108877769296,0.085,0.085,291266813,291266813,,,1620589305,15:41:45,20210509
3,2017-12-31,BFG.AX,AUD,2017-12-31,2017-12-31,FY,198992000,0.0,0.0,0.0,0.0,128262000,0.0,2039000.0,0.0,0.0,4585000.0,1523000.0,0.0,0.0,0.0,0.15658418428881563,0.0,31159000.0,0.15658418428881563,9716000.0,20635000.0,0.1036976360858728,0.075651,0.075651,272109384,272109384,,,1620589305,15:41:45,20210509
4,2016-12-31,BFG.AX,AUD,2016-12-31,2016-12-31,FY,178204000,0.0,0.0,0.0,0.0,115482000,0.0,1987000.0,0.0,0.0,4204000.0,1346000.0,0.0,0.0,0.0,0.14127067854818073,0.0,25175000.0,0.14127067854818073,8270000.0,16378000.0,0.09190590559134475,0.060133,0.060133,271316706,271316706,,,1620589305,15:41:45,20210509
5,2015-12-31,BFG.AX,AUD,2015-12-31,2015-12-31,FY,169866000,0.0,0.0,0.0,0.0,110185000,0.0,791000.0,0.0,0.0,4145000.0,1109000.0,0.0,0.0,0.0,0.1344471524613519,0.0,22838000.0,0.1344471524613519,6439000.0,15850000.0,0.09330884344130079,0.060133,0.060133,265014779,265014779,,,1620589305,15:41:45,20210509
6,2014-12-31,BFG.AX,AUD,2014-12-31,2014-12-31,FY,150036000,0.0,0.0,0.0,0.0,104934000,0.0,1915000.0,0.0,0.0,4210000.0,1091000.0,0.0,0.0,0.0,0.05699965341651337,0.0,8552000.0,0.05699965341651337,2600000.0,5788000.0,0.038577408088725375,0.022307,0.022307,267334861,267334861,,,1620589305,15:41:45,20210509
7,2013-12-31,BFG.AX,AUD,2013-12-31,2013-12-31,FY,149947000,0.0,0.0,0.0,0.0,102249000,0.0,942000.0,0.0,0.0,5328000.0,1199000.0,0.0,0.0,0.0,0.06971796701501197,0.0,10454000.0,0.06971796701501197,3643000.0,6821000.0,0.04548940625687743,0.026187,0.026187,264811587,264811587,,,1620589305,15:41:45,20210509
8,2012-12-31,BFG.AX,AUD,2012-12-31,2012-12-31,FY,121697000,0.0,0.0,0.0,0.0,86562000,0.0,773000.0,0.0,0.0,7398000.0,1450000.0,0.0,0.0,0.0,-0.02881747290401571,0.0,-3507000.0,-0.02881747290401571,-750000.0,-2757000.0,-0.022654625833011494,-0.010669,-0.010669,266491686,266491686,,,1620589305,15:41:45,20210509
9,2011-12-31,BFG.AX,AUD,2011-12-31,2011-12-31,FY,142161000,0.0,0.0,0.0,0.0,94383000,0.0,816000.0,0.0,0.0,9527000.0,1398000.0,0.0,0.0,0.0,0.08230105303142211,0.0,11700000.0,0.08230105303142211,4061000.0,7639000.0,0.05373484992367809,0.029096,0.029096,264023557,264023557,,,1620589305,15:41:45,20210509
10,2010-12-31,BFG.AX,AUD,2010-12-31,2010-12-31,FY,187291000,0.0,0.0,0.0,0.0,119593000,0.0,898000.0,0.0,0.0,9722000.0,1592000.0,0.0,0.0,0.0,0.16875877644948237,0.0,31607000.0,0.16875877644948237,10038000.0,21569000.0,0.11516303506308365,0.08438,0.08438,255162427,255162427,,,1620589305,15:41:45,20210509
11,2009-12-31,BFG.AX,AUD,2009-12-31,2009-12-31,FY,193934000,0.0,0.0,0.0,0.0,119171000,0.0,1029000.0,0.0,0.0,8696000.0,1505000.0,0.0,0.0,0.0,0.20602885517753464,0.0,39956000.0,0.20602885517753464,12668000.0,27288000.0,0.1407076634318892,0.109596,0.107657,249732613,253472578,,,1620589305,15:41:45,20210509
12,2008-12-31,BFG.AX,AUD,2008-12-31,2008-12-31,FY,143032000,0.0,0.0,0.0,0.0,102822000,0.0,1920000.0,0.0,0.0,19262000.0,1542000.0,0.0,0.0,0.0,0.14930225404105374,0.0,21355000.0,0.14930225404105374,6918000.0,14437000.0,0.10093545500307624,0.060133,0.060133,238488905,238488905,,,1620589305,15:41:45,20210509
13,2007-12-31,BFG.AX,AUD,2007-12-31,2007-12-31,FY,222336000,0.0,0.0,0.0,0.0,180146000,0.0,980000.0,0.0,0.0,2051000.0,1448000.0,0.0,0.0,0.0,0.08183110247553253,0.0,18194000.0,0.08183110247553253,8474000.0,9720000.0,0.043717616580310883,0.041705,0.037825,234699816,256970880,,,1620589305,15:41:45,20210509
