,date,symbol,reportedCurrency,fillingDate,acceptedDate,period,revenue,costOfRevenue,grossProfit,grossProfitRatio,researchAndDevelopmentExpenses,generalAndAdministrativeExpenses,sellingAndMarketingExpenses,otherExpenses,operatingExpenses,costAndExpenses,interestExpense,depreciationAndAmortization,ebitda,ebitdaratio,operatingIncome,operatingIncomeRatio,totalOtherIncomeExpensesNet,incomeBeforeTax,incomeBeforeTaxRatio,incomeTaxExpense,netIncome,netIncomeRatio,eps,epsdiluted,weightedAverageShsOut,weightedAverageShsOutDil,link,finalLink,timestamp,est_time,est_date
0,2020-12-31,0YU.DE,USD,2020-12-31,2020-12-31,FY,8263000000,6996000000,1267000000,0.15333414014280528,0.0,479000000,0.0,285000000.0,0.0,7532000000,0.0,450000000,1181000000,0.142926297954738,731000000,0.08846665859857195,334000000.0,1108000000,0.13409173423695994,295000000,784000000.0,0.09488079390052039,2.079575596816976,2.079575596816976,377000000,377000000,https://www.bundesanzeiger.de/pub/de/suche;wwwsid=627BFD7A56A5CB624C47FDDEAB2FC509.web07-pub?0,https://www.bundesanzeiger.de/pub/de/suche;wwwsid=627BFD7A56A5CB624C47FDDEAB2FC509.web07-pub?0,1620585026,14:30:26,20210509
1,2019-12-31,0YU.DE,USD,2019-12-31,2019-12-31,FY,8776000000,7375000000,1401000000,0.15963992707383773,0.0,487000000,0.0,60000000.0,524000000.0,7899000000,0.0,767000000,1644000000,0.18732907930720147,877000000,0.09993163172288058,87000000.0,1003000000,0.11428896991795806,260000000,713000000.0,0.08124430264357338,1.89,1.84,377000000,388000000,https://www.bundesanzeiger.de/pub/de/suche;wwwsid=627BFD7A56A5CB624C47FDDEAB2FC509.web07-pub?0,https://www.bundesanzeiger.de/pub/de/suche;wwwsid=627BFD7A56A5CB624C47FDDEAB2FC509.web07-pub?0,1620585026,14:30:26,20210509
2,2018-12-31,0YU.DE,USD,2018-12-31,2018-12-31,FY,8415000000,7100000000,1315000000,0.1562685680332739,0.0,456000000,0.0,152000000.0,485000000.0,7585000000,0.0,445000000,1275000000,0.15151515151515152,830000000,0.09863339275103981,84000000.0,950000000,0.11289364230540701,214000000,708000000.0,0.08413547237076649,1.84,1.79,384000000,395000000,https://www.bundesanzeiger.de/pub/de/suche;wwwsid=627BFD7A56A5CB624C47FDDEAB2FC509.web07-pub?0,https://www.bundesanzeiger.de/pub/de/suche;wwwsid=627BFD7A56A5CB624C47FDDEAB2FC509.web07-pub?0,1620585026,14:30:26,20210509
3,2017-12-31,0YU.DE,USD,2017-12-31,2017-12-31,FY,7144000000,5898000000,1246000000,0.17441209406494962,0.0,487000000,0.0,59000000.0,482000000.0,6380000000,0.0,409000000,1173000000,0.16419372900335946,764000000,0.10694288913773796,21000000.0,810000000,0.11338185890257559,381000000,403000000.0,0.05641097424412094,1.03,1.0,387000000,398000000,https://www.bundesanzeiger.de/pub/de/suche;wwwsid=627BFD7A56A5CB624C47FDDEAB2FC509.web07-pub?0,https://www.bundesanzeiger.de/pub/de/suche;wwwsid=627BFD7A56A5CB624C47FDDEAB2FC509.web07-pub?0,1620585026,14:30:26,20210509
4,2016-12-31,0YU.DE,USD,2016-12-31,2016-12-31,FY,6752000000,5681000000,1071000000,0.1586196682464455,0.0,424000000,0.0,56000000.0,407000000.0,6088000000,0.0,402000000,1066000000,0.15787914691943128,664000000,0.09834123222748815,-3000000.0,672000000,0.0995260663507109,158000000,502000000.0,0.07434834123222749,1.3650763733581992,1.3599035073152161,367744992,369143838,https://www.bundesanzeiger.de/pub/de/suche;wwwsid=627BFD7A56A5CB624C47FDDEAB2FC509.web07-pub?0,https://www.bundesanzeiger.de/pub/de/suche;wwwsid=627BFD7A56A5CB624C47FDDEAB2FC509.web07-pub?0,1620585026,14:30:26,20210509
5,2015-12-31,0YU.DE,USD,2015-12-31,2015-12-31,FY,6909000000,6001000000,908000000,0.13142278187870893,0.0,395000000,0.0,0.0,382000000.0,6383000000,0.0,425000000,951000000,0.13764654798089448,526000000,0.0761325806918512,-38000000.0,496000000,0.07179041829497756,168000000,323000000.0,0.046750615139672894,0.828205,0.828205,390000000,390000000,https://www.bundesanzeiger.de/pub/de/suche;wwwsid=627BFD7A56A5CB624C47FDDEAB2FC509.web07-pub?0,https://www.bundesanzeiger.de/pub/de/suche;wwwsid=627BFD7A56A5CB624C47FDDEAB2FC509.web07-pub?0,1620585026,14:30:26,20210509
6,2014-12-31,0YU.DE,USD,2014-12-31,2014-12-31,FY,6934000000,6093000000,841000000,0.12128641476781078,0.0,389000000,0.0,0.0,372000000.0,6465000000,0.0,411000000,880000000,0.12691087395442746,469000000,0.067637727141621,-466000000.0,17000000,0.002451687337755985,54000000,-7000000.0,-0.001009518315546582,-0.017949,-0.017949,390000000,390000000,https://www.bundesanzeiger.de/pub/de/suche;wwwsid=627BFD7A56A5CB624C47FDDEAB2FC509.web07-pub?0,https://www.bundesanzeiger.de/pub/de/suche;wwwsid=627BFD7A56A5CB624C47FDDEAB2FC509.web07-pub?0,1620585026,14:30:26,20210509
7,2013-12-31,0YU.DE,USD,2013-12-31,2013-12-31,FY,6905000000,6025000000,880000000,0.1274438812454743,0.0,356000000,0.0,0.0,351000000.0,6376000000,0.0,394000000,923000000,0.1336712527154236,529000000,0.07661115133960898,-300000000.0,234000000,0.03388848660391021,135000000,126000000.0,0.018247646632874728,0.323077,0.323077,390000000,390000000,https://www.bundesanzeiger.de/pub/de/suche;wwwsid=627BFD7A56A5CB624C47FDDEAB2FC509.web07-pub?0,https://www.bundesanzeiger.de/pub/de/suche;wwwsid=627BFD7A56A5CB624C47FDDEAB2FC509.web07-pub?0,1620585026,14:30:26,20210509
