,date,symbol,reportedCurrency,fillingDate,acceptedDate,period,revenue,costOfRevenue,grossProfit,grossProfitRatio,researchAndDevelopmentExpenses,generalAndAdministrativeExpenses,sellingAndMarketingExpenses,otherExpenses,operatingExpenses,costAndExpenses,interestExpense,depreciationAndAmortization,ebitda,ebitdaratio,operatingIncome,operatingIncomeRatio,totalOtherIncomeExpensesNet,incomeBeforeTax,incomeBeforeTaxRatio,incomeTaxExpense,netIncome,netIncomeRatio,eps,epsdiluted,weightedAverageShsOut,weightedAverageShsOutDil,link,finalLink,timestamp,est_time,est_date
0,2020-12-31,KOF,MXN,2020-12-31,2020-12-31,FY,183615000000.0,100804000000.0,82811000000.0,0.4510034583231218,0.0,7891000000.0,48553000000.0,712000000.0,57286000000.0,158090000000.0,6333000000.0,10031000000.0,35556000000.0,0.19364431010538355,25525000000.0,0.0875582060289192,-3775000000.0,16077000000.0,0.0875582060289192,5428000000.0,10307000000.0,0.056133758135228605,49.061509,49.061509,210083226,210083226,,,1620594203,17:03:23,20210509
1,2019-12-31,KOF,MXN,2020-04-17,2020-04-17,FY,194471000000.0,106964000000.0,87507000000.0,0.44997454633338646,0.0,8427000000.0,52110000000.0,394000000.0,60926000000.0,167890000000.0,4588000000.0,10642000000.0,37223000000.0,0.1914064307788822,26581000000.0,0.09466192902797846,-4444000000.0,18409000000.0,0.09466192902797846,5648000000.0,12101000000.0,0.06222521609905847,57.600981,57.600981,210083226,210083226,https://www.sec.gov/Archives/edgar/data/910631/000119312520110807/0001193125-20-110807-index.htm,https://www.sec.gov/Archives/edgar/data/910631/000119312520110807/d828052d20f.htm,1620594203,17:03:23,20210509
2,2018-12-31,KOF,MXN,2019-04-12,2019-04-12,FY,182342000000.0,98404000000.0,83938000000.0,0.460332781257198,0.0,7999000000.0,49925000000.0,-175000000.0,58742000000.0,157146000000.0,4786000000.0,10028000000.0,35224000000.0,0.19317546149543166,25196000000.0,0.09427339833938424,-3812000000.0,17190000000.0,0.09427339833938424,5260000000.0,13911000000.0,0.07629070647464654,66.212871,66.212871,210080000,210080000,https://www.sec.gov/Archives/edgar/data/910631/000119312519105297/0001193125-19-105297-index.htm,https://www.sec.gov/Archives/edgar/data/910631/000119312519105297/d717356d20f.htm,1620594203,17:03:23,20210509
3,2017-12-31,KOF,MXN,2018-04-18,2018-04-18,FY,203780000000.0,112094000000.0,91686000000.0,0.44992639120620276,0.0,8983000000.0,55927000000.0,116000000.0,65256000000.0,177350000000.0,4369000000.0,11657000000.0,38087000000.0,0.18690254195701247,26430000000.0,-0.03513593090587889,-29829000000.0,-7160000000.0,-0.03513593090587889,4554000000.0,-12802000000.0,-0.06282265187947787,-61.2,-61.2,209140000,209140000,https://www.sec.gov/Archives/edgar/data/910631/000119312518121141/0001193125-18-121141-index.htm,https://www.sec.gov/Archives/edgar/data/910631/000119312518121141/d533850d20f.htm,1620594203,17:03:23,20210509
4,2016-12-31,KOF,MXN,2017-04-12,2017-04-12,FY,177718000000.0,98056000000.0,79662000000.0,0.44824947388559405,0.0,7423000000.0,48039000000.0,-327000000.0,55726000000.0,153782000000.0,4067000000.0,8666000000.0,32602000000.0,0.18344793436793122,23936000000.0,0.0805095713433642,-5954000000.0,14308000000.0,0.0805095713433642,3928000000.0,10070000000.0,0.05666280286746418,48.6,48.6,207290000,207290000,https://www.sec.gov/Archives/edgar/data/910631/000119312517121310/0001193125-17-121310-index.htm,https://www.sec.gov/Archives/edgar/data/910631/000119312517121310/d373096d20f.htm,1620594203,17:03:23,20210509
5,2015-12-31,KOF,MXN,2016-04-15,2016-04-15,FY,152360000000.0,80330000000.0,72030000000.0,0.4727618797584668,0.0,6405000000.0,41879000000.0,133000000.0,48673000000.0,129003000000.0,3480000000.0,7144000000.0,30501000000.0,0.20019033867156735,23357000000.0,0.0966461013389341,-5328000000.0,14725000000.0,0.0966461013389341,4551000000.0,10235000000.0,0.06717642425833552,49.4,49.4,207290000,207290000,https://www.sec.gov/Archives/edgar/data/910631/000119312516543217/0001193125-16-543217-index.htm,https://www.sec.gov/Archives/edgar/data/910631/000119312516543217/d176346d20f.htm,1620594203,17:03:23,20210509
6,2014-12-31,KOF,MXN,2015-04-15,2015-04-15,FY,147298000000.0,78916000000.0,68382000000.0,0.46424255590707275,0.0,6385000000.0,40465000000.0,484000000.0,47082000000.0,125998000000.0,5546000000.0,6949000000.0,28249000000.0,0.19178128691496152,21300000000.0,0.10150850656492282,-1181000000.0,14952000000.0,0.10150850656492282,3861000000.0,10542000000.0,0.0715691998533585,50.9,50.9,207290000,207290000,https://www.sec.gov/Archives/edgar/data/910631/000119312515131491/0001193125-15-131491-index.htm,https://www.sec.gov/Archives/edgar/data/910631/000119312515131491/d909807d20f.htm,1620594203,17:03:23,20210509
7,2013-12-31,KOF,MXN,2014-04-11,2014-04-11,FY,156011000000.0,83076000000.0,72935000000.0,0.46749908660286776,0.0,6487000000.0,44828000000.0,-117000000.0,51516000000.0,134592000000.0,3341000000.0,7132000000.0,28551000000.0,0.18300632647697918,21419000000.0,0.11040247162059086,-1508000000.0,17224000000.0,0.11040247162059086,5731000000.0,11543000000.0,0.07398837261475152,56.1,56.1,205600000,205600000,https://www.sec.gov/Archives/edgar/data/910631/000119312514140770/0001193125-14-140770-index.htm,https://www.sec.gov/Archives/edgar/data/910631/000119312514140770/d710586d20f.htm,1620594203,17:03:23,20210509
8,2012-12-31,KOF,MXN,2013-03-15,2013-03-15,FY,147739000000.0,79109000000.0,68630000000.0,0.464535430725807,0.0,6217000000.0,40223000000.0,-4000000.0,46602000000.0,125711000000.0,1955000000.0,5692000000.0,27720000000.0,0.18762818213200305,22028000000.0,0.13531971923459615,-505000000.0,19992000000.0,0.13531971923459615,6274000000.0,13333000000.0,0.09024698962359295,66.2,66.2,201520000,201520000,https://www.sec.gov/Archives/edgar/data/910631/000119312513108518/0001193125-13-108518-index.htm,https://www.sec.gov/Archives/edgar/data/910631/000119312513108518/d499035d20f.htm,1620594203,17:03:23,20210509
9,2011-12-31,KOF,MXN,2011-12-31,2011-12-31,FY,124715000000.0,67488000000.0,57227000000.0,0.45886220582929077,0.0,5184000000.0,31891000000.0,0.0,37075000000.0,104563000000.0,1736000000.0,4559000000.0,24711000000.0,0.19813975864972136,20152000000.0,0.13445054724772482,-2249000000.0,16768000000.0,0.13445054724772482,5599000000.0,10615000000.0,0.0851140600569298,55.575038,55.575038,191003020,191003020,,,1620594203,17:03:23,20210509
10,2010-12-31,KOF,MXN,2011-06-17,2011-06-17,FY,103456000000.0,55534000000.0,47922000000.0,0.46321141354778844,0.0,4449000000.0,26394000000.0,0.0,30843000000.0,86377000000.0,1748000000.0,4027000000.0,21106000000.0,0.20400943396226415,17079000000.0,0.14072649242189916,-1301000000.0,14559000000.0,0.14072649242189916,4260000000.0,9800000000.0,0.09472626043922054,53.072514,53.072514,184653020,184653020,https://www.sec.gov/Archives/edgar/data/910631/000129281411001761/0001292814-11-001761-index.htm,https://www.sec.gov/Archives/edgar/data/910631/000129281411001761/kofform20f2010.htm,1620594203,17:03:23,20210509
11,2009-12-31,KOF,MXN,2010-06-10,2010-06-10,FY,102767000000.0,54952000000.0,47815000000.0,0.4652758181128183,0.0,5308000000.0,26672000000.0,0.0,31980000000.0,86932000000.0,1895000000.0,3779000000.0,19614000000.0,0.19085893331516926,15835000000.0,0.12662625161773722,-1213000000.0,13013000000.0,0.12662625161773722,4043000000.0,8523000000.0,0.08293518347329396,46.156841,46.156841,184653020,184653020,https://www.sec.gov/Archives/edgar/data/910631/000129281410001984/0001292814-10-001984-index.htm,https://www.sec.gov/Archives/edgar/data/910631/000129281410001984/kofform20f2009.htm,1620594203,17:03:23,20210509
12,2008-12-31,KOF,MXN,2009-06-30,2009-06-30,FY,82976000000.0,43895000000.0,39081000000.0,0.4709916120323949,0.0,4095000000.0,21291000000.0,0.0,25386000000.0,69281000000.0,2207000000.0,3262000000.0,16957000000.0,0.2043602969533359,13695000000.0,0.10017354415734671,-3609000000.0,8312000000.0,0.10017354415734671,2486000000.0,5598000000.0,0.06746529116853066,31.551068,31.551068,184650000,184653020,https://www.sec.gov/Archives/edgar/data/910631/000129281409001534/0001292814-09-001534-index.htm,https://www.sec.gov/Archives/edgar/data/910631/000129281409001534/kof20f2008.htm,1620594203,17:03:23,20210509
13,2007-12-31,KOF,MXN,2008-06-30,2008-06-30,FY,69105192000.0,35805291000.0,33299901000.0,0.48187263556116017,0.0,0.0,0.0,0.0,21873144000.0,57678435000.0,0.0,3322365000.0,14749122000.0,0.21343001261034047,11426757000.0,0.15085119798234553,522864000.0,10424601000.0,0.15085119798234553,3333258000.0,6895269000.0,0.09977931904161412,37.327043,37.327043,184653020,184653020,https://www.sec.gov/Archives/edgar/data/910631/000129281408001883/0001292814-08-001883-index.htm,https://www.sec.gov/Archives/edgar/data/910631/000129281408001883/kofform20f2007.htm,1620594203,17:03:23,20210509
14,2006-12-31,KOF,MXN,2006-12-31,2006-12-31,FY,57710070000.0,30182820000.0,27527250000.0,0.4769921436588103,0.0,0.0,0.0,0.0,18081625000.0,48264445000.0,2126615000.0,3540760000.0,12986385000.0,0.2250280583613917,9445625000.0,0.1326225215114104,21590000.0,7653655000.0,0.1326225215114104,2601595000.0,4879340000.0,0.08454919566030678,26.322204,26.322204,185369735,185369735,,,1620594203,17:03:23,20210509
15,2005-12-31,KOF,MXN,2005-12-31,2005-12-31,FY,50240795000.0,25507845000.0,24732950000.0,0.4922881893091063,0.0,0.0,0.0,0.0,16039265000.0,41547110000.0,2452065000.0,2547600000.0,11241285000.0,0.22374815127825903,8693685000.0,0.14430593703781958,732435000.0,7250045000.0,0.14430593703781958,2568830000.0,4606910000.0,0.09169659835199662,24.747174,24.747174,186159033,186159033,,,1620594203,17:03:23,20210509
16,2004-12-31,KOF,MXN,2005-04-04,2005-04-04,FY,46345338000.0,23889006000.0,22456332000.0,0.4845434938892883,0.0,0.0,0.0,0.0,14793192000.0,38682198000.0,0.0,1632582000.0,9295722000.0,0.20057512580877068,7663140000.0,0.13946800862688713,1055070000.0,6463692000.0,0.13946800862688713,1055070000.0,5386410000.0,0.11622334052240595,29.192232,29.192232,184600000,184640000,https://www.sec.gov/Archives/edgar/data/910631/000129281405000362/0001292814-05-000362-index.htm,https://www.sec.gov/Archives/edgar/data/910631/000129281405000362/kof_form20f.htm,1620594203,17:03:23,20210509
17,2003-12-31,KOF,MXN,2004-04-05,2004-04-05,FY,35614853905.0,17922699848.0,17692154057.0,0.49676334779282033,0.0,0.0,0.0,0.0,11003315739.0,28926015587.0,1549203713.64,1717113467.0,8405951785.0,0.23602376153001378,6688838318.0,0.11168044795605908,-1391186783.0,3977482838.0,0.11168044795605908,1652910700.0,2324572138.0,0.06526973672840622,13.54402,13.54402,170425000,170425000,https://www.sec.gov/Archives/edgar/data/910631/000089109204001555/0000891092-04-001555-index.htm,https://www.sec.gov/Archives/edgar/data/910631/000089109204001555/e17118_20f.htm,1620594203,17:03:23,20210509
18,2002-12-31,KOF,MXN,2002-12-31,2002-12-31,FY,17503116226.75,8076124372.47,9426991854.28,0.538589342157983,0.0,0.0,0.0,0.0,5016259552.15,13092383924.62,0.0,37080518.09,4447812820.22,0.2541154822146705,4410732302.13,0.2501176784839806,48103894.3,4377838796.87,0.2501176784839806,1830628502.78,2547210294.09,0.14552895959161263,17.871999,17.871999,142500000,142500000,,,1620594203,17:03:23,20210509
