,date,symbol,reportedCurrency,fillingDate,acceptedDate,period,revenue,costOfRevenue,grossProfit,grossProfitRatio,researchAndDevelopmentExpenses,generalAndAdministrativeExpenses,sellingAndMarketingExpenses,otherExpenses,operatingExpenses,costAndExpenses,interestExpense,depreciationAndAmortization,ebitda,ebitdaratio,operatingIncome,operatingIncomeRatio,totalOtherIncomeExpensesNet,incomeBeforeTax,incomeBeforeTaxRatio,incomeTaxExpense,netIncome,netIncomeRatio,eps,epsdiluted,weightedAverageShsOut,weightedAverageShsOutDil,link,finalLink,timestamp,est_time,est_date
0,2020-12-31,IEP,USD,2021-02-26,2021-02-26 16:21:35,FY,7423000000,6320000000.0,1103000000,0.14859221339081233,0.0,0.0,0.0,1000000.0,1678000000,7998000000,688000000.0,510000000.0,-65000000,-0.008756567425569177,-575000000,-0.07746194261080426,-1490000000.0,-2584000000,-0.34810723427185775,-116000000.0,-1653000000,-0.22268624545332075,-7.33,-7.33,221000000.0,221000000.0,https://www.sec.gov/Archives/edgar/data/813762/000155837021002010/0001558370-21-002010-index.htm,https://www.sec.gov/Archives/edgar/data/813762/000155837021002010/tmb-20201231x10k.htm,1620593455,16:50:55,20210509
1,2019-12-31,IEP,USD,2020-02-28,2020-02-28 16:14:48,FY,8455000000,8212000000.0,243000000,0.02874039030159669,0.0,0.0,0.0,518000000.0,1912000000,10124000000,605000000.0,519000000.0,-1150000000,-0.1360141927853341,-1669000000,-0.197397989355411,1000000.0,-1739000000,-0.20567711413364873,20000000.0,-1076000000,-0.12726197516262566,-5.38,-5.38,180000000.0,180000000.0,https://www.sec.gov/Archives/edgar/data/813762/000081376220000008/0000813762-20-000008-index.htm,https://www.sec.gov/Archives/edgar/data/813762/000081376220000008/iep-20191231.htm,1620593455,16:50:55,20210509
2,2018-12-31,IEP,USD,2019-03-01,2019-03-01 16:11:06,FY,11545000000,9002000000.0,2543000000,0.2202685145084452,0.0,0.0,0.0,529000000.0,2028000000,11030000000,524000000.0,508000000.0,1023000000,0.08860978778692075,515000000,0.044608055435253355,-5000000.0,223000000,0.01931572109138155,-4000000.0,2039000000,0.17661325249025553,11.32778,11.32778,180000000.0,180000000.0,https://www.sec.gov/Archives/edgar/data/813762/000081376219000006/0000813762-19-000006-index.htm,https://www.sec.gov/Archives/edgar/data/813762/000081376219000006/a10k-fy2018.htm,1620593455,16:50:55,20210509
3,2017-12-31,IEP,USD,2018-03-01,2018-03-01 16:13:26,FY,10351000000,8220000000.0,2131000000,0.2058738286155927,0.0,0.0,0.0,518000000.0,1890000000,10110000000,843000000.0,518000000.0,759000000,0.07332624867162593,241000000,0.023282774611148683,29000000.0,1866000000,0.18027243744565744,-438000000.0,2405000000,0.23234470099507293,14.93789,14.93789,161000000.0,161000000.0,https://www.sec.gov/Archives/edgar/data/813762/000081376218000029/0000813762-18-000029-index.htm,https://www.sec.gov/Archives/edgar/data/813762/000081376218000029/a10k-fy2017.htm,1620593455,16:50:55,20210509
4,2016-12-31,IEP,USD,2017-03-01,2017-03-01 16:32:45,FY,7207000000,6837000000.0,370000000,0.05133897599555987,0.0,0.0,0.0,631000000.0,2228000000,9065000000,878000000.0,526000000.0,-1332000000,-0.18482031358401554,-1858000000,-0.25780491189121685,-16000000.0,-2373000000,-0.32926321631746913,36000000.0,-1106000000,-0.15346191202997087,-8.07299,-8.07299,135000000.0,135000000.0,https://www.sec.gov/Archives/edgar/data/813762/000081376217000010/0000813762-17-000010-index.htm,https://www.sec.gov/Archives/edgar/data/813762/000081376217000010/a10k-fy2016.htm,1620593455,16:50:55,20210509
5,2015-12-31,IEP,USD,2016-02-29,2016-02-29 16:46:13,FY,15008000000,12741000000.0,2267000000,0.15105277185501065,189000000.0,0.0,0.0,643000000.0,3438000000,16179000000,1154000000.0,862000000.0,-309000000,-0.020589019189765457,-1171000000,-0.07802505330490406,9000000.0,-2059000000,-0.13719349680170576,68000000.0,-1170000000,-0.07795842217484009,-9.16221,-9.16221,135000000.0,135000000.0,https://www.sec.gov/Archives/edgar/data/813762/000081376216000057/0000813762-16-000057-index.htm,https://www.sec.gov/Archives/edgar/data/813762/000081376216000057/iep-2015x10k.htm,1620593455,16:50:55,20210509
6,2014-12-31,IEP,USD,2015-02-27,2015-02-27 16:27:50,FY,18758000000,16485000000.0,2273000000,0.12117496534811814,0.0,0.0,0.0,613000000.0,2619000000,19104000000,847000000.0,809000000.0,463000000,0.024682802004478088,-346000000,-0.018445463269005223,93000000.0,-632000000,-0.033692291289050005,-103000000.0,-366000000,-0.019511675018658706,-3.03472,-3.03472,135000000.0,135000000.0,https://www.sec.gov/Archives/edgar/data/813762/000081376215000011/0000813762-15-000011-index.htm,https://www.sec.gov/Archives/edgar/data/813762/000081376215000011/iep-2014x10k.htm,1620593455,16:50:55,20210509
7,2013-12-31,IEP,USD,2014-03-03,2014-03-03 17:06:48,FY,20467000000,15809000000.0,4658000000,0.22758586993697172,177000000.0,0.0,0.0,504000000.0,1987000000,17796000000,560000000.0,742000000.0,3413000000,0.16675624175502027,2671000000,0.13050276054135926,6000000.0,2326000000,0.11364635755117995,-118000000.0,1005000000,0.04910343479747887,8.97321,8.97321,110000000.0,110000000.0,https://www.sec.gov/Archives/edgar/data/813762/000081376214000014/0000813762-14-000014-index.htm,https://www.sec.gov/Archives/edgar/data/813762/000081376214000014/iep-2013x10k.htm,1620593455,16:50:55,20210509
8,2012-12-31,IEP,USD,2013-03-15,2013-03-14 20:24:57,FY,15737000000,12643000000.0,3094000000,0.19660672300946813,179000000.0,0.0,0.0,418000000.0,1853000000,14496000000,522000000.0,575000000.0,1816000000,0.11539683548325602,1241000000,0.0788587405477537,-7000000.0,646000000,0.04104975535362521,-81000000.0,396000000,0.02516362712079812,3.88235,3.88235,100000000.0,100000000.0,https://www.sec.gov/Archives/edgar/data/813762/000081376213000018/0000813762-13-000018-index.htm,https://www.sec.gov/Archives/edgar/data/813762/000081376213000018/iep-2012x10k.htm,1620593455,16:50:55,20210509
9,2011-12-31,IEP,USD,2012-03-12,2012-03-09 19:38:07,FY,11803000000,7872000000.0,3931000000,0.3330509192578158,172000000.0,0.0,0.0,426000000.0,1749000000,9621000000,436000000.0,447000000.0,2629000000,0.22273998136067102,2182000000,0.18486825383377106,-82000000.0,1798000000,0.15233415233415235,34000000.0,750000000,0.06354316699144286,7.89474,7.89474,100000000.0,100000000.0,https://www.sec.gov/Archives/edgar/data/813762/000081376212000008/0000813762-12-000008-index.htm,https://www.sec.gov/Archives/edgar/data/813762/000081376212000008/iep-123111x10k.htm,1620593455,16:50:55,20210509
10,2010-12-31,IEP,USD,2011-03-08,2011-03-08 06:05:15,FY,8958000000,6762000000.0,2196000000,0.2451440053583389,0.0,0.0,0.0,150000000.0,1255000000,8017000000,-389000000.0,463000000.0,1404000000,0.1567314132618888,941000000,0.10504576914489841,7000000.0,753000000,0.0840589417280643,-9000000.0,199000000,0.022214780084840367,2.26136,2.26136,83000000.0,83000000.0,https://www.sec.gov/Archives/edgar/data/813762/000114420411013351/0001144204-11-013351-index.htm,https://www.sec.gov/Archives/edgar/data/813762/000114420411013351/v213219_10k.htm,1620593455,16:50:55,20210509
11,2009-12-31,IEP,USD,2010-03-03,2010-03-03 17:25:01,FY,7628000000,5295000000.0,2333000000,0.3058468799160986,0.0,0.0,0.0,0.0,1147000000,6442000000,-282000000.0,401000000.0,1587000000,0.2080492920818039,1186000000,0.15547981122181437,120000000.0,1141000000,0.14958049292081804,53000000.0,234000000,0.030676455165180912,2.85366,2.85366,75000000.0,75000000.0,https://www.sec.gov/Archives/edgar/data/813762/000114420410011285/0001144204-10-011285-index.htm,https://www.sec.gov/Archives/edgar/data/813762/000114420410011285/v175952_10k.htm,1620593455,16:50:55,20210509
12,2008-12-31,IEP,USD,2009-03-04,2009-03-04 17:11:41,FY,5027000000,8153000000.0,-3126000000,-0.621842052914263,0.0,0.0,0.0,-95000000.0,89000000,8153000000,95000000.0,332000000.0,-2794000000,-0.5557986870897156,-3126000000,-0.621842052914263,0.0,-3126000000,-0.621842052914263,47000000.0,-43000000,-0.008553809429082952,-0.58108,-0.58108,75000000.0,75000000.0,https://www.sec.gov/Archives/edgar/data/813762/000114420409012134/0001144204-09-012134-index.htm,https://www.sec.gov/Archives/edgar/data/813762/000114420409012134/v141314_10k.htm,1620593455,16:50:55,20210509
13,2007-12-31,IEP,USD,2008-03-17,2008-03-17 16:52:01,FY,2265000000,1867000000.0,398000000,0.17571743929359823,0.0,0.0,0.0,0.0,111557000,1867000000,88000000.0,36000000.0,434000000,0.19161147902869757,398000000,0.17571743929359823,0.0,487000000,0.21501103752759382,8000000.0,308000000,0.13598233995584988,4.52941,4.52941,75000000.0,75000000.0,https://www.sec.gov/Archives/edgar/data/813762/000114420408015862/0001144204-08-015862-index.htm,https://www.sec.gov/Archives/edgar/data/813762/000114420408015862/v106776_10k.htm,1620593455,16:50:55,20210509
14,2006-12-31,IEP,USD,2007-03-06,2007-03-06 08:39:19,FY,1478000000,1568000000.0,-90000000,-0.06089309878213803,0.0,108977000.0,0.0,99277000.0,1999000000,1568000000,106612000.0,71500000.0,-18500000,-0.012516914749661705,-90000000,-0.06089309878213803,5000000.0,-32000000,-0.02165087956698241,-13271000.0,799000000,0.540595399188092,12.48438,12.48438,61857.0,61857.0,https://www.sec.gov/Archives/edgar/data/813762/000114420407011271/0001144204-07-011271-index.htm,https://www.sec.gov/Archives/edgar/data/813762/000114420407011271/v06668810k.htm,1620593455,16:50:55,20210509
15,2005-12-31,IEP,USD,2006-03-16,2006-03-16 17:16:19,FY,1262000000,1180000000.0,82000000,0.06497622820919176,0.0,188380000.0,0.0,3760000.0,57000000,1237000000,104014000.0,158600000.0,183600000,0.14548335974643423,25000000,0.019809825673534072,11000000.0,-29000000,-0.022979397781299524,-21092000.0,-27000000,-0.021394611727416798,-0.48214,-0.48214,54085492.0,54085492.0,https://www.sec.gov/Archives/edgar/data/813762/000095012306003289/0000950123-06-003289-index.htm,https://www.sec.gov/Archives/edgar/data/813762/000095012306003289/y18546e10vk.htm,1620593455,16:50:55,20210509
16,2004-12-31,IEP,USD,2005-03-16,2005-03-31 15:26:02,FY,409000000,266000000.0,143000000,0.34963325183374083,0.0,20952000.0,0.0,206651000000.0,112000000,378000000,-46099000000.0,30000000.0,61000000,0.1491442542787286,31000000,0.07579462102689487,-3000000.0,94000000,0.22982885085574573,-16763000000.0,161000000,0.39364303178484106,2.98148,2.98148,46098284000000.0,46098284000000.0,https://www.sec.gov/Archives/edgar/data/813762/000095012305003242/0000950123-05-003242-index.htm,https://www.sec.gov/Archives/edgar/data/813762/000095012305003242/y06341e10vk.htm,1620593455,16:50:55,20210509
17,2003-12-31,IEP,USD,2003-12-31,2003-12-31,FY,261000000,165000000.0,46000000,0.17624521072796934,0.0,14081000.0,0.0,0.0,73000000,238000000,25000000.0,18600000.0,41600000,0.15938697318007664,23000000,0.08812260536398467,-1000000.0,55000000,0.210727969348659,-6000000.0,68000000,0.26053639846743293,1.19298,1.19298,57000000.0,57000000.0,,,1620593455,16:50:55,20210509
18,2002-12-31,IEP,USD,2002-12-31,2002-12-31,FY,297000000,212000000.0,67000000,0.2255892255892256,0.0,7029000.0,0.0,0.0,51000000,263000000,28000000.0,21200000.0,55200000,0.18585858585858586,34000000,0.11447811447811448,-3000000.0,64000000,0.21548821548821548,0.0,64000000,0.21548821548821548,1.08475,1.08475,59000000.0,59000000.0,,,1620593455,16:50:55,20210509
19,2001-12-31,IEP,USD,2001-12-31,2001-12-31,FY,267000000,190000000.0,53000000,0.19850187265917604,0.0,7000000.0,0.0,0.0,45000000,235000000,37000000.0,18000000.0,50000000,0.18726591760299627,32000000,0.1198501872659176,-3000000.0,68000000,0.2546816479400749,0.0,68000000,0.2546816479400749,1.17241,1.17241,58000000.0,58000000.0,,,1620593455,16:50:55,20210509
20,2000-12-31,IEP,USD,2000-12-31,2000-12-31,FY,279000000,202000000.0,52000000,0.1863799283154122,0.0,7000000.0,0.0,0.0,44000000,246000000,33000000.0,15100000.0,48100000,0.17240143369175628,33000000,0.11827956989247312,-1000000.0,75000000,0.26881720430107525,0.0,75000000,0.26881720430107525,1.27119,1.27119,59000000.0,59000000.0,,,1620593455,16:50:55,20210509
21,1999-12-31,IEP,USD,1999-12-31,1999-12-31,FY,73000000,19000000.0,22000000,0.3013698630136986,0.0,4000000.0,0.0,0.0,28000000,47000000,54000000.0,5600000.0,32600000,0.4465753424657534,27000000,0.3698630136986301,-2000000.0,95000000,1.3013698630136987,0.0,95000000,1.3013698630136987,1.63793,1.63793,58000000.0,58000000.0,,,1620593455,16:50:55,20210509
22,1998-12-31,IEP,USD,1998-12-31,1998-12-31,FY,65000000,10000000.0,17000000,0.26153846153846155,0.0,4000000.0,0.0,0.0,25000000,35000000,28000000.0,4900000.0,34900000,0.536923076923077,30000000,0.46153846153846156,-1000000.0,71000000,1.0923076923076922,0.0,71000000,1.0923076923076922,1.24561,1.24561,57000000.0,57000000.0,,,1620593455,16:50:55,20210509
23,1997-12-31,IEP,USD,1997-12-31,1997-12-31,FY,54000000,8000000.0,14000000,0.25925925925925924,0.0,3000000.0,0.0,0.0,22000000,30000000,46000000.0,5100000.0,29100000,0.5388888888888889,24000000,0.4444444444444444,-11000000.0,75000000,1.3888888888888888,0.0,75000000,1.3888888888888888,2.08333,2.08333,36000000.0,36000000.0,,,1620593455,16:50:55,20210509
24,1996-12-31,IEP,USD,1996-12-31,1996-12-31,FY,62000000,12000000.0,18000000,0.2903225806451613,0.0,3000000.0,0.0,0.0,26000000,38000000,10000000.0,5700000.0,29700000,0.4790322580645161,24000000,0.3870967741935484,-1000000.0,58000000,0.9354838709677419,0.0,58000000,0.9354838709677419,2.0,2.0,29000000.0,29000000.0,,,1620593455,16:50:55,20210509
25,1995-12-31,IEP,USD,1996-04-01,1996-04-01,FY,61000000,12000000.0,18000000,0.29508196721311475,0.0,3000000.0,0.0,0.0,27000000,39000000,8000000.0,5300000.0,28300000,0.4639344262295082,23000000,0.3770491803278688,-1000000.0,35000000,0.5737704918032787,0.0,35000000,0.5737704918032787,1.2069,1.2069,29000000.0,29000000.0,https://www.sec.gov/Archives/edgar/data/813762/0000950123-96-001504-index.html,https://www.sec.gov/Archives/edgar/data/813762/,1620593455,16:50:55,20210509
