,date,symbol,reportedCurrency,fillingDate,acceptedDate,period,revenue,costOfRevenue,grossProfit,grossProfitRatio,researchAndDevelopmentExpenses,generalAndAdministrativeExpenses,sellingAndMarketingExpenses,otherExpenses,operatingExpenses,costAndExpenses,interestExpense,depreciationAndAmortization,ebitda,ebitdaratio,operatingIncome,operatingIncomeRatio,totalOtherIncomeExpensesNet,incomeBeforeTax,incomeBeforeTaxRatio,incomeTaxExpense,netIncome,netIncomeRatio,eps,epsdiluted,weightedAverageShsOut,weightedAverageShsOutDil,link,finalLink,timestamp,est_time,est_date
0,2020-12-31,STEP.TO,CAD,2020-12-31,2020-12-31,FY,368945000,402910000,-33965000.0,-0.09205979210993509,0.0,23126000.0,0.0,0.0,0.0,430614000,12928000.0,1128000.0,-60541000.0,-0.1640922088658201,-61669000.0,-0.167149575139926,-69011000.0,-145343000.0,-0.3939421865047636,-25985000.0,-119358000.0,-0.32351163452547127,-1.77,-1.77,67433898,67433898,https://www.sedar.com/ModifyCompanyDocumentSearchForm.do?lang=EN&company_search=STEP ENERGY SERVICES LTD&document_selection=0&industry_group=A&FromDate=13&FromMonth=05&FromYear=2000&ToDate=13&ToMonth=11&ToYear=2020&Variable=Issuer,https://www.sedar.com/ModifyCompanyDocumentSearchForm.do?lang=EN&company_search=STEP ENERGY SERVICES LTD&document_selection=0&industry_group=A&FromDate=13&FromMonth=05&FromYear=2000&ToDate=13&ToMonth=11&ToYear=2020&Variable=Issuer,1620598356,18:12:36,20210509
1,2019-12-31,STEP.TO,CAD,2019-12-31,2019-12-31,FY,668297000,666612000,1685000.0,0.002521334077513441,0.0,33719000.0,0.0,0.0,36423000.0,703035000,14272000.0,1639000.0,-33099000.0,-0.049527380790277374,-34738000.0,-0.05197988319564505,-124749000.0,-175108000.0,-0.2620212270891535,-31225000.0,-143883000.0,-0.2152979887684667,-2.16,-2.16,66763210,66763210,https://www.sedar.com/ModifyCompanyDocumentSearchForm.do?lang=EN&company_search=STEP ENERGY SERVICES LTD&document_selection=0&industry_group=A&FromDate=13&FromMonth=05&FromYear=2000&ToDate=13&ToMonth=11&ToYear=2020&Variable=Issuer,https://www.sedar.com/ModifyCompanyDocumentSearchForm.do?lang=EN&company_search=STEP ENERGY SERVICES LTD&document_selection=0&industry_group=A&FromDate=13&FromMonth=05&FromYear=2000&ToDate=13&ToMonth=11&ToYear=2020&Variable=Issuer,1620598356,18:12:36,20210509
2,2018-12-31,STEP.TO,CAD,2018-12-31,2018-12-31,FY,781763000,726893000,54870000.0,0.070187512072073,0.0,29924000.0,0.0,-3019000.0,33280000.0,760173000,10739000.0,1215000.0,22805000.0,0.029171244993687347,21590000.0,0.027617065530090322,-47575000.0,-37441000.0,-0.04789303151978285,1863000.0,-39304000.0,-0.05027610669729829,-0.6043692991036793,-0.6014148029231905,65033085,65352565,https://www.sedar.com/ModifyCompanyDocumentSearchForm.do?lang=EN&company_search=STEP ENERGY SERVICES LTD&document_selection=0&industry_group=A&FromDate=13&FromMonth=05&FromYear=2000&ToDate=13&ToMonth=11&ToYear=2020&Variable=Issuer,https://www.sedar.com/ModifyCompanyDocumentSearchForm.do?lang=EN&company_search=STEP ENERGY SERVICES LTD&document_selection=0&industry_group=A&FromDate=13&FromMonth=05&FromYear=2000&ToDate=13&ToMonth=11&ToYear=2020&Variable=Issuer,1620598356,18:12:36,20210509
3,2017-12-31,STEP.TO,CAD,2017-12-31,2017-12-31,FY,553220000,448962000,104258000.0,0.18845667184845089,0.0,20803000.0,0.0,0.0,21610000.0,470572000,1234000.0,1070000.0,83718000.0,0.1513285853729077,82648000.0,0.14939445428581757,-1017000.0,80521000.0,0.1455496909005459,22803000.0,57718000.0,0.10433100755576444,1.02,1.0,56528016,57752867,https://www.sedar.com/ModifyCompanyDocumentSearchForm.do?lang=EN&company_search=STEP ENERGY SERVICES LTD&document_selection=0&industry_group=A&FromDate=13&FromMonth=05&FromYear=2000&ToDate=13&ToMonth=11&ToYear=2020&Variable=Issuer,https://www.sedar.com/ModifyCompanyDocumentSearchForm.do?lang=EN&company_search=STEP ENERGY SERVICES LTD&document_selection=0&industry_group=A&FromDate=13&FromMonth=05&FromYear=2000&ToDate=13&ToMonth=11&ToYear=2020&Variable=Issuer,1620598356,18:12:36,20210509
4,2016-12-31,STEP.TO,CAD,2016-12-31,2016-12-31,FY,169153000,178973000,-9820000.0,-0.05805395115664517,0.0,14685000.0,0.0,0.0,15659000.0,194632000,896000.0,974000.0,-24505000.0,-0.14486884654720875,-25479000.0,-0.15062694720164585,1427000.0,-24989000.0,-0.147730161451467,-5033000.0,-19956000.0,-0.11797603353177301,-0.332,-0.332,60119703,60119703,https://www.sedar.com/ModifyCompanyDocumentSearchForm.do?lang=EN&company_search=STEP ENERGY SERVICES LTD&document_selection=0&industry_group=A&FromDate=13&FromMonth=05&FromYear=2000&ToDate=13&ToMonth=11&ToYear=2020&Variable=Issuer,https://www.sedar.com/ModifyCompanyDocumentSearchForm.do?lang=EN&company_search=STEP ENERGY SERVICES LTD&document_selection=0&industry_group=A&FromDate=13&FromMonth=05&FromYear=2000&ToDate=13&ToMonth=11&ToYear=2020&Variable=Issuer,1620598356,18:12:36,20210509
5,2015-12-31,STEP.TO,CAD,2015-12-31,2015-12-31,FY,115471000,109965000,5506000.0,0.0476829680179439,0.0,9377000.0,0.0,0.0,10198000.0,120163000,883000.0,821000.0,-3871000.0,-0.03352356868824207,-4692000.0,-0.04063357899385993,725000.0,-4848000.0,-0.04198456755375809,767000.0,-5615000.0,-0.04862692797325736,-0.093,-0.093,60119703,60119703,https://www.sedar.com/ModifyCompanyDocumentSearchForm.do?lang=EN&company_search=STEP ENERGY SERVICES LTD&document_selection=0&industry_group=A&FromDate=13&FromMonth=05&FromYear=2000&ToDate=13&ToMonth=11&ToYear=2020&Variable=Issuer,https://www.sedar.com/ModifyCompanyDocumentSearchForm.do?lang=EN&company_search=STEP ENERGY SERVICES LTD&document_selection=0&industry_group=A&FromDate=13&FromMonth=05&FromYear=2000&ToDate=13&ToMonth=11&ToYear=2020&Variable=Issuer,1620598356,18:12:36,20210509
6,2014-12-31,STEP.TO,CAD,2014-12-31,2014-12-31,FY,131909000,104000000,27909000.0,0.21157767855112236,0.0,7748000.0,0.0,0.0,8411000.0,112411000,1364000.0,663000.0,20161000.0,0.15284021560318098,19498000.0,0.1478140233039444,-218000.0,17896000.0,0.13566928716008764,4847000.0,13049000.0,0.09892425839025389,0.21705,0.21705,60119703,60119703,https://www.sedar.com/ModifyCompanyDocumentSearchForm.do?lang=EN&company_search=STEP ENERGY SERVICES LTD&document_selection=0&industry_group=A&FromDate=13&FromMonth=05&FromYear=2000&ToDate=13&ToMonth=11&ToYear=2020&Variable=Issuer,https://www.sedar.com/ModifyCompanyDocumentSearchForm.do?lang=EN&company_search=STEP ENERGY SERVICES LTD&document_selection=0&industry_group=A&FromDate=13&FromMonth=05&FromYear=2000&ToDate=13&ToMonth=11&ToYear=2020&Variable=Issuer,1620598356,18:12:36,20210509
7,2013-12-31,STEP.TO,CAD,2013-12-31,2013-12-31,FY,79600000,63020000,16580000.0,0.20829145728643217,0.0,6716000.0,0.0,0.0,7073000.0,70093000,1286000.0,357000.0,9864000.0,0.12391959798994975,9507000.0,0.11943467336683417,-527000.0,7667000.0,0.09631909547738693,1831000.0,5836000.0,0.07331658291457287,0.097073,0.097073,60119703,60119703,https://www.sedar.com/ModifyCompanyDocumentSearchForm.do?lang=EN&company_search=STEP ENERGY SERVICES LTD&document_selection=0&industry_group=A&FromDate=13&FromMonth=05&FromYear=2000&ToDate=13&ToMonth=11&ToYear=2020&Variable=Issuer,https://www.sedar.com/ModifyCompanyDocumentSearchForm.do?lang=EN&company_search=STEP ENERGY SERVICES LTD&document_selection=0&industry_group=A&FromDate=13&FromMonth=05&FromYear=2000&ToDate=13&ToMonth=11&ToYear=2020&Variable=Issuer,1620598356,18:12:36,20210509
