,date,symbol,reportedCurrency,fillingDate,acceptedDate,period,revenue,costOfRevenue,grossProfit,grossProfitRatio,researchAndDevelopmentExpenses,generalAndAdministrativeExpenses,sellingAndMarketingExpenses,otherExpenses,operatingExpenses,costAndExpenses,interestExpense,depreciationAndAmortization,ebitda,ebitdaratio,operatingIncome,operatingIncomeRatio,totalOtherIncomeExpensesNet,incomeBeforeTax,incomeBeforeTaxRatio,incomeTaxExpense,netIncome,netIncomeRatio,eps,epsdiluted,weightedAverageShsOut,weightedAverageShsOutDil,link,finalLink,timestamp,est_time,est_date
0,2020-12-31,0135.HK,CNY,2020-12-31,2020-12-31,FY,109251000000.0,94694000000.0,14557000000.0,0.133243631637239,0.0,2689000000.0,0.0,481000000.0,0.0,102383000000.0,708000000.0,6963000000.0,13831000000.0,0.12659838353882344,6868000000.0,0.07420527043230725,0.0,8107000000.0,0.07420527043230725,2313000000.0,6063000000.0,0.05549605953263586,0.728638384809518,0.728638384809518,8321000000,8321000000,https://www1.hkexnews.hk/search/titlesearch.xhtml,https://www1.hkexnews.hk/search/titlesearch.xhtml,1620584549,14:22:29,20210509
1,2019-12-31,0135.HK,CNY,2019-12-31,2019-12-31,FY,113313000000.0,91466000000.0,21847000000.0,0.19280223804859106,0.0,3112000000.0,0.0,302000000.0,0.0,99836000000.0,988000000.0,6350000000.0,19827000000.0,0.17497551031214423,13477000000.0,0.11893604440796732,0.0,13645000000.0,0.12041866334842427,4074000000.0,5551000000.0,0.04898820082426553,0.6671,0.6464,8321000000,8628000000,https://www1.hkexnews.hk/search/titlesearch.xhtml,https://www1.hkexnews.hk/search/titlesearch.xhtml,1620584549,14:22:29,20210509
2,2018-12-31,0135.HK,CNY,2018-12-31,2018-12-31,FY,105470000000.0,84438000000.0,21032000000.0,0.19941215511519864,0.0,3389000000.0,0.0,455000000.0,0.0,93096000000.0,1130000000.0,6189000000.0,18563000000.0,0.17600265478335073,12374000000.0,0.11732246136342088,0.0,11985000000.0,0.1136342087797478,3772000000.0,4634000000.0,0.043936664454347206,0.5741,0.5468,8072000000,8635000000,https://www1.hkexnews.hk/search/titlesearch.xhtml,https://www1.hkexnews.hk/search/titlesearch.xhtml,1620584549,14:22:29,20210509
3,2017-12-31,0135.HK,CNY,2017-12-31,2017-12-31,FY,88706000000.0,69796000000.0,18910000000.0,0.21317610984600815,0.0,3264000000.0,0.0,454000000.0,0.0,77558000000.0,1145000000.0,5651000000.0,16799000000.0,0.1893783960498726,11148000000.0,0.12567357337722362,0.0,11480000000.0,0.12941627398372152,3531000000.0,4760000000.0,0.053660406285933306,0.5897,0.5621,8072000000,8620000000,https://www1.hkexnews.hk/search/titlesearch.xhtml,https://www1.hkexnews.hk/search/titlesearch.xhtml,1620584549,14:22:29,20210509
4,2016-12-31,0135.HK,CNY,2016-12-31,2016-12-31,FY,73317424970.40596,56452501063.83802,16864923906.567942,0.23002613517012285,0.0,3043476313.162965,0.0,289215313.077857,0.0,63185039574.77428,613351360.552113,5699242934.181309,15831628329.812996,0.21593268361788914,10132385395.631687,0.1381988715468601,0.0,6370795518.727418,0.08689333431034904,3313888153.873531,590070870.954514,0.008048166874282503,0.073065,0.073065,8072000000,8072000000,https://www1.hkexnews.hk/search/titlesearch.xhtml,https://www1.hkexnews.hk/search/titlesearch.xhtml,1620584549,14:22:29,20210509
5,2015-12-31,0135.HK,CNY,2015-12-31,2015-12-31,FY,34869330131.80196,23584800633.082836,11284529498.71913,0.32362335198482267,0.0,2131131461.430705,0.0,79551076.163425,0.0,27131103870.47342,483168115.224172,4422202454.93735,12160428716.265896,0.34874282558055764,7738226261.328545,0.22192070315314233,0.0,4125770023.759955,0.11832088566557,2183049005.874204,114721025.62515,0.003290026656420356,0.014235,0.014235,8072000000,8072000000,https://www1.hkexnews.hk/search/titlesearch.xhtml,https://www1.hkexnews.hk/search/titlesearch.xhtml,1620584549,14:22:29,20210509
6,2014-12-31,0135.HK,CNY,2014-12-31,2014-12-31,FY,38417920547.60969,25385382268.429295,13032538279.18039,0.33923070518691195,0.0,2220601227.223214,0.0,158328787.536981,0.0,29466746569.382587,388625205.77259,4311660719.188898,13262834697.415998,0.34522521022396135,8951173978.2271,0.23299475480809256,0.0,9560499918.142149,0.24885521605195238,2462892250.575261,4485982313.547797,0.11676796270085756,0.55591,0.55567,8070000000,8073000000,https://www1.hkexnews.hk/search/titlesearch.xhtml,https://www1.hkexnews.hk/search/titlesearch.xhtml,1620584549,14:22:29,20210509
7,2013-12-31,0135.HK,CNY,2013-12-31,2013-12-31,FY,33936500080.58745,20184520690.344334,13751979390.243116,0.40522680174994247,0.0,2248888953.072316,0.0,107052740.295659,0.0,24111090179.29096,486035069.079562,3538210277.801059,13363620179.09755,0.3937830992401566,9825409901.296492,0.28952337094174535,0.0,11215532711.413116,0.3304858392816026,3004509390.049706,5353418421.646434,0.1577481003914345,0.664274,0.662867,8059000000,8076000000,https://www1.hkexnews.hk/search/titlesearch.xhtml,https://www1.hkexnews.hk/search/titlesearch.xhtml,1620584549,14:22:29,20210509
8,2012-12-31,0135.HK,CNY,2012-12-31,2012-12-31,FY,26533534177.251114,13966882646.150513,12566651531.100601,0.47361393499833093,0.0,1743243452.606702,0.0,66831042.293929,0.0,17694927535.55884,532232758.509483,3570227006.400978,12408833648.09325,0.4676660698570691,8838606641.692272,0.33311079416138134,0.0,10713901792.325535,0.40378721208994633,2731215607.963942,5248249803.275051,0.19779686219767548,0.672658,0.669357,7802000000,7841000000,https://www1.hkexnews.hk/search/titlesearch.xhtml,https://www1.hkexnews.hk/search/titlesearch.xhtml,1620584549,14:22:29,20210509
9,2011-12-31,0135.HK,CNY,2011-12-31,2011-12-31,FY,20555317614.638733,7160935910.478128,13394381704.160604,0.6516261122923065,0.0,1488354559.151139,0.0,0.0,0.0,14000568525.696331,326159264.457808,3308533680.157616,9863282769.100018,0.4798409323568785,6554749088.942401,0.3188833766438302,0.0,8457479686.312889,0.41144972045042916,1846077623.395187,4539521871.820956,0.2208441609575557,0.634837,0.627391,7151000000,7236000000,https://www1.hkexnews.hk/search/titlesearch.xhtml,https://www1.hkexnews.hk/search/titlesearch.xhtml,1620584549,14:22:29,20210509
10,2010-12-31,0135.HK,CNY,2010-12-31,2010-12-31,FY,7727976265.336881,3635591833.692891,4092384431.64399,0.5295544772827525,0.0,690302246.903713,0.0,0.0,0.0,5823253398.880339,142321574.36163,772968071.532924,2677690937.989467,0.346493162770181,1904722866.456543,0.24647110719011914,0.0,3743824408.207424,0.48445081605646234,865008371.120085,2067497840.726431,0.26753418614909574,0.417761,0.410943,4949000000,5031000000,https://www1.hkexnews.hk/search/titlesearch.xhtml,https://www1.hkexnews.hk/search/titlesearch.xhtml,1620584549,14:22:29,20210509
11,2009-12-31,0135.HK,CNY,2009-12-31,2009-12-31,FY,4648935203.85887,2060367588.7259,2588567615.13297,0.5568087103008701,0.0,447723438.300117,0.0,16412455.460393,0.0,3465162311.253727,118838644.695375,489850296.108893,1673623188.714036,0.36000140146604703,1183772892.605143,0.25463312365002355,533855152.281332,1633185913.118043,0.35130322138334164,344681815.002218,1060015177.652957,0.2280124654723272,0.235872,0.232439,4493935000,4560515000,https://www1.hkexnews.hk/search/titlesearch.xhtml,https://www1.hkexnews.hk/search/titlesearch.xhtml,1620584549,14:22:29,20210509
12,2008-12-31,0135.HK,CNY,2008-12-31,2008-12-31,FY,4585972759.127648,1092042133.639911,3493930625.487737,0.7618733928442172,0.0,580705898.481048,0.0,0.0,0.0,2615342143.882386,67967019.718506,556122213.977146,2526752829.222408,0.5509742342436093,1970630615.245262,0.42970831244538804,0.0,4890637868.102007,1.0664341296768436,911087020.69398,2922510527.03456,0.6372716717991332,0.613712,0.60746,4761936000,4810754000,https://www1.hkexnews.hk/search/titlesearch.xhtml,https://www1.hkexnews.hk/search/titlesearch.xhtml,1620584549,14:22:29,20210509
13,2007-12-31,0135.HK,CNY,2007-12-31,2007-12-31,FY,3599848028.176672,2172374013.547168,1427474014.629505,0.39653729920163394,296154980.787234,145691470.65507,0.0,1377400387.984519,0.0,2808150378.674368,0.0,0.0,791697649.502304,0.21992529776411143,791697649.502304,0.21992529776411143,0.0,2169098037.486823,0.6025526690318297,590693051.45718,1578404986.029644,0.4384643389596389,0.264458,0.261179,4843436061,4904239598,https://www1.hkexnews.hk/search/titlesearch.xhtml,https://www1.hkexnews.hk/search/titlesearch.xhtml,1620584549,14:22:29,20210509
14,2006-12-31,0135.HK,CNY,2006-12-31,2006-12-31,FY,3904246803.832058,2106333716.646306,1797913087.185752,0.46050190408584873,4186274.352215,33869215.585418,0.0,1225638854.883302,0.0,2345294278.274288,0.0,0.0,1558952525.55777,0.39929661312077974,1558952525.55777,0.39929661312077974,0.0,2784591380.441072,0.7132211461908523,724025925.544911,2060565454.896162,0.5277754092988425,0.359368,0.354856,4831029576,4892458322,https://www1.hkexnews.hk/search/titlesearch.xhtml,https://www1.hkexnews.hk/search/titlesearch.xhtml,1620584549,14:22:29,20210509
15,2005-12-31,0135.HK,CNY,2005-12-31,2005-12-31,FY,3516618197.588963,1853641665.484786,1662976532.104177,0.4728908396266431,3284153.236204,34043813.499226,0.0,930492734.65704,0.0,21954382.220217,0.0,0.0,3494663815.368747,0.9937569616641159,3494663815.368747,0.9937569616641159,0.0,4425156550.025786,1.2583556989666176,432675478.33935,3793706005.544095,1.078793827588422,0.792777,0.789238,4785338761,4806797679,https://www1.hkexnews.hk/search/titlesearch.xhtml,https://www1.hkexnews.hk/search/titlesearch.xhtml,1620584549,14:22:29,20210509
16,2004-12-31,0135.HK,CNY,2004-12-31,2004-12-31,FY,2699131547.771496,1638505864.387562,1060625683.383934,0.39295071937476567,19476533.51154,16837543.658245,0.0,60548676.35949,0.0,1602027715.987496,0.0,0.0,1097103831.784,0.4064654917207759,1097103831.784,0.4064654917207759,0.0,1157652508.14349,0.42889814284868455,294022037.050145,825943096.418151,0.30600327616491335,0.174193,0.172168,4741553517,4797301980,https://www1.hkexnews.hk/search/titlesearch.xhtml,https://www1.hkexnews.hk/search/titlesearch.xhtml,1620584549,14:22:29,20210509
17,2003-12-31,0135.HK,CNY,2003-12-31,2003-12-31,FY,2237671595.096845,1535846012.457528,701825582.639316,0.31364101156628454,0.0,28517255.312353,0.0,38870300.593252,0.0,1518111491.12311,0.0,0.0,719560103.973735,0.3215664468148164,719560103.973735,0.3215664468148164,0.0,758430404.566988,0.338937316015831,187648146.047517,550601816.909626,0.24606015382958654,0.114513,0.113766,4808221601,4839765698,https://www1.hkexnews.hk/search/titlesearch.xhtml,https://www1.hkexnews.hk/search/titlesearch.xhtml,1620584549,14:22:29,20210509
18,2002-12-31,0135.HK,CNY,2002-12-31,2002-12-31,FY,1765486164.688326,1273304885.739157,492181278.94917,0.27877945961477324,0.0,26430434.482732,0.0,3453307.922377,0.0,1239524232.857412,0.0,0.0,525961931.830914,0.2979133693317647,525961931.830914,0.2979133693317647,0.0,529415239.753292,0.29986937895191806,145077137.744526,374240307.023695,0.211975780104605,0.076198,0.076092,4911434540,4918284519,https://www1.hkexnews.hk/search/titlesearch.xhtml,https://www1.hkexnews.hk/search/titlesearch.xhtml,1620584549,14:22:29,20210509
19,2001-12-31,0135.HK,CNY,2001-12-31,2001-12-31,FY,1568276175.567381,1017443846.944545,550832328.622837,0.35123426422234166,0.0,36955913.270114,0.0,-1623712.698598,0.0,922386611.568002,0.0,0.0,645889563.99938,0.4118468252351701,645889563.99938,0.4118468252351701,0.0,644265851.300782,0.4108114765358183,-158297130.611476,485390339.368564,0.30950565144749226,0.096149,0.095831,5048300221,5065071982,https://www1.hkexnews.hk/search/titlesearch.xhtml,https://www1.hkexnews.hk/search/titlesearch.xhtml,1620584549,14:22:29,20210509
20,2000-12-31,0135.HK,CNY,2000-12-31,2000-12-31,FY,1897956148.170943,893629924.145094,1004326224.025849,0.5291619751034377,0.0,33718983.805824,0.0,14820494.59553,0.0,927348907.950917,0.0,0.0,970607240.220025,0.5113960304906925,970607240.220025,0.5113960304906925,0.0,985427734.815556,0.519204690669598,-264883081.970997,503809892.526061,0.2654486474893436,0.136428,0.136428,3692867133,3692867133,https://www1.hkexnews.hk/search/titlesearch.xhtml,https://www1.hkexnews.hk/search/titlesearch.xhtml,1620584549,14:22:29,20210509
21,1999-12-31,0135.HK,CNY,1999-12-31,1999-12-31,FY,1153937731.380827,777572040.704785,376365690.676043,0.32615771236258617,0.0,21307353.944642,0.0,0.0,0.0,798879394.649427,0.0,0.0,355058336.7314,0.3076928044518741,355058336.7314,0.3076928044518741,0.0,362120689.270434,0.31381302424101565,-125963029.767271,236157659.503163,0.20465372877665733,0.044605,0.044605,5294367542,5294367542,https://www1.hkexnews.hk/search/titlesearch.xhtml,https://www1.hkexnews.hk/search/titlesearch.xhtml,1620584549,14:22:29,20210509
22,1998-12-31,0135.HK,CNY,1998-12-31,1998-12-31,FY,830149028.138472,0.0,0.0,0.0,0.0,0.0,0.0,11680906.613832,0.0,0.0,0.0,0.0,830149028.138472,1.0,830149028.138472,1.0,0.0,204844910.111779,0.24675679085130497,-61426544.221287,143418365.890492,0.17276219212361624,0.028959,0.028959,4952435424,4952435424,https://www1.hkexnews.hk/search/titlesearch.xhtml,https://www1.hkexnews.hk/search/titlesearch.xhtml,1620584549,14:22:29,20210509
23,1997-12-31,0135.HK,CNY,1997-12-31,1997-12-31,FY,345394544.027876,0.0,0.0,0.0,0.0,0.0,0.0,0.0,0.0,0.0,0.0,0.0,345394544.027876,1.0,345394544.027876,1.0,0.0,95589656.940053,0.27675497078013533,-28157158.108021,67432498.832032,0.1952332484632116,0.014639,0.014639,4606350365,4606350365,https://www1.hkexnews.hk/search/titlesearch.xhtml,https://www1.hkexnews.hk/search/titlesearch.xhtml,1620584549,14:22:29,20210509
24,1996-12-31,0135.HK,CNY,1996-12-31,1996-12-31,FY,116565328.575676,0.0,0.0,0.0,0.0,0.0,0.0,52940936.068986,0.0,0.0,0.0,0.0,116565328.575676,1.0,116565328.575676,1.0,0.0,35065082.366934,0.3008191440404958,-11536373.476063,23528708.890871,0.20184997699033466,0.007725,0.007725,3045972222,3045972222,https://www1.hkexnews.hk/search/titlesearch.xhtml,https://www1.hkexnews.hk/search/titlesearch.xhtml,1620584549,14:22:29,20210509
25,1995-12-31,0135.HK,CNY,1995-12-31,1995-12-31,FY,12664770.637076,0.0,0.0,0.0,0.0,0.0,0.0,-46426360.207962,0.0,0.0,0.0,0.0,12664770.637076,1.0,12664770.637076,1.0,0.0,-22248455.528828,-1.7567199727799137,-70024.67603,-22387427.57818,-1.7676930928887895,-0.008295,-0.008295,2698831169,2698831169,https://www1.hkexnews.hk/search/titlesearch.xhtml,https://www1.hkexnews.hk/search/titlesearch.xhtml,1620584549,14:22:29,20210509
