,date,symbol,reportedCurrency,fillingDate,acceptedDate,period,revenue,costOfRevenue,grossProfit,grossProfitRatio,researchAndDevelopmentExpenses,generalAndAdministrativeExpenses,sellingAndMarketingExpenses,otherExpenses,operatingExpenses,costAndExpenses,interestExpense,depreciationAndAmortization,ebitda,ebitdaratio,operatingIncome,operatingIncomeRatio,totalOtherIncomeExpensesNet,incomeBeforeTax,incomeBeforeTaxRatio,incomeTaxExpense,netIncome,netIncomeRatio,eps,epsdiluted,weightedAverageShsOut,weightedAverageShsOutDil,link,finalLink,timestamp,est_time,est_date
0,2020-06-30,NTWK,USD,2020-09-28,2020-09-28 12:41:52,FY,56372319.0,29408949.0,26963370.0,0.4783086890571239,1468954.0,17138832.0,6450663.0,224224.0,25893032.0,55301981.0,346856.0,834583.0,1904921.0,0.03379177996917246,1070338.0,0.01898694286463539,40073.0,2333091.0,0.04138717443928464,1141068.0,937081.0,0.016623069914863713,0.07985591046275951,0.07951867610896901,11734648.0,11784414.0,https://www.sec.gov/Archives/edgar/data/1039280/000149315220018417/0001493152-20-018417-index.htm,https://www.sec.gov/Archives/edgar/data/1039280/000149315220018417/form10-k.htm,1620595888,17:31:28,20210509
1,2019-06-30,NTWK,USD,2019-09-23,2019-09-23 14:52:22,FY,67819183.0,33373532.0,34445651.0,0.5079042459122517,1971228.0,16916953.0,7831758.0,18680.0,27617739.0,60991271.0,311798.0,897800.0,7725712.0,0.11391632364547948,6827912.0,0.10067818127505311,5604149.0,13075324.0,0.19279683743757278,1057784.0,8583399.0,0.126562996195339,0.7399934823596962,0.7385481316022471,11599290.0,11621990.0,https://www.sec.gov/Archives/edgar/data/1039280/000149315219014421/0001493152-19-014421-index.htm,https://www.sec.gov/Archives/edgar/data/1039280/000149315219014421/form10-k.htm,1620595888,17:31:28,20210509
2,2018-06-30,NTWK,USD,2018-09-26,2018-09-26 16:33:03,FY,60930258.0,31723341.0,29206917.0,0.479349964347763,853996.0,16254067.0,7620476.0,42847.0,26152006.0,57875347.0,422327.0,962737.0,4017648.0,0.06593847017683727,3054911.0,0.05013783135466126,4798268.0,8023005.0,0.13167521791882122,873027.0,4306888.0,0.0706855368969552,0.38,0.38,11197319.0,11197319.0,https://www.sec.gov/Archives/edgar/data/1039280/000149315218013757/0001493152-18-013757-index.htm,https://www.sec.gov/Archives/edgar/data/1039280/000149315218013757/form10-k.htm,1620595888,17:31:28,20210509
3,2017-06-30,NTWK,USD,2017-09-28,2017-09-28 17:19:54,FY,65366268.0,36958332.0,28407936.0,0.4345962660741164,393345.0,16747550.0,9746229.0,50378.0,29409150.0,66367482.0,310044.0,1114275.0,113061.0,0.0017296535883003141,-1001214.0,-0.015316982759364509,327050.0,-804485.0,-0.012307341762267963,931951.0,-4978030.0,-0.07615594636671012,-0.46,-0.46,10912284.0,10912284.0,https://www.sec.gov/Archives/edgar/data/1039280/000149315217011038/0001493152-17-011038-index.htm,https://www.sec.gov/Archives/edgar/data/1039280/000149315217011038/form10-k.htm,1620595888,17:31:28,20210509
4,2016-06-30,NTWK,USD,2016-09-15,2016-09-15 14:28:51,FY,64550193.0,33748607.0,30801586.0,0.4771726399020991,485783.0,14965016.0,7823916.0,224931.0,24499885.0,58248492.0,264511.0,1225170.0,7526871.0,0.11660493408594456,6301701.0,0.09762482042462677,-489297.0,5709687.0,0.08845344583245475,652546.0,3402761.0,0.05271496244790469,0.33,0.32,10391157.0,10584835.0,https://www.sec.gov/Archives/edgar/data/1039280/000149315216013366/0001493152-16-013366-index.htm,https://www.sec.gov/Archives/edgar/data/1039280/000149315216013366/form10-k.htm,1620595888,17:31:28,20210509
5,2015-06-30,NTWK,USD,2015-09-15,2015-09-15 14:31:39,FY,51048578.0,33021364.0,18027214.0,0.3531384165098585,314892.0,14778641.0,6092530.0,684030.0,23193020.0,56214384.0,166962.0,2006957.0,-3158849.0,-0.06187927507011067,-5165806.0,-0.10119392551933572,165662.0,-4835674.0,-0.09472690894543624,413498.0,-5548818.0,-0.10869681815622759,-0.57,-0.57,9728122.0,9728122.0,https://www.sec.gov/Archives/edgar/data/1039280/000149315215004366/0001493152-15-004366-index.htm,https://www.sec.gov/Archives/edgar/data/1039280/000149315215004366/form10-k.htm,1620595888,17:31:28,20210509
6,2014-06-30,NTWK,USD,2014-09-16,2014-09-15 20:09:33,FY,36384803.0,27720340.0,8664463.0,0.23813411879679547,249712.0,15046328.0,4572108.0,50578.0,21754296.0,49474636.0,255677.0,1886148.0,-11203685.0,-0.3079221014333924,-13089833.0,-0.3597609969195106,-673933.0,-13758192.0,-0.3781301770412224,338282.0,-11356047.0,-0.31210961895272593,-1.25,-1.25,9063345.0,9063345.0,https://www.sec.gov/Archives/edgar/data/1039280/000117184314004360/0001171843-14-004360-index.htm,https://www.sec.gov/Archives/edgar/data/1039280/000117184314004360/f10k_091214.htm,1620595888,17:31:28,20210509
7,2013-06-30,NTWK,USD,2013-09-12,2013-09-12 15:18:00,FY,50797161.0,22953933.0,27843228.0,0.5481256718264236,0.0,10648249.0,3556997.0,147153.0,15760648.0,38714581.0,664025.0,1555402.0,13637982.0,0.26847921678142606,12082580.0,0.23785935595888913,1585465.0,12553481.0,0.24712957875736402,465426.0,7863143.0,0.15479493037022285,0.96,0.95,8201247.0,8288951.0,https://www.sec.gov/Archives/edgar/data/1039280/000117184313003695/0001171843-13-003695-index.htm,https://www.sec.gov/Archives/edgar/data/1039280/000117184313003695/f10k_091213.htm,1620595888,17:31:28,20210509
8,2012-06-30,NTWK,USD,2012-09-05,2012-09-05 17:14:06,FY,39775524.0,18278023.0,21497501.0,0.5404705919147664,0.0,8871433.0,3130379.0,0.0,13239861.0,31517884.0,823684.0,1113758.0,9371398.0,0.2356071537863335,8257640.0,0.20760606447321725,-811340.0,6704655.0,0.16856232993938686,55384.0,2446545.0,0.06150880626990608,0.39347172218271226,0.39181174164442595,6217842.0,6244185.0,https://www.sec.gov/Archives/edgar/data/1039280/000117184312003317/0001171843-12-003317-index.htm,https://www.sec.gov/Archives/edgar/data/1039280/000117184312003317/f10k_090412.htm,1620595888,17:31:28,20210509
9,2011-06-30,NTWK,USD,2011-09-16,2011-09-16 14:20:55,FY,36547575.0,14804127.0,21743448.0,0.59493545057367,0.0,7067693.0,3016402.0,0.0,11631384.0,26435511.0,863707.0,1180226.0,11292290.0,0.30897508247811245,10112064.0,0.2766822148938746,420299.0,9823512.0,0.2687869715022132,120542.0,5728087.0,0.15672960517900297,1.1799978163779892,1.1555973700068531,4854320.0,4956819.0,https://www.sec.gov/Archives/edgar/data/1039280/000117184311002778/0001171843-11-002778-index.htm,https://www.sec.gov/Archives/edgar/data/1039280/000117184311002778/f10k_091411.htm,1620595888,17:31:28,20210509
10,2010-06-30,NTWK,USD,2010-09-10,2010-09-10 06:03:25,FY,36779897.0,13867048.0,22912849.0,0.6229720817325834,0.0,8909641.0,2222841.0,0.0,13185141.0,27052189.0,1478474.0,1609854.0,11337562.0,0.308254316209749,9727708.0,0.26448437308021827,-1945629.0,6340160.0,0.1723811243952097,53943.0,1394120.0,0.03790440196175644,0.4039005203900057,0.36884662539679347,3451642.0,3779674.0,https://www.sec.gov/Archives/edgar/data/1039280/000114420410048772/0001144204-10-048772-index.htm,https://www.sec.gov/Archives/edgar/data/1039280/000114420410048772/v196237_10k.htm,1620595888,17:31:28,20210509
11,2009-06-30,NTWK,USD,2009-09-16,2009-09-15 20:48:14,FY,26448177.0,17198334.0,9249843.0,0.3497346149793235,0.0,8249447.0,3115883.0,0.0,15733012.0,32931346.0,1294293.0,1973997.0,-4509172.0,-0.1704908432819396,-6483169.0,-0.2451272539502439,1346659.0,-6139773.0,-0.23214352354039372,91132.0,-8047048.0,-0.30425718944636526,-3.0,-3.0,2693750.0,2693750.0,https://www.sec.gov/Archives/edgar/data/1039280/000114420409048597/0001144204-09-048597-index.htm,https://www.sec.gov/Archives/edgar/data/1039280/000114420409048597/v160457_10k.htm,1620595888,17:31:28,20210509
12,2008-06-30,NTWK,USD,2008-11-26,2008-11-26 17:05:17,FY,36642175.0,15724144.0,20918031.0,0.5708730718086468,0.0,11769310.0,0.0,0.0,13708812.0,29432956.0,0.0,1939502.0,9148721.0,0.24967734584532714,7209219.0,0.1967464813428788,3374707.0,7344030.0,0.2004256024649192,121982.0,7222048.0,0.1970965970224202,2.9,2.8,2411853.0,2599704.0,https://www.sec.gov/Archives/edgar/data/1039280/000114420408067015/0001144204-08-067015-index.htm,https://www.sec.gov/Archives/edgar/data/1039280/000114420408067015/v133699_10ksba.htm,1620595888,17:31:28,20210509
13,2007-06-30,NTWK,USD,2007-09-20,2007-09-20 06:07:01,FY,29282086.0,13658979.0,15623107.0,0.5335380478016492,0.0,10987636.0,0.0,0.0,12976239.0,26635218.0,0.0,4792294.0,7439162.0,0.25405164099306315,2646868.0,0.09039205745109825,-2346189.0,-4717255.0,-0.16109695873442897,160306.0,-4877561.0,-0.16657150040471844,-2.7,-2.7,1818959.0,1818959.0,https://www.sec.gov/Archives/edgar/data/1039280/000114420407050276/0001144204-07-050276-index.htm,https://www.sec.gov/Archives/edgar/data/1039280/000114420407050276/v087791_10ksb.htm,1620595888,17:31:28,20210509
14,2006-06-30,NTWK,USD,2006-09-27,2006-09-26 20:08:13,FY,18690412.0,9020518.0,9669894.0,0.5173719017001872,0.0,7642563.0,0.0,0.0,9929241.0,18949759.0,0.0,2286678.0,2027331.0,0.10846903749366253,-259347.0,-0.013875938101310983,129046.0,-1247032.0,-0.06672041258373544,106021.0,-1353053.0,-0.07239289321177082,-0.9,-0.9,1456700.0,1456700.0,https://www.sec.gov/Archives/edgar/data/1039280/000114420406039873/0001144204-06-039873-index.htm,https://www.sec.gov/Archives/edgar/data/1039280/000114420406039873/v053416_10ksb.htm,1620595888,17:31:28,20210509
15,2005-06-30,NTWK,USD,2005-06-30,2005-06-30,FY,12437653.0,4754749.0,7682904.0,0.6177133258179819,0.0,5053637.0,0.0,0.0,6618199.0,11372948.0,0.0,1564562.0,2629267.0,0.21139575127236626,1064705.0,0.08560336906006302,-64030.0,673741.0,0.05416946428719309,10416.0,663325.0,0.0533320072524937,0.6,0.4,1159762.0,1477632.0,,,1620595888,17:31:28,20210509
16,2004-06-30,NTWK,USD,2005-03-24,2005-03-23 20:53:13,FY,5749062.0,2656377.0,3092685.0,0.5379460162370835,0.0,4313301.0,0.0,0.0,6028055.0,8684432.0,0.0,1714754.0,-1220616.0,-0.2123156786272265,-2935370.0,-0.5105824219672704,-135663.0,0.0,0.0,0.0,-2969975.0,-0.5166016647585293,-3.8,-3.8,788155.0,788155.0,https://www.sec.gov/Archives/edgar/data/1039280/000114420405008611/0001144204-05-008611-index.htm,https://www.sec.gov/Archives/edgar/data/1039280/000114420405008611/v014806_10ksb-a.htm,1620595888,17:31:28,20210509
17,2003-06-30,NTWK,USD,2004-07-21,2004-07-21 17:15:49,FY,3745386.0,1778993.0,1966393.0,0.5250174481348517,0.0,2654994.0,0.0,0.0,4231884.0,6010877.0,0.0,1576890.0,-688601.0,-0.18385314624447252,-2265491.0,-0.604875171744648,-214847.0,0.0,0.0,0.0,-2137506.0,-0.5707037939480737,-4.7,-4.7,451220.0,451220.0,https://www.sec.gov/Archives/edgar/data/1039280/000114420404010391/0001144204-04-010391-index.htm,https://www.sec.gov/Archives/edgar/data/1039280/000114420404010391/v04660_10ksb-a.htm,1620595888,17:31:28,20210509
18,2002-06-30,NTWK,USD,2002-10-15,2002-10-15 17:04:38,FY,3578113.0,2961680.0,616433.0,0.17227879611404112,0.0,4280028.0,0.0,0.0,-5778994.0,-2817314.0,0.0,2115399.0,8510826.0,2.3785794355851815,6395427.0,1.7873742388795435,-219870.0,0.0,0.0,0.0,-5998864.0,-1.6765440331258403,-20.0,-20.0,300604.0,300604.0,https://www.sec.gov/Archives/edgar/data/1039280/000095015002000935/0000950150-02-000935-index.htm,https://www.sec.gov/Archives/edgar/data/1039280/000095015002000935/a84540ore10ksb.htm,1620595888,17:31:28,20210509
19,2001-06-30,NTWK,USD,2001-06-30,2001-06-30,FY,6726836.0,4129973.0,2596863.0,0.38604523731513596,0.0,9140490.0,0.0,0.0,18076642.0,22206615.0,0.0,1509624.0,-13970155.0,-2.076779484441125,-15479779.0,-2.3011976209915033,-7355621.0,-15408872.0,-2.29065670695703,-2850000.0,-14049942.0,-2.088640484174135,-62.5,-62.5,224530.0,224530.0,,,1620595888,17:31:28,20210509
20,2000-06-30,NTWK,USD,2000-06-30,2000-06-30,FY,6984539.0,2174820.0,4809719.0,0.6886236872612495,0.0,7292993.0,0.0,0.0,8701866.0,10876686.0,0.0,1408873.0,-2483274.0,-0.3555387120037557,-3892147.0,-0.5572518100335613,241071.0,-3651076.0,-0.5227368620892517,-250000.0,-3401076.0,-0.4869435191069876,-17.5,-17.5,193322.0,193322.0,,,1620595888,17:31:28,20210509
21,1999-06-30,NTWK,USD,1999-06-30,1999-06-30,FY,3000000.0,1300000.0,1700000.0,0.5666666666666667,0.0,2800000.0,0.0,0.0,3200000.0,4500000.0,0.0,400000.0,-1100000.0,-0.36666666666666664,-1500000.0,-0.5,100000.0,0.0,0.0,0.0,-1600000.0,-0.5333333333333333,-22.0,-22.0,74672.0,74672.0,,,1620595888,17:31:28,20210509
