,date,symbol,reportedCurrency,fillingDate,acceptedDate,period,revenue,costOfRevenue,grossProfit,grossProfitRatio,researchAndDevelopmentExpenses,generalAndAdministrativeExpenses,sellingAndMarketingExpenses,otherExpenses,operatingExpenses,costAndExpenses,interestExpense,depreciationAndAmortization,ebitda,ebitdaratio,operatingIncome,operatingIncomeRatio,totalOtherIncomeExpensesNet,incomeBeforeTax,incomeBeforeTaxRatio,incomeTaxExpense,netIncome,netIncomeRatio,eps,epsdiluted,weightedAverageShsOut,weightedAverageShsOutDil,link,finalLink,timestamp,est_time,est_date
0,2020-04-30,ATS.L,GBP,2020-04-30,2020-04-30,FY,-15967000.0,0.0,0.0,0.0,0.0,494000.0,0.0,0.0,503000.0,0.0,8000.0,0.0,0.0,0.0,0.0,1.0315024738523204,0.0,-16470000.0,1.0315024738523204,138000.0,-16608000.0,1.0401452996805913,-0.414,-41.4,40111037,40111037,https://find-and-update.company-information.service.gov.uk/search/companies?q=Artemis+Alpha+Trust+PLC,https://find-and-update.company-information.service.gov.uk/search/companies?q=Artemis+Alpha+Trust+PLC,1620588896,15:34:56,20210509
1,2019-04-30,ATS.L,GBP,2019-04-30,2019-04-30,FY,-12825000.0,0.0,0.0,0.0,0.0,552000.0,0.0,0.0,723000.0,0.0,110000.0,0.0,0.0,0.0,0.0,1.056374269005848,0.0,-13548000.0,1.056374269005848,132000.0,-13680000.0,1.0666666666666667,-0.3339,-0.3339,40980974,40980974,https://find-and-update.company-information.service.gov.uk/search/companies?q=Artemis+Alpha+Trust+PLC,https://find-and-update.company-information.service.gov.uk/search/companies?q=Artemis+Alpha+Trust+PLC,1620588896,15:34:56,20210509
2,2018-04-30,ATS.L,GBP,2018-04-30,2018-04-30,FY,15481000.0,0.0,0.0,0.0,0.0,457000.0,0.0,0.0,592000.0,0.0,256000.0,0.0,0.0,0.0,0.0,0.9617595762547639,0.0,14889000.0,0.9617595762547639,83000.0,14806000.0,0.9563981654931852,0.3612,0.3612,40992533,40992533,https://find-and-update.company-information.service.gov.uk/search/companies?q=Artemis+Alpha+Trust+PLC,https://find-and-update.company-information.service.gov.uk/search/companies?q=Artemis+Alpha+Trust+PLC,1620588896,15:34:56,20210509
3,2017-04-30,ATS.L,GBP,2017-04-30,2017-04-30,FY,26734000.0,0.0,0.0,0.0,0.0,433000.0,0.0,0.0,584000.0,0.0,208000.0,0.0,0.0,0.0,0.0,0.9781551582254807,0.0,26150000.0,0.9781551582254807,37000.0,26113000.0,0.9767711528390813,0.6301,0.6301,41443082,41443082,https://find-and-update.company-information.service.gov.uk/search/companies?q=Artemis+Alpha+Trust+PLC,https://find-and-update.company-information.service.gov.uk/search/companies?q=Artemis+Alpha+Trust+PLC,1620588896,15:34:56,20210509
4,2016-04-30,ATS.L,GBP,2016-04-30,2016-04-30,FY,-8088000.0,0.0,0.0,0.0,0.0,442000.0,0.0,0.0,583000.0,0.0,259000.0,0.0,0.0,0.0,0.0,1.072082096933729,0.0,-8671000.0,1.072082096933729,13000.0,-8684000.0,1.0736894164193866,-0.2034,-0.2034,42694142,42694142,https://find-and-update.company-information.service.gov.uk/search/companies?q=Artemis+Alpha+Trust+PLC,https://find-and-update.company-information.service.gov.uk/search/companies?q=Artemis+Alpha+Trust+PLC,1620588896,15:34:56,20210509
5,2015-04-30,ATS.L,GBP,2015-04-30,2015-04-30,FY,-926000.0,0.0,0.0,0.0,0.0,426000.0,0.0,0.0,509000.0,0.0,407000.0,0.0,0.0,0.0,0.0,1.5496760259179265,0.0,-1435000.0,1.5496760259179265,20000.0,-1455000.0,1.5712742980561556,-0.0338,-0.0338,43086557,43086557,https://find-and-update.company-information.service.gov.uk/search/companies?q=Artemis+Alpha+Trust+PLC,https://find-and-update.company-information.service.gov.uk/search/companies?q=Artemis+Alpha+Trust+PLC,1620588896,15:34:56,20210509
6,2014-04-30,ATS.L,GBP,2014-04-30,2014-04-30,FY,16959000.0,0.0,0.0,0.0,0.0,437000.0,0.0,0.0,497000.0,0.0,510000.0,0.0,0.0,0.0,0.0,0.970988855474969,0.0,16467000.0,0.970988855474969,98000.0,16369000.0,0.9652102128663247,0.3706,0.3706,44168915,44168915,https://find-and-update.company-information.service.gov.uk/search/companies?q=Artemis+Alpha+Trust+PLC,https://find-and-update.company-information.service.gov.uk/search/companies?q=Artemis+Alpha+Trust+PLC,1620588896,15:34:56,20210509
7,2013-04-30,ATS.L,GBP,2013-04-30,2013-04-30,FY,-3848000.0,0.0,0.0,0.0,0.0,382000.0,0.0,0.0,435000.0,0.0,391000.0,0.0,0.0,0.0,0.0,1.1130457380457381,0.0,-4283000.0,1.1130457380457381,12000.0,-4295000.0,1.1161642411642412,-0.0907,-0.0907,47350570,47350570,https://find-and-update.company-information.service.gov.uk/search/companies?q=Artemis+Alpha+Trust+PLC,https://find-and-update.company-information.service.gov.uk/search/companies?q=Artemis+Alpha+Trust+PLC,1620588896,15:34:56,20210509
8,2012-04-30,ATS.L,GBP,2012-04-30,2012-04-30,FY,-5927000.0,0.0,0.0,0.0,0.0,979000.0,0.0,0.0,1673000.0,0.0,631000.0,0.0,0.0,0.0,0.0,1.282267588999494,0.0,-7600000.0,1.282267588999494,24000.0,-7624000.0,1.2863168550700186,-0.1568,-0.1568,48635430,48635430,https://find-and-update.company-information.service.gov.uk/search/companies?q=Artemis+Alpha+Trust+PLC,https://find-and-update.company-information.service.gov.uk/search/companies?q=Artemis+Alpha+Trust+PLC,1620588896,15:34:56,20210509
9,2011-04-30,ATS.L,GBP,2011-04-30,2011-04-30,FY,25925000.0,0.0,0.0,0.0,0.0,1394000.0,0.0,0.0,2041000.0,0.0,527000.0,0.0,0.0,0.0,0.0,0.9212729026036645,0.0,23884000.0,0.9212729026036645,9000.0,23875000.0,0.9209257473481196,0.642,0.642,37189744,37189744,https://find-and-update.company-information.service.gov.uk/search/companies?q=Artemis+Alpha+Trust+PLC,https://find-and-update.company-information.service.gov.uk/search/companies?q=Artemis+Alpha+Trust+PLC,1620588896,15:34:56,20210509
10,2010-04-30,ATS.L,GBP,2010-04-30,2010-04-30,FY,30105000.0,0.0,0.0,0.0,0.0,788000.0,0.0,0.0,1015000.0,0.0,177000.0,0.0,0.0,0.0,0.0,0.9662846703205448,0.0,29090000.0,0.9662846703205448,32000.0,29058000.0,0.9652217239661186,0.9576,0.8733,30345066,33273789,https://find-and-update.company-information.service.gov.uk/search/companies?q=Artemis+Alpha+Trust+PLC,https://find-and-update.company-information.service.gov.uk/search/companies?q=Artemis+Alpha+Trust+PLC,1620588896,15:34:56,20210509
11,2009-04-30,ATS.L,GBP,2009-04-30,2009-04-30,FY,-23440000.0,0.0,0.0,0.0,0.0,696000.0,0.0,0.0,1056000.0,0.0,317000.0,0.0,0.0,0.0,0.0,1.045051194539249,0.0,-24496000.0,1.045051194539249,38000.0,-24534000.0,1.0466723549488055,-0.7722,-0.7722,31769952,31769952,https://find-and-update.company-information.service.gov.uk/search/companies?q=Artemis+Alpha+Trust+PLC,https://find-and-update.company-information.service.gov.uk/search/companies?q=Artemis+Alpha+Trust+PLC,1620588896,15:34:56,20210509
12,2008-04-30,ATS.L,GBP,2008-04-30,2008-04-30,FY,8897000.0,0.0,0.0,0.0,0.0,766000.0,0.0,0.0,1610000.0,0.0,790000.0,0.0,0.0,0.0,0.0,0.8190401258851299,0.0,7287000.0,0.8190401258851299,1000.0,7286000.0,0.8189277284477914,0.2201,0.2021,33103283,33103283,https://find-and-update.company-information.service.gov.uk/search/companies?q=Artemis+Alpha+Trust+PLC,https://find-and-update.company-information.service.gov.uk/search/companies?q=Artemis+Alpha+Trust+PLC,1620588896,15:34:56,20210509
13,2007-04-30,ATS.L,GBP,2007-04-30,2007-04-30,FY,5060000.0,0.0,0.0,0.0,0.0,874000.0,0.0,0.0,1572000.0,0.0,641000.0,0.0,0.0,0.0,0.0,0.6893280632411067,0.0,3488000.0,0.6893280632411067,6000.0,3482000.0,0.6881422924901186,0.1046,0.0967,33294789,33294789,https://find-and-update.company-information.service.gov.uk/search/companies?q=Artemis+Alpha+Trust+PLC,https://find-and-update.company-information.service.gov.uk/search/companies?q=Artemis+Alpha+Trust+PLC,1620588896,15:34:56,20210509
14,2006-04-30,ATS.L,GBP,2006-04-30,2006-04-30,FY,20777000.0,0.0,0.0,0.0,0.0,859000.0,0.0,0.0,1551000.0,0.0,634000.0,0.0,0.0,0.0,0.0,0.9253501467969389,0.0,19226000.0,0.9253501467969389,-55000.0,19281000.0,0.9279973047119411,0.5784,0.5368,33338030,33338030,https://find-and-update.company-information.service.gov.uk/search/companies?q=Artemis+Alpha+Trust+PLC,https://find-and-update.company-information.service.gov.uk/search/companies?q=Artemis+Alpha+Trust+PLC,1620588896,15:34:56,20210509
15,2005-04-30,ATS.L,GBP,2005-04-30,2005-04-30,FY,20925000.0,0.0,0.0,0.0,0.0,750000.0,0.0,0.0,1210000.0,0.0,416000.0,0.0,0.0,0.0,0.0,0.9421744324970132,0.0,19715000.0,0.9421744324970132,19000.0,19696000.0,0.9412664277180406,0.6371,0.6013,30914756,30914756,https://find-and-update.company-information.service.gov.uk/search/companies?q=Artemis+Alpha+Trust+PLC,https://find-and-update.company-information.service.gov.uk/search/companies?q=Artemis+Alpha+Trust+PLC,1620588896,15:34:56,20210509
16,2004-04-30,ATS.L,GBP,2004-04-30,2004-04-30,FY,12327000.0,0.0,0.0,0.0,0.0,570000.0,0.0,0.0,704000.0,0.0,113000.0,0.0,0.0,0.0,0.0,0.9428895919526243,0.0,11623000.0,0.9428895919526243,18000.0,11605000.0,0.9414293826559584,0.5916,0.5754,19616622,19616622,https://find-and-update.company-information.service.gov.uk/search/companies?q=Artemis+Alpha+Trust+PLC,https://find-and-update.company-information.service.gov.uk/search/companies?q=Artemis+Alpha+Trust+PLC,1620588896,15:34:56,20210509
17,2003-04-30,ATS.L,GBP,2003-04-30,2003-04-30,FY,0.0,0.0,0.0,0.0,0.0,0.0,0.0,0.0,0.0,0.0,0.0,0.0,0.0,0.0,0.0,0.0,0.0,0.0,0.0,0.0,0.0,0.0,0.0,0.0,13049698,13049698,https://find-and-update.company-information.service.gov.uk/search/companies?q=Artemis+Alpha+Trust+PLC,https://find-and-update.company-information.service.gov.uk/search/companies?q=Artemis+Alpha+Trust+PLC,1620588896,15:34:56,20210509
18,2002-04-30,ATS.L,GBP,2002-04-30,2002-04-30,FY,0.0,0.0,0.0,0.0,0.0,0.0,0.0,0.0,0.0,0.0,0.0,0.0,0.0,0.0,0.0,0.0,0.0,0.0,0.0,0.0,0.0,0.0,0.0,0.0,13049698,13049698,https://find-and-update.company-information.service.gov.uk/search/companies?q=Artemis+Alpha+Trust+PLC,https://find-and-update.company-information.service.gov.uk/search/companies?q=Artemis+Alpha+Trust+PLC,1620588896,15:34:56,20210509
