,date,symbol,reportedCurrency,fillingDate,acceptedDate,period,revenue,costOfRevenue,grossProfit,grossProfitRatio,researchAndDevelopmentExpenses,generalAndAdministrativeExpenses,sellingAndMarketingExpenses,otherExpenses,operatingExpenses,costAndExpenses,interestExpense,depreciationAndAmortization,ebitda,ebitdaratio,operatingIncome,operatingIncomeRatio,totalOtherIncomeExpensesNet,incomeBeforeTax,incomeBeforeTaxRatio,incomeTaxExpense,netIncome,netIncomeRatio,eps,epsdiluted,weightedAverageShsOut,weightedAverageShsOutDil,link,finalLink,timestamp,est_time,est_date
0,2020-12-31,0720.HK,HKD,2020-12-31,2020-12-31,FY,125901000,83467000,42434000,0.33704259696110433,0.0,59437000,42398000.0,8179000.0,0.0,181152000,13638000.0,27851000.0,-27400000.0,-0.21763131349234716,-55251000.0,-0.7203914186543395,0.0,-90698000.0,-0.7203914186543395,-1653000.0,-89045000.0,-0.7072620551067903,-0.017,-0.017,5230366372,5230366372,https://www1.hkexnews.hk/search/titlesearch.xhtml,https://www1.hkexnews.hk/search/titlesearch.xhtml,1620584881,14:28:01,20210509
1,2019-12-31,0720.HK,HKD,2019-12-31,2019-12-31,FY,231942000,158031000,73911000,0.3186615619422097,0.0,49904000,75449000.0,18247000.0,0.0,283384000,3678000.0,45748000.0,-5694000.0,-0.024549240758465478,-51442000.0,-0.2217882056721077,0.0,-23546000.0,-0.10151675849996981,566000.0,-24112000.0,-0.1039570237386933,-0.0046,-0.0046,5219541190,5219541190,https://www1.hkexnews.hk/search/titlesearch.xhtml,https://www1.hkexnews.hk/search/titlesearch.xhtml,1620584881,14:28:01,20210509
2,2018-12-31,0720.HK,HKD,2018-12-31,2018-12-31,FY,338095000,243857000,94238000,0.27873230896641477,0.0,55777000,81859000.0,32084000.0,0.0,381493000,1751000.0,11511000.0,-31887000.0,-0.09431372838994957,-43398000.0,-0.12836037208476908,0.0,-5635000.0,-0.01666691314571348,1768000.0,-7403000.0,-0.021896212602966623,-0.0014,-0.0014,5219541190,5219541190,https://www1.hkexnews.hk/search/titlesearch.xhtml,https://www1.hkexnews.hk/search/titlesearch.xhtml,1620584881,14:28:01,20210509
3,2017-12-31,0720.HK,HKD,2017-12-31,2017-12-31,FY,792873000,548588000,244285000,0.3081010451863035,0.0,80592000,108587000.0,0.0,0.0,717560000,2004000.0,16623000.0,91936000.0,0.11595299625539021,75313000.0,0.09498746961997696,0.0,91514000.0,0.11542075464797011,5642000.0,85872000.0,0.10830486092980843,0.0165,0.0165,5219541190,5219541190,https://www1.hkexnews.hk/search/titlesearch.xhtml,https://www1.hkexnews.hk/search/titlesearch.xhtml,1620584881,14:28:01,20210509
4,2016-12-31,0720.HK,HKD,2016-12-31,2016-12-31,FY,742484000,552936000,189548000,0.2552890028606677,0.0,74447000,136726000.0,628000.0,0.0,742991000,3020000.0,22320000.0,21813000.0,0.029378410847910527,-507000.0,-0.0006828429972901773,0.0,-6767000.0,-0.009114001109788224,5608000.0,-12375000.0,-0.01666702582143184,-0.0024,-0.0024,5215792775,5215792775,https://www1.hkexnews.hk/search/titlesearch.xhtml,https://www1.hkexnews.hk/search/titlesearch.xhtml,1620584881,14:28:01,20210509
5,2015-12-31,0720.HK,HKD,2015-12-31,2015-12-31,FY,973140000,720329000,252811000,0.2597889306780114,0.0,83725000,143081000.0,0.0,0.0,934342000,3038000.0,21910000.0,60708000.0,0.06238362414452186,38798000.0,0.039868878064821096,0.0,37359000.0,0.03839015968925334,9603000.0,27756000.0,0.02852210370553055,0.005346426570458423,0.005266948411935042,5191504949,5269844667,https://www1.hkexnews.hk/search/titlesearch.xhtml,https://www1.hkexnews.hk/search/titlesearch.xhtml,1620584881,14:28:01,20210509
6,2014-12-31,0720.HK,HKD,2014-12-31,2014-12-31,FY,1095363000,847583000,247780000,0.22620811548317774,0.0,95287000,139415000.0,0.0,0.0,1048290000,5881000.0,15198000.0,62271000.0,0.05684964710328905,47073000.0,0.042974794657113666,0.0,43947000.0,0.040120946206873884,7642000.0,27576000.0,0.02517521588733598,0.0071,0.0071,3888107199,3888107199,https://www1.hkexnews.hk/search/titlesearch.xhtml,https://www1.hkexnews.hk/search/titlesearch.xhtml,1620584881,14:28:01,20210509
7,2013-12-31,0720.HK,HKD,2013-12-31,2013-12-31,FY,1182788000,989973000,192815000,0.16301737927675966,0.0,90554000,151553000.0,0.0,0.0,1213961000,13068000.0,23728000.0,-7445000.0,-0.006294450062056768,-31173000.0,-0.02635552609596986,0.0,-42662000.0,-0.036069016594689834,2437000.0,-48042000.0,-0.04061759165632387,-0.0162,-0.0162,2959452260,2959452260,https://www1.hkexnews.hk/search/titlesearch.xhtml,https://www1.hkexnews.hk/search/titlesearch.xhtml,1620584881,14:28:01,20210509
8,2012-12-31,0720.HK,HKD,2012-12-31,2012-12-31,FY,1507401000,1213046000,294355000,0.1952731887533576,0.0,138448000,185171000.0,0.0,0.0,1522635000,20837000.0,22699000.0,7465000.0,0.004952232352240711,-15234000.0,-0.01010613632338044,0.0,-77723000.0,-0.05156093169634358,2914000.0,-78472000.0,-0.0520578134152757,-0.0292,-0.0292,2685140988,2685140988,https://www1.hkexnews.hk/search/titlesearch.xhtml,https://www1.hkexnews.hk/search/titlesearch.xhtml,1620584881,14:28:01,20210509
9,2011-12-31,0720.HK,HKD,2011-12-31,2011-12-31,FY,1761357000,1466231000,295126000,0.1675560377595229,0.0,168171000,152616000.0,0.0,0.0,1762208000,14098000.0,21768000.0,20917000.0,0.011875502808346065,-851000.0,-0.00048315020748207206,0.0,-15862000.0,-0.00900555651125808,2706000.0,-23115000.0,-0.013123404284310336,-0.0099,-0.0099,2341621208,2341621208,https://www1.hkexnews.hk/search/titlesearch.xhtml,https://www1.hkexnews.hk/search/titlesearch.xhtml,1620584881,14:28:01,20210509
10,2010-12-31,0720.HK,HKD,2010-12-31,2010-12-31,FY,1604161000,1331869000,272292000,0.16974106713727613,0.0,165507000,91432000.0,-5700000.0,0.0,1562682000,10228000.0,17662000.0,59141000.0,0.03686724711547033,41479000.0,0.02585713030051223,0.0,38519000.0,0.02401192897720366,3034000.0,27879000.0,0.01737917827449988,0.0122,0.012,2281284495,2315554418,https://www1.hkexnews.hk/search/titlesearch.xhtml,https://www1.hkexnews.hk/search/titlesearch.xhtml,1620584881,14:28:01,20210509
11,2009-12-31,0720.HK,HKD,2009-12-31,2009-12-31,FY,1240716000,1078437000,162279000,0.13079463793486987,0.0,187439000,102596000.0,-19257000.0,0.0,1361190000,9236000.0,17140000.0,-103334000.0,-0.08328578014630261,-120474000.0,-0.09710038397183562,0.0,-150791000.0,-0.12153546822963515,399000.0,-141225000.0,-0.11382540404089252,-0.018,-0.018,8015920075,8015920075,https://www1.hkexnews.hk/search/titlesearch.xhtml,https://www1.hkexnews.hk/search/titlesearch.xhtml,1620584881,14:28:01,20210509
12,2008-12-31,0720.HK,HKD,2008-12-31,2008-12-31,FY,1308229000,1059901000,248328000,0.18981997800079345,0.0,182479000,103520000.0,0.0,0.0,1331928000,8298000.0,13100000.0,-10599000.0,-0.008101792576070398,-23699000.0,-0.018115329961344687,0.0,-50973000.0,-0.0389633619190524,8079000.0,-68869000.0,-0.05264292413637062,-0.046,-0.046,1525254170,1525254170,https://www1.hkexnews.hk/search/titlesearch.xhtml,https://www1.hkexnews.hk/search/titlesearch.xhtml,1620584881,14:28:01,20210509
13,2007-12-31,0720.HK,HKD,2007-12-31,2007-12-31,FY,1153201000,938222000,214979000,0.18641936661518677,0.0,145220000,0.0,0.0,0.0,1149066000,0.0,10754000.0,14889000.0,0.01291101898107962,4135000.0,0.00358567153514435,0.0,49164000.0,0.04263263732861834,6256000.0,42908000.0,0.03720773741958253,0.025,0.025,1427080000,1427080000,https://www1.hkexnews.hk/search/titlesearch.xhtml,https://www1.hkexnews.hk/search/titlesearch.xhtml,1620584881,14:28:01,20210509
14,2006-12-31,0720.HK,HKD,2006-12-31,2006-12-31,FY,786580000,624947000,161633000,0.20548831650944596,0.0,120198000,0.0,0.0,0.0,758850000,0.0,9036000.0,36766000.0,0.046741590175188794,27730000.0,0.03525388390246383,0.0,11538000.0,0.01466856518090976,1141000.0,10397000.0,0.01321798164204531,0.005,0.005,1422800000,1422800000,https://www1.hkexnews.hk/search/titlesearch.xhtml,https://www1.hkexnews.hk/search/titlesearch.xhtml,1620584881,14:28:01,20210509
15,2005-12-31,0720.HK,HKD,2005-12-31,2005-12-31,FY,689770000,549330000,140440000,0.20360409991736375,0.0,95101000,0.0,0.0,0.0,613448000,0.0,5681000.0,82003000.0,0.11888455572147237,76322000.0,0.11064847702857475,0.0,48898000.0,0.07089029676558853,11502000.0,37396000.0,0.054215173173666587,0.026667,0.026667,1329787500,1329787500,https://www1.hkexnews.hk/search/titlesearch.xhtml,https://www1.hkexnews.hk/search/titlesearch.xhtml,1620584881,14:28:01,20210509
16,2004-12-31,0720.HK,HKD,2004-12-31,2004-12-31,FY,618618000,487512000,131106000,0.21193369737059056,0.0,80548000,0.0,0.0,0.0,616509000,0.0,7180000.0,9289000.0,0.015015728607961618,2109000.0,0.003409212147076225,0.0,-28601000.0,-0.046233701573507396,-29502000.0,901000.0,0.001456472330258738,0.001333,0.001333,1291500000,1291500000,https://www1.hkexnews.hk/search/titlesearch.xhtml,https://www1.hkexnews.hk/search/titlesearch.xhtml,1620584881,14:28:01,20210509
17,2003-12-31,0720.HK,HKD,2003-12-31,2003-12-31,FY,553232000,432584000,120648000,0.21807849148277758,0.0,96903000,0.0,0.0,0.0,602609000,0.0,7891000.0,-41486000.0,-0.0749884316163924,-49377000.0,-0.08925188709257599,0.0,-82632000.0,-0.14936229285363103,2699000.0,-85331000.0,-0.15424089712814876,-0.105833,-0.105833,1329692598,1329692598,https://www1.hkexnews.hk/search/titlesearch.xhtml,https://www1.hkexnews.hk/search/titlesearch.xhtml,1620584881,14:28:01,20210509
18,2002-12-31,0720.HK,HKD,2002-12-31,2002-12-31,FY,572393000,432458000,139935000,0.24447363961474022,0.0,97182000,0.0,0.0,0.0,581454000,0.0,8623000.0,-438000.0,-0.0007652085193215151,-9061000.0,-0.015830032862037095,0.0,7519000.0,0.01313607958168601,1522000.0,5997000.0,0.010477067329614443,0.0165,0.0165,364181818,364181818,https://www1.hkexnews.hk/search/titlesearch.xhtml,https://www1.hkexnews.hk/search/titlesearch.xhtml,1620584881,14:28:01,20210509
19,2001-12-31,0720.HK,HKD,2001-12-31,2001-12-31,FY,565845000,425712000,140133000,0.24765262571905733,0.0,140175000,0.0,0.0,0.0,631285000,0.0,0.0,-65440000.0,-0.11565004550716186,-65440000.0,-0.11565004550716186,0.0,-98298000.0,-0.17371895130291864,1689000.0,-99987000.0,-0.1767038676669406,-0.117833,-0.117833,844480905,844480905,https://www1.hkexnews.hk/search/titlesearch.xhtml,https://www1.hkexnews.hk/search/titlesearch.xhtml,1620584881,14:28:01,20210509
20,2000-12-31,0720.HK,HKD,2000-12-31,2000-12-31,FY,386866000,280861000,106005000,0.27400960539308183,0.0,123550000,0.0,0.0,0.0,440852000,0.0,0.0,-53986000.0,-0.13954702661903604,-53986000.0,-0.13954702661903604,0.0,-80564000.0,-0.20824781707361206,3141000.0,-83705000.0,-0.21636690740463105,-0.101333,-0.101333,843305921,843305921,https://www1.hkexnews.hk/search/titlesearch.xhtml,https://www1.hkexnews.hk/search/titlesearch.xhtml,1620584881,14:28:01,20210509
21,1999-12-31,0720.HK,HKD,1999-12-31,1999-12-31,FY,753695000,581593000,172102000,0.22834435680215473,0.0,134165000,0.0,0.0,0.0,786088000,0.0,0.0,-32393000.0,-0.042978923835238395,-32393000.0,-0.042978923835238395,0.0,-3418000.0,-0.004534990944612874,3325000.0,693000.0,0.0009194700774185845,0.000833,0.000833,831600000,831600000,https://www1.hkexnews.hk/search/titlesearch.xhtml,https://www1.hkexnews.hk/search/titlesearch.xhtml,1620584881,14:28:01,20210509
22,1998-12-31,0720.HK,HKD,1998-12-31,1998-12-31,FY,1173960000,963658000,210302000,0.1791389825888446,0.0,341998000,0.0,0.0,0.0,1388041000,0.0,0.0,-214081000.0,-0.18235800197621724,-214081000.0,-0.18235800197621724,0.0,-278438000.0,-0.23717843878837438,-131000.0,-268135000.0,-0.2284021602098879,-0.333333,-0.333333,804405000,804405000,https://www1.hkexnews.hk/search/titlesearch.xhtml,https://www1.hkexnews.hk/search/titlesearch.xhtml,1620584881,14:28:01,20210509
