,date,symbol,reportedCurrency,fillingDate,acceptedDate,period,revenue,costOfRevenue,grossProfit,grossProfitRatio,researchAndDevelopmentExpenses,generalAndAdministrativeExpenses,sellingAndMarketingExpenses,otherExpenses,operatingExpenses,costAndExpenses,interestExpense,depreciationAndAmortization,ebitda,ebitdaratio,operatingIncome,operatingIncomeRatio,totalOtherIncomeExpensesNet,incomeBeforeTax,incomeBeforeTaxRatio,incomeTaxExpense,netIncome,netIncomeRatio,eps,epsdiluted,weightedAverageShsOut,weightedAverageShsOutDil,link,finalLink,timestamp,est_time,est_date
0,2020-03-31,JMCPROJECT.NS,INR,2020-03-31,2020-03-31,FY,38663103000,28277370000,10385733000,0.26862130026138875,0.0,327044000.0,1058000.0,74781000.0,7627376000,35904746000,2564187000.0,1552622000,4310979000,0.11150111257236647,2758357000,0.07134339424334359,0.0,326189000,0.008436699972063805,314268000.0,11921000,0.00030833014101325494,0.07,0.07,167905170,167905170,https://www.nseindia.com/companies-listing/corporate-filings-annual-reports,https://www.nseindia.com/companies-listing/corporate-filings-annual-reports,1620593950,16:59:10,20210509
1,2019-03-31,JMCPROJECT.NS,INR,2019-03-31,2019-03-31,FY,34072244000,25218086000,8854158000,0.2598642461001395,0.0,320547000.0,4198000.0,67893000.0,5539052000,30757138000,2288064000.0,1103278000,4418384000,0.12967692999615757,3315106000,0.09729638000948808,0.0,1153893000,0.03386606998940252,387544000.0,766349000,0.02249188518372902,4.56,4.56,167905170,167905170,https://www.nseindia.com/companies-listing/corporate-filings-annual-reports,https://www.nseindia.com/companies-listing/corporate-filings-annual-reports,1620593950,16:59:10,20210509
2,2018-03-31,JMCPROJECT.NS,INR,2018-03-31,2018-03-31,FY,28881385000,20674960000,8206425000,0.2841423636712713,0.0,253589000.0,4059000.0,43433000.0,5443293000,26118253000,2210120000.0,999335000,3762467000,0.13027308074041463,2763132000,0.09567172765433514,0.0,504965000,0.017484099187071535,236498000.0,268467000,0.009295502968434512,1.598,1.598,167905170,167905170,https://www.nseindia.com/companies-listing/corporate-filings-annual-reports,https://www.nseindia.com/companies-listing/corporate-filings-annual-reports,1620593950,16:59:10,20210509
3,2017-03-31,JMCPROJECT.NS,INR,2017-03-31,2017-03-31,FY,24721384000,17675168000,7046216000,0.28502514260528455,0.0,238927000.0,1546000.0,5453000.0,4949512000,22624680000,2262922000.0,871247000,2967951000,0.12005602113538627,2096704000,0.08481337452628057,0.0,-319677000,-0.012931193496286453,98878000.0,-418555000,-0.016930888658984466,-2.492,-2.492,167959470,167959470,https://www.nseindia.com/companies-listing/corporate-filings-annual-reports,https://www.nseindia.com/companies-listing/corporate-filings-annual-reports,1620593950,16:59:10,20210509
4,2016-03-31,JMCPROJECT.NS,INR,2016-03-31,2016-03-31,FY,26481971000,20431318000,6050653000,0.22848197364161452,0.0,186683000.0,7772000.0,64705000.0,4296018000,24727336000,2444986000.0,876939000,2631574000,0.09937228614894261,1754635000,0.06625771926115319,0.0,-605668000,-0.022870956244155694,88584000.0,-694252000,-0.02621602447944679,-4.98,-4.98,139408032,139408032,https://www.nseindia.com/companies-listing/corporate-filings-annual-reports,https://www.nseindia.com/companies-listing/corporate-filings-annual-reports,1620593950,16:59:10,20210509
5,2015-03-31,JMCPROJECT.NS,INR,2015-03-31,2015-03-31,FY,24697789000,8351630000,16346159000,0.6618470584553136,0.0,0.0,0.0,26345000.0,14986779000,23338409000,1590942000.0,650028000,2009408000,0.08135983346525473,1359380000,0.05504055443991363,0.0,-105283000,-0.004262851221216604,137731000.0,-243014000,-0.009839504256838537,-1.780322,-1.780322,136500049,136500049,https://www.nseindia.com/companies-listing/corporate-filings-annual-reports,https://www.nseindia.com/companies-listing/corporate-filings-annual-reports,1620593950,16:59:10,20210509
6,2014-03-31,JMCPROJECT.NS,INR,2014-03-31,2014-03-31,FY,26683198000,8649771000,18033427000,0.675834545769214,0.0,0.0,0.0,7768000.0,17316198000,25965969000,0.0,610062000,1327291000,0.049742575833676306,717229000,0.02687942427290762,0.0,-32623000,-0.0012226045768576916,73527000.0,-106150000,-0.003978158839881187,-0.777216,-0.777216,136577270,136577270,https://www.nseindia.com/companies-listing/corporate-filings-annual-reports,https://www.nseindia.com/companies-listing/corporate-filings-annual-reports,1620593950,16:59:10,20210509
7,2013-03-31,JMCPROJECT.NS,INR,2013-03-31,2013-03-31,FY,25484259000,8359478000,17124781000,0.6719748453349184,0.0,0.0,0.0,0.0,16585759000,24945237000,0.0,549005000,1088027000,0.04269408029482042,539022000,0.021151174142438278,0.0,61923000,0.002429852875062995,-23918000.0,85841000,0.003368393014684084,0.629813,0.629813,136296070,136296070,https://www.nseindia.com/companies-listing/corporate-filings-annual-reports,https://www.nseindia.com/companies-listing/corporate-filings-annual-reports,1620593950,16:59:10,20210509
8,2012-03-31,JMCPROJECT.NS,INR,2012-03-31,2012-03-31,FY,20875303000,7758818000,13116485000,0.6283254906527584,0.0,0.0,0.0,0.0,11933423000,19692241000,0.0,470608000,1653670000,0.07921657472468782,1183062000,0.05667280613843066,0.0,643661000,0.030833612331279694,-124299000.0,519362000,0.02487925564481627,3.805677,3.805677,136436373,136436373,https://www.nseindia.com/companies-listing/corporate-filings-annual-reports,https://www.nseindia.com/companies-listing/corporate-filings-annual-reports,1620593950,16:59:10,20210509
9,2011-03-31,JMCPROJECT.NS,INR,2011-03-31,2011-03-31,FY,13653857000,4281978000,9371879000,0.686390592782684,0.0,7000002000.0,21421000.0,0.0,8552896000,12834874000,0.0,396667000,1215650000,0.08903345040159714,818983000,0.05998180587360773,0.0,475027000,0.034790682222612994,102729000.0,372298000,0.027266874114764788,3.055262,3.055262,121868481,121868481,https://www.nseindia.com/companies-listing/corporate-filings-annual-reports,https://www.nseindia.com/companies-listing/corporate-filings-annual-reports,1620593950,16:59:10,20210509
10,2010-03-31,JMCPROJECT.NS,INR,2010-03-31,2010-03-31,FY,13014972000,4874577000,8140395000,0.6254638888197378,0.0,698176000.0,34566000.0,0.0,7321062000,12195639000,0.0,350186000,1169519000,0.08985950949414259,819333000,0.06295311276889416,0.0,531050000,0.040803007490142894,134763000.0,396287000,0.030448548026073358,3.68316,3.68316,105184481,105184481,https://www.nseindia.com/companies-listing/corporate-filings-annual-reports,https://www.nseindia.com/companies-listing/corporate-filings-annual-reports,1620593950,16:59:10,20210509
11,2009-03-31,JMCPROJECT.NS,INR,2009-03-31,2009-03-31,FY,13089853000,5765598000,7324255000,0.5595368412464219,0.0,623325000.0,23249000.0,0.0,6457503000,12223101000,0.0,300621000,1167373000,0.08918152098423107,866752000,0.06621556407088758,0.0,520440000,0.03975904083873211,152255000.0,368186000,0.028127588598588542,3.474227,3.474227,100877223,100877223,https://www.nseindia.com/companies-listing/corporate-filings-annual-reports,https://www.nseindia.com/companies-listing/corporate-filings-annual-reports,1620593950,16:59:10,20210509
12,2008-03-31,JMCPROJECT.NS,INR,2008-03-31,2008-03-31,FY,9184684391,4164673755,5020010636,0.5465632157071253,0.0,390729757.0,20232967.0,0.0,4356470666,8521144421,0.0,167690068,831230038,0.09050175298505801,663539970,0.07224417756261692,0.0,475553146,0.05177675418721963,169416886.0,306136260,0.03333116816730039,2.893391,2.839444,100877223,107828409,https://www.nseindia.com/companies-listing/corporate-filings-annual-reports,https://www.nseindia.com/companies-listing/corporate-filings-annual-reports,1620593950,16:59:10,20210509
13,2007-03-31,JMCPROJECT.NS,INR,2007-03-31,2007-03-31,FY,5021997488,2824712918,2197284570,0.43753199304666796,0.0,238856505.0,19653800.0,0.0,1832271716,4656984634,0.0,69754651,434767505,0.08657262494433171,365012854,0.07268280298271626,0.0,248925265,0.04956698317647586,91108281.0,157816984,0.03142514196335257,2.244221,2.244221,70321533,70321533,https://www.nseindia.com/companies-listing/corporate-filings-annual-reports,https://www.nseindia.com/companies-listing/corporate-filings-annual-reports,1620593950,16:59:10,20210509
14,2006-03-31,JMCPROJECT.NS,INR,2006-03-31,2006-03-31,FY,1443647683,709802943,733844740,0.5083267535712174,0.0,81713256.0,9353944.0,0.0,659591143,1369394086,0.0,20584297,94837894,0.06569324019758081,74253597,0.051434707979232074,0.0,23247294,0.016103163031918225,9648033.0,13599261,0.009420069148547237,0.210396,0.210396,64598066,64598066,https://www.nseindia.com/companies-listing/corporate-filings-annual-reports,https://www.nseindia.com/companies-listing/corporate-filings-annual-reports,1620593950,16:59:10,20210509
