,date,symbol,reportedCurrency,fillingDate,acceptedDate,period,revenue,costOfRevenue,grossProfit,grossProfitRatio,researchAndDevelopmentExpenses,generalAndAdministrativeExpenses,sellingAndMarketingExpenses,otherExpenses,operatingExpenses,costAndExpenses,interestExpense,depreciationAndAmortization,ebitda,ebitdaratio,operatingIncome,operatingIncomeRatio,totalOtherIncomeExpensesNet,incomeBeforeTax,incomeBeforeTaxRatio,incomeTaxExpense,netIncome,netIncomeRatio,eps,epsdiluted,weightedAverageShsOut,weightedAverageShsOutDil,link,finalLink,timestamp,est_time,est_date
0,2020-12-31,0520.HK,CNY,2020-12-31,2020-12-31,FY,5455246000,3608315000,1846931000,0.3385605342087231,0.0,190277000,0.0,170732000.0,0.0,5414202000,98310000.0,1006161000,1047205000,0.19196292889449898,41044000,0.007523767030854337,0.0,67177000,0.012314201779351473,55692000,1837000.0,0.0003367400846817907,0.0017,0.0017,1070076000,1077433000,https://www1.hkexnews.hk/search/titlesearch.xhtml,https://www1.hkexnews.hk/search/titlesearch.xhtml,1620584769,14:26:09,20210509
1,2019-12-31,0520.HK,CNY,2019-12-31,2019-12-31,FY,6030167000,3769404000,2260763000,0.3749088540997289,0.0,212193000,0.0,28807000.0,0.0,5467042000,94845000.0,839386000,1402511000,0.23258244755078922,563125000,0.09338464423953764,0.0,503193000,0.08344594768270928,212555000,288100000.0,0.04777645461560186,0.2702,0.2678,1066334000,1075807000,https://www1.hkexnews.hk/search/titlesearch.xhtml,https://www1.hkexnews.hk/search/titlesearch.xhtml,1620584769,14:26:09,20210509
2,2018-12-31,0520.HK,CNY,2018-12-31,2018-12-31,FY,4734080000,2952349000,1781731000,0.37636267236717585,0.0,170695000,0.0,25131000.0,0.0,4203516000,0.0,221117000,751681000,0.15878079795863187,530564000,0.1120733067459781,0.0,609440000,0.12873462214411246,147468000,462478000.0,0.09769120927403001,0.4349,0.4281,1063420000,1080213000,https://www1.hkexnews.hk/search/titlesearch.xhtml,https://www1.hkexnews.hk/search/titlesearch.xhtml,1620584769,14:26:09,20210509
3,2017-12-31,0520.HK,CNY,2017-12-31,2017-12-31,FY,3663993000,2198606000,1465387000,0.3999426308947643,0.0,131559000,0.0,19600000.0,0.0,3155200000,0.0,151325000,660118000,0.18016355380591612,508793000,0.13886298363561284,0.0,542787000,0.1481408397887223,122617000,420170000.0,0.11467543742578111,0.3933,0.3876,1068366000,1083900000,https://www1.hkexnews.hk/search/titlesearch.xhtml,https://www1.hkexnews.hk/search/titlesearch.xhtml,1620584769,14:26:09,20210509
4,2016-12-31,0520.HK,CNY,2016-12-31,2016-12-31,FY,2758137000,1631214000,1126923000,0.40858122711090855,0.0,108951000,0.0,8273000.0,0.0,2352747000,0.0,113968000,519358000,0.18830029110229116,405390000,0.14697964604368818,0.0,473122000,0.17153680183399156,105094000,368028000.0,0.133433545904355,0.3471,0.3448,1060147000,1067363000,https://www1.hkexnews.hk/search/titlesearch.xhtml,https://www1.hkexnews.hk/search/titlesearch.xhtml,1620584769,14:26:09,20210509
5,2015-12-31,0520.HK,CNY,2015-12-31,2015-12-31,FY,2424606000,1489144000,935462000,0.38582021161376323,0.0,101375000,0.0,5387000.0,0.0,2176336000,0.0,120022000,368292000,0.15189766914706967,248270000,0.10239601815717687,0.0,323120000,0.13326701327968338,59757000,263363000.0,0.10862094707346266,0.2476,0.2459,1063473000,1070927000,https://www1.hkexnews.hk/search/titlesearch.xhtml,https://www1.hkexnews.hk/search/titlesearch.xhtml,1620584769,14:26:09,20210509
6,2014-12-31,0520.HK,CNY,2014-12-31,2014-12-31,FY,2201989000,1395157000,806832000,0.36641054973480797,0.0,93230000,0.0,5448000.0,0.0,2025727000,0.0,91716000,267978000,0.1216981556220308,176262000,0.08004672139597428,0.0,186043000,0.08448861461160796,44850000,141193000.0,0.06412066545291552,0.1688,0.1676,474837000,842347000,https://www1.hkexnews.hk/search/titlesearch.xhtml,https://www1.hkexnews.hk/search/titlesearch.xhtml,1620584769,14:26:09,20210509
7,2013-12-31,0520.HK,CNY,2013-12-31,2013-12-31,FY,1890470000,1216860000,673610000,0.3563187990288129,0.0,78346000,0.0,4218000.0,0.0,1704187000,0.0,87206000,273489000,0.14466719916211312,186283000,0.09853792972118045,0.0,184708000,0.09770480356736684,43998000,140710000.0,0.07443122609721392,0.072777,0.072777,1054364152,1054364152,https://www1.hkexnews.hk/search/titlesearch.xhtml,https://www1.hkexnews.hk/search/titlesearch.xhtml,1620584769,14:26:09,20210509
