,date,symbol,reportedCurrency,fillingDate,acceptedDate,period,revenue,costOfRevenue,grossProfit,grossProfitRatio,researchAndDevelopmentExpenses,generalAndAdministrativeExpenses,sellingAndMarketingExpenses,otherExpenses,operatingExpenses,costAndExpenses,interestExpense,depreciationAndAmortization,ebitda,ebitdaratio,operatingIncome,operatingIncomeRatio,totalOtherIncomeExpensesNet,incomeBeforeTax,incomeBeforeTaxRatio,incomeTaxExpense,netIncome,netIncomeRatio,eps,epsdiluted,weightedAverageShsOut,weightedAverageShsOutDil,link,finalLink,timestamp,est_time,est_date
0,2020-12-31,N4P.L,GBP,2020-12-31,2020-12-31,FY,0.0,0.0,0.0,0.0,900410.0,664011.0,0.0,0.0,0.0,1564421.0,1963.0,0.0,-1564421.0,0.0,-1564421.0,0.0,0.0,-1566384.0,0.0,-261541.0,-1304843.0,0.0,-0.013026543322970478,-0.013026543322970478,100168016.0,100168016.0,https://find-and-update.company-information.service.gov.uk/search/companies?q=N4+Pharma+PLC,https://find-and-update.company-information.service.gov.uk/search/companies?q=N4+Pharma+PLC,1620595484,17:24:44,20210509
1,2019-12-31,N4P.L,GBP,2019-12-31,2019-12-31,FY,0.0,0.0,0.0,0.0,216948.0,730392.0,0.0,0.0,947340.0,947340.0,1385.0,0.0,-947340.0,0.0,-947340.0,0.0,0.0,-948725.0,0.0,-72352.0,-876373.0,0.0,-0.0087,-0.0087,100168016.0,100168016.0,https://find-and-update.company-information.service.gov.uk/search/companies?q=N4+Pharma+PLC,https://find-and-update.company-information.service.gov.uk/search/companies?q=N4+Pharma+PLC,1620595484,17:24:44,20210509
2,2018-12-31,N4P.L,GBP,2018-12-31,2018-12-31,FY,0.0,0.0,0.0,0.0,846176.0,643745.0,0.0,0.0,1417089.0,1417089.0,981.0,0.0,-1417089.0,0.0,-1417089.0,0.0,0.0,-1390377.0,0.0,-205534.0,-1184843.0,0.0,-0.013247294932457404,-0.012976718423764442,89440373.0,91305287.0,https://find-and-update.company-information.service.gov.uk/search/companies?q=N4+Pharma+PLC,https://find-and-update.company-information.service.gov.uk/search/companies?q=N4+Pharma+PLC,1620595484,17:24:44,20210509
3,2017-12-31,N4P.L,GBP,2017-12-31,2017-12-31,FY,0.0,0.0,0.0,0.0,409808.0,316632.0,0.0,0.0,616527.0,616527.0,5299.0,0.0,-616527.0,0.0,-616527.0,0.0,0.0,-1926858.0,0.0,-89874.0,-1836984.0,0.0,-0.02836,-0.02836,64783082.0,64783082.0,https://find-and-update.company-information.service.gov.uk/search/companies?q=N4+Pharma+PLC,https://find-and-update.company-information.service.gov.uk/search/companies?q=N4+Pharma+PLC,1620595484,17:24:44,20210509
4,2016-12-31,N4P.L,GBP,2016-12-31,2016-12-31,FY,1155000.0,934000.0,221000.0,0.19134199134199134,0.0,249000.0,0.0,0.0,249000.0,1183000.0,0.0,0.0,-22000.0,-0.01904761904761905,-28000.0,-0.024242424242424242,0.0,-22000.0,-0.01904761904761905,0.0,-22000.0,-0.01904761904761905,-0.000635,-0.0008,34665109.0,34665109.0,https://find-and-update.company-information.service.gov.uk/search/companies?q=N4+Pharma+PLC,https://find-and-update.company-information.service.gov.uk/search/companies?q=N4+Pharma+PLC,1620595484,17:24:44,20210509
5,2015-12-31,N4P.L,GBP,2015-12-31,2015-12-31,FY,0.0,0.0,0.0,0.0,0.0,160000.0,0.0,0.0,160000.0,160000.0,4000.0,230000.0,70000.0,0.0,-160000.0,0.0,0.0,-164000.0,0.0,-13000.0,-1053000.0,0.0,-0.0908,-0.0908,11592508.0,11592508.0,https://find-and-update.company-information.service.gov.uk/search/companies?q=N4+Pharma+PLC,https://find-and-update.company-information.service.gov.uk/search/companies?q=N4+Pharma+PLC,1620595484,17:24:44,20210509
6,2014-12-31,N4P.L,GBP,2014-12-31,2014-12-31,FY,1364000.0,545000.0,819000.0,0.6004398826979472,0.0,2545000.0,0.0,0.0,2545000.0,3090000.0,5000.0,1739000.0,13000.0,0.009530791788856305,-1726000.0,-1.2653958944281525,0.0,-2487000.0,-1.8233137829912023,-93000.0,-2394000.0,-1.7551319648093842,-0.344,-0.344,7005813.0,7005813.0,https://find-and-update.company-information.service.gov.uk/search/companies?q=N4+Pharma+PLC,https://find-and-update.company-information.service.gov.uk/search/companies?q=N4+Pharma+PLC,1620595484,17:24:44,20210509
7,2013-12-31,N4P.L,GBP,2013-12-31,2013-12-31,FY,2261000.0,1186000.0,1075000.0,0.47545333923042904,0.0,1122000.0,0.0,-131000.0,1122000.0,2308000.0,6000.0,164000.0,117000.0,0.05174701459531181,-47000.0,-0.020787262273330383,0.0,-184000.0,-0.08137992038920831,-28000.0,-156000.0,-0.06899601946041574,-0.024,-0.024,6500000.0,6500000.0,https://find-and-update.company-information.service.gov.uk/search/companies?q=N4+Pharma+PLC,https://find-and-update.company-information.service.gov.uk/search/companies?q=N4+Pharma+PLC,1620595484,17:24:44,20210509
8,2012-12-31,N4P.L,GBP,2012-12-31,2012-12-31,FY,2678000.0,1502000.0,1176000.0,0.4391336818521285,0.0,1396000.0,0.0,0.0,1095000.0,2597000.0,10000.0,207000.0,288000.0,0.1075429424943988,81000.0,0.030246452576549662,0.0,71000.0,0.026512322628827484,-65000.0,136000.0,0.05078416728902166,0.02,0.02,6979413.0,6979413.0,https://find-and-update.company-information.service.gov.uk/search/companies?q=N4+Pharma+PLC,https://find-and-update.company-information.service.gov.uk/search/companies?q=N4+Pharma+PLC,1620595484,17:24:44,20210509
9,2011-12-31,N4P.L,GBP,2011-12-31,2011-12-31,FY,2970000.0,1665000.0,1305000.0,0.4393939393939394,0.0,1224000.0,0.0,0.0,819000.0,2484000.0,3000.0,185000.0,671000.0,0.22592592592592592,486000.0,0.16363636363636364,0.0,483000.0,0.16262626262626262,-34000.0,517000.0,0.17407407407407408,0.076,0.076,6979413.0,6979413.0,https://find-and-update.company-information.service.gov.uk/search/companies?q=N4+Pharma+PLC,https://find-and-update.company-information.service.gov.uk/search/companies?q=N4+Pharma+PLC,1620595484,17:24:44,20210509
10,2010-12-31,N4P.L,GBP,2010-12-31,2010-12-31,FY,1919000.0,761000.0,1158000.0,0.6034392912975508,0.0,807000.0,0.0,0.0,802000.0,1563000.0,3000.0,47000.0,403000.0,0.21000521104742054,356000.0,0.18551328817092236,0.0,353000.0,0.1839499739447629,-11000.0,364000.0,0.18968212610734758,0.052,0.052,6904413.0,6904413.0,https://find-and-update.company-information.service.gov.uk/search/companies?q=N4+Pharma+PLC,https://find-and-update.company-information.service.gov.uk/search/companies?q=N4+Pharma+PLC,1620595484,17:24:44,20210509
11,2009-12-31,N4P.L,GBP,2009-12-31,2009-12-31,FY,1867000.0,713000.0,1154000.0,0.6181039100160686,0.0,936000.0,0.0,0.0,933000.0,1646000.0,7000.0,47000.0,268000.0,0.1435457953936797,221000.0,0.11837171933583289,0.0,214000.0,0.1146223888591323,0.0,214000.0,0.1146223888591323,0.04,0.04,5193103.0,5193103.0,https://find-and-update.company-information.service.gov.uk/search/companies?q=N4+Pharma+PLC,https://find-and-update.company-information.service.gov.uk/search/companies?q=N4+Pharma+PLC,1620595484,17:24:44,20210509
12,2008-12-31,N4P.L,GBP,2008-12-31,2008-12-31,FY,1977000.0,648000.0,1329000.0,0.6722306525037937,0.0,0.0,1097000.0,0.0,1083000.0,1731000.0,0.0,31000.0,277000.0,0.14011127971674253,246000.0,0.1244309559939302,0.0,281000.0,0.14213454729387962,21000.0,260000.0,0.13151239251390998,0.052,0.052,5118699.0,5118699.0,https://find-and-update.company-information.service.gov.uk/search/companies?q=N4+Pharma+PLC,https://find-and-update.company-information.service.gov.uk/search/companies?q=N4+Pharma+PLC,1620595484,17:24:44,20210509
13,2007-12-31,N4P.L,GBP,2007-12-31,2007-12-31,FY,1564000.0,452000.0,1112000.0,0.710997442455243,0.0,0.0,883000.0,4000.0,887000.0,1339000.0,0.0,17000.0,242000.0,0.1547314578005115,225000.0,0.1438618925831202,0.0,276000.0,0.17647058823529413,11000.0,265000.0,0.1694373401534527,0.052,0.052,5118699.0,5118699.0,https://find-and-update.company-information.service.gov.uk/search/companies?q=N4+Pharma+PLC,https://find-and-update.company-information.service.gov.uk/search/companies?q=N4+Pharma+PLC,1620595484,17:24:44,20210509
14,2006-12-31,N4P.L,GBP,2006-12-31,2006-12-31,FY,1398000.0,372000.0,1026000.0,0.7339055793991416,0.0,853000.0,0.0,184000.0,1169000.0,1541000.0,150000.0,98000.0,-45000.0,-0.032188841201716736,-143000.0,-0.10228898426323318,0.0,548000.0,0.39198855507868385,33000.0,515000.0,0.36838340486409155,0.1,0.1,5118699.0,5118699.0,https://find-and-update.company-information.service.gov.uk/search/companies?q=N4+Pharma+PLC,https://find-and-update.company-information.service.gov.uk/search/companies?q=N4+Pharma+PLC,1620595484,17:24:44,20210509
15,2005-12-31,N4P.L,GBP,2005-12-31,2005-12-31,FY,1074000.0,327000.0,747000.0,0.6955307262569832,50000.0,0.0,1109000.0,247000.0,936000.0,1263000.0,210000.0,150000.0,-39000.0,-0.036312849162011177,-189000.0,-0.17597765363128492,0.0,-360000.0,-0.33519553072625696,40000.0,-400000.0,-0.37243947858473,-0.07820115448364365,-0.07816295177697609,5115014.0,5117514.0,https://find-and-update.company-information.service.gov.uk/search/companies?q=N4+Pharma+PLC,https://find-and-update.company-information.service.gov.uk/search/companies?q=N4+Pharma+PLC,1620595484,17:24:44,20210509
16,2004-12-31,N4P.L,GBP,2004-12-31,2004-12-31,FY,1659000.0,544000.0,1115000.0,0.67209162145871,108000.0,843000.0,0.0,247000.0,997000.0,1541000.0,209000.0,86000.0,204000.0,0.12296564195298372,118000.0,0.07112718505123568,0.0,313000.0,0.188667872212176,28000.0,285000.0,0.1717902350813743,0.05577458768880676,0.05570645162803571,5109854.0,5116104.0,https://find-and-update.company-information.service.gov.uk/search/companies?q=N4+Pharma+PLC,https://find-and-update.company-information.service.gov.uk/search/companies?q=N4+Pharma+PLC,1620595484,17:24:44,20210509
17,2003-12-31,N4P.L,GBP,2003-12-31,2003-12-31,FY,1770000.0,657000.0,1113000.0,0.6288135593220339,94000.0,925000.0,0.0,205000.0,1100000.0,1757000.0,205000.0,99000.0,112000.0,0.06327683615819209,13000.0,0.007344632768361582,0.0,185000.0,0.10451977401129943,16000.0,169000.0,0.09548022598870057,0.036,0.036,4818604.0,4818604.0,https://find-and-update.company-information.service.gov.uk/search/companies?q=N4+Pharma+PLC,https://find-and-update.company-information.service.gov.uk/search/companies?q=N4+Pharma+PLC,1620595484,17:24:44,20210509
18,2002-12-31,N4P.L,GBP,2002-12-31,2002-12-31,FY,2026000.0,672000.0,1354000.0,0.6683119447186574,92000.0,0.0,0.0,219000.0,1634000.0,2306000.0,219000.0,80000.0,-200000.0,-0.09871668311944719,-280000.0,-0.13820335636722605,0.0,165000.0,0.08144126357354393,-36000.0,201000.0,0.09921026653504442,0.04,0.04,4818600.0,4818600.0,https://find-and-update.company-information.service.gov.uk/search/companies?q=N4+Pharma+PLC,https://find-and-update.company-information.service.gov.uk/search/companies?q=N4+Pharma+PLC,1620595484,17:24:44,20210509
19,2001-12-31,N4P.L,GBP,2001-12-31,2001-12-31,FY,4391000.0,2533000.0,1858000.0,0.42313823730357547,404000.0,0.0,0.0,0.0,2278000.0,4811000.0,281000.0,151000.0,-269000.0,-0.06126167160100205,-420000.0,-0.09565019357777271,0.0,513000.0,0.11682987929856525,-63000.0,576000.0,0.13117740833523114,0.12,0.12,4818600.0,4818600.0,https://find-and-update.company-information.service.gov.uk/search/companies?q=N4+Pharma+PLC,https://find-and-update.company-information.service.gov.uk/search/companies?q=N4+Pharma+PLC,1620595484,17:24:44,20210509
20,2000-12-31,N4P.L,GBP,2000-12-31,2000-12-31,FY,6952000.0,4416000.0,2536000.0,0.36478711162255467,703000.0,0.0,0.0,0.0,3695000.0,8111000.0,402000.0,439000.0,-720000.0,-0.10356731875719218,-1159000.0,-0.16671461449942462,0.0,-783000.0,-0.11262945914844649,0.0,-783000.0,-0.11262945914844649,-0.16,-0.16,4818600.0,4818600.0,https://find-and-update.company-information.service.gov.uk/search/companies?q=N4+Pharma+PLC,https://find-and-update.company-information.service.gov.uk/search/companies?q=N4+Pharma+PLC,1620595484,17:24:44,20210509
21,1999-12-31,N4P.L,GBP,1999-12-31,1999-12-31,FY,12541000.0,8203000.0,4338000.0,0.3459054301889801,752000.0,0.0,0.0,0.0,4781000.0,12984000.0,340000.0,380000.0,-63000.0,-0.005023522845068177,-443000.0,-0.03532413683119368,0.0,-783000.0,-0.062435212502990195,0.0,-783000.0,-0.062435212502990195,-0.16,-0.16,4490025.0,4490025.0,https://find-and-update.company-information.service.gov.uk/search/companies?q=N4+Pharma+PLC,https://find-and-update.company-information.service.gov.uk/search/companies?q=N4+Pharma+PLC,1620595484,17:24:44,20210509
22,1998-12-31,N4P.L,GBP,1998-12-31,1998-12-31,FY,14437000.0,12257000.0,2180000.0,0.15100090046408535,1423000.0,0.0,0.0,0.0,7693000.0,19950000.0,627000.0,419000.0,-5094000.0,-0.3528433885156196,-5513000.0,-0.3818660386506892,0.0,-5093000.0,-0.3527741220475168,-129000.0,-4964000.0,-0.3438387476622567,-1.92,-1.92,2556550.0,2556550.0,https://find-and-update.company-information.service.gov.uk/search/companies?q=N4+Pharma+PLC,https://find-and-update.company-information.service.gov.uk/search/companies?q=N4+Pharma+PLC,1620595484,17:24:44,20210509
23,1997-12-31,N4P.L,GBP,1997-12-31,1997-12-31,FY,38598000.0,30717000.0,7881000.0,0.20418156381159647,1420000.0,0.0,0.0,0.0,3826000.0,34543000.0,884000.0,2188000.0,6243000.0,0.16174413182030156,4055000.0,0.10505725685268667,0.0,-13516000.0,-0.3501735841235297,-506000.0,-13010000.0,-0.3370640965853153,-6.6,-6.6,1966750.0,1966750.0,https://find-and-update.company-information.service.gov.uk/search/companies?q=N4+Pharma+PLC,https://find-and-update.company-information.service.gov.uk/search/companies?q=N4+Pharma+PLC,1620595484,17:24:44,20210509
24,1996-12-31,N4P.L,GBP,1996-12-31,1996-12-31,FY,65176000.0,0.0,0.0,0.0,3058000.0,0.0,0.0,0.0,64810000.0,64810000.0,744000.0,2310000.0,2676000.0,0.04105805818092549,366000.0,0.0056155640112925,0.0,461000.0,0.0070731557628574936,301000.0,160000.0,0.002454891371056831,0.08,0.08,1928275.0,1928275.0,https://find-and-update.company-information.service.gov.uk/search/companies?q=N4+Pharma+PLC,https://find-and-update.company-information.service.gov.uk/search/companies?q=N4+Pharma+PLC,1620595484,17:24:44,20210509
25,1995-12-31,N4P.L,GBP,1995-12-31,1995-12-31,FY,55050000.0,0.0,0.0,0.0,2112000.0,0.0,0.0,0.0,51465000.0,51465000.0,501000.0,1520000.0,5105000.0,0.0927338782924614,3585000.0,0.06512261580381472,0.0,3411000.0,0.06196185286103542,1096000.0,2315000.0,0.04205267938237966,1.24,1.24,1842475.0,1842475.0,https://find-and-update.company-information.service.gov.uk/search/companies?q=N4+Pharma+PLC,https://find-and-update.company-information.service.gov.uk/search/companies?q=N4+Pharma+PLC,1620595484,17:24:44,20210509
26,1994-12-31,N4P.L,GBP,1994-12-31,1994-12-31,FY,44146000.0,0.0,0.0,0.0,1887000.0,0.0,0.0,0.0,41328000.0,41328000.0,300000.0,936000.0,3754000.0,0.08503601685316903,2818000.0,0.06383364291215513,0.0,2560000.0,0.057989398813029495,598000.0,1962000.0,0.04444343768404838,1.2,1.2,1610000.0,1610000.0,https://find-and-update.company-information.service.gov.uk/search/companies?q=N4+Pharma+PLC,https://find-and-update.company-information.service.gov.uk/search/companies?q=N4+Pharma+PLC,1620595484,17:24:44,20210509
27,1993-12-31,N4P.L,GBP,1993-12-31,1993-12-31,FY,35170000.0,0.0,0.0,0.0,1109000.0,0.0,0.0,0.0,32907000.0,32907000.0,342000.0,820000.0,3083000.0,0.08765993744668751,2263000.0,0.06434461188512937,0.0,1611000.0,0.04580608473130509,304000.0,1307000.0,0.03716235427921524,0.84,0.84,1591800.0,1591800.0,https://find-and-update.company-information.service.gov.uk/search/companies?q=N4+Pharma+PLC,https://find-and-update.company-information.service.gov.uk/search/companies?q=N4+Pharma+PLC,1620595484,17:24:44,20210509
28,1992-12-31,N4P.L,GBP,1992-12-31,1992-12-31,FY,49888000.0,0.0,0.0,0.0,862000.0,0.0,0.0,0.0,47956000.0,47956000.0,923000.0,1419000.0,3351000.0,0.0671704618345093,1932000.0,0.03872674791533034,0.0,-2137000.0,-0.042835952533675434,-4000.0,-2133000.0,-0.04275577293136626,-1.36,-1.36,1588550.0,1588550.0,https://find-and-update.company-information.service.gov.uk/search/companies?q=N4+Pharma+PLC,https://find-and-update.company-information.service.gov.uk/search/companies?q=N4+Pharma+PLC,1620595484,17:24:44,20210509
29,1991-12-31,N4P.L,GBP,1991-12-31,1991-12-31,FY,36873000.0,0.0,0.0,0.0,681000.0,0.0,0.0,0.0,38658000.0,38658000.0,747000.0,1280000.0,-505000.0,-0.013695658069590215,-1785000.0,-0.048409405255878286,0.0,-3847000.0,-0.10433108236378923,-1240000.0,-2607000.0,-0.07070213977707265,-2.12,-2.12,1226200.0,1226200.0,https://find-and-update.company-information.service.gov.uk/search/companies?q=N4+Pharma+PLC,https://find-and-update.company-information.service.gov.uk/search/companies?q=N4+Pharma+PLC,1620595484,17:24:44,20210509
30,1990-12-31,N4P.L,GBP,1990-12-31,1990-12-31,FY,23444000.0,0.0,0.0,0.0,984000.0,0.0,0.0,0.0,23444000.0,23444000.0,196000.0,875000.0,-1344000.0,-0.057328101006654156,0.0,-0.10301143149633168,0.0,-2415000.0,-0.10301143149633168,-691000.0,-1724000.0,-0.07353693908889268,-2.486837,-2.486837,693250.0,693250.0,https://find-and-update.company-information.service.gov.uk/search/companies?q=N4+Pharma+PLC,https://find-and-update.company-information.service.gov.uk/search/companies?q=N4+Pharma+PLC,1620595484,17:24:44,20210509
31,1989-12-31,N4P.L,GBP,1989-12-31,1989-12-31,FY,32145000.0,0.0,0.0,0.0,1150000.0,0.0,0.0,0.0,32145000.0,32145000.0,129000.0,772000.0,2177000.0,0.06772437393062684,0.0,0.03969513143568207,0.0,1276000.0,0.03969513143568207,428000.0,848000.0,0.02638046352465391,1.248941,1.248941,678975.0,678975.0,https://find-and-update.company-information.service.gov.uk/search/companies?q=N4+Pharma+PLC,https://find-and-update.company-information.service.gov.uk/search/companies?q=N4+Pharma+PLC,1620595484,17:24:44,20210509
32,1988-12-31,N4P.L,GBP,1988-12-31,1988-12-31,FY,26629000.0,0.0,0.0,0.0,698000.0,0.0,0.0,0.0,26629000.0,26629000.0,66000.0,607000.0,2437000.0,0.09151676743400053,0.0,0.0662435690412708,0.0,1764000.0,0.0662435690412708,626000.0,1138000.0,0.042735363701227984,1.675994,1.675994,679000.0,679000.0,https://find-and-update.company-information.service.gov.uk/search/companies?q=N4+Pharma+PLC,https://find-and-update.company-information.service.gov.uk/search/companies?q=N4+Pharma+PLC,1620595484,17:24:44,20210509
33,1987-12-31,N4P.L,GBP,1987-12-31,1987-12-31,FY,21232000.0,0.0,0.0,0.0,648000.0,0.0,0.0,0.0,21232000.0,21232000.0,62000.0,560000.0,2034000.0,0.09579879427279578,0.0,0.06650339110776186,0.0,1412000.0,0.06650339110776186,463000.0,949000.0,0.0446966842501884,1.397644,1.397644,679000.0,679000.0,https://find-and-update.company-information.service.gov.uk/search/companies?q=N4+Pharma+PLC,https://find-and-update.company-information.service.gov.uk/search/companies?q=N4+Pharma+PLC,1620595484,17:24:44,20210509
34,1986-12-31,N4P.L,GBP,1986-12-31,1986-12-31,FY,19023000.0,0.0,0.0,0.0,441000.0,0.0,0.0,0.0,19023000.0,19023000.0,64000.0,446000.0,1662000.0,0.08736792304052989,0.0,0.06055827156599906,0.0,1152000.0,0.06055827156599906,426000.0,726000.0,0.03816432739315565,1.069219,1.069219,679000.0,679000.0,https://find-and-update.company-information.service.gov.uk/search/companies?q=N4+Pharma+PLC,https://find-and-update.company-information.service.gov.uk/search/companies?q=N4+Pharma+PLC,1620595484,17:24:44,20210509
35,1985-12-31,N4P.L,GBP,1985-12-31,1985-12-31,FY,20743000.0,0.0,0.0,0.0,433000.0,0.0,0.0,0.0,20743000.0,20743000.0,93000.0,307000.0,1547000.0,0.07457937617509522,0.0,0.05529576242587861,0.0,1147000.0,0.05529576242587861,417000.0,730000.0,0.0351925950923203,1.07511,1.07511,679000.0,679000.0,https://find-and-update.company-information.service.gov.uk/search/companies?q=N4+Pharma+PLC,https://find-and-update.company-information.service.gov.uk/search/companies?q=N4+Pharma+PLC,1620595484,17:24:44,20210509
