,date,symbol,reportedCurrency,fillingDate,acceptedDate,period,revenue,costOfRevenue,grossProfit,grossProfitRatio,researchAndDevelopmentExpenses,generalAndAdministrativeExpenses,sellingAndMarketingExpenses,otherExpenses,operatingExpenses,costAndExpenses,interestExpense,depreciationAndAmortization,ebitda,ebitdaratio,operatingIncome,operatingIncomeRatio,totalOtherIncomeExpensesNet,incomeBeforeTax,incomeBeforeTaxRatio,incomeTaxExpense,netIncome,netIncomeRatio,eps,epsdiluted,weightedAverageShsOut,weightedAverageShsOutDil,link,finalLink,timestamp,est_time,est_date
0,2020-08-31,CGW.L,GBP,2020-08-31,2020-08-31,FY,-107000.0,0.0,0.0,0.0,0.0,121000.0,0.0,0.0,121000.0,0.0,26000.0,0.0,0.0,0.0,0.0,2.130841121495327,0.0,-228000.0,2.130841121495327,0.0,-228000.0,2.130841121495327,-0.041755939828225584,-0.041755939828225584,5460301.0,5460301.0,https://find-and-update.company-information.service.gov.uk/search/companies?q=Chelverton+Growth+Trust+PLC,https://find-and-update.company-information.service.gov.uk/search/companies?q=Chelverton+Growth+Trust+PLC,1620590211,15:56:51,20210509
1,2019-08-31,CGW.L,GBP,2019-08-31,2019-08-31,FY,-727000.0,0.0,0.0,0.0,0.0,130000.0,0.0,0.0,130000.0,0.0,32000.0,0.0,0.0,0.0,0.0,1.1788170563961486,0.0,-857000.0,1.1788170563961486,0.0,-857000.0,1.1788170563961486,-0.157,-0.157,5460301.0,5460301.0,https://find-and-update.company-information.service.gov.uk/search/companies?q=Chelverton+Growth+Trust+PLC,https://find-and-update.company-information.service.gov.uk/search/companies?q=Chelverton+Growth+Trust+PLC,1620590211,15:56:51,20210509
2,2018-08-31,CGW.L,GBP,2018-08-31,2018-08-31,FY,-1307000.0,0.0,0.0,0.0,0.0,131000.0,0.0,0.0,131000.0,0.0,9000.0,0.0,0.0,0.0,0.0,1.100229533282326,0.0,-1438000.0,1.100229533282326,0.0,-1438000.0,1.100229533282326,-0.2585,-0.2585,5563242.0,5563242.0,https://find-and-update.company-information.service.gov.uk/search/companies?q=Chelverton+Growth+Trust+PLC,https://find-and-update.company-information.service.gov.uk/search/companies?q=Chelverton+Growth+Trust+PLC,1620590211,15:56:51,20210509
3,2017-08-31,CGW.L,GBP,2017-08-31,2017-08-31,FY,1653000.0,0.0,0.0,0.0,0.0,142000.0,0.0,0.0,180000.0,0.0,0.0,0.0,0.0,0.0,0.0,0.8911070780399274,0.0,1473000.0,0.8911070780399274,0.0,1473000.0,0.8911070780399274,0.231,0.231,6377088.0,6377088.0,https://find-and-update.company-information.service.gov.uk/search/companies?q=Chelverton+Growth+Trust+PLC,https://find-and-update.company-information.service.gov.uk/search/companies?q=Chelverton+Growth+Trust+PLC,1620590211,15:56:51,20210509
4,2016-08-31,CGW.L,GBP,2016-08-31,2016-08-31,FY,645000.0,0.0,0.0,0.0,0.0,162000.0,0.0,0.0,162000.0,0.0,0.0,0.0,0.0,0.0,0.0,0.7488372093023256,0.0,483000.0,0.7488372093023256,0.0,483000.0,0.7488372093023256,0.064,0.064,7538051.0,7538051.0,https://find-and-update.company-information.service.gov.uk/search/companies?q=Chelverton+Growth+Trust+PLC,https://find-and-update.company-information.service.gov.uk/search/companies?q=Chelverton+Growth+Trust+PLC,1620590211,15:56:51,20210509
5,2015-08-31,CGW.L,GBP,2015-08-31,2015-08-31,FY,417000.0,0.0,0.0,0.0,0.0,128000.0,0.0,0.0,128000.0,0.0,0.0,0.0,0.0,0.0,0.0,0.6930455635491607,0.0,289000.0,0.6930455635491607,0.0,289000.0,0.6930455635491607,0.0321,0.0321,9019251.0,9019251.0,https://find-and-update.company-information.service.gov.uk/search/companies?q=Chelverton+Growth+Trust+PLC,https://find-and-update.company-information.service.gov.uk/search/companies?q=Chelverton+Growth+Trust+PLC,1620590211,15:56:51,20210509
6,2014-08-31,CGW.L,GBP,2014-08-31,2014-08-31,FY,758000.0,0.0,0.0,0.0,0.0,127000.0,0.0,0.0,127000.0,0.0,0.0,0.0,0.0,0.0,556000.0,0.7335092348284961,0.0,631000.0,0.8324538258575198,0.0,631000.0,0.8324538258575198,0.0639,0.0639,9871859.0,9871859.0,https://find-and-update.company-information.service.gov.uk/search/companies?q=Chelverton+Growth+Trust+PLC,https://find-and-update.company-information.service.gov.uk/search/companies?q=Chelverton+Growth+Trust+PLC,1620590211,15:56:51,20210509
7,2013-08-31,CGW.L,GBP,2013-08-31,2013-08-31,FY,1126000.0,0.0,0.0,0.0,0.0,125000.0,0.0,0.0,125000.0,0.0,0.0,0.0,0.0,0.0,1001000.0,0.88898756660746,0.0,1001000.0,0.88898756660746,0.0,1001000.0,0.88898756660746,0.09,0.09,11062872.0,11062872.0,https://find-and-update.company-information.service.gov.uk/search/companies?q=Chelverton+Growth+Trust+PLC,https://find-and-update.company-information.service.gov.uk/search/companies?q=Chelverton+Growth+Trust+PLC,1620590211,15:56:51,20210509
8,2012-08-31,CGW.L,GBP,2012-08-31,2012-08-31,FY,683000.0,0.0,0.0,0.0,0.0,88000.0,0.0,0.0,88000.0,0.0,0.0,0.0,0.0,0.0,595000.0,0.8711566617862372,0.0,595000.0,0.8711566617862372,0.0,595000.0,0.8711566617862372,0.048,0.048,12389652.0,12389652.0,https://find-and-update.company-information.service.gov.uk/search/companies?q=Chelverton+Growth+Trust+PLC,https://find-and-update.company-information.service.gov.uk/search/companies?q=Chelverton+Growth+Trust+PLC,1620590211,15:56:51,20210509
9,2011-08-31,CGW.L,GBP,2011-08-31,2011-08-31,FY,990000.0,0.0,0.0,0.0,0.0,167000.0,0.0,0.0,177000.0,0.0,0.0,0.0,0.0,0.0,813000.0,0.8212121212121212,0.0,813000.0,0.8212121212121212,0.0,813000.0,0.8212121212121212,0.0592,0.0592,13742414.0,13742414.0,https://find-and-update.company-information.service.gov.uk/search/companies?q=Chelverton+Growth+Trust+PLC,https://find-and-update.company-information.service.gov.uk/search/companies?q=Chelverton+Growth+Trust+PLC,1620590211,15:56:51,20210509
10,2010-08-31,CGW.L,GBP,2010-08-31,2010-08-31,FY,941000.0,0.0,0.0,0.0,0.0,172000.0,0.0,0.0,181000.0,0.0,0.0,0.0,0.0,0.0,760000.0,0.8076514346439958,0.0,760000.0,0.8076514346439958,0.0,760000.0,0.8076514346439958,0.0512,0.0512,14843882.0,14843882.0,https://find-and-update.company-information.service.gov.uk/search/companies?q=Chelverton+Growth+Trust+PLC,https://find-and-update.company-information.service.gov.uk/search/companies?q=Chelverton+Growth+Trust+PLC,1620590211,15:56:51,20210509
11,2009-08-31,CGW.L,GBP,2009-08-31,2009-08-31,FY,-1879000.0,0.0,0.0,0.0,0.0,137000.0,0.0,0.0,161000.0,0.0,16000.0,0.0,0.0,0.0,-2040000.0,1.0856838744012773,0.0,-2040000.0,1.0856838744012773,1000.0,-2041000.0,1.086216072378925,-0.1373,-0.1373,14864827.0,14864827.0,https://find-and-update.company-information.service.gov.uk/search/companies?q=Chelverton+Growth+Trust+PLC,https://find-and-update.company-information.service.gov.uk/search/companies?q=Chelverton+Growth+Trust+PLC,1620590211,15:56:51,20210509
12,2008-08-31,CGW.L,GBP,2008-08-31,2008-08-31,FY,-2512000.0,0.0,0.0,0.0,0.0,196000.0,0.0,0.0,247000.0,0.0,33000.0,0.0,0.0,0.0,-2759000.0,1.098328025477707,0.0,-2759000.0,1.098328025477707,1000.0,-2760000.0,1.0987261146496816,-0.1743,-0.1743,15836872.0,15836872.0,https://find-and-update.company-information.service.gov.uk/search/companies?q=Chelverton+Growth+Trust+PLC,https://find-and-update.company-information.service.gov.uk/search/companies?q=Chelverton+Growth+Trust+PLC,1620590211,15:56:51,20210509
13,2007-08-31,CGW.L,GBP,2007-08-31,2007-08-31,FY,2824000.0,0.0,0.0,0.0,0.0,249000.0,0.0,0.0,332000.0,0.0,60000.0,0.0,0.0,0.0,2492000.0,0.8824362606232294,0.0,2492000.0,0.8824362606232294,0.0,2492000.0,0.8824362606232294,0.1407,0.1407,17709375.0,17709375.0,https://find-and-update.company-information.service.gov.uk/search/companies?q=Chelverton+Growth+Trust+PLC,https://find-and-update.company-information.service.gov.uk/search/companies?q=Chelverton+Growth+Trust+PLC,1620590211,15:56:51,20210509
14,2006-08-31,CGW.L,GBP,2006-08-31,2006-08-31,FY,55000.0,0.0,0.0,0.0,0.0,355000.0,0.0,0.0,459000.0,0.0,55000.0,0.0,0.0,0.0,-404000.0,-7.345454545454546,0.0,-404000.0,-7.345454545454546,0.0,-404000.0,-7.345454545454546,-0.0223,-0.0223,18141939.0,18141939.0,https://find-and-update.company-information.service.gov.uk/search/companies?q=Chelverton+Growth+Trust+PLC,https://find-and-update.company-information.service.gov.uk/search/companies?q=Chelverton+Growth+Trust+PLC,1620590211,15:56:51,20210509
15,2005-08-31,CGW.L,GBP,2005-08-31,2005-08-31,FY,882000.0,0.0,0.0,0.0,0.0,345000.0,0.0,0.0,423000.0,0.0,34000.0,0.0,0.0,0.0,0.0,0.5204081632653061,0.0,459000.0,0.5204081632653061,0.0,459000.0,0.5204081632653061,-0.0114,-0.0114,18158461.0,18158461.0,https://find-and-update.company-information.service.gov.uk/search/companies?q=Chelverton+Growth+Trust+PLC,https://find-and-update.company-information.service.gov.uk/search/companies?q=Chelverton+Growth+Trust+PLC,1620590211,15:56:51,20210509
16,2004-08-31,CGW.L,GBP,2004-08-31,2004-08-31,FY,1234000.0,0.0,0.0,0.0,0.0,341000.0,0.0,0.0,416000.0,0.0,32000.0,0.0,0.0,0.0,0.0,0.6628849270664505,0.0,818000.0,0.6628849270664505,0.0,818000.0,0.6628849270664505,-0.0073,-0.0073,18164000.0,18164000.0,https://find-and-update.company-information.service.gov.uk/search/companies?q=Chelverton+Growth+Trust+PLC,https://find-and-update.company-information.service.gov.uk/search/companies?q=Chelverton+Growth+Trust+PLC,1620590211,15:56:51,20210509
17,2003-08-31,CGW.L,GBP,2003-08-31,2003-08-31,FY,1380000.0,0.0,0.0,0.0,0.0,323000.0,0.0,0.0,395000.0,0.0,40000.0,0.0,0.0,0.0,985000.0,0.7137681159420289,0.0,985000.0,0.7137681159420289,0.0,985000.0,0.7137681159420289,0.0522,0.0522,18883000.0,18883000.0,https://find-and-update.company-information.service.gov.uk/search/companies?q=Chelverton+Growth+Trust+PLC,https://find-and-update.company-information.service.gov.uk/search/companies?q=Chelverton+Growth+Trust+PLC,1620590211,15:56:51,20210509
18,2002-08-31,CGW.L,GBP,2002-08-31,2002-08-31,FY,-932000.0,0.0,0.0,0.0,0.0,299000.0,0.0,0.0,408000.0,0.0,77000.0,0.0,0.0,0.0,-1340000.0,1.4377682403433476,0.0,-1340000.0,1.4377682403433476,0.0,-1340000.0,1.4377682403433476,-0.0712,-0.0712,18883000.0,18883000.0,https://find-and-update.company-information.service.gov.uk/search/companies?q=Chelverton+Growth+Trust+PLC,https://find-and-update.company-information.service.gov.uk/search/companies?q=Chelverton+Growth+Trust+PLC,1620590211,15:56:51,20210509
