,date,symbol,reportedCurrency,fillingDate,acceptedDate,period,revenue,costOfRevenue,grossProfit,grossProfitRatio,researchAndDevelopmentExpenses,generalAndAdministrativeExpenses,sellingAndMarketingExpenses,otherExpenses,operatingExpenses,costAndExpenses,interestExpense,depreciationAndAmortization,ebitda,ebitdaratio,operatingIncome,operatingIncomeRatio,totalOtherIncomeExpensesNet,incomeBeforeTax,incomeBeforeTaxRatio,incomeTaxExpense,netIncome,netIncomeRatio,eps,epsdiluted,weightedAverageShsOut,weightedAverageShsOutDil,link,finalLink,timestamp,est_time,est_date
0,2020-12-31,USAQ,USD,2021-03-11,2021-03-11 16:29:34,FY,124532.0,74439.0,50093.0,0.40225002409019367,98290.0,131767.0,95141.0,0.0,325198.0,399637.0,30984.0,0.0,-275105.0,-2.2091109112517264,-275105.0,-2.2091109112517264,-21299.0,-327388.0,-2.628946776732085,0.0,-327388.0,-2.628946776732085,-0.060508821322951704,-0.060508821322951704,5410583.0,5410583.0,https://www.sec.gov/Archives/edgar/data/856984/000149315221005816/0001493152-21-005816-index.htm,https://www.sec.gov/Archives/edgar/data/856984/000149315221005816/form10-k.htm,1620599344,18:29:04,20210509
1,2019-12-31,USAQ,USD,2020-02-21,2020-02-21,FY,0.0,0.0,0.0,0.0,100230.0,53870.0,0.0,0.0,154100.0,154100.0,12416.0,0.0,-154104.0,0.0,-154100.0,0.0,0.0,-166520.0,0.0,0.0,-166520.0,0.0,-0.03078,-0.03078,5410583.0,5410583.0,https://www.sec.gov/Archives/edgar/data/856984/000149315220002791/0001493152-20-002791-index.htm,https://www.sec.gov/Archives/edgar/data/856984/000149315220002791/form10-k.htm,1620599344,18:29:04,20210509
2,2018-12-31,USAQ,USD,2019-03-28,2019-03-28,FY,0.0,0.0,0.0,0.0,0.0,27380.0,0.0,0.0,27379.0,27380.0,11252.0,0.0,-27378.0,0.0,-27380.0,0.0,0.0,-38630.0,0.0,0.0,-38630.0,0.0,-0.01076,-0.01076,3590140.0,3590140.0,https://www.sec.gov/Archives/edgar/data/856984/000149315219004064/0001493152-19-004064-index.htm,https://www.sec.gov/Archives/edgar/data/856984/000149315219004064/form10-k.htm,1620599344,18:29:04,20210509
3,2017-12-31,USAQ,USD,2018-08-27,2018-08-27,FY,0.0,0.0,0.0,0.0,0.0,110.0,0.0,0.0,105.0,11360.0,11251.0,0.0,-109.0,0.0,-11360.0,0.0,0.0,-11360.0,0.0,0.0,-11360.0,0.0,-0.00317,-0.00317,3588740.0,3588740.0,https://www.sec.gov/Archives/edgar/data/856984/000149315218012599/0001493152-18-012599-index.htm,https://www.sec.gov/Archives/edgar/data/856984/000149315218012599/form10-k.htm,1620599344,18:29:04,20210509
4,2016-12-31,USAQ,USD,2018-08-07,2018-08-07,FY,0.0,0.0,0.0,0.0,0.0,11970.0,0.0,0.0,11966.0,23250.0,11282.0,0.0,-11968.0,0.0,-23250.0,0.0,0.0,-23250.0,0.0,0.0,-23250.0,0.0,-0.00555,-0.00555,4188740.0,4188740.0,https://www.sec.gov/Archives/edgar/data/856984/000149315218011033/0001493152-18-011033-index.htm,https://www.sec.gov/Archives/edgar/data/856984/000149315218011033/form10-k.htm,1620599344,18:29:04,20210509
5,2015-12-31,USAQ,USD,2015-12-31,2015-12-31,FY,0.0,0.0,0.0,0.0,0.0,38140.0,0.0,0.0,38142.0,722110.0,11472.0,0.0,-710638.0,0.0,-722110.0,0.0,0.0,-722110.0,0.0,0.0,-722110.0,0.0,-0.22977,-0.22977,3142710.0,3142710.0,,,1620599344,18:29:04,20210509
6,2014-12-31,USAQ,USD,2014-12-31,2014-12-31,FY,0.0,0.0,0.0,0.0,0.0,30000.0,0.0,0.0,28925.0,40000.0,11550.0,0.0,-28450.0,0.0,-40000.0,0.0,0.0,-40000.0,0.0,0.0,-40000.0,0.0,-0.0367,-0.0367,1090000.0,1090000.0,,,1620599344,18:29:04,20210509
7,2013-12-31,USAQ,USD,2014-05-12,2014-05-12,FY,0.0,0.0,0.0,0.0,0.0,60000.0,0.0,0.0,60750.0,70000.0,9120.0,0.0,-60880.0,0.0,-70000.0,0.0,0.0,-70000.0,0.0,0.0,-70000.0,0.0,-0.06422,-0.06422,1090000.0,1090000.0,https://www.sec.gov/Archives/edgar/data/856984/000129534514000118/0001295345-14-000118-index.htm,https://www.sec.gov/Archives/edgar/data/856984/000129534514000118/maba12312013.htm,1620599344,18:29:04,20210509
8,2012-12-31,USAQ,USD,2014-02-26,2014-02-26,FY,0.0,0.0,0.0,0.0,0.0,60000.0,0.0,0.0,60500.0,70000.0,9120.0,0.0,-60880.0,0.0,-70000.0,0.0,0.0,-70000.0,0.0,0.0,-70000.0,0.0,-0.06422,-0.06422,1090000.0,1090000.0,https://www.sec.gov/Archives/edgar/data/856984/000129534514000032/0001295345-14-000032-index.htm,https://www.sec.gov/Archives/edgar/data/856984/000129534514000032/maba12312012.htm,1620599344,18:29:04,20210509
9,2011-12-31,USAQ,USD,2012-04-12,2012-04-12,FY,0.0,0.0,0.0,0.0,0.0,70000.0,0.0,0.0,67896.0,80000.0,0.0,0.0,-80000.0,0.0,-80000.0,0.0,0.0,-80000.0,0.0,0.0,-80000.0,0.0,-0.07339,-0.07339,1090000.0,1090000.0,https://www.sec.gov/Archives/edgar/data/856984/000129534512000036/0001295345-12-000036-index.htm,https://www.sec.gov/Archives/edgar/data/856984/000129534512000036/maba12312011.htm,1620599344,18:29:04,20210509
10,2010-12-31,USAQ,USD,2010-12-31,2010-12-31,FY,0.0,0.0,0.0,0.0,0.0,50000.0,0.0,0.0,53672.0,60000.0,0.0,0.0,-60000.0,0.0,-60000.0,0.0,0.0,-60000.0,0.0,0.0,-60000.0,0.0,-0.05505,-0.05505,1090000.0,1090000.0,,,1620599344,18:29:04,20210509
11,2009-12-31,USAQ,USD,2009-12-31,2009-12-31,FY,0.0,0.0,0.0,0.0,0.0,40000.0,0.0,0.0,40657.0,40000.0,0.0,0.0,-40000.0,0.0,-40000.0,0.0,0.0,-40000.0,0.0,0.0,-40000.0,0.0,-0.0367,-0.0367,1090000.0,1090000.0,,,1620599344,18:29:04,20210509
12,2008-12-31,USAQ,USD,2009-04-08,2009-04-08,FY,0.0,0.0,0.0,0.0,0.0,40000.0,0.0,0.0,40063.0,40000.0,0.0,0.0,-40000.0,0.0,-40000.0,0.0,0.0,-40000.0,0.0,0.0,-40000.0,0.0,-0.0367,-0.0367,1090000.0,1090000.0,https://www.sec.gov/Archives/edgar/data/856984/000085698409000003/0000856984-09-000003-index.htm,https://www.sec.gov/Archives/edgar/data/856984/000085698409000003/mabaa12312008.htm,1620599344,18:29:04,20210509
13,2007-12-31,USAQ,USD,2008-09-19,2008-09-19,FY,0.0,0.0,0.0,0.0,0.0,40000.0,0.0,0.0,35576.0,40000.0,0.0,0.0,-40000.0,0.0,-40000.0,0.0,0.0,-40000.0,0.0,0.0,-40000.0,0.0,-0.04301,-0.04301,185908265.0,185908265.0,https://www.sec.gov/Archives/edgar/data/856984/000129534508000101/0001295345-08-000101-index.htm,https://www.sec.gov/Archives/edgar/data/856984/000129534508000101/mabaa_10ksb12312007.htm,1620599344,18:29:04,20210509
14,2006-12-31,USAQ,USD,2006-12-31,2006-12-31,FY,0.0,0.0,0.0,0.0,0.0,10000.0,0.0,0.0,14050.0,10000.0,0.0,0.0,-10000.0,0.0,-10000.0,0.0,0.0,-10000.0,0.0,0.0,-10000.0,0.0,-0.01176,-0.01176,850000.0,850000.0,,,1620599344,18:29:04,20210509
15,2005-12-31,USAQ,USD,2005-12-31,2005-12-31,FY,0.0,0.0,0.0,0.0,0.0,10000.0,0.0,0.0,7067.0,10000.0,0.0,0.0,-10000.0,0.0,-10000.0,0.0,0.0,-10000.0,0.0,0.0,-10000.0,0.0,-0.04545,-0.04545,220000.0,220000.0,,,1620599344,18:29:04,20210509
16,2004-12-31,USAQ,USD,2006-03-01,2006-03-01,FY,0.0,0.0,0.0,0.0,0.0,0.0,0.0,0.0,0.0,0.0,0.0,0.0,0.0,0.0,0.0,0.0,0.0,0.0,0.0,0.0,0.0,0.0,0.0,0.0,220000.0,220000.0,https://www.sec.gov/Archives/edgar/data/856984/000085698406000022/0000856984-06-000022-index.htm,https://www.sec.gov/Archives/edgar/data/856984/000085698406000022/mabaa.htm,1620599344,18:29:04,20210509
17,2003-12-31,USAQ,USD,2003-12-31,2003-12-31,FY,0.0,0.0,0.0,0.0,0.0,0.0,0.0,0.0,0.0,0.0,0.0,0.0,0.0,0.0,0.0,0.0,0.0,0.0,0.0,0.0,0.0,0.0,0.0,0.0,220000.0,220000.0,,,1620599344,18:29:04,20210509
18,2002-12-31,USAQ,USD,2002-12-31,2002-12-31,FY,0.0,0.0,0.0,0.0,0.0,0.0,0.0,0.0,0.0,0.0,0.0,0.0,-2570000.0,0.0,0.0,0.0,0.0,0.0,0.0,0.0,-2570000.0,0.0,-11.68182,-11.68182,220000.0,220000.0,,,1620599344,18:29:04,20210509
19,2001-12-31,USAQ,USD,2001-12-31,2001-12-31,FY,930000.0,310000.0,620000.0,0.6666666666666666,990000.0,3580000.0,0.0,0.0,4280000.0,4880000.0,-70000.0,310000.0,-3630000.0,-3.903225806451613,-3940000.0,-4.236559139784946,0.0,-4290000.0,-4.612903225806452,0.0,-4290000.0,-4.612903225806452,-19.5,-19.5,220000.0,220000.0,,,1620599344,18:29:04,20210509
20,2000-12-31,USAQ,USD,2000-12-31,2000-12-31,FY,2290000.0,620000.0,1670000.0,0.7292576419213974,1330000.0,4240000.0,0.0,0.0,5895000.0,6180000.0,120000.0,330000.0,-3570000.0,-1.5589519650655022,-3900000.0,-1.703056768558952,0.0,-3780000.0,-1.6506550218340612,0.0,-3780000.0,-1.6506550218340612,-17.18182,-17.18182,220000.0,220000.0,,,1620599344,18:29:04,20210509
21,1999-12-31,USAQ,USD,1999-12-31,1999-12-31,FY,1440000.0,600000.0,850000.0,0.5902777777777778,1730000.0,4490000.0,0.0,0.0,6531000.0,6810000.0,10000.0,320000.0,-5050000.0,-3.5069444444444446,-5370000.0,-3.7291666666666665,0.0,-5350000.0,-3.7152777777777777,0.0,-5350000.0,-3.7152777777777777,-26.75,-26.75,200000.0,200000.0,,,1620599344,18:29:04,20210509
22,1998-12-31,USAQ,USD,1998-12-31,1998-12-31,FY,1200000.0,470000.0,730000.0,0.6083333333333333,2160000.0,4430000.0,0.0,0.0,6840000.0,7310000.0,-300000.0,820000.0000000001,-5290000.0,-4.408333333333333,-6110000.0,-5.091666666666667,0.0,-6410000.0,-5.341666666666667,0.0,-7550000.0,-6.291666666666667,-58.07692,-58.07692,130000.0,130000.0,,,1620599344,18:29:04,20210509
23,1997-12-31,USAQ,USD,1997-12-31,1997-12-31,FY,160000.0,30000.0,130000.0,0.8125,3240000.0,3670000.0,0.0,0.0,6910000.0,6940000.0,-370000.0,1020000.0,-5760000.0,-36.0,-6780000.0,-42.375,0.0,-7150000.0,-44.6875,0.0,-7150000.0,-44.6875,-71.5,-71.5,100000.0,100000.0,,,1620599344,18:29:04,20210509
24,1996-12-31,USAQ,USD,1996-12-31,1996-12-31,FY,50000.0,0.0,50000.0,1.0,2700000.0,3640000.0,0.0,0.0,6340000.0,6340000.0,-1410000.0,1890000.0,-4400000.0,-88.0,-6290000.0,-125.8,0.0,-7700000.0,-154.0,0.0,-7700000.0,-154.0,-85.55556,-85.55556,90000.0,90000.0,,,1620599344,18:29:04,20210509
25,1995-12-31,USAQ,USD,1995-12-31,1995-12-31,FY,130000.0,0.0,130000.0,1.0,2970000.0,2880000.0,0.0,0.0,5850000.0,5850000.0,110000.0,390000.0,-5330000.0,-41.0,-5720000.0,-44.0,0.0,-5610000.0,-43.15384615384615,0.0,-5610000.0,-43.15384615384615,-80.14286,-80.14286,70000.0,70000.0,,,1620599344,18:29:04,20210509
26,1994-12-31,USAQ,USD,1994-12-31,1994-12-31,FY,0.0,0.0,0.0,0.0,4400000.0,3020000.0,0.0,0.0,7420000.0,7420000.0,0.0,270000.0,-7150000.0,0.0,-7420000.0,0.0,-10000.0,-7430000.0,0.0,0.0,-7430000.0,0.0,-106.14286,-106.14286,70000.0,70000.0,,,1620599344,18:29:04,20210509
27,1993-12-31,USAQ,USD,1993-12-31,1993-12-31,FY,0.0,0.0,0.0,0.0,4030000.0,4040000.0,0.0,0.0,8070000.0,8070000.0,0.0,160000.0,-7910000.0,0.0,-8070000.0,0.0,1550000.0,-6520000.0,0.0,0.0,-6520000.0,0.0,-93.14286,-93.14286,70000.0,70000.0,,,1620599344,18:29:04,20210509
28,1992-12-31,USAQ,USD,1992-12-31,1992-12-31,FY,900000.0,0.0,900000.0,1.0,2460000.0,3270000.0,0.0,0.0,5730000.0,5730000.0,0.0,70000.0,-4760000.0,-5.288888888888889,-4830000.0,-5.366666666666666,810000.0,-4020000.0,-4.466666666666667,0.0,-4020000.0,-4.466666666666667,-57.42857,-57.42857,70000.0,70000.0,,,1620599344,18:29:04,20210509
29,1991-12-31,USAQ,USD,1991-12-31,1991-12-31,FY,10000.0,0.0,10000.0,1.0,1950000.0,2820000.0,0.0,0.0,4770000.0,4770000.0,-120000.0,50000.0,-4700000.0,-470.0,-4750000.0,-475.0,260000.0,-4610000.0,-461.0,0.0,-4610000.0,-461.0,-115.25,-115.25,40000.0,40000.0,,,1620599344,18:29:04,20210509
30,1990-12-31,USAQ,USD,1990-12-31,1990-12-31,FY,30000.0,0.0,30000.0,1.0,1390000.0,730000.0,0.0,0.0,2110000.0,2110000.0,-190000.0,40000.0,-2040000.0,-68.0,-2080000.0,-69.33333333333333,170000.0,-2100000.0,-70.0,0.0,-2100000.0,-70.0,-105.0,-105.0,20000.0,20000.0,,,1620599344,18:29:04,20210509
31,1989-12-31,USAQ,USD,1989-12-31,1989-12-31,FY,40000.0,0.0,40000.0,1.0,1100000.0,250000.0,0.0,0.0,1360000.0,1360000.0,-200000.0,40000.0,-1280000.0,-32.0,-1320000.0,-33.0,0.0,-1520000.0,-38.0,0.0,-1520000.0,-38.0,-152.0,-152.0,10000.0,10000.0,,,1620599344,18:29:04,20210509
32,1988-12-31,USAQ,USD,1988-12-31,1988-12-31,FY,100000.0,0.0,100000.0,1.0,830000.0,180000.0,0.0,0.0,1000000.0,1000000.0,-120000.0,40000.0,-870000.0,-8.7,-910000.0,-9.1,0.0,-1030000.0,-10.3,0.0,-1030000.0,-10.3,-103.0,-103.0,10000.0,10000.0,,,1620599344,18:29:04,20210509
