,date,symbol,reportedCurrency,fillingDate,acceptedDate,period,revenue,costOfRevenue,grossProfit,grossProfitRatio,researchAndDevelopmentExpenses,generalAndAdministrativeExpenses,sellingAndMarketingExpenses,otherExpenses,operatingExpenses,costAndExpenses,interestExpense,depreciationAndAmortization,ebitda,ebitdaratio,operatingIncome,operatingIncomeRatio,totalOtherIncomeExpensesNet,incomeBeforeTax,incomeBeforeTaxRatio,incomeTaxExpense,netIncome,netIncomeRatio,eps,epsdiluted,weightedAverageShsOut,weightedAverageShsOutDil,link,finalLink,timestamp,est_time,est_date
0,2017-12-31,ACTA,USD,2018-03-30 00:00:00,2018-03-30 16:16:42,FY,193877000.0,0.0,193877000.0,1.0,0.0,0.0,0.0,11939000.0,40413000,40413000,0.0,719000.0,-39694000.0,-0.20473805557131583,-40413000.0,-0.20844659242715743,5880000.0,-33823000.0,-0.17445596950643966,-11489000.0,173958000,0.8972596027378184,5.57236,5.57236,31218000.0,31218000.0,https://www.sec.gov/Archives/edgar/data/1085621/000108562118000003/0001085621-18-000003-index.html,https://www.sec.gov/Archives/edgar/data/1085621/000108562118000003/actuacorp12312017.htm,1620586141,14:49:01,20210509
1,2016-12-31,ACTA,USD,2017-03-31 00:00:00,2017-03-31 15:15:35,FY,109301000.0,29186000.0,80115000.0,0.7329759105589153,21642000.0,46936000.0,40807000.0,44338000.0,123769000,182909000,96000.0,16586000.0,-27836000.0,-0.2546728758199833,-44422000.0,-0.40641897146412204,2857000.0,-41378000.0,-0.37856927201032015,-13210000.0,70085000,0.6412109678776955,2.2450188993529374,1.9111311082024434,31218000.0,36672000.0,https://www.sec.gov/Archives/edgar/data/1085621/000108562117000004/0001085621-17-000004-index.html,https://www.sec.gov/Archives/edgar/data/1085621/000108562117000004/actuacorp12312016.htm,1620586141,14:49:01,20210509
2,2015-12-31,ACTA,USD,2016-03-15 00:00:00,2016-03-15 16:42:25,FY,133421000.0,39229000.0,94192000.0,0.7059758208977597,29168000.0,61857000.0,48414000.0,95718000.0,154690000,274386000,203000.0,19751000.0,-81985000.0,-0.6144834771137977,-101736000.0,-0.7625186439915755,1692000.0,-100116000.0,-0.7503766273675059,229000.0,-96080000,-0.720126516815194,-3.0777115766544942,-2.5911542610571736,31218000.0,37080000.0,https://www.sec.gov/Archives/edgar/data/1085621/000108562116000012/0001085621-16-000012-index.html,https://www.sec.gov/Archives/edgar/data/1085621/000108562116000012/actuacorp12312015.htm,1620586141,14:49:01,20210509
3,2014-12-31,ACTA,USD,2015-03-03,2015-03-02 20:24:42,FY,84837000.0,24420000.0,60417000.0,0.7121538951165176,15408000.0,51784000.0,39710000.0,36139000.0,117434000,167408000,1613000.0,14069000.0,-44082000.0,-0.5196081898228367,-58151000.0,-0.6854438511498521,5300000.0,-54001000.0,-0.6365265155533553,-12931000.0,-23556000,-0.27766186923158526,-0.63442,-0.63442,37130000.0,37130000.0,https://www.sec.gov/Archives/edgar/data/1085621/000156459015001219/0001564590-15-001219-index.htm,https://www.sec.gov/Archives/edgar/data/1085621/000156459015001219/acta-10k_20141231.htm,1620586141,14:49:01,20210509
4,2013-12-31,ACTA,USD,2014-03-17,2014-03-17 17:08:29,FY,59201000.0,17757000.0,41444000.0,0.7000557423016504,9032000.0,30960000.0,28129000.0,30519000.0,76591000,116397000,1484000.0,11701000.0,-27738000.0,-0.4685393827806963,-39439000.0,-0.6661880711474468,-4210000.0,-44906000.0,-0.7585344842147936,-17571000.0,209059000,3.5313423759733786,5.722,5.722,36536000.0,36536000.0,https://www.sec.gov/Archives/edgar/data/1085621/000156459014000863/0001564590-14-000863-index.htm,https://www.sec.gov/Archives/edgar/data/1085621/000156459014000863/icge-10k_20131231.htm,1620586141,14:49:01,20210509
5,2012-12-31,ACTA,USD,2013-03-18 00:00:00,2013-03-18 17:08:50,FY,166593000.0,105762000.0,60831000.0,0.3651473951486557,14175000.0,38805000.0,21920000.0,112900000.0,80490000,293562000,526000.0,9809000.0,-11398000.0,-0.0684182408624612,-21207000.0,-0.1272982658334984,57879000.0,36588000.0,0.219625074282833,1336000.0,22989000,0.13799499378725397,0.6405405405405405,0.6290944914210655,35890000.0,36543000.0,https://www.sec.gov/Archives/edgar/data/1085621/000119312513112775/0001193125-13-112775-index.html,https://www.sec.gov/Archives/edgar/data/1085621/000119312513112775/d444062d10k.htm,1620586141,14:49:01,20210509
6,2011-12-31,ACTA,USD,2012-03-15 00:00:00,2012-03-15 15:52:43,FY,140527000.0,85572000.0,54955000.0,0.3910636390159898,12436000.0,0.0,0.0,87954000.0,58947000,231061000,577000.0,4724000.0,-238000.0,-0.0016936247126886647,-4962000.0,-0.03530994043849225,42624000.0,37478000.0,0.26669607975691506,-4287000.0,27566000,0.19616159172258713,0.7520187690964645,0.7358782701548319,36656000.0,37460000.0,https://www.sec.gov/Archives/edgar/data/1085621/000119312512117265/0001193125-12-117265-index.html,https://www.sec.gov/Archives/edgar/data/1085621/000119312512117265/d283132d10k.htm,1620586141,14:49:01,20210509
7,2010-12-31,ACTA,USD,2011-03-16,2011-03-16 16:59:29,FY,115710000.0,71050000.0,44660000.0,0.38596491228070173,10644000.0,0.0,0.0,73589000.0,54207000,197489000,366000.0,3927000.0,-6802000.0,-0.05878489326765189,-10729000.0,-0.09272318727854117,74147000.0,63382000.0,0.5477659666407397,-254000.0,47908000,0.41403508771929826,1.31518,1.31518,36427000.0,36427000.0,https://www.sec.gov/Archives/edgar/data/1085621/000095012311025995/0000950123-11-025995-index.htm,https://www.sec.gov/Archives/edgar/data/1085621/000095012311025995/c14086e10vk.htm,1620586141,14:49:01,20210509
8,2009-12-31,ACTA,USD,2010-03-16 00:00:00,2010-03-16 17:20:59,FY,90252000.0,56920000.0,33332000.0,0.36932145548021095,9015000.0,0.0,0.0,62317000.0,43593000,162830000,216000.0,1747000.0,30276000.0,0.3354607100119665,28529000.0,0.3161037982537783,16578000.0,1150000.0,0.0127420998980632,39510000.0,28529000,0.3161037982537783,0.77821,0.77821,36660000.0,36660000.0,https://www.sec.gov/Archives/edgar/data/1085621/000095012310025291/0000950123-10-025291-index.html,https://www.sec.gov/Archives/edgar/data/1085621/000095012310025291/c97598e10vk.htm,1620586141,14:49:01,20210509
9,2008-12-31,ACTA,USD,2009-03-16 00:00:00,2009-03-16 17:10:29,FY,71181000.0,46400000.0,24781000.0,0.3481406555120046,10212000.0,0.0,0.0,56452000.0,56429000,149229000,334000.0,1858000.0,-21068000.0,-0.2959778592601958,-22926000.0,-0.3220803304252539,43225000.0,13093000.0,0.18393953442632163,-357000.0,-22926000,-0.3220803304252539,-0.60164,-0.60164,38106000.0,38106000.0,https://www.sec.gov/Archives/edgar/data/1085621/000136231009003909/0001362310-09-003909-index.html,https://www.sec.gov/Archives/edgar/data/1085621/000136231009003909/c82411e10vk.htm,1620586141,14:49:01,20210509
10,2007-12-31,ACTA,USD,2008-03-17,2008-03-17 17:09:43,FY,52923000.0,39523000.0,13400000.0,0.25319804243901517,6033000.0,0.0,0.0,39711000.0,39002000,118048000,300000.0,1502000.0,-30121000.0,-0.569147629575043,-31623000.0,-0.5975284847797744,-167000.0,-20731000.0,-0.39172004610471817,3992000.0,-30628000,-0.5787275853598625,-0.80779,-0.80779,37916000.0,37916000.0,https://www.sec.gov/Archives/edgar/data/1085621/000089322008000746/0000893220-08-000746-index.htm,https://www.sec.gov/Archives/edgar/data/1085621/000089322008000746/w51202e10vk.htm,1620586141,14:49:01,20210509
11,2006-12-31,ACTA,USD,2007-03-16,2007-03-16 16:55:12,FY,64749000.0,42439000.0,22310000.0,0.3445613059661153,8755000.0,0.0,0.0,44312000.0,52736000,137614000,2174000.0,3395000.0,10730000.0,0.16571684504779996,7335000.0,0.11328360283556503,34605000.0,11524000.0,0.17797958269625785,40000.0,15624000,0.2413010239540379,0.41586,0.41586,37570000.0,37570000.0,https://www.sec.gov/Archives/edgar/data/1085621/000089322007000800/0000893220-07-000800-index.htm,https://www.sec.gov/Archives/edgar/data/1085621/000089322007000800/w31854e10vk.htm,1620586141,14:49:01,20210509
12,2005-12-31,ACTA,USD,2006-03-15,2006-03-15 17:38:45,FY,50576000.0,28609000.0,21967000.0,0.43433644416323947,12271000.0,0.0,0.0,33779000.0,59395000,116613000,3367000.0,3829000.0,79352000.0,1.5689655172413792,75523000.0,1.4932576716229042,135489000.0,98584000.0,1.9492249288199937,-18640000.0,72518000,1.4338421385637456,1.95419,1.95419,37109000.0,37109000.0,https://www.sec.gov/Archives/edgar/data/1085621/000089322006000558/0000893220-06-000558-index.htm,https://www.sec.gov/Archives/edgar/data/1085621/000089322006000558/w18517e10vk.htm,1620586141,14:49:01,20210509
13,2004-12-31,ACTA,USD,2005-03-16 00:00:00,2005-03-16 14:10:10,FY,52400000.0,27986000.0,24414000.0,0.46591603053435116,9722000.0,0.0,0.0,31507000.0,47098000,103880000,4925000.0,71000.0,-138246000.0,-2.6382824427480918,-138317000.0,-2.6396374045801525,-106259000.0,-133327000.0,-2.5444083969465647,0.0,-135317000,-2.582385496183206,-3.78901,-3.78901,35713000.0,35713000.0,https://www.sec.gov/Archives/edgar/data/1085621/000089322005000586/0000893220-05-000586-index.html,https://www.sec.gov/Archives/edgar/data/1085621/000089322005000586/w06701e10vk.htm,1620586141,14:49:01,20210509
14,2003-12-31,ACTA,USD,2004-03-15 00:00:00,2004-03-15 16:48:44,FY,70020000.0,40936000.0,29084000.0,0.415367037989146,14840000.0,0.0,0.0,47155000.0,69421000,149557000,16564000.0,13245000.0,-111411000.0,-1.5911311053984576,-124656000.0,-1.7802913453299058,-58659000.0,-112492000.0,-1.606569551556698,0.0,-135884000,-1.9406455298486147,-0.44868,-0.44868,302852000.0,302852000.0,https://www.sec.gov/Archives/edgar/data/1085621/000119312504042335/0001193125-04-042335-index.html,https://www.sec.gov/Archives/edgar/data/1085621/000119312504042335/d10k.htm,1620586141,14:49:01,20210509
15,2002-12-31,ACTA,USD,2003-03-31 00:00:00,2003-03-31 17:27:17,FY,108457000.0,69095000.0,39362000.0,0.36292724305485125,24100000.0,0.0,0.0,93471000.0,140346000,278536000,19757000.0,21850000.0,12894000.0,0.11888582571894853,-8956000.0,-0.08257650497432162,93333000.0,-27408000.0,-0.25270844666549874,-179000.0,-102219000,-0.9424841181297657,-0.3634,-0.3634,281284000.0,281284000.0,https://www.sec.gov/Archives/edgar/data/1085621/000089322003000526/0000893220-03-000526-index.html,https://www.sec.gov/Archives/edgar/data/1085621/000089322003000526/w84905e10vk.htm,1620586141,14:49:01,20210509
16,2001-12-31,ACTA,USD,2001-12-31,2001-12-31,FY,123675000.0,93762000.0,29913000.0,0.24186779866585809,52169000.0,257508000.0,0.0,0.0,468397000,562159000,43371000.0,158720000.0,-279764000.0,-2.2620901556498887,-438484000.0,-3.5454538103901356,-2093563000.0,-1518050000.0,-12.27450980392157,-45474000.0,-2372265000,-19.18144329896907,-170.45011190826037,-170.27088133330463,13917650.0,13932300.0,,,1620586141,14:49:01,20210509
17,2000-12-31,ACTA,USD,2000-12-31,2000-12-31,FY,42935000.0,19929000.0,23006000.0,0.5358332362874112,75902000.0,268908000.0,0.0,0.0,606744000,626673000,42982000.0,261934000.0,-321804000.0,-7.495143822056598,-583738000.0,-13.595854198206592,-507373000.0,-987168000.0,-22.9921509258181,-327255000.0,-659913000,-15.370047746593688,-48.0,-48.0,13752200.0,13752200.0,,,1620586141,14:49:01,20210509
18,1999-12-31,ACTA,USD,1999-12-31,1999-12-31,FY,16500000.0,4500000.0,21000000.0,1.2727272727272727,0.0,48900000.0,0.0,0.0,61600000,57100000,3900000.0,12700000.0,-27900000.0,-1.690909090909091,-40600000.0,-2.4606060606060605,-24600000.0,-53500000.0,-3.242424242424242,-23700000.0,-29800000,-1.8060606060606061,-3.0,-3.0,10092550.0,10092550.0,,,1620586141,14:49:01,20210509
19,1998-12-31,ACTA,USD,1998-12-31,1998-12-31,FY,3100000.0,3500000.0,-400000.0,-0.12903225806451613,0.0,15500000.0,0.0,0.0,16600000,20100000,400000.0,1100000.0,-15900000.0,-5.129032258064516,-17000000.0,-5.483870967741935,25900000.0,0.0,0.0,0.0,13900000,4.483870967741935,2.6,2.6,5346154.0,5346154.0,,,1620586141,14:49:01,20210509
