,date,symbol,reportedCurrency,fillingDate,acceptedDate,period,revenue,costOfRevenue,grossProfit,grossProfitRatio,researchAndDevelopmentExpenses,generalAndAdministrativeExpenses,sellingAndMarketingExpenses,otherExpenses,operatingExpenses,costAndExpenses,interestExpense,depreciationAndAmortization,ebitda,ebitdaratio,operatingIncome,operatingIncomeRatio,totalOtherIncomeExpensesNet,incomeBeforeTax,incomeBeforeTaxRatio,incomeTaxExpense,netIncome,netIncomeRatio,eps,epsdiluted,weightedAverageShsOut,weightedAverageShsOutDil,link,finalLink,timestamp,est_time,est_date
0,2020-12-31,BATS.L,GBP,2020-12-31,2020-12-31,FY,25776000000,4138000000.0,21638000000.0,0.8394630664183736,121000000,28300000.0,0.0,0.0,0.0,15600000000,1784000000,1241000000,11417000000,0.44293140906269396,10176000000,0.3947858472998138,0.0,8672000000,0.33643699565487273,2108000000,6400000000,0.2482929857231533,2.8,2.789,2286000000,2295000000,https://find-and-update.company-information.service.gov.uk/search/companies?q=British+American+Tobacco+PLC,https://find-and-update.company-information.service.gov.uk/search/companies?q=British+American+Tobacco+PLC,1620589145,15:39:05,20210509
1,2019-12-31,BATS.L,GBP,2019-12-31,2019-12-31,FY,25877000000,4437000000.0,21440000000.0,0.8285349924643506,126000000,25300000.0,0.0,163000000.0,12373000000.0,16810000000,1788000000,1318000000,10385000000,0.4013216369749198,9067000000,0.35038837577771764,0.0,7912000000,0.30575414460718014,2063000000,5704000000,0.2204274065772694,2.497,2.49,2284000000,2291000000,https://find-and-update.company-information.service.gov.uk/search/companies?q=British+American+Tobacco+PLC,https://find-and-update.company-information.service.gov.uk/search/companies?q=British+American+Tobacco+PLC,1620589145,15:39:05,20210509
2,2018-12-31,BATS.L,GBP,2018-12-31,2018-12-31,FY,24492000000,4550000000.0,19942000000.0,0.8142250530785563,105000000,25400000.0,0.0,85000000.0,10589800000.0,15139800000,1634000000,1038000000,10390200000,0.4242283194512494,9352200000,0.3818471337579618,0.0,8350200000,0.3409358157765801,2141000000,6032000000,0.24628450106157113,2.64,2.632,2285000000,2292000000,https://find-and-update.company-information.service.gov.uk/search/companies?q=British+American+Tobacco+PLC,https://find-and-update.company-information.service.gov.uk/search/companies?q=British+American+Tobacco+PLC,1620589145,15:39:05,20210509
3,2017-12-31,BATS.L,GBP,2017-12-31,2017-12-31,FY,20292000000,5033000000.0,15259000000.0,0.7519712201852947,80000000,47700000.0,0.0,144000000.0,8933000000.0,13966000000,1124000000,902000000,7228000000,0.3561994874827518,6326000000,0.31174847230435637,0.0,29591000000,1.4582594125763848,-8113000000,37533000000,1.849645180366647,18.363,18.3,2044000000,2051000000,https://find-and-update.company-information.service.gov.uk/search/companies?q=British+American+Tobacco+PLC,https://find-and-update.company-information.service.gov.uk/search/companies?q=British+American+Tobacco+PLC,1620589145,15:39:05,20210509
4,2016-12-31,BATS.L,GBP,2016-12-31,2016-12-31,FY,14751000000,3733000000.0,11018000000.0,0.7469324113619416,53000000,11400000.0,0.0,176000000.0,6541000000.0,10274000000,670000000,607000000,5084000000,0.34465459968815676,4477000000,0.3035048471290082,0.0,6245000000,0.42336112805911463,1406000000,4648000000,0.3150972815402346,2.502,2.492,1858000000,1865000000,https://find-and-update.company-information.service.gov.uk/search/companies?q=British+American+Tobacco+PLC,https://find-and-update.company-information.service.gov.uk/search/companies?q=British+American+Tobacco+PLC,1620589145,15:39:05,20210509
5,2015-12-31,BATS.L,GBP,2015-12-31,2015-12-31,FY,13104000000,3033000000.0,10071000000.0,0.7685439560439561,60000000,12600000.0,0.0,225000000.0,5705000000.0,8738000000,582000000,404000000,4770000000,0.364010989010989,4366000000,0.33318070818070816,0.0,5855000000,0.44681013431013433,1333000000,4290000000,0.3273809523809524,2.309,2.303,1858000000,1863000000,https://find-and-update.company-information.service.gov.uk/search/companies?q=British+American+Tobacco+PLC,https://find-and-update.company-information.service.gov.uk/search/companies?q=British+American+Tobacco+PLC,1620589145,15:39:05,20210509
6,2014-12-31,BATS.L,GBP,2014-12-31,2014-12-31,FY,13971000000,3030000000.0,10941000000.0,0.7831221816620142,74000000,14900000.0,0.0,178000000.0,6466000000.0,9496000000,588000000,423000000,4898000000,0.35058335122754275,4475000000,0.32030634886550713,0.0,4848000000,0.3470045093407773,1455000000,3115000000,0.2229618495454871,1.671,1.666,1864000000,1870000000,https://find-and-update.company-information.service.gov.uk/search/companies?q=British+American+Tobacco+PLC,https://find-and-update.company-information.service.gov.uk/search/companies?q=British+American+Tobacco+PLC,1620589145,15:39:05,20210509
7,2013-12-31,BATS.L,GBP,2013-12-31,2013-12-31,FY,15260000000,3243000000.0,12017000000.0,0.7874836173001311,91000000,14800000.0,0.0,302000000.0,6748000000.0,9991000000,614000000,443000000,5712000000,0.3743119266055046,5269000000,0.34528178243774577,0.0,5799000000,0.38001310615989514,1600000000,3904000000,0.2558322411533421,2.054,2.046,1901000000,1908000000,https://find-and-update.company-information.service.gov.uk/search/companies?q=British+American+Tobacco+PLC,https://find-and-update.company-information.service.gov.uk/search/companies?q=British+American+Tobacco+PLC,1620589145,15:39:05,20210509
8,2012-12-31,BATS.L,GBP,2012-12-31,2012-12-31,FY,15190000000,3312000000.0,11878000000.0,0.7819618169848584,-93000000,15100000.0,0.0,245000000.0,2626400000.0,5938400000,580000000,463000000,9714600000,0.6395391705069124,9251600000,0.6090585911784069,0.0,9720600000,0.6399341672152732,1526000000,3841000000,0.25286372613561553,1.981,1.971,1939000000,1949000000,https://find-and-update.company-information.service.gov.uk/search/companies?q=British+American+Tobacco+PLC,https://find-and-update.company-information.service.gov.uk/search/companies?q=British+American+Tobacco+PLC,1620589145,15:39:05,20210509
9,2011-12-31,BATS.L,GBP,2011-12-31,2011-12-31,FY,15399000000,3426000000.0,11973000000.0,0.7775180206506916,81000000,0.0,0.0,-1314000000.0,9912000000.0,13338000000,567000000,516000000,2577000000,0.16734852912526788,2061000000,0.13383985973115137,0.0,4931000000,0.32021559841548153,1556000000,3095000000,0.20098707708292746,1.571,1.562,1970000000,1982000000,https://find-and-update.company-information.service.gov.uk/search/companies?q=British+American+Tobacco+PLC,https://find-and-update.company-information.service.gov.uk/search/companies?q=British+American+Tobacco+PLC,1620589145,15:39:05,20210509
10,2010-12-31,BATS.L,GBP,2010-12-31,2010-12-31,FY,14883000000,3707000000.0,11176000000.0,0.7509238728750924,82000000,0.0,0.0,-1226000000.0,10098000000.0,13805000000,583000000,504000000,1582000000,0.10629577370153867,1078000000,0.07243163340724317,0.0,4388000000,0.29483303097493785,1248000000,2879000000,0.19344218235570784,1.452,1.444,1983000000,1994000000,https://find-and-update.company-information.service.gov.uk/search/companies?q=British+American+Tobacco+PLC,https://find-and-update.company-information.service.gov.uk/search/companies?q=British+American+Tobacco+PLC,1620589145,15:39:05,20210509
11,2009-12-31,BATS.L,GBP,2009-12-31,2009-12-31,FY,14208000000,4018000000.0,10190000000.0,0.7172015765765766,51000000,0.0,0.0,-1082000000.0,9791000000.0,13809000000,602000000,504000000,903000000,0.06355574324324324,399000000,0.02808277027027027,0.0,4080000000,0.28716216216216217,1124000000,2713000000,0.19094876126126126,1.37,1.363,1980000000,1991000000,https://find-and-update.company-information.service.gov.uk/search/companies?q=British+American+Tobacco+PLC,https://find-and-update.company-information.service.gov.uk/search/companies?q=British+American+Tobacco+PLC,1620589145,15:39:05,20210509
12,2008-12-31,BATS.L,GBP,2008-12-31,2008-12-31,FY,12122000000,3316000000.0,8806000000.0,0.7264477808942419,50000000,0.0,0.0,-954000000.0,9010000000.0,12326000000,535000000,425000000,221000000,0.018231314964527307,-204000000,-0.01682890612110213,0.0,3684000000,0.30391024583402076,1025000000,2457000000,0.2026893251938624,1.233,1.225,1993000000,2005000000,https://find-and-update.company-information.service.gov.uk/search/companies?q=British+American+Tobacco+PLC,https://find-and-update.company-information.service.gov.uk/search/companies?q=British+American+Tobacco+PLC,1620589145,15:39:05,20210509
13,2007-12-31,BATS.L,GBP,2007-12-31,2007-12-31,FY,10018000000,2772000000.0,7246000000.0,0.7232980634857257,43000000,0.0,0.0,-898000000.0,7183000000.0,9955000000,382000000,314000000,377000000,0.03763226192852865,63000000,0.006288680375324416,0.0,3077000000,0.30714713515671793,790000000,2130000000,0.21261728888001596,1.0519,1.0446,2025000000,2039000000,https://find-and-update.company-information.service.gov.uk/search/companies?q=British+American+Tobacco+PLC,https://find-and-update.company-information.service.gov.uk/search/companies?q=British+American+Tobacco+PLC,1620589145,15:39:05,20210509
14,2006-12-31,BATS.L,GBP,2006-12-31,2006-12-31,FY,9762000000,2850000000.0,6912000000.0,0.7080516287645974,36000000,0.0,0.0,-888000000.0,6756000000.0,9606000000,410000000,312000000,468000000,0.04794099569760295,156000000,0.015980331899200985,0.0,2764000000,0.28313870108584305,716000000,1896000000,0.19422249539028888,0.9208,0.9133,2059000000,2076000000,https://find-and-update.company-information.service.gov.uk/search/companies?q=British+American+Tobacco+PLC,https://find-and-update.company-information.service.gov.uk/search/companies?q=British+American+Tobacco+PLC,1620589145,15:39:05,20210509
15,2005-12-31,BATS.L,GBP,2005-12-31,2005-12-31,FY,9325000000,2762000000.0,6563000000.0,0.7038069705093833,29000000,0.0,0.0,-784000000.0,6881000000.0,9643000000,373000000,383000000,65000000,0.006970509383378016,-318000000,-0.034101876675603215,0.0,2584000000,0.27710455764075065,690000000,1767000000,0.1894906166219839,0.8434,0.8366,2095000000,2112000000,https://find-and-update.company-information.service.gov.uk/search/companies?q=British+American+Tobacco+PLC,https://find-and-update.company-information.service.gov.uk/search/companies?q=British+American+Tobacco+PLC,1620589145,15:39:05,20210509
16,2004-12-31,BATS.L,GBP,2004-12-31,2004-12-31,FY,10768000000,0.0,10768000000.0,1.0,29000000,0.0,0.0,-252000000.0,8092000000.0,8092000000,371000000,375000000,3051000000,0.28333952451708766,2676000000,0.2485141158989599,0.0,3630000000,0.337109955423477,673000000,2827000000,0.262537147102526,1.3539272030651341,1.3278534523250352,2088000000,2129000000,https://find-and-update.company-information.service.gov.uk/search/companies?q=British+American+Tobacco+PLC,https://find-and-update.company-information.service.gov.uk/search/companies?q=British+American+Tobacco+PLC,1620589145,15:39:05,20210509
17,2003-12-31,BATS.L,GBP,2003-12-31,2003-12-31,FY,10570000000,0.0,25622000000.0,2.4240302743614004,73000000,0.0,0.0,292000000.0,7792000000.0,7792000000,335000000,477000000,3255000000,0.3079470198675497,2778000000,0.2628192999053926,0.0,1567000000,0.14824976348155156,779000000,631000000,0.059697256385998106,0.2693,0.2669,2076844000,2364181341,https://find-and-update.company-information.service.gov.uk/search/companies?q=British+American+Tobacco+PLC,https://find-and-update.company-information.service.gov.uk/search/companies?q=British+American+Tobacco+PLC,1620589145,15:39:05,20210509
18,2002-12-31,BATS.L,GBP,2002-12-31,2002-12-31,FY,10600000000,0.0,24682000.0,0.0023284905660377357,62000000,0.0,0.0,-50000.0,8042000000.0,8042000000,333000000,338000000,2896000000,0.2732075471698113,2558000000,0.24132075471698114,0.0,2113000000,0.19933962264150942,818000000,1152000000,0.10867924528301887,0.5091,0.501,2145000000,2212711000,https://find-and-update.company-information.service.gov.uk/search/companies?q=British+American+Tobacco+PLC,https://find-and-update.company-information.service.gov.uk/search/companies?q=British+American+Tobacco+PLC,1620589145,15:39:05,20210509
19,2001-12-31,BATS.L,GBP,2001-12-31,2001-12-31,FY,11371000000,0.0,11371000000.0,1.0,59000000,0.0,0.0,0.0,8758000000.0,8758000000,409000000,396000000,3009000000,0.2646205258992173,2613000000,0.22979509277987864,0.0,2065000000,0.1816023216955413,886000000,1010000000,0.08882244305689913,0.444,0.44,2145000000,2297000000,https://find-and-update.company-information.service.gov.uk/search/companies?q=British+American+Tobacco+PLC,https://find-and-update.company-information.service.gov.uk/search/companies?q=British+American+Tobacco+PLC,1620589145,15:39:05,20210509
20,2000-12-31,BATS.L,GBP,2000-12-31,2000-12-31,FY,10915000000,0.0,10915000000.0,1.0,59000000,0.0,0.0,0.0,8356000000.0,8356000000,489000000,401000000,2960000000,0.2711864406779661,2559000000,0.23444800732936327,0.0,1522000000,0.13944113605130554,660000000,692000000,0.06339899221255153,0.3218604651162791,0.29572649572649573,2150000000,2340000000,https://find-and-update.company-information.service.gov.uk/search/companies?q=British+American+Tobacco+PLC,https://find-and-update.company-information.service.gov.uk/search/companies?q=British+American+Tobacco+PLC,1620589145,15:39:05,20210509
21,1999-12-31,BATS.L,GBP,1999-12-31,1999-12-31,FY,9072000000,0.0,0.0,0.0,58000000,0.0,0.0,0.0,7156000000.0,7156000000,370000000,350000000,2266000000,0.24977954144620812,1916000000,0.21119929453262787,0.0,1371000000,0.15112433862433863,673000000,556000000,0.06128747795414462,0.29109947643979056,0.27016520894071916,1910000000,2058000000,https://find-and-update.company-information.service.gov.uk/search/companies?q=British+American+Tobacco+PLC,https://find-and-update.company-information.service.gov.uk/search/companies?q=British+American+Tobacco+PLC,1620589145,15:39:05,20210509
22,1998-12-31,BATS.L,GBP,1998-12-31,1998-12-31,FY,7120000000,0.0,7120000000.0,1.0,45000000,0.0,0.0,0.0,5528000000.0,5528000000,355000000,297000000,1889000000,0.26530898876404496,1592000000,0.22359550561797753,0.0,738000000,0.10365168539325843,277000000,346000000,0.04859550561797753,0.222,0.22,1561000000,1574000000,https://find-and-update.company-information.service.gov.uk/search/companies?q=British+American+Tobacco+PLC,https://find-and-update.company-information.service.gov.uk/search/companies?q=British+American+Tobacco+PLC,1620589145,15:39:05,20210509
23,1997-12-31,BATS.L,GBP,1997-12-31,1997-12-31,FY,7152000000,0.0,0.0,0.0,42000000,0.0,0.0,0.0,5307000000.0,5307000000,368000000,239000000,2084000000,0.29138702460850113,1845000000,0.25796979865771813,0.0,875000000,0.1223434004474273,357000000,412000000,0.05760626398210291,0.266,0.263,1550000000,1565000000,https://find-and-update.company-information.service.gov.uk/search/companies?q=British+American+Tobacco+PLC,https://find-and-update.company-information.service.gov.uk/search/companies?q=British+American+Tobacco+PLC,1620589145,15:39:05,20210509
24,1996-12-31,BATS.L,GBP,1996-12-31,1996-12-31,FY,7241000000,0.0,7241000000.0,1.0,37000000,0.0,0.0,0.0,5615000000.0,5615000000,340000000,16000000,1642000000,0.22676425908023753,1626000000,0.22455461952768954,0.0,1626000000,0.22455461952768954,520000000,988000000,0.13644524236983843,0.637,0.637,1550000000,1550000000,https://find-and-update.company-information.service.gov.uk/search/companies?q=British+American+Tobacco+PLC,https://find-and-update.company-information.service.gov.uk/search/companies?q=British+American+Tobacco+PLC,1620589145,15:39:05,20210509
25,1995-12-31,BATS.L,GBP,1995-12-31,1995-12-31,FY,6771000000,0.0,6771000000.0,1.0,43000000,0.0,0.0,0.0,5131000000.0,5131000000,306000000,13000000,1653000000,0.24412937527691625,1640000000,0.24220942253729139,0.0,1460000000,0.21562546152710088,490000000,860000000,0.12701225815979914,0.555,0.555,1550000000,1550000000,https://find-and-update.company-information.service.gov.uk/search/companies?q=British+American+Tobacco+PLC,https://find-and-update.company-information.service.gov.uk/search/companies?q=British+American+Tobacco+PLC,1620589145,15:39:05,20210509
