,date,symbol,reportedCurrency,fillingDate,acceptedDate,period,revenue,costOfRevenue,grossProfit,grossProfitRatio,researchAndDevelopmentExpenses,generalAndAdministrativeExpenses,sellingAndMarketingExpenses,otherExpenses,operatingExpenses,costAndExpenses,interestExpense,depreciationAndAmortization,ebitda,ebitdaratio,operatingIncome,operatingIncomeRatio,totalOtherIncomeExpensesNet,incomeBeforeTax,incomeBeforeTaxRatio,incomeTaxExpense,netIncome,netIncomeRatio,eps,epsdiluted,weightedAverageShsOut,weightedAverageShsOutDil,link,finalLink,timestamp,est_time,est_date
0,2020-12-31,1159.HK,HKD,2020-12-31,2020-12-31,FY,47761000.0,75997000.0,-28236000.0,-0.5911936517242101,0.0,24219000.0,0.0,-8368000.0,0.0,100216000,13602000.0,0.0,-60823000.0,-1.2734867360398652,-52455000.0,-3.150499361403656,0.0,-150471000.0,-3.150499361403656,11785000.0,-162275000.0,-3.3976466154393754,-0.197,-0.197,823564799,823564799,https://www1.hkexnews.hk/search/titlesearch.xhtml,https://www1.hkexnews.hk/search/titlesearch.xhtml,1620585102,14:31:42,20210509
1,2019-12-31,1159.HK,HKD,2019-12-31,2019-12-31,FY,327065000.0,95618000.0,231447000.0,0.7076483267851956,0.0,42463000.0,5966000.0,4965000.0,48429000.0,144047000,38675000.0,3821000.0,186839000.0,0.5712595355663247,183018000.0,0.5595768425236574,0.0,148097000.0,0.45280601715255375,50603000.0,98181000.0,0.3001880360173054,0.1337,0.1337,734518224,734518224,https://www1.hkexnews.hk/search/titlesearch.xhtml,https://www1.hkexnews.hk/search/titlesearch.xhtml,1620585102,14:31:42,20210509
2,2018-12-31,1159.HK,HKD,2018-12-31,2018-12-31,FY,73485000.0,35503000.0,37982000.0,0.516867387902293,0.0,53909000.0,8148000.0,96368000.0,51618000.0,87121000,99700000.0,1397000.0,-12239000.0,-0.16655099680206845,-13636000.0,-0.18556167925426958,0.0,-55518000.0,-0.7555011226780975,0.0,-49606000.0,-0.6750493297951963,-0.0736,-0.0736,673564799,673564799,https://www1.hkexnews.hk/search/titlesearch.xhtml,https://www1.hkexnews.hk/search/titlesearch.xhtml,1620585102,14:31:42,20210509
3,2017-12-31,1159.HK,HKD,2017-12-31,2017-12-31,FY,40704000.0,43161000.0,-2457000.0,-0.0603626179245283,0.0,34262000.0,0.0,75000.0,112566000.0,155727000,77351000.0,1299000.0,-113724000.0,-2.7939268867924527,-115023000.0,-2.825840212264151,0.0,-297979000.0,-7.320631878930818,0.0,-294439000.0,-7.233662539308176,-0.4915,-0.4915,599077000,599077000,https://www1.hkexnews.hk/search/titlesearch.xhtml,https://www1.hkexnews.hk/search/titlesearch.xhtml,1620585102,14:31:42,20210509
4,2016-12-31,1159.HK,HKD,2016-12-31,2016-12-31,FY,196755000.0,118490000.0,78265000.0,0.3977789636858021,0.0,42780000.0,0.0,533000.0,46718000.0,165208000,68736000.0,1261000.0,32808000.0,0.1667454448425707,31547000.0,0.16033645904805469,0.0,-50563000.0,-0.2569845747249117,331000.0,-39766000.0,-0.20210922212904373,-0.0806,-0.085,493565000,715565000,https://www1.hkexnews.hk/search/titlesearch.xhtml,https://www1.hkexnews.hk/search/titlesearch.xhtml,1620585102,14:31:42,20210509
5,2015-12-31,1159.HK,HKD,2015-12-31,2015-12-31,FY,195298000.0,196142000.0,-844000.0,-0.004321600835646039,0.0,41066000.0,0.0,55000.0,48094000.0,244236000,10914000.0,960000.0,-47978000.0,-0.2456655982140114,-48938000.0,-0.2505811631455519,0.0,-23026000.0,-0.11790187303505412,961000.0,8734000.0,0.044721400116744664,0.0177,-0.0503,493565000,657743000,https://www1.hkexnews.hk/search/titlesearch.xhtml,https://www1.hkexnews.hk/search/titlesearch.xhtml,1620585102,14:31:42,20210509
6,2014-12-31,1159.HK,HKD,2014-12-31,2014-12-31,FY,52558000.0,50779000.0,1779000.0,0.03384831995129191,0.0,16497000.0,0.0,1187000.0,16497000.0,67276000,4205000.0,829000.0,-13889000.0,-0.26426043608965333,-14718000.0,-0.28003348681456675,0.0,-17736000.0,-0.33745576315689335,0.0,-17736000.0,-0.33745576315689335,-0.0679,-0.0679,261168000,261168000,https://www1.hkexnews.hk/search/titlesearch.xhtml,https://www1.hkexnews.hk/search/titlesearch.xhtml,1620585102,14:31:42,20210509
7,2013-12-31,1159.HK,HKD,2013-12-31,2013-12-31,FY,76139000.0,74645000.0,1494000.0,0.019622007118559475,0.0,12655000.0,0.0,319000.0,12655000.0,87300000,10530000.0,104000.0,-11057000.0,-0.1452212401003428,-11161000.0,-0.1465871629519694,0.0,338037000.0,4.439735221108761,-6274000.0,344311000.0,4.522137143907853,2.221,0.3885,155018200,196416600,https://www1.hkexnews.hk/search/titlesearch.xhtml,https://www1.hkexnews.hk/search/titlesearch.xhtml,1620585102,14:31:42,20210509
8,2012-12-31,1159.HK,HKD,2012-12-31,2012-12-31,FY,10376000.0,10037000.0,339000.0,0.03267154973014649,0.0,8477000.0,0.0,80000.0,8477000.0,18514000,32606000.0,7000.0,-8131000.0,-0.7836353122590594,-8138000.0,-0.7843099460292984,0.0,-40664000.0,-3.9190439475713186,-5379000.0,-35285000.0,-3.4006360832690823,-0.251,-0.251,140471200,140471200,https://www1.hkexnews.hk/search/titlesearch.xhtml,https://www1.hkexnews.hk/search/titlesearch.xhtml,1620585102,14:31:42,20210509
9,2011-12-31,1159.HK,HKD,2011-12-31,2011-12-31,FY,5025000.0,6232000.0,-1207000.0,-0.2401990049751244,0.0,8109000.0,0.0,0.0,5594000.0,11826000,0.0,6000.0,-6795000.0,-1.3522388059701493,-6801000.0,-1.3534328358208956,0.0,-47067000.0,-9.366567164179104,-6644000.0,-75423000.0,-15.00955223880597,-0.537,-0.537,140471200,140471200,https://www1.hkexnews.hk/search/titlesearch.xhtml,https://www1.hkexnews.hk/search/titlesearch.xhtml,1620585102,14:31:42,20210509
10,2010-12-31,1159.HK,HKD,2010-12-31,2010-12-31,FY,26524000.0,22370000.0,4154000.0,0.15661287890212638,0.0,9235000.0,3000.0,0.0,9237000.0,31607000,36445000.0,4000.0,-5079000.0,-0.1914869552103755,-5083000.0,-0.1916377620268436,0.0,-29620000.0,-1.1167244759463129,-4049000.0,24429000.0,0.9210149298748304,0.174,0.174,140471200,140471200,https://www1.hkexnews.hk/search/titlesearch.xhtml,https://www1.hkexnews.hk/search/titlesearch.xhtml,1620585102,14:31:42,20210509
11,2009-12-31,1159.HK,HKD,2009-12-31,2009-12-31,FY,43485000.0,54043000.0,-10558000.0,-0.2427963665631827,0.0,17183000.0,620000.0,-602668000.0,50857000.0,104900000,34313000.0,13467000.0,-47948000.0,-1.10263309187076,-61415000.0,-1.4123260894561342,0.0,-588550000.0,-13.534552144417615,-1430000.0,-585670000.0,-13.468322410026445,-3.805,-3.805,153915520,153915520,https://www1.hkexnews.hk/search/titlesearch.xhtml,https://www1.hkexnews.hk/search/titlesearch.xhtml,1620585102,14:31:42,20210509
12,2008-12-31,1159.HK,HKD,2008-12-31,2008-12-31,FY,70681000.0,100612000.0,-29931000.0,-0.4234659951047665,0.0,22146000.0,1545000.0,-23065000.0,23691000.0,124303000,291000.0,38112000.0,-15510000.0,-0.21943662370368275,-53622000.0,-0.7586480100734285,0.0,-76978000.0,-1.0890904203392708,34000.0,-169728000.0,-2.4013242597020414,-1.21,-1.21,140272440,140272440,https://www1.hkexnews.hk/search/titlesearch.xhtml,https://www1.hkexnews.hk/search/titlesearch.xhtml,1620585102,14:31:42,20210509
13,2007-12-31,1159.HK,HKD,2007-12-31,2007-12-31,FY,735114000.0,664381000.0,70733000.0,0.09622045016147156,0.0,81623000.0,18659000.0,0.0,100282000.0,764663000,0.0,35705000.0,6156000.0,0.008374211346811515,-29549000.0,-0.04019648653134072,0.0,-62826000.0,-0.08546429533378497,1924000.0,-64750000.0,-0.08808157646297037,-0.540455,-0.540455,119806560,119806560,https://www1.hkexnews.hk/search/titlesearch.xhtml,https://www1.hkexnews.hk/search/titlesearch.xhtml,1620585102,14:31:42,20210509
14,2006-12-31,1159.HK,HKD,2006-12-31,2006-12-31,FY,705859000.0,585383000.0,120476000.0,0.17067997999600487,0.0,0.0,0.0,0.0,88717000.0,674100000,0.0,0.0,31759000.0,0.04499340519848865,31759000.0,0.04499340519848865,0.0,4500000.0,0.006375210913227712,2069000.0,2431000.0,0.0034440306066792375,0.02,0.02,121550000,121550000,https://www1.hkexnews.hk/search/titlesearch.xhtml,https://www1.hkexnews.hk/search/titlesearch.xhtml,1620585102,14:31:42,20210509
15,2005-12-31,1159.HK,HKD,2005-12-31,2005-12-31,FY,647004000.0,522049000.0,124955000.0,0.1931286359898857,0.0,85910000.0,0.0,0.0,85910000.0,607959000,0.0,33813000.0,72858000.0,0.11260826826418384,39045000.0,0.060347385796687504,0.0,28767000.0,0.04446185804106312,731000.0,28036000.0,0.04333203504151443,23.136364,22.818182,121170720,121170720,https://www1.hkexnews.hk/search/titlesearch.xhtml,https://www1.hkexnews.hk/search/titlesearch.xhtml,1620585102,14:31:42,20210509
16,2004-12-31,1159.HK,HKD,2004-12-31,2004-12-31,FY,774255000.0,653038000.0,121217000.0,0.15655953142052684,0.0,85184000.0,0.0,0.0,85184000.0,738222000,0.0,43500000.0,79533000.0,0.10272197144351668,36033000.0,0.04653893097235407,0.0,61600000.0,0.07956035156376129,10292000.0,54415000.0,0.07028046315490374,0.449091,0.447273,121167004,121659553,https://www1.hkexnews.hk/search/titlesearch.xhtml,https://www1.hkexnews.hk/search/titlesearch.xhtml,1620585102,14:31:42,20210509
17,2003-12-31,1159.HK,HKD,2003-12-31,2003-12-31,FY,589653000.0,478877000.0,110776000.0,0.1878664231336057,0.0,84489000.0,0.0,0.0,84489000.0,563366000,0.0,43804000.0,70091000.0,0.11886821571330936,26287000.0,0.04458045664144845,0.0,28521000.0,0.04836912557046263,4295000.0,23050000.0,0.03909078729354383,0.190455,0.190455,121026253,121026253,https://www1.hkexnews.hk/search/titlesearch.xhtml,https://www1.hkexnews.hk/search/titlesearch.xhtml,1620585102,14:31:42,20210509
