,date,symbol,reportedCurrency,fillingDate,acceptedDate,period,revenue,costOfRevenue,grossProfit,grossProfitRatio,researchAndDevelopmentExpenses,generalAndAdministrativeExpenses,sellingAndMarketingExpenses,otherExpenses,operatingExpenses,costAndExpenses,interestExpense,depreciationAndAmortization,ebitda,ebitdaratio,operatingIncome,operatingIncomeRatio,totalOtherIncomeExpensesNet,incomeBeforeTax,incomeBeforeTaxRatio,incomeTaxExpense,netIncome,netIncomeRatio,eps,epsdiluted,weightedAverageShsOut,weightedAverageShsOutDil,link,finalLink,timestamp,est_time,est_date
0,2020-03-31,AEFS.L,EUR,2020-03-31,2020-03-31,FY,-20859246.0,0.0,0.0,0.0,0.0,869651.0,0.0,0.0,1217189.0,0.0,0.0,0.0,0.0,0.0,0.0,1.0583524927027563,0.0,-22076435.0,1.0583524927027563,0.0,-22076435.0,1.0583524927027563,-0.14713764109191013,-0.14713764109191013,150039343,150039343,https://find-and-update.company-information.service.gov.uk/search/companies?q=Alcentra+European+Floating+Rate+Income+Fund+Ltd,https://find-and-update.company-information.service.gov.uk/search/companies?q=Alcentra+European+Floating+Rate+Income+Fund+Ltd,1620586225,14:50:25,20210509
1,2019-03-31,AEFS.L,EUR,2019-03-31,2019-03-31,FY,7803493.0,0.0,0.0,0.0,0.0,782838.0,0.0,0.0,859048.0,0.0,0.0,0.0,0.0,0.0,0.0,0.8899149393739445,0.0,6944445.0,0.8899149393739445,0.0,6944445.0,0.8899149393739445,0.046284,0.046284,150039343,150039343,https://find-and-update.company-information.service.gov.uk/search/companies?q=Alcentra+European+Floating+Rate+Income+Fund+Ltd,https://find-and-update.company-information.service.gov.uk/search/companies?q=Alcentra+European+Floating+Rate+Income+Fund+Ltd,1620586225,14:50:25,20210509
2,2018-03-31,AEFS.L,EUR,2018-03-31,2018-03-31,FY,2970971.0,0.0,0.0,0.0,0.0,613767.0,0.0,0.0,814220.0,0.0,0.0,0.0,0.0,0.0,0.0,0.7259414514648578,0.0,2156751.0,0.7259414514648578,0.0,2156751.0,0.7259414514648578,0.013119,0.013119,164397579,164397579,https://find-and-update.company-information.service.gov.uk/search/companies?q=Alcentra+European+Floating+Rate+Income+Fund+Ltd,https://find-and-update.company-information.service.gov.uk/search/companies?q=Alcentra+European+Floating+Rate+Income+Fund+Ltd,1620586225,14:50:25,20210509
3,2017-03-31,AEFS.L,EUR,2017-03-31,2017-03-31,FY,-2468779.0,0.0,0.0,0.0,0.0,729405.0,0.0,0.0,806803.0,0.0,0.0,0.0,0.0,0.0,0.0,1.3268024395865325,0.0,-3275582.0,1.3268024395865325,0.0,-3275582.0,1.3268024395865325,-0.018853,-0.018853,173745340,173745340,https://find-and-update.company-information.service.gov.uk/search/companies?q=Alcentra+European+Floating+Rate+Income+Fund+Ltd,https://find-and-update.company-information.service.gov.uk/search/companies?q=Alcentra+European+Floating+Rate+Income+Fund+Ltd,1620586225,14:50:25,20210509
4,2016-03-31,AEFS.L,EUR,2016-03-31,2016-03-31,FY,-13387069.0,0.0,0.0,0.0,0.0,849932.0,0.0,0.0,849932.0,0.0,0.0,0.0,0.0,0.0,0.0,1.0634890281061522,0.0,-14237001.0,1.0634890281061522,0.0,-14237001.0,1.0634890281061522,-0.080907,-0.080907,175966398,175966398,https://find-and-update.company-information.service.gov.uk/search/companies?q=Alcentra+European+Floating+Rate+Income+Fund+Ltd,https://find-and-update.company-information.service.gov.uk/search/companies?q=Alcentra+European+Floating+Rate+Income+Fund+Ltd,1620586225,14:50:25,20210509
5,2015-03-31,AEFS.L,EUR,2015-03-31,2015-03-31,FY,39529966.0,0.0,0.0,0.0,0.0,1330576.0,0.0,0.0,1330576.0,0.0,0.0,0.0,0.0,0.0,0.0,0.9663400671784034,0.0,38199390.0,0.9663400671784034,0.0,38199390.0,0.9663400671784034,0.230631,0.230631,165630059,165630059,https://find-and-update.company-information.service.gov.uk/search/companies?q=Alcentra+European+Floating+Rate+Income+Fund+Ltd,https://find-and-update.company-information.service.gov.uk/search/companies?q=Alcentra+European+Floating+Rate+Income+Fund+Ltd,1620586225,14:50:25,20210509
6,2014-03-31,AEFS.L,EUR,2014-03-31,2014-03-31,FY,15401731.0,0.0,0.0,0.0,0.0,1007950.0,0.0,0.0,1007950.0,0.0,0.0,0.0,0.0,0.0,0.0,0.9345560573678374,0.0,14393781.0,0.9345560573678374,0.0,14393781.0,0.9345560573678374,0.119398,0.119398,120552949,120552949,https://find-and-update.company-information.service.gov.uk/search/companies?q=Alcentra+European+Floating+Rate+Income+Fund+Ltd,https://find-and-update.company-information.service.gov.uk/search/companies?q=Alcentra+European+Floating+Rate+Income+Fund+Ltd,1620586225,14:50:25,20210509
7,2013-03-31,AEFS.L,EUR,2013-03-31,2013-03-31,FY,0.0,0.0,0.0,0.0,0.0,0.0,0.0,0.0,0.0,0.0,0.0,0.0,0.0,0.0,0.0,0.0,0.0,0.0,0.0,0.0,0.0,0.0,0.0,0.0,83485838,83485838,https://find-and-update.company-information.service.gov.uk/search/companies?q=Alcentra+European+Floating+Rate+Income+Fund+Ltd,https://find-and-update.company-information.service.gov.uk/search/companies?q=Alcentra+European+Floating+Rate+Income+Fund+Ltd,1620586225,14:50:25,20210509
