,date,symbol,reportedCurrency,fillingDate,acceptedDate,period,revenue,costOfRevenue,grossProfit,grossProfitRatio,researchAndDevelopmentExpenses,generalAndAdministrativeExpenses,sellingAndMarketingExpenses,otherExpenses,operatingExpenses,costAndExpenses,interestExpense,depreciationAndAmortization,ebitda,ebitdaratio,operatingIncome,operatingIncomeRatio,totalOtherIncomeExpensesNet,incomeBeforeTax,incomeBeforeTaxRatio,incomeTaxExpense,netIncome,netIncomeRatio,eps,epsdiluted,weightedAverageShsOut,weightedAverageShsOutDil,link,finalLink,timestamp,est_time,est_date
0,2021-01-02,WW,USD,2021-02-25,2021-02-25 16:41:25,FY,1186489000,1200566000,777841000,0.6555821419330479,0.0,36560000.0,260727000.0,349000.0,558014000.0,1758580000.0,-123310000.0,50677000.0,266839000,0.22489799736870716,216162000,0.18218626552795686,0.0,92503000,0.07796363893807697,17462000.0,75041000,0.06324626692704273,1.1084833892196109,1.072995309997712,67697000,69936000,https://www.sec.gov/Archives/edgar/data/105319/000156459021008898/0001564590-21-008898-index.htm,https://www.sec.gov/Archives/edgar/data/105319/000156459021008898/ww-10k_20210102.htm,1620599982,18:39:42,20210509
1,2019-12-28,WW,USD,2020-02-25 00:00:00,2020-02-25 16:36:01,FY,1413337000,626655000,786682000,0.5566131785978857,0.0,249793000.0,243998000.0,1758000.0,498697000.0000001,1125352000.0,135267000.0,45017000.0,333002000,0.23561401137874408,287985000,0.20376244306913355,-1758000.0,150960000,0.10681104365059431,31513000.0,119616000,0.08463374269547885,1.71986,1.71986,69550000,69550000,https://www.sec.gov/Archives/edgar/data/105319/000156459020006415/0001564590-20-006415-index.html,https://www.sec.gov/Archives/edgar/data/105319/000156459020006415/ww-10k_20191228.htm,1620599982,18:39:42,20210509
2,2018-12-29,WW,USD,2019-02-26 00:00:00,2019-02-26 16:29:22,FY,1514121000,647711000,866410000,0.5722197895676766,0.0,251106000.0,226319000.0,2578000.0,477424999.99999994,1125136000.0,142346000.0,44061000.0,433046000,0.2860048833613694,388985000,0.2569048312519277,-2578000.0,244061000,0.16118989169293604,20493000.0,223749000,0.14777484758483636,3.19117,3.19117,70115000,70115000,https://www.sec.gov/Archives/edgar/data/105319/000156459019004487/0001564590-19-004487-index.html,https://www.sec.gov/Archives/edgar/data/105319/000156459019004487/wtw-10k_20181229.htm,1620599982,18:39:42,20210509
3,2017-12-30,WW,USD,2018-02-28 00:00:00,2018-02-28 15:05:49,FY,1306911000,614262000,692649000,0.5299894177950909,0.0,412021000.0,0.0,472000.0,434313000.0000001,1048575000.0000001,112784000.0,50880000.0,309216000,0.23660065605079458,258336000,0.19766916033302956,-472000.0,145080000,0.11100985453485356,-18237000.0,163514000,0.1251148701020957,2.39588,2.39588,68248000,68248000,https://www.sec.gov/Archives/edgar/data/105319/000156459018003755/0001564590-18-003755-index.html,https://www.sec.gov/Archives/edgar/data/105319/000156459018003755/wtw-10k_20171230.htm,1620599982,18:39:42,20210509
4,2016-12-31,WW,USD,2017-03-01 00:00:00,2017-03-01 15:37:34,FY,1164902000,579401000,585501000,0.5026182459983758,0.0,190292000.0,194398000.0,-1524000.0,384690000.0,964091000.0,115160000.0,52633000.0,253444000,0.217566799610611,200811000,0.17238445809175365,-1524000.0,84127000,0.0722180921656929,16634000.0,67699000,0.05811561830952303,1.06,1.03,63700000,65900000,https://www.sec.gov/Archives/edgar/data/105319/000119312517065504/0001193125-17-065504-index.html,https://www.sec.gov/Archives/edgar/data/105319/000119312517065504/d308445d10k.htm,1620599982,18:39:42,20210509
5,2016-01-02,WW,USD,2016-03-02 00:00:00,2016-03-02 17:13:05,FY,1164419000,590332000,574087000,0.4930244181862371,0.0,399122000.0,0.0,2027000.0,394602999.99999994,984935000.0,121843000.0,53171000.0,232655000,0.19980350715678807,179484000,0.15414039104480431,-2027000.0,55614000,0.047761158139810495,22835000.0,32945000,0.028293080068257218,0.55871,0.55871,58966000,58966000,https://www.sec.gov/Archives/edgar/data/105319/000119312516490208/0001193125-16-490208-index.html,https://www.sec.gov/Archives/edgar/data/105319/000119312516490208/d40414d10k.htm,1620599982,18:39:42,20210509
6,2015-01-03,WW,USD,2015-03-04,2015-03-04 16:29:17,FY,1479916000,677365000,802551000,0.5422949680927837,0.0,240979000.0,262258000.0,3206000.0,492696999.9999999,1170062000.0,122984000.0,49234000.0,359088000,0.24264079853180856,309854000,0.20937269412588283,-3206000.0,183664000,0.12410434105719514,65931000.0,117787000,0.07959032809970296,2.07719,2.07719,56705000,56705000,https://www.sec.gov/Archives/edgar/data/105319/000119312515076854/d856122d10k.htm,https://www.sec.gov/Archives/edgar/data/105319/000119312515076854/d856122d10k.htm,1620599982,18:39:42,20210509
7,2013-12-28,WW,USD,2014-02-26,2014-02-26 16:58:05,FY,1724100000,723000000,1001100000,0.5806507743170349,0.0,244772000.0,295628000.0,599000.0,562099999.9999999,1285100000.0,103108000.0,44900000.0,484000000,0.28072617597587146,439100000,0.25468360303926685,-600000.0,335400000,0.19453627979815555,130640000.0,204700000,0.11872861202946465,3.62943,3.62943,56400000,56400000,https://www.sec.gov/Archives/edgar/data/105319/000119312514069945/d644264d10k.htm,https://www.sec.gov/Archives/edgar/data/105319/000119312514069945/d644264d10k.htm,1620599982,18:39:42,20210509
8,2012-12-29,WW,USD,2013-02-27 00:00:00,2013-02-27 15:59:01,FY,1826800000,744000000,1082800000,0.5927304576308299,0.0,228487000.0,343513000.0,1979000.0,573300000.0,1317300000.0,90537000.0,36600000.0,546100000,0.2989380337201664,509500000,0.2789029997810379,-2000000.0,417000000,0.22826800963433325,159535000.0,257400000,0.14090212393255966,4.2266,4.2266,60900000,60900000,https://www.sec.gov/Archives/edgar/data/105319/000119312513079926/0001193125-13-079926-index.html,https://www.sec.gov/Archives/edgar/data/105319/000119312513079926/d450348d10k.htm,1620599982,18:39:42,20210509
9,2011-12-31,WW,USD,2012-02-28 00:00:00,2012-02-28 06:04:03,FY,1819156000,772016000,1047140000,0.5756185835629269,0.0,208462000.0,292350000.0,0.0,500812000.0,1272828000.0,59850000.0,30995000.0,577323000,0.3173576097926731,546328000,0.3003194888178914,-3386000.0,483092000,0.26555831385543627,178748000.0,304867000,0.16758705685493713,4.16,4.11,73300000,74100000,https://www.sec.gov/Archives/edgar/data/105319/000119312512082958/0001193125-12-082958-index.html,https://www.sec.gov/Archives/edgar/data/105319/000119312512082958/d256745d10k.htm,1620599982,18:39:42,20210509
10,2011-01-01,WW,USD,2011-03-02,2011-03-02 14:44:43,FY,1452000000,661400000,790600000,0.5444903581267218,0.0,183180000.0,217120000.0,963000.0,400300000.00000006,1061700000.0000001,76204000.0,29000000.0,419300000,0.2887741046831956,390300000,0.26880165289256197,-1000000.0,313200000,0.21570247933884298,120656000.0,194200000,0.13374655647382921,2.55863,2.55863,75900000,75900000,https://www.sec.gov/Archives/edgar/data/105319/000119312511053468/d10k.htm,https://www.sec.gov/Archives/edgar/data/105319/000119312511053468/d10k.htm,1620599982,18:39:42,20210509
11,2010-01-02,WW,USD,2010-03-03 00:00:00,2010-03-03 15:42:09,FY,1398900000,670900000,728000000,0.5204088927014082,0.0,371300000.0,0.0,0.0,371400000.0,1042300000.0,-66722000.0,27900000.0,384600000,0.27493030238044175,356700000,0.25498606047608835,200000.0,290200000,0.20744870970047896,115585000.0,177300000,0.1267424404889556,2.29961,2.29961,77100000,77100000,https://www.sec.gov/Archives/edgar/data/105319/000119312510046833/0001193125-10-046833-index.html,https://www.sec.gov/Archives/edgar/data/105319/000119312510046833/d10k.htm,1620599982,18:39:42,20210509
12,2009-01-03,WW,USD,2009-03-04 00:00:00,2009-03-04 16:34:43,FY,1535800000,700800000,835000000,0.543690584711551,0.0,182463000.0,227437000.0,0.0,410000000.0,1110800000.0,-92667000.0,24500000.0,449500000,0.2926813387159786,425000000,0.2767287407214481,2000000.0,334300000,0.2176715718192473,132000000.0,204300000,0.133025133480922,2.60255,2.60255,78500000,78500000,https://www.sec.gov/Archives/edgar/data/105319/000119312509044912/0001193125-09-044912-index.html,https://www.sec.gov/Archives/edgar/data/105319/000119312509044912/d10k.htm,1620599982,18:39:42,20210509
13,2007-12-29,WW,USD,2008-02-27,2008-02-27 17:13:19,FY,1467200000,653200000,813900000,0.5547300981461287,0.0,172964000.0,205336000.0,-3182000.0,381399999.9999999,1034599999.9999999,-109277000.0,19000000.0,451600000,0.30779716466739365,432600000,0.2948473282442748,3200000.0,326500000,0.22253271537622682,125311000.0,201200000,0.1371319520174482,2.48089,2.48089,81100000,81100000,https://www.sec.gov/Archives/edgar/data/105319/000119312508040223/d10k.htm,https://www.sec.gov/Archives/edgar/data/105319/000119312508040223/d10k.htm,1620599982,18:39:42,20210509
14,2006-12-30,WW,USD,2007-02-28,2007-02-28 16:36:47,FY,1233300000,557200000,676200000,0.5482850887861834,0.0,137158000.0,158942000.0,-1447000.0,297400000.0,854600000.0,-49532000.0,13400000.0,392100000,0.3179275115543663,378700000,0.30706235303656854,1400000.0,330600000,0.2680612989540258,120817000.0,209800000,0.17011270574880402,2.11066,2.11066,99400000,99400000,https://www.sec.gov/Archives/edgar/data/105319/000119312507042685/d10k.htm,https://www.sec.gov/Archives/edgar/data/105319/000119312507042685/d10k.htm,1620599982,18:39:42,20210509
15,2005-12-31,WW,USD,2006-02-27,2006-02-27 16:35:09,FY,1151251000,520682000,630569000,0.5477250399782497,0.0,0.0,0.0,0.0,328077000.0,848759000.0,0.0,13696000.0,316188000,0.27464731843881135,302492000,0.26275069467909257,-2208000.0,279315000,0.24261868176444581,104913000.0,174400000,0.1514873819870732,1.7,1.67,102747000,104203000,https://www.sec.gov/Archives/edgar/data/105319/000104746906002530/a2167852z10-k.htm,https://www.sec.gov/Archives/edgar/data/105319/000104746906002530/a2167852z10-k.htm,1620599982,18:39:42,20210509
16,2005-01-01,WW,USD,2005-03-17 00:00:00,2005-03-17 16:51:10,FY,1024900000,487100000,537800000,0.5247341204019904,0.0,-134559100000.0,134791000000.0,-4685000000.0,236199999.99999994,723299999.9999999,-16759000000.0,8900000.0,310500000,0.302956385988877,301600000,0.29427261196214266,4700000.0,289500000,0.2824665821055713,94522000000.0,183100000,0.1786515757634891,1.71121,1.71121,107000000,107000000,https://www.sec.gov/Archives/edgar/data/105319/000104746905006927/0001047469-05-006927-index.html,https://www.sec.gov/Archives/edgar/data/105319/000104746905006927/a2153761z10-k.htm,1620599982,18:39:42,20210509
17,2004-01-03,WW,USD,2004-03-18 00:00:00,2004-03-18 16:13:48,FY,943900000,440400000,503500000,0.5334251509693824,0.0,73897000.0,113603000.0,2774000.0,234800000.00000006,675200000.0000001,-33698000.0,5900000.0,274600000,0.2909206483737684,268700000,0.28466998622735457,-2800000.0,232200000,0.24600063566055727,88288000.0,143900000,0.15245259031677083,1.31176,1.31176,109700000,109700000,https://www.sec.gov/Archives/edgar/data/105319/000104746904008464/0001047469-04-008464-index.html,https://www.sec.gov/Archives/edgar/data/105319/000104746904008464/a2131255z10-k.htm,1620599982,18:39:42,20210509
18,2002-12-28,WW,USD,2003-03-28 00:00:00,2003-03-28 17:01:45,FY,809600000,370300000,439400000,0.5427371541501976,0.0,142500000.0,0.0,0.0,142499999.99999994,512799999.99999994,-42300000.0,4700000.0,301600000,0.3725296442687747,296900000,0.36672430830039526,-19000000.0,235500000,0.2908843873517787,91800000.0,143700000,0.17749505928853754,1.30994,1.30994,109700000,109700000,https://www.sec.gov/Archives/edgar/data/105319/000104746903010932/0001047469-03-010932-index.html,https://www.sec.gov/Archives/edgar/data/105319/000104746903010932/a2107116z10-k.htm,1620599982,18:39:42,20210509
19,2001-12-29,WW,USD,2001-12-29,2001-12-29,FY,623900000,286400000,337400000,0.5407917935566597,0.0,142700000.0,0.0,0.0,142800000.0,429200000.0,-54500000.0,13200000.0,207900000,0.3332264786023401,194700000,0.3120692418656836,-13200000.0,127000000,0.20355826254207404,-23200000.0,147200000,0.2359352460330181,1.319,1.319,111600000,111600000,,,1620599982,18:39:42,20210509
20,2000-12-30,WW,USD,2000-12-30,2000-12-30,FY,273200000,139300000,133900000,0.49011713030746706,0.0,59200000.0,0.0,0.0,59199999.99999999,198500000.0,-37100000.0,6600000.0,81300000,0.29758418740849196,74700000,0.2734260614934114,-16500000.0,21000000,0.07686676427525622,5900000.0,15000000,0.05490483162518302,0.63025,0.63025,23800000,23800000,,,1620599982,18:39:42,20210509
21,2000-04-29,WW,USD,2000-04-29,2000-04-29,FY,399600000,201400000,198200000,0.495995995995996,0.0,102200000.0,0.0,8300000.0,110499999.99999997,311899999.99999994,-31100000.0,10400000.0,98000000,0.24524524524524524,87600000,0.21921921921921922,10400000.0,66900000,0.16741741741741742,28300000.0,37800000,0.0945945945945946,0.97674,0.97674,38700000,38700000,,,1620599982,18:39:42,20210509
22,1999-04-30,WW,USD,1999-04-30,1999-04-30,FY,399574000,201389000,198185000,0.4959907301275859,0.0,62104000.0,51453000.0,0.0,0.0,314946000.0,0.0,9286000.0,93914000,0.23503531260792745,84628000,0.21179556227382162,13367000.0,66916000,0.1674683537967936,28323000.0,37759000,0.09449814051965343,0.2,0.2,182206000,182206000,,,1620599982,18:39:42,20210509
