,date,symbol,reportedCurrency,fillingDate,acceptedDate,period,revenue,costOfRevenue,grossProfit,grossProfitRatio,researchAndDevelopmentExpenses,generalAndAdministrativeExpenses,sellingAndMarketingExpenses,otherExpenses,operatingExpenses,costAndExpenses,interestExpense,depreciationAndAmortization,ebitda,ebitdaratio,operatingIncome,operatingIncomeRatio,totalOtherIncomeExpensesNet,incomeBeforeTax,incomeBeforeTaxRatio,incomeTaxExpense,netIncome,netIncomeRatio,eps,epsdiluted,weightedAverageShsOut,weightedAverageShsOutDil,link,finalLink,timestamp,est_time,est_date
0,2019-12-31,CBDY,USD,2020-04-14,2020-04-14,FY,0.0,0.0,0.0,0.0,0.0,4536821.0,42053.0,-360065.0,4626302.0,4626302.0,103948.0,111081.0,-4515221.0,0.0,-4626302.0,0.0,-5637420.0,-10367670.0,0.0,0.0,-10367670.0,0.0,-0.025,-0.025,410383534.0,410383534.0,https://www.sec.gov/Archives/edgar/data/1586554/000110465920046312/0001104659-20-046312-index.htm,https://www.sec.gov/Archives/edgar/data/1586554/000110465920046312/tm205296d1_10k.htm,1620589967,15:52:47,20210509
1,2018-12-31,CBDY,USD,2019-04-01 00:00:00,2019-04-01 15:46:31,FY,263.0,0.0,0.0,0.0,32246.0,1156936.0,91852.0,-2923.0,1356936.0,1356936.0,144135.0,0.0,-1359596.0,-5169.566539923954,-1356673.0,-5158.452471482889,-399533.0,-1900341.0,-7225.6311787072245,0.0,-1900341.0,-7225.6311787072245,-0.04,-0.04,46202047.0,46202047.0,https://www.sec.gov/Archives/edgar/data/1586554/000114420419017380/0001144204-19-017380-index.html,https://www.sec.gov/Archives/edgar/data/1586554/000114420419017380/tv517506_10k.htm,1620589967,15:52:47,20210509
2,2017-12-31,CBDY,USD,2018-03-28 00:00:00,2018-03-28 17:31:12,FY,15434.0,0.0,0.0,0.0,173395.0,473735.0,0.0,0.0,660384.0,660384.0,244372.0,13254.0,-631696.0,-40.92885836464948,-644950.0,-41.7876117662304,-853360.0,-1742682.0,-112.91188285603214,0.0,-1742682.0,-112.91188285603214,-0.722,-0.722,2413677.0,2413677.0,https://www.sec.gov/Archives/edgar/data/1586554/000114420418017620/0001144204-18-017620-index.html,https://www.sec.gov/Archives/edgar/data/1586554/000114420418017620/tv489257_10k.htm,1620589967,15:52:47,20210509
3,2016-12-31,CBDY,USD,2017-03-31 00:00:00,2017-03-31 17:11:11,FY,5918.0,0.0,0.0,0.0,194021.0,1433074.0,0.0,0.0,1627095.0,1627095.0,65008.0,0.0,-1621177.0,-273.94001351808043,-1621177.0,-273.94001351808043,-658483.0,-2344668.0,-396.19263264616427,0.0,-2344668.0,-396.19263264616427,-90.0,-90.0,27315.0,27315.0,https://www.sec.gov/Archives/edgar/data/1586554/000114420417018267/0001144204-17-018267-index.html,https://www.sec.gov/Archives/edgar/data/1586554/000114420417018267/v462088_10k.htm,1620589967,15:52:47,20210509
4,2015-12-31,CBDY,USD,2016-03-22 00:00:00,2016-03-22 17:21:46,FY,0.0,0.0,0.0,0.0,316192.0,2430531.0,0.0,0.0,2746723.0,2746723.0,1543.0,0.0,-2746723.0,0.0,-2746723.0,0.0,0.0,-2748266.0,0.0,0.0,-2748266.0,0.0,-340.0,-340.0,8053.0,8053.0,https://www.sec.gov/Archives/edgar/data/1586554/000114420416089606/0001144204-16-089606-index.html,https://www.sec.gov/Archives/edgar/data/1586554/000114420416089606/v434814_10k.htm,1620589967,15:52:47,20210509
5,2014-12-31,CBDY,USD,2014-12-31,2014-12-31,FY,0.0,0.0,0.0,0.0,48590.0,239617.0,0.0,0.0,288207.0,288207.0,133.0,0.0,-288207.0,0.0,-288207.0,0.0,-70000.0,-358340.0,0.0,0.0,-358340.0,0.0,-30.0,-30.0,10482.0,10482.0,,,1620589967,15:52:47,20210509
6,2013-12-31,CBDY,USD,2013-12-31,2013-12-31,FY,0.0,0.0,0.0,0.0,0.0,0.0,0.0,0.0,0.0,0.0,0.0,0.0,0.0,0.0,0.0,0.0,0.0,0.0,0.0,0.0,0.0,0.0,-0.1,-0.1,10000.0,10000.0,,,1620589967,15:52:47,20210509
