,date,symbol,reportedCurrency,fillingDate,acceptedDate,period,revenue,costOfRevenue,grossProfit,grossProfitRatio,researchAndDevelopmentExpenses,generalAndAdministrativeExpenses,sellingAndMarketingExpenses,otherExpenses,operatingExpenses,costAndExpenses,interestExpense,depreciationAndAmortization,ebitda,ebitdaratio,operatingIncome,operatingIncomeRatio,totalOtherIncomeExpensesNet,incomeBeforeTax,incomeBeforeTaxRatio,incomeTaxExpense,netIncome,netIncomeRatio,eps,epsdiluted,weightedAverageShsOut,weightedAverageShsOutDil,link,finalLink,timestamp,est_time,est_date
0,2020-12-31,ESI,USD,2021-02-25,2021-02-25 16:18:55,FY,1853000000,1067000000,786000000,0.42417701025364274,48000000,504000000,0.0,1000000.0,553000000,1620000000,63000000,161000000,237000000,0.1279007015650297,76000000,0.04101457096600108,-51000000.0,81000000,0.04371289800323799,-4000000.0,75000000,0.040474905558553695,0.3024193548387097,0.30120481927710846,248000000,249000000,https://www.sec.gov/Archives/edgar/data/1590714/000159071421000021/0001590714-21-000021-index.htm,https://www.sec.gov/Archives/edgar/data/1590714/000159071421000021/esi-20201231.htm,1620591773,16:22:53,20210509
1,2019-12-31,ESI,USD,2020-02-28 00:00:00,2020-02-28 06:36:43,FY,1835900000,1047600000,788300000,0.42938068522250666,42200000,497000000,0.0,1100000.0,539200000,1586800000,90700000,154700000,403800000,0.21994662018628466,249100000,0.13568277139277737,-17500000.0,140900000,0.07674709951522414,61300000.0,92200000,0.05022060025055831,0.36,0.35,257600000,260100000,https://www.sec.gov/Archives/edgar/data/1590714/000159071420000023/0001590714-20-000023-index.html,https://www.sec.gov/Archives/edgar/data/1590714/000159071420000023/esi-20191231.htm,1620591773,16:22:53,20210509
2,2018-12-31,ESI,USD,2019-02-28 00:00:00,2019-02-28 16:57:16,FY,1961000000,1123400000,837600000,0.42712901580826107,44300000,544800000,0.0,3500000.0,589100000,1712500000,311000000,156700000,405200000,0.20662927078021417,248500000,0.12672106068332484,9300000.0,-53200000,-0.027129015808261093,23800000.0,-324400000,-0.16542580316165223,-1.13,-1.13,288200000,288200000,https://www.sec.gov/Archives/edgar/data/1590714/000159071419000040/0001590714-19-000040-index.html,https://www.sec.gov/Archives/edgar/data/1590714/000159071419000040/esi10-k20181231document.htm,1620591773,16:22:53,20210509
3,2017-12-31,ESI,USD,2018-02-28 00:00:00,2018-02-28 16:31:17,FY,3775900000,2186900000,1589000000,0.42082682274424643,98400000,1109300000,0.0,7600000.0,1207700000,3394600000,341600000,354200000,735500000,0.1947879975634948,381300000,0.10098254720728833,-328700000.0,-289000000,-0.07653804391006118,6600000.0,-296200000,-0.0784448740697582,-1.04,-1.04,286100000,286100000,https://www.sec.gov/Archives/edgar/data/1590714/000159071418000033/0001590714-18-000033-index.html,https://www.sec.gov/Archives/edgar/data/1590714/000159071418000033/pah10-k20171231document.htm,1620591773,16:22:53,20210509
4,2016-12-31,ESI,USD,2017-03-13 00:00:00,2017-03-13 06:07:22,FY,3585900000,2078200000,1507700000,0.4204523271703059,84400000,1123300000,0.0,4700000.0,1207700000,3285900000,375700000,342300000,642300000,0.17911821300092026,300000000,0.08366100560528737,27600000.0,-48100000,-0.01341364789871441,28600000.0,-73700000,-0.020552720377032267,-0.17,-0.65,243000000,272000000,https://www.sec.gov/Archives/edgar/data/1590714/000159071417000047/0001590714-17-000047-index.html,https://www.sec.gov/Archives/edgar/data/1590714/000159071417000047/pah10-k20161231document.htm,1620591773,16:22:53,20210509
5,2015-12-31,ESI,USD,2016-03-11 00:00:00,2016-03-11 08:55:37,FY,2542300000,1550400000,991900000,0.3901585178775125,62800000,857500000,0.0,30400000.0,920300000,2470700000,213900000,251000000,322600000,0.12689297093183338,71600000,0.02816347401958856,-87000000.0,-229300000,-0.09019391889234157,75100000.0,-308600000,-0.12138614640286355,-1.52,-1.52,203200000,203200000,https://www.sec.gov/Archives/edgar/data/1590714/000159071416000097/0001590714-16-000097-index.html,https://www.sec.gov/Archives/edgar/data/1590714/000159071416000097/pah10-k20151231document.htm,1620591773,16:22:53,20210509
6,2014-12-31,ESI,USD,2015-03-30,2015-03-30 16:31:26,FY,843200000,446600000,396600000,0.47035104364326374,26200000,357900000,0.0,-2500000.0,384100000,830700000,37900000,88000000,100500000,0.1191888045540797,12500000,0.014824478178368121,-5500000.0,-30900000,-0.036646110056925994,-6700000.0,-29900000,-0.03546015180265655,-1.94,-1.94,135305000,135305000,https://www.sec.gov/Archives/edgar/data/1590714/000117184315001732/f10k_032715.htm,https://www.sec.gov/Archives/edgar/data/1590714/000117184315001732/f10k_032715.htm,1620591773,16:22:53,20210509
