,date,symbol,reportedCurrency,fillingDate,acceptedDate,period,revenue,costOfRevenue,grossProfit,grossProfitRatio,researchAndDevelopmentExpenses,generalAndAdministrativeExpenses,sellingAndMarketingExpenses,otherExpenses,operatingExpenses,costAndExpenses,interestExpense,depreciationAndAmortization,ebitda,ebitdaratio,operatingIncome,operatingIncomeRatio,totalOtherIncomeExpensesNet,incomeBeforeTax,incomeBeforeTaxRatio,incomeTaxExpense,netIncome,netIncomeRatio,eps,epsdiluted,weightedAverageShsOut,weightedAverageShsOutDil,link,finalLink,timestamp,est_time,est_date
0,2020-12-31,AXDX,USD,2021-03-02,2021-03-01 19:44:25,FY,11165000.0,6706000.0,4459000.0,0.3993730407523511,21255000.0,46904000.0,0.0,-60000.0,68159000.0,74865000.0,15550000.0,2997000.0,-60703000.0,-5.436901030004479,-63700000.0,-5.705329153605016,192000.0,-78203000.0,-7.0042991491267355,5000.0,-78208000.0,-7.00474697716077,-1.4348512090412064,-1.4348512090412064,56010000.0,56010000.0,https://www.sec.gov/Archives/edgar/data/727207/000162828021003678/0001628280-21-003678-index.htm,https://www.sec.gov/Archives/edgar/data/727207/000162828021003678/axdx-20201231.htm,1620589017,15:36:57,20210509
1,2019-12-31,AXDX,USD,2020-02-28,2020-02-27 21:06:58,FY,9297000.0,4897000.0,4400000.0,0.47327094761751104,25345000.0,51886000.0,0.0,-14000.0,77231000.0,82128000.0,14256000.0,2602000.0,-70229000.0,-7.553942131870496,-72831000.0,-7.833817360438851,-138000.0,-84416000.0,-9.079918253199956,-111000.0,-84305000.0,-9.067978917930516,-1.55,-1.55,54506000.0,54506000.0,https://www.sec.gov/Archives/edgar/data/727207/000162828020002502/0001628280-20-002502-index.htm,https://www.sec.gov/Archives/edgar/data/727207/000162828020002502/axdx-123119x10k.htm,1620589017,15:36:57,20210509
2,2018-12-31,AXDX,USD,2019-03-01,2019-02-28 20:53:02,FY,5670000.0,3187000.0,2483000.0,0.4379188712522046,27638000.0,55214000.0,0.0,-28000.0,82852000.0,86039000.0,10113000.0,2561000.0,-77808000.0,-13.722751322751323,-80369000.0,-14.174426807760142,-478000.0,-88115000.0,-15.540564373897707,211000.0,-88326000.0,-15.577777777777778,-1.62,-1.62,54494000.0,54494000.0,https://www.sec.gov/Archives/edgar/data/727207/000162828019002318/0001628280-19-002318-index.htm,https://www.sec.gov/Archives/edgar/data/727207/000162828019002318/axdx-123118x10k.htm,1620589017,15:36:57,20210509
3,2017-12-31,AXDX,USD,2018-03-01,2018-02-28 20:06:32,FY,4177000.0,1002000.0,3175000.0,0.7601149150107733,22301000.0,45058000.0,0.0,-184000.0,67359000.0,68361000.0,0.0,2196000.0,-61988000.0,-14.840316016279626,-64184000.0,-15.366052190567393,-259000.0,-63535000.0,-15.210677519751018,493000.0,-64028000.0,-15.328704812066077,-1.16,-1.16,54073000.0,54073000.0,https://www.sec.gov/Archives/edgar/data/727207/000162828018002558/0001628280-18-002558-index.htm,https://www.sec.gov/Archives/edgar/data/727207/000162828018002558/axdx-123117x10k.htm,1620589017,15:36:57,20210509
4,2016-12-31,AXDX,USD,2017-02-28,2017-02-27 17:33:33,FY,246000.0,0.0,0.0,0.0,28196000.0,36200000.0,0.0,0.0,66747000.0,66747000.0,23000.0,2351000.0,-64150000.0,-260.7723577235772,-66501000.0,-270.3292682926829,-77000.0,-66107000.0,-268.7276422764228,267000.0,-66374000.0,-269.8130081300813,-1.29,-1.29,51276000.0,51276000.0,https://www.sec.gov/Archives/edgar/data/727207/000162828017001816/0001628280-17-001816-index.htm,https://www.sec.gov/Archives/edgar/data/727207/000162828017001816/axdx-123116x10k.htm,1620589017,15:36:57,20210509
5,2015-12-31,AXDX,USD,2016-03-09,2016-03-09 17:27:54,FY,147000.0,0.0,0.0,0.0,26022000.0,17882000.0,0.0,0.0,45696000.0,45696000.0,23000.0,1792000.0,-43757000.0,-297.6666666666667,-45549000.0,-309.85714285714283,0.0,-45498000.0,-309.51020408163265,0.0,-45498000.0,-309.51020408163265,-1.01,-1.01,44998000.0,44998000.0,https://www.sec.gov/Archives/edgar/data/727207/000162828016012510/0001628280-16-012510-index.htm,https://www.sec.gov/Archives/edgar/data/727207/000162828016012510/axdx-123115x10k.htm,1620589017,15:36:57,20210509
6,2014-12-31,AXDX,USD,2015-02-26,2015-02-26 17:13:57,FY,122000.0,0.0,0.0,0.0,20053000.0,10695000.0,0.0,0.0,31636000.0,31636000.0,7000.0,888000.0,-30626000.0,-251.0327868852459,-31514000.0,-258.3114754098361,-3000.0,-31460000.0,-257.8688524590164,-527000.0,-30933000.0,-253.54918032786884,-0.71,-0.71,43626000.0,43626000.0,https://www.sec.gov/Archives/edgar/data/727207/000100009615000020/0001000096-15-000020-index.htm,https://www.sec.gov/Archives/edgar/data/727207/000100009615000020/accelerateddia12312014.htm,1620589017,15:36:57,20210509
7,2013-12-31,AXDX,USD,2014-03-07,2014-03-07 17:01:07,FY,48285.0,0.0,48285.0,1.0,10673016.0,4312281.0,0.0,-4448.0,15347792.0,15347792.0,0.0,362495.0,-14937012.0,-309.35097856477165,-15299507.0,-316.85838252045147,-15800.0,-15281821.0,-316.4920989955473,0.0,-15281821.0,-316.4920989955473,-0.41,-0.41,37503391.0,37503391.0,https://www.sec.gov/Archives/edgar/data/727207/000100009614000025/0001000096-14-000025-index.htm,https://www.sec.gov/Archives/edgar/data/727207/000100009614000025/accelerate10k12312013.htm,1620589017,15:36:57,20210509
8,2012-12-31,AXDX,USD,2013-03-20,2013-03-20 16:49:08,FY,20000.0,0.0,20000.0,1.0,1780000.0,-17670000.0,18940000.0,333487000.0,3420000.0,3420000.0,0.0,40000.0,-3360000.0,-168.0,-3400000.0,-170.0,1921.0,-3400000.0,-170.0,0.0,-3400000.0,-170.0,-0.13444,-0.13444,25289834.0,25289834.0,https://www.sec.gov/Archives/edgar/data/727207/000100009613000031/0001000096-13-000031-index.htm,https://www.sec.gov/Archives/edgar/data/727207/000100009613000031/accelerate10k.htm,1620589017,15:36:57,20210509
9,2012-07-31,AXDX,USD,2012-10-26,2012-10-26 12:23:51,FY,236000.0,0.0,0.0,0.0,432000.0,2954000.0,0.0,0.0,3591000.0,3591000.0,1000.0,205000.0,-3150000.0,-13.347457627118644,-3355000.0,-14.216101694915254,-1973000.0,-5311000.0,-22.50423728813559,0.0,-5311000.0,-22.50423728813559,-0.43,-0.43,12462000.0,12462000.0,https://www.sec.gov/Archives/edgar/data/727207/000100009612000149/0001000096-12-000149-index.htm,https://www.sec.gov/Archives/edgar/data/727207/000100009612000149/accelr810kbody.htm,1620589017,15:36:57,20210509
10,2011-07-31,AXDX,USD,2011-10-27,2011-10-27 14:26:49,FY,1121166.0,0.0,1121166.0,1.0,454997.0,810078.0,9621.0,0.0,1530591.0,1530591.0,0.0,255895.0,-153530.0,-0.1369377951168694,-409425.0,-0.36517785947843584,14572.0,0.0,0.0,0.0,-378761.0,-0.3378277614554847,-0.04,-0.04,10791597.0,10791597.0,https://www.sec.gov/Archives/edgar/data/727207/000100009611000259/0001000096-11-000259-index.htm,https://www.sec.gov/Archives/edgar/data/727207/000100009611000259/accelr87312011.htm,1620589017,15:36:57,20210509
11,2010-07-31,AXDX,USD,2010-09-16,2010-09-16 16:14:49,FY,2245628.0,0.0,2245628.0,1.0,501600.0,869348.0,1400.0,0.0,1633835.0,1633835.0,0.0,261487.0,873280.0,0.3888800816519922,611793.0,0.2724373760925674,23901.0,0.0,0.0,0.0,641747.0,0.2857761837668572,0.06,0.06,10408574.0,10408574.0,https://www.sec.gov/Archives/edgar/data/727207/000100009610000134/0001000096-10-000134-index.htm,https://www.sec.gov/Archives/edgar/data/727207/000100009610000134/accelr87312010.htm,1620589017,15:36:57,20210509
12,2009-07-31,AXDX,USD,2009-07-31,2009-07-31,FY,1269886.0,0.0,1269886.0,1.0,745927.0,919706.0,13284.0,0.0,1949005.0,1949005.0,0.0,270088.0,-409031.0,-0.32210056650754476,-679119.0,-0.5347873746147292,-53406.0,0.0,0.0,0.0,-714197.0,-0.5624103265962457,-0.07,-0.07,10226210.0,10226210.0,,,1620589017,15:36:57,20210509
13,2008-07-31,AXDX,USD,2008-07-31,2008-07-31,FY,475520.0,9649.0,465871.0,0.9797085296096905,880984.0,1018289.0,0.0,0.0,2193499.0,2203148.0,0.0,294226.0,-1433402.0,-3.0143884589502017,-1727628.0,-3.6331342530282638,-15789.0,-1680342.0,-3.5336936406460295,0.0,-1680342.0,-3.5336936406460295,-0.17,-0.17,10059717.0,10059717.0,,,1620589017,15:36:57,20210509
14,2007-07-31,AXDX,USD,2007-07-31,2007-07-31,FY,183130.0,56646.0,126484.0,0.6906787527985584,991581.0,935671.0,0.0,0.0,2240963.0,2297609.0,0.0,313711.0,-1800768.0,-9.833276907115165,-2114479.0,-11.546327745317534,78669.0,-1924243.0,-10.507524709222956,0.0,-1924243.0,-10.507524709222956,-0.19,-0.19,9967034.0,9967034.0,,,1620589017,15:36:57,20210509
15,2006-07-31,AXDX,USD,2006-07-31,2006-07-31,FY,212701.0,41604.0,171097.0,0.8044014837729959,2155988.0,903654.0,0.0,0.0,3375620.0,3417224.0,0.0,315978.0,-2888545.0,-13.58030756790048,-3204523.0,-15.06585770635775,-7341.0,-3030621.0,-14.248268696433021,0.0,-3030621.0,-14.248268696433021,-0.3,-0.3,9967034.0,9967034.0,,,1620589017,15:36:57,20210509
16,2005-07-31,AXDX,USD,2005-07-31,2005-07-31,FY,502110.0,155508.0,346602.0,0.6902909720977475,1304888.0,994978.0,0.0,0.0,2605549.0,2761057.0,0.0,305683.0,-1953264.0,-3.890111728505706,-2258947.0,-4.498908605684013,14835.0,-2090800.0,-4.164027802672721,0.0,-2090800.0,-4.164027802672721,-0.21,-0.21,9961210.0,9961210.0,,,1620589017,15:36:57,20210509
17,2004-07-31,AXDX,USD,2004-07-31,2004-07-31,FY,118614.0,65630.0,52984.0,0.4466926332473401,554416.0,978367.0,0.0,0.0,1825892.0,1891522.0,0.0,282793.0,-1490115.0,-12.56272446760079,-1772908.0,-14.946869678115569,-489.0,-1698822.0,-14.322272244423086,0.0,-909421.0,-7.667062909943177,-0.09,-0.09,9961210.0,9961210.0,,,1620589017,15:36:57,20210509
18,2003-07-31,AXDX,USD,2003-07-31,2003-07-31,FY,850570.0,148539.0,702031.0,0.8253653432404152,568873.0,1189733.0,0.0,0.0,2248628.0,2397167.0,0.0,293318.0,-1253279.0,-1.4734577988878046,-1546597.0,-1.8183065473741138,-148416.0,-1395258.0,-1.6403799804836756,-19431.0,-1375827.0,-1.6175352998577424,-0.14,-0.14,9510594.0,9510594.0,,,1620589017,15:36:57,20210509
19,2002-07-31,AXDX,USD,2002-07-31,2002-07-31,FY,653977.0,184246.0,469731.0,0.7182683794690027,326582.0,742065.0,0.0,0.0,1239026.0,1423272.0,0.0,170379.0,-598916.0,-0.9158059075472074,-769295.0,-1.176333418453554,-141604.0,-718759.0,-1.0990585295813156,-318026.0,-400733.0,-0.6127631399881036,-0.05,-0.05,8363038.0,8363038.0,,,1620589017,15:36:57,20210509
20,2001-07-31,AXDX,USD,2001-07-31,2001-07-31,FY,855660.0,534640.0,321020.0,0.37517238155342075,123486.0,709006.0,288863.0,0.0,1759781.0,2294421.0,0.0,638426.0,-800335.0,-0.9353423088609962,-1438761.0,-1.6814634317369048,-972545.0,-1864897.0,-2.1794836734216863,-318187.0,-1546710.0,-1.8076221863824415,-0.2,-0.2,7667988.0,7667988.0,,,1620589017,15:36:57,20210509
21,2000-07-31,AXDX,USD,2000-07-31,2000-07-31,FY,1567389.0,644011.0,923378.0,0.5891185914919653,0.0,1527304.0,817354.0,0.0,3240455.0,3884466.0,0.0,895797.0,-1421280.0,-0.9067819156571852,-2317077.0,-1.4783037267710823,279141.0,-1455998.0,-0.9289321285271238,-533462.0,-922536.0,-0.5885813923665408,-0.12,-0.12,7767081.0,7767081.0,,,1620589017,15:36:57,20210509
22,1999-07-31,AXDX,USD,1999-07-31,1999-07-31,FY,2897984.0,1228631.0,1669353.0,0.5760394122258784,0.0,997830.0,1198413.0,0.0,2196243.0,3424874.0,0.0,702532.0,175642.0,0.060608340142664696,-526890.0,-0.1818125979991608,0.0,39052.0,0.01347557474437402,31380.0,70432.0,0.024303791877387865,0.009004513635192675,0.008764022909498324,7821855.0,8036492.0,,,1620589017,15:36:57,20210509
23,1998-07-31,AXDX,USD,1998-07-31,1998-07-31,FY,7381445.0,1153552.0,6227893.0,0.843722739924229,68772.0,956667.0,1291266.0,0.0,2316705.0,3470257.0,0.0,328009.0,4239197.0,0.574304489161675,3911188.0,0.5298675259383495,0.0,4448068.0,0.6026012521938455,1569617.0,2878451.0,0.38995765734216,0.38,0.35,7607545.0,8122085.0,,,1620589017,15:36:57,20210509
24,1997-07-31,AXDX,USD,1997-07-31,1997-07-31,FY,2500000.0,300000.0,2200000.0,0.88,100000.0,1100000.0,0.0,0.0,1400000.0,1700000.0,0.0,200000.0,1000000.0,0.4,800000.0,0.32,300000.0,1200000.0,0.48,200000.0,1000000.0,0.4,0.12,0.12,8333333.0,8333333.0,,,1620589017,15:36:57,20210509
25,1996-07-31,AXDX,USD,1996-07-31,1996-07-31,FY,2100000.0,300000.0,1800000.0,0.8571428571428571,0.0,500000.0,0.0,0.0,600000.0,900000.0,0.0,100000.0,1300000.0,0.6190476190476191,1200000.0,0.5714285714285714,0.0,0.0,0.0,0.0,1100000.0,0.5238095238095238,0.22,0.17,5000000.0,6470588.0,,,1620589017,15:36:57,20210509
