,date,symbol,reportedCurrency,fillingDate,acceptedDate,period,revenue,costOfRevenue,grossProfit,grossProfitRatio,researchAndDevelopmentExpenses,generalAndAdministrativeExpenses,sellingAndMarketingExpenses,otherExpenses,operatingExpenses,costAndExpenses,interestExpense,depreciationAndAmortization,ebitda,ebitdaratio,operatingIncome,operatingIncomeRatio,totalOtherIncomeExpensesNet,incomeBeforeTax,incomeBeforeTaxRatio,incomeTaxExpense,netIncome,netIncomeRatio,eps,epsdiluted,weightedAverageShsOut,weightedAverageShsOutDil,link,finalLink,timestamp,est_time,est_date
0,2019-12-31,LBY,USD,2020-02-27 00:00:00,2020-02-27 15:22:40,FY,785602000,631393000,154209000,0.1962940522045514,0.0,122370000,0.0,-4443000.0,187521999.99999994,756863000.0,22510000.0,39046000.0,5733000.0,0.007297588346261848,-33313000.0,-0.04240442361399284,-2125000.0,-60266000.0,-0.07671314482396939,8753000.0,-69019000.0,-0.08785491890295595,-3.07857,-3.07857,22419140,22419140,https://www.sec.gov/Archives/edgar/data/902274/000143774920003729/0001437749-20-003729-index.html,https://www.sec.gov/Archives/edgar/data/902274/000143774920003729/lby20191231_10k.htm,1620594346,17:05:46,20210509
1,2018-12-31,LBY,USD,2019-02-27 00:00:00,2019-02-27 17:23:38,FY,801093000,646202000,154891000,0.1933495861279527,0.0,127851000,0.0,-2764000.0,127851000.0,777653000.0,21979000.0,44333000.0,71373000.0,0.08909452460575738,27040000.0,0.03375388375631793,-1310000.0,2297000.0,0.0028673325069623625,10253000.0,-7956000.0,-0.009931431182147392,-0.3587,-0.3587,22180000,22180000,https://www.sec.gov/Archives/edgar/data/902274/000090227419000033/0000902274-19-000033-index.html,https://www.sec.gov/Archives/edgar/data/902274/000090227419000033/form10-k.htm,1620594346,17:05:46,20210509
2,2017-12-31,LBY,USD,2018-03-01 00:00:00,2018-03-01 15:38:26,FY,785156000,631115000,154041000,0.19619158485702204,0.0,126205000,0.0,-3515000.0,205904999.99999997,762111000.0,20400000.0,45544000.0,-6320000.0,-0.008049355796809807,-51864000.0,-0.06605566282369364,-1482000.0,-77570000.0,-0.09879565334786972,15798000.0,-93368000.0,-0.11891649557540157,-4.23803,-4.23803,22031000,22031000,https://www.sec.gov/Archives/edgar/data/902274/000090227418000027/0000902274-18-000027-index.html,https://www.sec.gov/Archives/edgar/data/902274/000090227418000027/form10-k.htm,1620594346,17:05:46,20210509
3,2016-12-31,LBY,USD,2017-03-03 00:00:00,2017-03-03 13:24:20,FY,796210000,629916000,166294000,0.20885695984727648,0.0,120984000,0.0,0.0,120983999.99999993,755200000.0,20888000.0,48486000.0,93796000.0,0.11780309214905615,45310000.0,0.05690709737380842,972000.0,27784000.0,0.03489531656221349,17711000.0,10073000.0,0.012651184988884841,0.45685,0.45685,22049000,22049000,https://www.sec.gov/Archives/edgar/data/902274/000090227417000034/0000902274-17-000034-index.html,https://www.sec.gov/Archives/edgar/data/902274/000090227417000034/form10-k.htm,1620594346,17:05:46,20210509
4,2015-12-31,LBY,USD,2016-02-29 00:00:00,2016-02-29 11:57:40,FY,825230000,648902000,176328000,0.21367134011124173,0.0,132607000,0.0,0.0,132606999.99999997,787609000.0,18484000.0,42712000.0,86433000.0,0.10473807302206657,43721000.0,0.05298038122705185,179000.0,28117000.0,0.034071713340523245,-38216000.0,66333000.0,0.08038122705185222,2.9935,2.9935,22159000,22159000,https://www.sec.gov/Archives/edgar/data/902274/000090227416000250/0000902274-16-000250-index.html,https://www.sec.gov/Archives/edgar/data/902274/000090227416000250/form10-k.htm,1620594346,17:05:46,20210509
5,2014-12-31,LBY,USD,2015-03-13,2015-03-13 11:46:51,FY,855892000,652747000,203145000,0.23734887111925337,0.0,121909000,0.0,0.0,169100000.00000003,780856000.0,22866000.0,40388000.0,74433000.0,0.08696541152388386,34045000.0,0.0397772148822515,1290000.0,13530000.0,0.015808069242381047,8567000.0,4963000.0,0.0057986287989606165,0.22372,0.22372,22184000,22184000,https://www.sec.gov/Archives/edgar/data/902274/000090227415000081/form10-k.htm,https://www.sec.gov/Archives/edgar/data/902274/000090227415000081/form10-k.htm,1620594346,17:05:46,20210509
6,2013-12-31,LBY,USD,2014-03-12,2014-03-12 14:16:31,FY,822200000,634800000,187300000,0.22780345414740938,0.0,110000000,0.0,0.0,113500000.0,748197000.0,32006000.0,44000000.0,117900000.0,0.14339576745317442,73900000.0,0.0898808075893943,1000000.0,41700000.0,0.05071758696180978,13241000.0,28500000.0,0.03466309900267575,1.31336,1.31336,21700000,21700000,https://www.sec.gov/Archives/edgar/data/902274/000090227414000007/form10-k.htm,https://www.sec.gov/Archives/edgar/data/902274/000090227414000007/form10-k.htm,1620594346,17:05:46,20210509
7,2012-12-31,LBY,USD,2013-03-18 00:00:00,2013-03-18 11:57:21,FY,828500000,633300000,195200000,0.2356065178032589,0.0,113900000,0.0,0.0,144900000.0000001,750063000.0,37727000.0,41500000.0,91700000.0,0.11068195534097768,50200000.0,0.06059143029571515,700000.0,12700000.0,0.015328907664453831,5709000.0,7000000.0,0.008449004224502113,0.32864,0.32864,21300000,21300000,https://www.sec.gov/Archives/edgar/data/902274/000090227413000007/0000902274-13-000007-index.html,https://www.sec.gov/Archives/edgar/data/902274/000090227413000007/a12312012-10k.htm,1620594346,17:05:46,20210509
8,2011-12-31,LBY,USD,2012-03-14 00:00:00,2012-03-14 12:43:43,FY,819500000,650700000,168700000,0.20585723001830383,0.0,101600000,0.0,0.0,108099999.99999991,756258000.0,43419000.0,42200000.0,102900000.0,0.12556436851738864,60700000.0,0.07406955460646736,8300000.0,25300000.0,0.03087248322147651,1643000.0,23600000.0,0.028798047589993898,1.13462,1.13462,20800000,20800000,https://www.sec.gov/Archives/edgar/data/902274/000090227412000007/0000902274-12-000007-index.html,https://www.sec.gov/Archives/edgar/data/902274/000090227412000007/lby-12312011x10k.htm,1620594346,17:05:46,20210509
9,2010-12-31,LBY,USD,2011-03-14,2011-03-14 13:22:48,FY,801600000,633600000,168000000,0.20958083832335328,0.0,96300000,0.0,0.0,40899999.99999998,0.0,0.0,41100000.0,168200000.0,0.20983033932135728,127100000.0,0.15855788423153694,-400000.0,81700000.0,0.10192115768463074,0.0,70100000.0,0.0874500998003992,3.505,3.505,20000000,20000000,https://www.sec.gov/Archives/edgar/data/902274/000095012311025113/l41827e10vk.htm,https://www.sec.gov/Archives/edgar/data/902274/000095012311025113/l41827e10vk.htm,1620594346,17:05:46,20210509
10,2009-12-31,LBY,USD,2010-03-15 00:00:00,2010-03-15 16:45:37,FY,750200000,617100000,133100000,0.1774193548387097,0.0,91700000,0.0,0.0,96500000.0,0.0,0.0,43200000.0,79800000.0,0.10637163423087177,36600000.0,0.04878699013596374,1300000.0,-26000000.0,-0.0346574246867502,0.0,-28800000.0,-0.03838976272993868,-1.90728,-1.90728,15100000,15100000,https://www.sec.gov/Archives/edgar/data/902274/000095012310024727/0000950123-10-024727-index.html,https://www.sec.gov/Archives/edgar/data/902274/000095012310024727/l39115e10vk.htm,1620594346,17:05:46,20210509
11,2008-12-31,LBY,USD,2009-03-16 00:00:00,2009-03-16 16:41:32,FY,812600000,703300000,109300000,0.13450652227418164,0.0,88500000,0.0,0.0,114900000.00000009,0.0,0.0,44400000.0,38900000.0,0.04787103125769136,-5500000.0,-0.006768397735663303,500000.0,-74100000.0,-0.0911887767659365,0.0,-80500000.0,-0.09906473049470835,-5.47619,-5.47619,14700000,14700000,https://www.sec.gov/Archives/edgar/data/902274/000095015209002683/0000950152-09-002683-index.html,https://www.sec.gov/Archives/edgar/data/902274/000095015209002683/l35701ae10vk.htm,1620594346,17:05:46,20210509
12,2007-12-31,LBY,USD,2008-03-17,2008-03-17 10:09:23,FY,816400000,658700000,157700000,0.19316511513963744,0.0,91600000,0.0,0.0,91599999.99999991,0.0,0.0,41600000.0,107700000.0,0.13192062714355707,66100000.0,0.08096521313081823,1400000.0,9000000.0,0.011024007839294463,0.0,-2300000.0,-0.002817246447819696,-0.15862,-0.15862,14500000,14500000,https://www.sec.gov/Archives/edgar/data/902274/000095015208001993/l30552ae10vk.htm,https://www.sec.gov/Archives/edgar/data/902274/000095015208001993/l30552ae10vk.htm,1620594346,17:05:46,20210509
13,2006-12-31,LBY,USD,2007-03-16,2007-03-16 17:27:17,FY,692400000,569200000,123200000,0.1779318313113807,0.0,87600000,0.0,0.0,103899999.99999999,0.0,0.0,35700000.0,55000000.0,0.07943385326400924,19300000.0,0.027874061236279606,-2200000.0,-28600000.0,-0.04130560369728481,0.0,-20900000.0,-0.030184864240323513,-1.47183,-1.47183,14200000,14200000,https://www.sec.gov/Archives/edgar/data/902274/000095015207002246/l24261ae10vk.htm,https://www.sec.gov/Archives/edgar/data/902274/000095015207002246/l24261ae10vk.htm,1620594346,17:05:46,20210509
14,2005-12-31,LBY,USD,2006-03-16,2006-03-16 17:28:56,FY,570100000,483500000,86500000,0.15172776705841082,0.0,71500000,0.0,-1533000.0,95500000.0,188969000.0,-8382000.0,32500000.0,23600000.0,0.04139624627258376,-8900000.0,-0.015611296263813365,2600000.0,-25700000.0,-0.04507981055955096,0.0,-19400000.0,-0.03402911769864936,-1.39568,-1.39568,13900000,13900000,https://www.sec.gov/Archives/edgar/data/902274/000095015206002203/l17955ae10vk.htm,https://www.sec.gov/Archives/edgar/data/902274/000095015206002203/l17955ae10vk.htm,1620594346,17:05:46,20210509
15,2004-12-31,LBY,USD,2005-03-16,2005-03-16 16:33:51,FY,546800000,446300000,100500000,0.1837966349670812,0.0,68600000,0.0,2369000.0,76599999.99999997,514909000.0,-13049000.0,29500000.0,53400000.0,0.09765910753474762,23900000.0,0.04370885149963424,2400000.0,11800000.0,0.021580102414045354,3528000.0,8300000.0,0.015179224579370884,0.60584,0.60584,13700000,13700000,https://www.sec.gov/Archives/edgar/data/902274/000095015205002223/l12436ae10vk.htm,https://www.sec.gov/Archives/edgar/data/902274/000095015205002223/l12436ae10vk.htm,1620594346,17:05:46,20210509
16,2003-12-31,LBY,USD,2003-12-31,2003-12-31,FY,518600000,407400000,111200000,0.21442344774392597,0.0,68500000,0.0,0.0,68500000.0,0.0,0.0,28200000.0,70900000.0,0.13671423062090243,42700000.0,0.08233706131893559,500000.0,34200000.0,0.06594677979174701,0.0,29100000.0,0.05611261087543386,2.1087,2.1087,13800000,13800000,,,1620594346,17:05:46,20210509
17,2002-12-31,LBY,USD,2002-12-31,2002-12-31,FY,437900000,327600000,110300000,0.25188399177894494,0.0,56600000,0.0,0.0,70199999.99999999,0.0,0.0,19200000.0,59300000.0,0.13541904544416533,40100000.0,0.09157341858871888,-1500000.0,36700000.0,0.08380908883306691,0.0,28100000.0,0.06416990180406486,1.82468,1.82468,15400000,15400000,,,1620594346,17:05:46,20210509
18,2001-12-31,LBY,USD,2001-12-31,2001-12-31,FY,425400000,307300000,118200000,0.2778561354019746,0.0,55700000,0.0,0.0,55699999.99999999,0.0,0.0,18900000.0,81300000.0,0.191114245416079,62400000.0,0.1466854724964739,-200000.0,59200000.0,0.13916314057357781,0.0,39400000.0,0.0926187118006582,2.54194,2.54194,15500000,15500000,,,1620594346,17:05:46,20210509
19,2000-12-31,LBY,USD,2000-12-31,2000-12-31,FY,448800000,306000000,142800000,0.3181818181818182,0.0,61200000,0.0,0.0,61199999.99999999,0.0,0.0,18400000.0,100000000.0,0.22281639928698752,81600000.0,0.18181818181818182,-900000.0,73200000.0,0.16310160427807488,0.0,46900000.0,0.10450089126559715,3.02581,3.02581,15500000,15500000,,,1620594346,17:05:46,20210509
20,1999-12-31,LBY,USD,1999-12-31,1999-12-31,FY,465000000,321600000,143400000,0.30838709677419357,0.0,64100000,0.0,0.0,65199999.99999999,0.0,0.0,18700000.0,96900000.0,0.20838709677419354,78200000.0,0.1681720430107527,0.0,68700000.0,0.14774193548387096,0.0,43400000.0,0.09333333333333334,2.6303,2.6303,16500000,16500000,,,1620594346,17:05:46,20210509
21,1998-12-31,LBY,USD,1998-12-31,1998-12-31,FY,439500000,321900000,117600000,0.2675767918088737,0.0,54200000,0.0,0.0,74300000.00000001,0.0,0.0,19600000.0,63000000.0,0.14334470989761092,43400000.0,0.0987485779294653,1500000.0,41100000.0,0.09351535836177474,0.0,25400000.0,0.057792946530147896,1.41899,1.41899,17900000,17900000,,,1620594346,17:05:46,20210509
22,1997-12-31,LBY,USD,1997-12-31,1997-12-31,FY,415100000,295000000,120000000,0.2890869669959046,0.0,49600000,0.0,0.0,49600000.00000002,0.0,0.0,19900000.000000004,90400000.0,0.21777884847024814,70500000.0,0.16983859311009394,-700000.0,58500000.0,0.1409298964105035,0.0,36100000.0,0.0869669959046013,2.27044,2.27044,15900000,15900000,,,1620594346,17:05:46,20210509
23,1996-12-31,LBY,USD,1996-12-31,1996-12-31,FY,400400000,288500000,111800000,0.2792207792207792,0.0,44600000,0.0,0.0,44699999.99999999,0.0,0.0,21500000.0,88700000.0,0.22152847152847152,67200000.0,0.16783216783216784,1300000.0,53500000.0,0.13361638361638362,0.0,32600000.0,0.08141858141858142,2.11688,2.11688,15400000,15400000,,,1620594346,17:05:46,20210509
