,date,symbol,reportedCurrency,fillingDate,acceptedDate,period,revenue,costOfRevenue,grossProfit,grossProfitRatio,researchAndDevelopmentExpenses,generalAndAdministrativeExpenses,sellingAndMarketingExpenses,otherExpenses,operatingExpenses,costAndExpenses,interestExpense,depreciationAndAmortization,ebitda,ebitdaratio,operatingIncome,operatingIncomeRatio,totalOtherIncomeExpensesNet,incomeBeforeTax,incomeBeforeTaxRatio,incomeTaxExpense,netIncome,netIncomeRatio,eps,epsdiluted,weightedAverageShsOut,weightedAverageShsOutDil,link,finalLink,timestamp,est_time,est_date
0,2020-12-31,IVA,EUR,2020-12-31,2020-12-31,FY,372000.0,0.0,0.0,0.0,23717000,5934000.0,349000.0,0.0,0.0,30132000,66000.0,177000.0,-29583000,-79.5241935483871,-29760000,-80.0,-4010000.0,-33618000,-90.37096774193549,0.0,-33619000.0,-90.3736559139785,-1.4293855113396117,-1.4293855113396117,23519897,23519897,,,1620593820,16:57:00,20210509
1,2019-12-31,IVA,EUR,2019-12-31,2019-12-31,FY,6998000.0,0.0,0.0,0.0,33791000,1601000.0,8000.0,0.0,36213000.0,36213000,3000.0,396000.0,-28819000,-4.118176621891969,-29215000,-4.174764218348099,0.0,-30217000,-4.317947985138611,0.0,-30218000.0,-4.31809088310946,-1.28,-1.28,23519897,23519897,,,1620593820,16:57:00,20210509
2,2018-12-31,IVA,EUR,2018-12-31,2018-12-31,FY,3197000.0,0.0,0.0,0.0,31637000,2064000.0,9000.0,0.0,36415000.0,36415000,4000.0,179000.0,-33039000,-10.334375977478887,-33218000,-10.39036596809509,0.0,-33363000,-10.43572098842665,253000.0,-33617000.0,-10.515170472317799,-1.64,-1.64,20540979,20540979,,,1620593820,16:57:00,20210509
3,2017-12-31,IVA,EUR,2017-12-31,2017-12-31,FY,6520816.0,0.0,0.0,0.0,26733042,1730354.0,37781.0,0.0,26987330.0,26987330,5316.0,226871.0,-20239643,-3.1038512664672644,-20466514,-3.1386430777988523,0.0,-20637698,-3.164895007005258,-3408614.0,-17229085.0,-2.6421670232682537,-1.11,-1.11,15516344,15516344,,,1620593820,16:57:00,20210509
4,2016-12-31,IVA,EUR,2016-12-31,2016-12-31,FY,9445644.0,0.0,0.0,0.0,22144686,1178787.0,50557.0,0.0,21494509.0,21494509,7548.0,247610.0,-11801255,-1.2493859603432016,-12048865,-1.2756001602431766,0.0,-12558675,-1.3295731873866938,-5513631.0,-7045045.0,-0.7458512092981696,-0.702397,-0.702397,10030000,10030000,,,1620593820,16:57:00,20210509
5,2015-12-31,IVA,EUR,2015-12-31,2015-12-31,FY,4874666.0,0.0,0.0,0.0,19639648,1236245.0,112699.0,0.0,19749340.0,19749340,6061.0,250292.0,-14624382,-3.0000787746278412,-14874674,-3.0514242411685233,0.0,-15023767,-3.082009516139157,-6200444.0,-8823324.0,-1.810036626099101,-0.879693,-0.879693,10030000,10030000,,,1620593820,16:57:00,20210509
6,2014-12-31,IVA,EUR,2014-12-31,2014-12-31,FY,3282921.0,0.0,0.0,0.0,16283626,1012487.0,247315.0,0.0,16750135.0,16750135,2937.0,231964.0,-13235250,-4.0315469059413855,-13467214,-4.102204713424417,0.0,-12722114,-3.875242200467206,-5228479.0,-7493635.0,-2.2826120397048846,-0.747122,-0.747122,10030000,10030000,,,1620593820,16:57:00,20210509
7,2013-12-31,IVA,EUR,2013-12-31,2013-12-31,FY,3064514.0,0.0,0.0,0.0,13747163,1093766.0,325573.0,0.0,15531371.0,15531371,630.0,186728.0,-12280129,-4.007202773425084,-12466857,-4.068135110493866,0.0,-11718507,-3.823936519787477,-4583688.0,-7134818.0,-2.3282053859111103,-0.711348,-0.711348,10030000,10030000,,,1620593820,16:57:00,20210509
