,date,symbol,reportedCurrency,fillingDate,acceptedDate,period,revenue,costOfRevenue,grossProfit,grossProfitRatio,researchAndDevelopmentExpenses,generalAndAdministrativeExpenses,sellingAndMarketingExpenses,otherExpenses,operatingExpenses,costAndExpenses,interestExpense,depreciationAndAmortization,ebitda,ebitdaratio,operatingIncome,operatingIncomeRatio,totalOtherIncomeExpensesNet,incomeBeforeTax,incomeBeforeTaxRatio,incomeTaxExpense,netIncome,netIncomeRatio,eps,epsdiluted,weightedAverageShsOut,weightedAverageShsOutDil,link,finalLink,timestamp,est_time,est_date
0,2020-12-31,SAH,USD,2021-02-23,2021-02-22 17:34:00,FY,9767042000,8343397000,1423645000,0.1457600980931586,0.0,986480000.0,42186000.0,97000.0,1119689000.0,9463086000,66239000.0,91023000.0,394979000,0.04043998172629953,303956000,0.031120578779122686,-269920000.0,-34764000.0,-0.003559317140235498,15900000.0,-51385000.0,-0.0052610606158957855,-1.1945555142272644,-1.1945555142272644,41874000,42483000,https://www.sec.gov/Archives/edgar/data/1043509/000104350921000004/0001043509-21-000004-index.htm,https://www.sec.gov/Archives/edgar/data/1043509/000104350921000004/sah-20201231.htm,1620597540,17:59:00,20210509
1,2019-12-31,SAH,USD,2020-02-21 00:00:00,2020-02-21 17:01:33,FY,10454343000,8933326000,1521017000,0.1454914000812868,0.0,1038543000.0,60831000.0,-6589000.0,1192543000.0,10125869000,101870000.0,93169000.0,421643000,0.04033185060027206,328474000,0.03141986062634448,-24481000.0,199645000.0,0.019096848075484035,55108000.0,144137000.0,0.0137872843850637,3.35,3.3,43016000,43710000,https://www.sec.gov/Archives/edgar/data/1043509/000104350920000006/0001043509-20-000006-index.html,https://www.sec.gov/Archives/edgar/data/1043509/000104350920000006/sah-20191231.htm,1620597540,17:59:00,20210509
2,2018-12-31,SAH,USD,2019-02-21 00:00:00,2019-02-21 16:54:43,FY,9951630000,8505505000,1446125000,0.14531539054406162,0.0,1082191000.0,63134000.0,106000.0,1238948000.0,9744453000,100501000.0,93623000.0,300800000,0.03022620414947099,207177000,0.020818398593999175,-28946000.0,75312000.0,0.007567805475082976,22922000.0,51650000.0,0.005190104535638885,1.21,1.2,42708000,42950000,https://www.sec.gov/Archives/edgar/data/1043509/000162828019001674/0001628280-19-001674-index.html,https://www.sec.gov/Archives/edgar/data/1043509/000162828019001674/sah-20181231.htm,1620597540,17:59:00,20210509
3,2017-12-31,SAH,USD,2018-02-28 00:00:00,2018-02-28 16:14:17,FY,9867208000,8409532000,1457676000,0.14772932728285448,0.0,1086210000.0,61563000.0,-14522000.0,1236717000.0,9646249000,83800000.0,88944000.0,309903000,0.03140736467701907,220959000,0.022393264639804896,-26652000.0,108124000.0,0.010957912309135471,13971000.0,92983000.0,0.009423435687177163,2.11,2.09,43997000,44358000,https://www.sec.gov/Archives/edgar/data/1043509/000156459018003800/0001564590-18-003800-index.html,https://www.sec.gov/Archives/edgar/data/1043509/000156459018003800/sah-10k_20171231.htm,1620597540,17:59:00,20210509
4,2016-12-31,SAH,USD,2017-02-27 00:00:00,2017-02-24 20:41:53,FY,9731779000,8302505000,1429274000,0.14686667257856964,0.0,1049182000.0,61674000.0,125000.0,1188302000.0,9490807000,70247000.0,77446000.0,318418000,0.03271940310194056,240972000,0.024761351444581716,-12872000.0,155212000.0,0.015948985278025733,60696000.0,93193000.0,0.009576152520520657,2.04,2.03,45637000,45948000,https://www.sec.gov/Archives/edgar/data/1043509/000156459017002476/0001564590-17-002476-index.html,https://www.sec.gov/Archives/edgar/data/1043509/000156459017002476/sah-10k_20161231.htm,1620597540,17:59:00,20210509
5,2015-12-31,SAH,USD,2016-02-26 00:00:00,2016-02-26 17:31:42,FY,9624299000,8209687000,1414612000,0.14698338029606103,0.0,1048935000.0,61630000.0,99000.0,1179364000.0,9389051000,62569000.0,68799000.0,304047000,0.031591599554419494,235248000,0.024443130871141888,-25034000.0,145156000.0,0.015082241314406379,57065000.0,86311000.0,0.008968029775467283,1.71,1.7,50489000,50883000,https://www.sec.gov/Archives/edgar/data/1043509/000156459016013579/0001564590-16-013579-index.html,https://www.sec.gov/Archives/edgar/data/1043509/000156459016013579/sah-10k_20151231.htm,1620597540,17:59:00,20210509
6,2014-12-31,SAH,USD,2015-02-27,2015-02-27 17:13:33,FY,9197099000,7831199000,1365900000,0.1485142217127379,0.0,1009996000.0,57437000.0,97000.0,1125693000.0,8956892000,59183000.0,58260000.0,298467000,0.032452298273618674,240207000,0.026117692111392952,-16622000.0,161727000.0,0.01758456661171093,63168000.0,97217000.0,0.010570398339737346,1.86,1.84,52065000,52563000,https://www.sec.gov/Archives/edgar/data/1043509/000156459015001112/sah-10k_20141231.htm,https://www.sec.gov/Archives/edgar/data/1043509/000156459015001112/sah-10k_20141231.htm,1620597540,17:59:00,20210509
7,2013-12-31,SAH,USD,2014-03-03,2014-03-03 16:18:13,FY,8843168000,7541561000,1301607000,0.14718786299208608,0.0,946516000.0,56609000.0,-28143000.0,1057132000.0,8598693000,63923000.0,54007000.0,298482000,0.033752836087700695,244475000,0.027645635591227034,-48889000.0,129021000.0,0.014589907146398214,44343000.0,81618000.0,0.00922949784511614,1.54,1.53,52556000,52941000,https://www.sec.gov/Archives/edgar/data/1043509/000119312514080200/d648534d10k.htm,https://www.sec.gov/Archives/edgar/data/1043509/000119312514080200/d648534d10k.htm,1620597540,17:59:00,20210509
8,2012-12-31,SAH,USD,2013-03-26 00:00:00,2013-03-26 17:24:15,FY,8365468000,7130315000,1235153000,0.14764900182512203,0.0,898677000.0,50349000.0,-19625000.0,994311000.0,8124626000,63979000.0,45285000.0,286127000,0.03420334642365496,240842000,0.02879002107234168,-32762000.0,141233000.0,0.016882857002142617,49972000.0,89101000.0,0.010651047855302298,1.64,1.53,53550000,60406000,https://www.sec.gov/Archives/edgar/data/1043509/000119312513127041/0001193125-13-127041-index.html,https://www.sec.gov/Archives/edgar/data/1043509/000119312513127041/d444361d10k.htm,1620597540,17:59:00,20210509
9,2011-12-31,SAH,USD,2012-03-05 00:00:00,2012-03-05 16:09:13,FY,7871274000,6662155000,1209119000,0.15361160086664497,0.0,952436000.0,0.0,0.0,993120000.0,7655275000,87045000.0,40684000.0,256683000,0.032610095900612784,215999000,0.027441428160168226,-2925000.0,126029000.0,0.01601125815211108,48382000.0,76254000.0,0.00968763125257741,1.44,1.29,52358000,65464000,https://www.sec.gov/Archives/edgar/data/1043509/000119312512096732/0001193125-12-096732-index.html,https://www.sec.gov/Archives/edgar/data/1043509/000119312512096732/d293233d10k.htm,1620597540,17:59:00,20210509
10,2010-12-31,SAH,USD,2011-02-24,2011-02-24 11:39:21,FY,6880844000,5766166000,1114678000,0.16199727824086696,0.0,896697000.0,0.0,0.0,931807000.0,6697973000,91793000.0,35110000.0,217981000,0.03167939863191201,182871000,0.026576826912512477,-12657000.0,78421000.0,0.011397003042068676,-17504000.0,89929000.0,0.013069472291480522,1.7,1.49,52214000,65794000,https://www.sec.gov/Archives/edgar/data/1043509/000095012311017641/g26231e10vk.htm,https://www.sec.gov/Archives/edgar/data/1043509/000095012311017641/g26231e10vk.htm,1620597540,17:59:00,20210509
11,2009-12-31,SAH,USD,2010-02-24 00:00:00,2010-02-24 16:44:31,FY,6131709000,5087341000,1044368000,0.17032249899660926,0.0,843794000.0,0.0,0.0,879370000.0,5966711000,111455000.0,35576000.0,200574000,0.03271094567599343,164998000,0.026908974316948178,-31184000.0,22359000.0,0.003646454846438407,-33251000.0,31548000.0,0.005145058253742962,0.71,0.62,43836000,55832000,https://www.sec.gov/Archives/edgar/data/1043509/000095012310016392/0000950123-10-016392-index.html,https://www.sec.gov/Archives/edgar/data/1043509/000095012310016392/g22178e10vk.htm,1620597540,17:59:00,20210509
12,2008-12-31,SAH,USD,2009-03-31 00:00:00,2009-03-31 16:45:43,FY,6034776000,5049237000,985539000,0.16330995549793398,0.0,815083000.0,0.0,0.0,846763000.0,5896000000,92693000.0,31680000.0,170456000,0.028245621709902736,138776000,0.02299604823774735,-811058000.0,-764975000.0,-0.1267611258479188,-130848000.0,-685927000.0,-0.11366237951499773,-17.0,-17.0,40356000,40356000,https://www.sec.gov/Archives/edgar/data/1043509/000119312509069485/0001193125-09-069485-index.html,https://www.sec.gov/Archives/edgar/data/1043509/000119312509069485/d10k.htm,1620597540,17:59:00,20210509
13,2007-12-31,SAH,USD,2008-02-29,2008-02-29 14:50:23,FY,8336933000,7045348000,1291585000,0.15492327934025618,0.0,967706000.0,0.0,0.0,995012000.0,8040360000,0.0,27306000.0,323879000,0.038848698916016236,296573000,0.03557339371685007,73000.0,189213000.0,0.022695756341090903,74377000.0,95502000.0,0.011455291772166094,2.25,2.13,42479000,46941000,https://www.sec.gov/Archives/edgar/data/1043509/000119312508043468/d10k.htm,https://www.sec.gov/Archives/edgar/data/1043509/000119312508043468/d10k.htm,1620597540,17:59:00,20210509
14,2006-12-31,SAH,USD,2007-03-16,2007-03-16 13:47:07,FY,7972074000,6740492000,1231582000,0.1544870255845593,0.0,939825000.0,0.0,0.0,963234000.0,7703726000,0.0,23409000.0,291757000,0.036597377294791796,268348000,0.033661002143231485,-597000.0,165357000.0,0.020742030242067496,66791000.0,81117000.0,0.010175143883511368,1.92,1.85,42336000,46265000,https://www.sec.gov/Archives/edgar/data/1043509/000119312507056850/d10k.htm,https://www.sec.gov/Archives/edgar/data/1043509/000119312507056850/d10k.htm,1620597540,17:59:00,20210509
15,2005-12-31,SAH,USD,2006-03-15,2006-03-15 10:44:33,FY,7884842000,6673584000,1211258000,0.15361855063170574,0.0,939177000.0,0.0,0.0,960474000.0,7634058000,0.0,21297000.0,272081000,0.034506842369193956,250784000,0.03180583707320958,54000.0,164181000.0,0.020822357632530875,62390000.0,91861000.0,0.011650328567141866,2.2,2.12,41817000,45533000,https://www.sec.gov/Archives/edgar/data/1043509/000119312506054575/d10k.htm,https://www.sec.gov/Archives/edgar/data/1043509/000119312506054575/d10k.htm,1620597540,17:59:00,20210509
16,2004-12-31,SAH,USD,2005-03-07 00:00:00,2005-03-07 16:39:31,FY,7394937000,6257757000,1137180000,0.15377818634560375,0.0,898215000.0,0.0,0.0,914976000.0,7172733000,0.0,16761000.0,238965000,0.03231467692016849,222204000,0.03004812617064892,49000.0,152569000.0,0.020631548314745615,56858000.0,86071000.0,0.011639179617081254,2.08,2.0,41375000,45217000,https://www.sec.gov/Archives/edgar/data/1043509/000119312505043662/0001193125-05-043662-index.html,https://www.sec.gov/Archives/edgar/data/1043509/000119312505043662/d10k.htm,1620597540,17:59:00,20210509
17,2003-12-31,SAH,USD,2004-03-09 00:00:00,2004-03-09 16:50:17,FY,7034215000,5960524000,1073691000,0.15263835410205687,0.0,855361000.0,0.0,0.0,866973000.0,6827497000,0.0,11612000.0,218330000,0.031038289276059942,206718000,0.02938750095071021,-13840000.0,134045000.0,0.019056142014425206,46210000.0,71560000.0,0.010173132325355423,1.75,1.69,40920000,42421000,https://www.sec.gov/Archives/edgar/data/1043509/000119312504037323/0001193125-04-037323-index.html,https://www.sec.gov/Archives/edgar/data/1043509/000119312504037323/d10k.htm,1620597540,17:59:00,20210509
18,2002-12-31,SAH,USD,2003-03-20 00:00:00,2003-03-19 19:40:53,FY,7071015000,5980085000,1090930000,0.15428195244954226,0.0,847195000.0,0.0,0.0,855723000.0,6835808000,0.0,8528000.0,243735000,0.034469591706424045,235207000,0.033263541372773216,3381000.0,175330000.0,0.024795591580558097,66821000.0,106564000.0,0.015070537963785963,2.55,2.47,41728000,43158000,https://www.sec.gov/Archives/edgar/data/1043509/000095016803000816/0000950168-03-000816-index.html,https://www.sec.gov/Archives/edgar/data/1043509/000095016803000816/d10k.htm,1620597540,17:59:00,20210509
19,2001-12-31,SAH,USD,2001-12-31,2001-12-31,FY,6337357000,5362623000,974734000,0.15380765199120075,0.0,747656000.0,0.0,0.0,773445000.0,6136068000,0.0,25790000.0,227079000,0.035831814429895616,201289000,0.03176229459694317,124000.0,130044000.0,0.02052022633410111,50715000.0,79329000.0,0.012517678899894703,1.96,1.91,40541000,41609000,,,1620597540,17:59:00,20210509
20,2000-12-31,SAH,USD,2001-04-02 00:00:00,2001-04-02 00:00:00,FY,6052476000,5187289000,865187000,0.14294761350561325,0.0,633356000.0,0.0,0.0,656070000.0,5843359000,0.0,22714000.0,231831000,0.03830349760990378,209117000,0.034550653319401846,107000.0,119872000.0,0.019805448216564592,45700000.0,74172000.0,0.012254819349965205,1.74,1.69,42518000,43826000,https://www.sec.gov/Archives/edgar/data/1043509/000095016801000711/0000950168-01-000711-index.html,https://www.sec.gov/Archives/edgar/data/1043509/000095016801000711/0000950168-01-000711-0001.txt,1620597540,17:59:00,20210509
21,1999-12-31,SAH,USD,2000-03-30 00:00:00,2000-03-30 00:00:00,FY,3350800000,2896400000,454400000,0.13560940670884564,0.0,326900000.0,0.0,0.0,338600000.0,3235000000,0.0,11700000.0,127500000,0.038050614778560345,115800000,0.03455891130476304,1300000.0,72900000.0,0.021755998567506266,28300000.0,44600000.0,0.01331025426763758,1.41,1.27,31744000,35248000,https://www.sec.gov/Archives/edgar/data/1043509/000095016800000796/0000950168-00-000796-index.html,https://www.sec.gov/Archives/edgar/data/1043509/0000950168-00-000796.txt,1620597540,17:59:00,20210509
22,1998-12-31,SAH,USD,1999-03-31 00:00:00,1999-03-31 00:00:00,FY,1603700000,1396300000,207400000,0.12932593377813806,0.0,150100000.0,0.0,0.0,154700000.0,1551000000,0.0,4600000.0,57300000,0.03572987466483756,52700000,0.032861507763297375,400000.0,29700000.0,0.018519673255596433,11100000.0,18600000.0,0.011598179210575543,0.81,0.74,22852000,24970000,https://www.sec.gov/Archives/edgar/data/1043509/000095016899001029/0000950168-99-001029-index.html,https://www.sec.gov/Archives/edgar/data/1043509/0000950168-99-001029.txt,1620597540,17:59:00,20210509
23,1997-12-31,SAH,USD,1998-03-31 00:00:00,1998-03-31 00:00:00,FY,536000000,471300000,64700000,0.1207089552238806,0.0,48500000.0,0.0,0.0,49800000.0,521100000,0.0,1300000.0,16200000,0.030223880597014925,14900000,0.027798507462686566,300000.0,5900000.0,0.011007462686567163,2200000.0,3700000.0,0.006902985074626866,0.265,0.265,13898000,13898000,https://www.sec.gov/Archives/edgar/data/1043509/000095016898001047/0000950168-98-001047-index.html,https://www.sec.gov/Archives/edgar/data/1043509/0000950168-98-001047.txt,1620597540,17:59:00,20210509
24,1996-12-31,SAH,USD,1996-12-31,1996-12-31,FY,376600000,331000000,45600000,0.1210833775889538,0.0,0.0,0.0,0.0,0.0,365800000,0.0,1100000.0,11900000,0.031598513011152414,10800000,0.02867764206054169,600000.0,4900000.0,0.013011152416356878,1900000.0,3000000.0,0.007966011683483803,0.24,0.24,12500000,12500000,,,1620597540,17:59:00,20210509
