,date,symbol,reportedCurrency,fillingDate,acceptedDate,period,revenue,costOfRevenue,grossProfit,grossProfitRatio,researchAndDevelopmentExpenses,generalAndAdministrativeExpenses,sellingAndMarketingExpenses,otherExpenses,operatingExpenses,costAndExpenses,interestExpense,depreciationAndAmortization,ebitda,ebitdaratio,operatingIncome,operatingIncomeRatio,totalOtherIncomeExpensesNet,incomeBeforeTax,incomeBeforeTaxRatio,incomeTaxExpense,netIncome,netIncomeRatio,eps,epsdiluted,weightedAverageShsOut,weightedAverageShsOutDil,link,finalLink,timestamp,est_time,est_date
0,2020-12-31,WTBA,USD,2021-03-01,2021-03-01 07:11:23,FY,91973000.0,0.0,91973000.0,1.0,0.0,28435000.0,211000.0,1849000.0,1849000.0,1849000.0,17400000.0,3391000.0,37488000.0,0.0,34097000.0,0.44992552162047555,3000.0,41381000.0,0.44992552162047555,8669000.0,32712000.0,0.35566959868657105,1.9970998339901604,1.9970998339901604,16450000,16450000,https://www.sec.gov/Archives/edgar/data/1166928/000116692821000018/0001166928-21-000018-index.htm,https://www.sec.gov/Archives/edgar/data/1166928/000116692821000018/wtba-20201231.htm,1620599958,18:39:18,20210509
1,2019-12-31,WTBA,USD,2020-02-27 00:00:00,2020-02-27 08:05:00,FY,73998000.0,0.0,0.0,0.0,0.0,28198000.0,230000.0,-1372000.0,71000000.0,0.0,32245000.0,5069000.0,0.0,0.0,0.0,0.48301305440687586,0.0,35742000.0,0.48301305440687586,7052000.0,28690000.0,0.38771318143733613,1.751553,1.74,16379752,16488506,https://www.sec.gov/Archives/edgar/data/1166928/000116692820000013/0001166928-20-000013-index.html,https://www.sec.gov/Archives/edgar/data/1166928/000116692820000013/wtba-20191231x10k.htm,1620599958,18:39:18,20210509
2,2018-12-31,WTBA,USD,2019-02-28 00:00:00,2019-02-28 08:11:07,FY,69410000.0,0.0,0.0,0.0,0.0,25228000.0,195000.0,-1188000.0,57000000.0,0.0,22735000.0,6353000.0,0.0,0.0,0.0,0.505229793977813,0.0,35068000.0,0.505229793977813,6560000.0,28508000.0,0.410718916582625,1.749441,1.749441,16295494,16295494,https://www.sec.gov/Archives/edgar/data/1166928/000116692819000017/0001166928-19-000017-index.html,https://www.sec.gov/Archives/edgar/data/1166928/000116692819000017/wtba-20181231x10k.htm,1620599958,18:39:18,20210509
3,2017-12-31,WTBA,USD,2018-03-01 00:00:00,2018-03-01 08:16:41,FY,68163000.0,0.0,0.0,0.0,0.0,23938000.0,224000.0,-435000.0,45000000.0,0.0,12977000.0,5502000.0,0.0,0.0,0.0,0.5345715417455218,0.0,36438000.0,0.5345715417455218,13368000.0,23070000.0,0.3384534131420272,1.43,1.41,16132867,16361702,https://www.sec.gov/Archives/edgar/data/1166928/000116692818000014/0001166928-18-000014-index.html,https://www.sec.gov/Archives/edgar/data/1166928/000116692818000014/wtba-20171231x10k.htm,1620599958,18:39:18,20210509
4,2016-12-31,WTBA,USD,2017-03-01 00:00:00,2017-03-01 08:27:45,FY,64247000.0,0.0,0.0,0.0,0.0,22746000.0,231000.0,-418000.0,40000000.0,0.0,7876000.0,5336000.0,0.0,0.0,0.0,0.5128955437607982,0.0,32952000.0,0.5128955437607982,9936000.0,23016000.0,0.35824240820583064,1.42,1.42,16208451,16208451,https://www.sec.gov/Archives/edgar/data/1166928/000116692817000014/0001166928-17-000014-index.html,https://www.sec.gov/Archives/edgar/data/1166928/000116692817000014/wtba-20161231x10k.htm,1620599958,18:39:18,20210509
5,2015-12-31,WTBA,USD,2016-03-03 00:00:00,2016-03-03 08:37:31,FY,61257000.0,0.0,0.0,0.0,0.0,21434000.0,253000.0,-228000.0,37000000.0,0.0,5993000.0,4813000.0,0.0,0.0,0.0,0.5132311409308324,0.0,31439000.0,0.5132311409308324,9697000.0,21742000.0,0.35493086504399496,1.36,1.36,15986765,15986765,https://www.sec.gov/Archives/edgar/data/1166928/000116692816000121/0001166928-16-000121-index.html,https://www.sec.gov/Archives/edgar/data/1166928/000116692816000121/wtba-20151231x10k.htm,1620599958,18:39:18,20210509
6,2014-12-31,WTBA,USD,2015-03-05,2015-03-05 08:31:00,FY,57477000.0,0.0,0.0,0.0,0.0,21176000.0,220000.0,-188000.0,39000000.0,0.0,6156000.0,4620000.0,0.0,0.0,0.0,0.4643422586425875,0.0,26689000.0,0.4643422586425875,6649000.0,20040000.0,0.3486612036118795,1.26,1.25,15904762,16032000,https://www.sec.gov/Archives/edgar/data/1166928/000116692815000018/wtba-20141231x10k.htm,https://www.sec.gov/Archives/edgar/data/1166928/000116692815000018/wtba-20141231x10k.htm,1620599958,18:39:18,20210509
7,2013-12-31,WTBA,USD,2014-03-06,2014-03-06 08:31:28,FY,53690000.0,0.0,0.0,0.0,0.0,20313000.0,359000.0,0.0,37000000.0,0.0,7058000.0,5618000.0,0.0,0.0,0.0,0.45094058483888994,0.0,24211000.0,0.45094058483888994,7320000.0,16891000.0,0.3146023468057366,1.02,1.02,16559804,16559804,https://www.sec.gov/Archives/edgar/data/1166928/000116692814000022/wtba-20131231x10k.htm,https://www.sec.gov/Archives/edgar/data/1166928/000116692814000022/wtba-20131231x10k.htm,1620599958,18:39:18,20210509
8,2012-12-31,WTBA,USD,2013-03-06 00:00:00,2013-03-06 08:45:32,FY,51687000.0,0.0,0.0,0.0,0.0,18473000.0,268000.0,203000.0,39000000.0,0.0,9464000.0,5000000.0,0.0,0.0,0.0,0.44063304119024127,0.0,22775000.0,0.44063304119024127,6764000.0,16011000.0,0.30976841372105174,0.92,0.92,17403261,17403261,https://www.sec.gov/Archives/edgar/data/1166928/000116692813000019/0001166928-13-000019-index.html,https://www.sec.gov/Archives/edgar/data/1166928/000116692813000019/wtba-20121231x10k.htm,1620599958,18:39:18,20210509
9,2011-12-31,WTBA,USD,2012-03-07 00:00:00,2012-03-07 08:56:19,FY,52217000.0,0.0,0.0,0.0,0.0,16413000.0,0.0,0.0,41000000.0,0.0,11917000.0,14000.0,0.0,0.0,0.0,0.40867916578891933,0.0,21340000.0,0.40867916578891933,6072000.0,15268000.0,0.2923951969665052,0.740122,0.740122,17403882,17403882,https://www.sec.gov/Archives/edgar/data/1166928/000116692812000013/0001166928-12-000013-index.html,https://www.sec.gov/Archives/edgar/data/1166928/000116692812000013/wtba-20111231x10k.htm,1620599958,18:39:18,20210509
10,2010-12-31,WTBA,USD,2011-03-11,2011-03-11 08:27:03,FY,52507000.0,0.0,0.0,0.0,0.0,15893000.0,0.0,0.0,53000000.0,0.0,19023000.0,2296000.0,0.0,0.0,0.0,0.3563905764945626,0.0,18713000.0,0.3563905764945626,5330000.0,13383000.0,0.2548803016740625,0.637731,0.637731,17403882,17403882,https://www.sec.gov/Archives/edgar/data/1166928/000116692811000011/wtba12311010k.htm,https://www.sec.gov/Archives/edgar/data/1166928/000116692811000011/wtba12311010k.htm,1620599958,18:39:18,20210509
11,2009-12-31,WTBA,USD,2010-03-12 00:00:00,2010-03-12 08:30:50,FY,51112000.0,0.0,0.0,0.0,0.0,14435000.0,0.0,0.0,89000000.0,0.0,26636000.0,1486000.0,0.0,0.0,0.0,-0.24274143058381592,0.0,-12407000.0,-0.24274143058381592,-7356000.0,-14617000.0,-0.2859798090467992,-0.97,-0.97,17404000,17404000,https://www.sec.gov/Archives/edgar/data/1166928/000116692810000009/0001166928-10-000009-index.html,https://www.sec.gov/Archives/edgar/data/1166928/000116692810000009/form10-k.htm,1620599958,18:39:18,20210509
12,2008-12-31,WTBA,USD,2009-03-06 00:00:00,2009-03-06 10:28:00,FY,57545000.0,0.0,0.0,0.0,0.0,13362000.0,0.0,0.0,68000000.0,0.0,31431000.0,1914000.0,0.0,0.0,0.0,0.1609175427925971,0.0,9260000.0,0.1609175427925971,1624000.0,7636000.0,0.13269615083847425,0.44,0.44,17354545,17354545,https://www.sec.gov/Archives/edgar/data/1166928/000114420409012466/0001144204-09-012466-index.html,https://www.sec.gov/Archives/edgar/data/1166928/000114420409012466/v141899_10k.htm,1620599958,18:39:18,20210509
13,2007-12-31,WTBA,USD,2007-12-31,2007-12-31,FY,54256000.0,0.0,0.0,0.0,0.0,13560000.0,0.0,0.0,64000000.0,0.0,43823000.0,0.0,0.0,0.0,0.0,0.5049395458566794,0.0,27396000.0,0.5049395458566794,8476000.0,18920000.0,0.34871719256856387,1.08,1.08,17518519,17518519,,,1620599958,18:39:18,20210509
14,2006-12-31,WTBA,USD,2006-12-31,2006-12-31,FY,54938000.0,0.0,0.0,0.0,0.0,13937000.0,0.0,0.0,67000000.0,0.0,40669000.0,1307000.0,0.0,0.0,0.0,0.5194036914339801,0.0,28535000.0,0.5194036914339801,9128000.0,19407000.0,0.35325275765408276,1.11,1.11,17483784,17483784,,,1620599958,18:39:18,20210509
15,2005-12-31,WTBA,USD,2005-12-31,2005-12-31,FY,49889888.0,0.0,0.0,0.0,0.0,10307508.0,0.0,0.0,46000000.0,0.0,25101809.0,550000.0,0.0,0.0,0.0,0.5907031501052878,0.0,29470114.0,0.5907031501052878,9395361.0,20074753.0,0.4023811999738304,1.142857,1.142857,17565409,17565409,,,1620599958,18:39:18,20210509
16,2004-12-31,WTBA,USD,2004-12-31,2004-12-31,FY,46352912.0,0.0,0.0,0.0,0.0,9680139.0,0.0,0.0,0.0,0.0,13951667.0,360000.0,0.0,0.0,0.0,0.6080478180097941,0.0,28184787.0,0.6080478180097941,9570310.0,18614477.0,0.40158160937116527,1.057143,1.057143,17608289,17608289,,,1620599958,18:39:18,20210509
17,2003-12-31,WTBA,USD,2003-12-31,2003-12-31,FY,41626945.0,0.0,0.0,0.0,0.0,7700608.0,0.0,0.0,0.0,0.0,11139391.0,2085634.0,0.0,0.0,0.0,0.6265821092563963,0.0,26082699.0,0.6265821092563963,8800071.0,17282628.0,0.4151788703206541,0.979592,0.979592,17642683,17642683,,,1620599958,18:39:18,20210509
18,2002-12-31,WTBA,USD,2003-03-26 00:00:00,2003-03-26 11:26:53,FY,37604389.0,0.0,0.0,0.0,0.0,6444931.0,0.0,0.0,0.0,0.0,13649571.0,742135.0,0.0,0.0,0.0,0.67741725573576,0.0,25473862.0,0.67741725573576,9098059.0,16375803.0,0.435475842992689,0.92517,0.92517,17700316,17700316,https://www.sec.gov/Archives/edgar/data/1166928/000103544703000003/0001035447-03-000003-index.html,https://www.sec.gov/Archives/edgar/data/1166928/000103544703000003/westbanc10k.txt,1620599958,18:39:18,20210509
19,2001-12-31,WTBA,USD,2001-12-31,2001-12-31,FY,35975886.0,0.0,0.0,0.0,0.0,6044441.0,0.0,0.0,0.0,0.0,24952388.0,253021.0,0.0,0.0,0.0,0.679162675799006,0.0,24433479.0,0.679162675799006,8697039.0,15736440.0,0.43741632937129055,0.805604,0.805604,19536993,19536993,,,1620599958,18:39:18,20210509
20,2000-12-31,WTBA,USD,2000-12-31,2000-12-31,FY,6868000.0,0.0,0.0,0.0,0.0,0.0,0.0,0.0,0.0,0.0,33639000.0,0.0,0.0,0.0,0.0,3.2690739662201516,0.0,22452000.0,3.2690739662201516,0.0,14416000.0,2.099009900990099,0.770975,0.770975,18698400,18698400,,,1620599958,18:39:18,20210509
