,date,symbol,reportedCurrency,fillingDate,acceptedDate,period,revenue,costOfRevenue,grossProfit,grossProfitRatio,researchAndDevelopmentExpenses,generalAndAdministrativeExpenses,sellingAndMarketingExpenses,otherExpenses,operatingExpenses,costAndExpenses,interestExpense,depreciationAndAmortization,ebitda,ebitdaratio,operatingIncome,operatingIncomeRatio,totalOtherIncomeExpensesNet,incomeBeforeTax,incomeBeforeTaxRatio,incomeTaxExpense,netIncome,netIncomeRatio,eps,epsdiluted,weightedAverageShsOut,weightedAverageShsOutDil,link,finalLink,timestamp,est_time,est_date
0,2020-12-31,0883.HK,CNY,2020-12-31,2020-12-31,FY,158097000000.0,66781000000.0,91316000000.0,0.5775947677691544,0.0,0.0,0.0,444000000.0,0.0,116509000000.0,6190000000.0,0.0,42873000000.0,0.27118161634945637,41588000000.0,0.26305369488352087,-1964000000.0,34907000000.0,0.22079482849136922,9951000000.0,24956000000.0,0.15785245766839345,0.5589568195989333,0.5589568195989333,44647455984,44647455984,https://www1.hkexnews.hk/search/titlesearch.xhtml,https://www1.hkexnews.hk/search/titlesearch.xhtml,1620584962,14:29:22,20210509
1,2019-12-31,0883.HK,CNY,2019-12-31,2019-12-31,FY,237631000000.0,92065000000.0,145566000000.0,0.6125715920902576,0.0,0.0,0.0,831000000.0,0.0,151342000000.0,3071000000.0,0.0,144094000000.0,0.6063771140970664,86289000000.0,0.36312181491472073,4158000000.0,85649000000.0,0.36042856361333325,24604000000.0,61045000000.0,0.2568898838956197,1.3672671522846962,1.367155239490593,44647455984,44651110742,https://www1.hkexnews.hk/search/titlesearch.xhtml,https://www1.hkexnews.hk/search/titlesearch.xhtml,1620584962,14:29:22,20210509
2,2018-12-31,0883.HK,CNY,2018-12-31,2018-12-31,FY,231178000000.0,91012000000.0,140166000000.0,0.606312019309796,0.0,0.0,0.0,822000000.0,0.0,150372000000.0,2477000000.0,0.0,125317000000.0,0.5420801287319728,80806000000.0,0.34954018115910684,-1388000000.0,75177000000.0,0.3251909783802957,22489000000.0,52688000000.0,0.22791096038550382,1.180089634197331,1.1798632412948047,44647455984,44656022966,https://www1.hkexnews.hk/search/titlesearch.xhtml,https://www1.hkexnews.hk/search/titlesearch.xhtml,1620584962,14:29:22,20210509
3,2017-12-31,0883.HK,CNY,2017-12-31,2017-12-31,FY,189616000000.0,92181000000.0,97435000000.0,0.513854316091469,0.0,0.0,0.0,78000000.0,0.0,143436000000.0,2899000000.0,0.0,106878000000.0,0.5636549658256688,46180000000.0,0.2435448485359885,-5432000000.0,36357000000.0,0.1917401485106742,11680000000.0,24677000000.0,0.1301419711416758,0.5527078633291743,0.5526570881574812,44647455984,44651557953,https://www1.hkexnews.hk/search/titlesearch.xhtml,https://www1.hkexnews.hk/search/titlesearch.xhtml,1620584962,14:29:22,20210509
4,2016-12-31,0883.HK,CNY,2016-12-31,2016-12-31,FY,148888000000.0,90323000000.0,58565000000.0,0.39334936327978076,0.0,0.0,0.0,574000000.0,0.0,139129000000.0,4061000000.0,0.0,77880000000.0,0.5230777497179088,9759000000.0,0.0655459137069475,-9689000000.0,-5275000000.0,-0.035429315995916394,-5912000000.0,637000000.0,0.004278383751544785,0.014267330264646596,0.01426359739662171,44647455984,44659140488,https://www1.hkexnews.hk/search/titlesearch.xhtml,https://www1.hkexnews.hk/search/titlesearch.xhtml,1620584962,14:29:22,20210509
5,2015-12-31,0883.HK,CNY,2015-12-31,2015-12-31,FY,174083000000.0,95984000000.0,78099000000.0,0.44863082552575495,0.0,0.0,0.0,761000000.0,0.0,153881000000.0,3683000000.0,0.0,94743000000.0,0.5442403910778192,20202000000.0,0.11604809200209096,2173000000.0,17130000000.0,0.09840133729313029,-3116000000.0,20246000000.0,0.11630084499922451,0.4534636868728964,0.4530845246567189,44647455984,44684819053,https://www1.hkexnews.hk/search/titlesearch.xhtml,https://www1.hkexnews.hk/search/titlesearch.xhtml,1620584962,14:29:22,20210509
6,2014-12-31,0883.HK,CNY,2014-12-31,2014-12-31,FY,281067000000.0,131703000000.0,149364000000.0,0.5314177758328086,0.0,0.0,0.0,560000000.0,0.0,196032000000.0,2387000000.0,0.0,143573000000.0,0.5108141475164285,85035000000.0,0.3025435216514212,1179000000.0,82513000000.0,0.29357057214116206,22314000000.0,60199000000.0,0.2141802488374658,1.3483187042409113,1.3456868994526228,44647455984,44734774504,https://www1.hkexnews.hk/search/titlesearch.xhtml,https://www1.hkexnews.hk/search/titlesearch.xhtml,1620584962,14:29:22,20210509
7,2013-12-31,0883.HK,CNY,2013-12-31,2013-12-31,FY,289512000000.0,136918000000.0,152594000000.0,0.5270731437729697,0.0,0.0,0.0,334000000.0,0.0,211054000000.0,1553000000.0,0.0,135331000000.0,0.46744521816021445,78458000000.0,0.2710008566138882,4758000000.0,80851000000.0,0.2792664898173478,24390000000.0,56461000000.0,0.1950212771836746,1.2646139771164457,1.2606526418411041,44646825847,44787119089,https://www1.hkexnews.hk/search/titlesearch.xhtml,https://www1.hkexnews.hk/search/titlesearch.xhtml,1620584962,14:29:22,20210509
8,2012-12-31,0883.HK,CNY,2012-12-31,2012-12-31,FY,248663000000.0,110764000000.0,137899000000.0,0.5545617964876157,0.0,0.0,0.0,908000000.0,0.0,161491000000.0,282000000.0,0.0,120637000000.0,0.4851425423163076,87172000000.0,0.3505628099073847,3601000000.0,90172000000.0,0.3626273309660062,26481000000.0,63691000000.0,0.25613380358155413,1.43,1.42,44646305984,44808042330,https://www1.hkexnews.hk/search/titlesearch.xhtml,https://www1.hkexnews.hk/search/titlesearch.xhtml,1620584962,14:29:22,20210509
9,2011-12-31,0883.HK,CNY,2011-12-31,2011-12-31,FY,240944000000.0,100553000000.0,140391000000.0,0.5826706620625539,0.0,0.0,0.0,0.0,0.0,150315000000.0,1707000000.0,0.0,122913000000.0,0.510130984793147,90629000000.0,0.3761413440467494,2447000000.0,92565000000.0,0.3841764061358656,22310000000.0,70255000000.0,0.2915822763795737,1.57280610136753,1.566317452547288,44668570359,44853615010,https://www1.hkexnews.hk/search/titlesearch.xhtml,https://www1.hkexnews.hk/search/titlesearch.xhtml,1620584962,14:29:22,20210509
10,2010-12-31,0883.HK,CNY,2010-12-31,2010-12-31,FY,183053085000.0,66146124000.0,116906961000.0,0.63865059143909,0.0,0.0,0.0,0.0,0.0,111621201000.0,1222023000.0,0.0,100021682000.0,0.5464080651795625,71431884000.0,0.39022496670842777,1736281000.0,72649991000.0,0.39687935879365266,18240443000.0,54409548000.0,0.29723371228624745,1.22,1.21,44669199984,44821187466,https://www1.hkexnews.hk/search/titlesearch.xhtml,https://www1.hkexnews.hk/search/titlesearch.xhtml,1620584962,14:29:22,20210509
11,2009-12-31,0883.HK,CNY,2009-12-31,2009-12-31,FY,105195077000.0,42950037000.0,62245040000.0,0.5917105797641081,0.0,0.0,0.0,0.0,0.0,64863594000.0,534539000.0,0.0,57086096000.0,0.5426688931460167,40331483000.0,0.38339705763987414,385895000.0,40821091000.0,0.38805134388560786,11335516000.0,29485575000.0,0.2802942479903313,0.6600873758778173,0.6585759656940654,44669199984,44771714329,https://www1.hkexnews.hk/search/titlesearch.xhtml,https://www1.hkexnews.hk/search/titlesearch.xhtml,1620584962,14:29:22,20210509
12,2008-12-31,0883.HK,CNY,2008-12-31,2008-12-31,FY,125977382000.0,53792923000.0,72184459000.0,0.5729953889659336,0.0,0.0,0.0,0.0,0.0,70570770000.0,524118000.0,0.0,66929412000.0,0.5312811787119056,55406612000.0,0.4398139659704946,1906768000.0,57880286000.0,0.45944982409620166,13505032000.0,44375254000.0,0.3522477868289087,0.9944289370854146,0.9908265390648688,44623856311,44786097516,https://www1.hkexnews.hk/search/titlesearch.xhtml,https://www1.hkexnews.hk/search/titlesearch.xhtml,1620584962,14:29:22,20210509
13,2007-12-31,0883.HK,CNY,2007-12-31,2007-12-31,FY,90854171179.76,17107167835.44,73747003344.32,0.8117074030471038,0.0,0.0,0.0,0.0,0.0,48981576806.12,2034705847.64,7385063320.92,49257657694.56,0.5421617637906905,41872594373.64,0.4608769617279625,2246611608.28,43372838653.24,0.4773896243841622,12069635803.0,31303202850.24,0.3445433758710416,0.720098,0.720098,43470738017,43470738017,https://www1.hkexnews.hk/search/titlesearch.xhtml,https://www1.hkexnews.hk/search/titlesearch.xhtml,1620584962,14:29:22,20210509
14,2006-12-31,0883.HK,CNY,2006-12-31,2006-12-31,FY,88872060832.5,22259172362.5,66612888470.0,0.7495368943401395,0.0,0.0,0.0,0.0,0.0,41152319925.0,1830580087.5,6927353582.5,54647094490.0,0.6148962224809338,47719740907.5,0.5369487380003364,-6814032515.0,44085942160.0,0.496060761357725,13185151435.0,30900790725.0,0.34769972064943677,0.729292,0.729292,42370922388,42370922388,https://www1.hkexnews.hk/search/titlesearch.xhtml,https://www1.hkexnews.hk/search/titlesearch.xhtml,1620584962,14:29:22,20210509
15,2005-12-31,0883.HK,CNY,2005-12-31,2005-12-31,FY,69477045174.5,5936420329.5,63540624845.0,0.9145556591448303,0.0,0.0,0.0,0.0,0.0,33204133728.5,1100870166.0,5966566778.5,42239478224.5,0.607963077854138,36272911446.0,0.5220848318303721,750100811.5,36312067921.0,0.5226484204933852,10981179098.5,25330888822.5,0.3645936403725635,0.620255,0.610252,40839494442,41508923492,https://www1.hkexnews.hk/search/titlesearch.xhtml,https://www1.hkexnews.hk/search/titlesearch.xhtml,1620584962,14:29:22,20210509
16,2004-12-31,0883.HK,CNY,2004-12-31,2004-12-31,FY,55222089973.75,5070350318.7,50151739655.05,0.9081825711212632,0.0,0.0,0.0,0.0,0.0,32835902836.25,441821421.8,5455060783.65,27841247921.15,0.5041686747891003,22386187137.5,0.40538464132997043,1110075080.55,23116617980.9,0.418611790895429,6930831418.6,16185786562.3,0.29310347670640435,0.390075,0.390075,41494068462,41494068462,https://www1.hkexnews.hk/search/titlesearch.xhtml,https://www1.hkexnews.hk/search/titlesearch.xhtml,1620584962,14:29:22,20210509
17,2003-12-31,0883.HK,CNY,2003-12-31,2003-12-31,FY,40950294472.95,4512808638.05,36437485834.9,0.8897978953232933,0.0,0.0,0.0,0.0,0.0,25267562808.0,354942237.55,4642759036.75,20325490701.7,0.49634541004646854,15682731664.95,0.3829699362799293,569189037.7,16163336219.5,0.3947062268423199,4627841810.45,11535494409.05,0.28169502948678066,0.28005,0.28005,41190866095,41190866095,https://www1.hkexnews.hk/search/titlesearch.xhtml,https://www1.hkexnews.hk/search/titlesearch.xhtml,1620584962,14:29:22,20210509
18,2002-12-31,0883.HK,CNY,2002-12-31,2002-12-31,FY,26373606922.56,6101623762.56,20271983160.0,0.7686465950419292,0.0,0.0,0.0,0.0,0.0,13595140452.48,294790706.88,4019496246.72,16797962716.8,0.6369232227553604,12778466470.08,0.4845172109981396,142606484.16,12774145312.32,0.4843533669789014,3541387458.24,9232757854.08,0.3500756601548608,0.22403,0.22403,41212208550,41212208550,https://www1.hkexnews.hk/search/titlesearch.xhtml,https://www1.hkexnews.hk/search/titlesearch.xhtml,1620584962,14:29:22,20210509
19,2001-12-31,0883.HK,CNY,2001-12-31,2001-12-31,FY,20819387756.16,4782404099.52,16036983656.64,0.7702908387349194,1039288109.76,615384189.12,0.0,0.0,0.0,9887736099.84,116629869.12,2566900158.72,13498551815.039999,0.6483644943423503,10931651656.32,0.5250707554109301,-126952634.88,11005773584.64,0.5286309911483171,3048204286.08,7957569298.56,0.38221917914975817,0.200036,0.200036,39780588133,39780588133,https://www1.hkexnews.hk/search/titlesearch.xhtml,https://www1.hkexnews.hk/search/titlesearch.xhtml,1620584962,14:29:22,20210509
20,2000-12-31,0883.HK,CNY,2000-12-31,2000-12-31,FY,24192470982.6,7212471492.6,16979999490.0,0.7018712351546298,0.0,1110998014.2,0.0,0.0,0.0,11933388379.8,474383412.0,2574534499.2,14833617102.0,0.6131501454592552,12259082602.8,0.5067313137057031,185785012.8,12206807832.6,0.5045705269783946,1923575958.0,10283231874.6,0.42505917985790004,0.325504,0.325504,31591714924,31591714924,https://www1.hkexnews.hk/search/titlesearch.xhtml,https://www1.hkexnews.hk/search/titlesearch.xhtml,1620584962,14:29:22,20210509
21,1999-12-31,0883.HK,CNY,1999-12-31,1999-12-31,FY,15310587000.0,3736671000.0,11573916000.0,0.7559420158090607,246402000.0,516485000.0,0.0,0.0,0.0,9921618000.0,0.0,0.0,7762349000.0,0.5069922531383023,5388969000.0,0.35197664204514173,0.0,4833364000.0,0.31568770028216425,721925000.0,4111439000.0,0.2685356871033096,0.138,0.138,30000000000,30000000000,https://www1.hkexnews.hk/search/titlesearch.xhtml,https://www1.hkexnews.hk/search/titlesearch.xhtml,1620584962,14:29:22,20210509
22,1998-12-31,0883.HK,CNY,1998-12-31,1998-12-31,FY,9312341000.0,1432381000.0,7879960000.0,0.8461846489513217,584067000.0,649779000.0,0.0,0.0,0.0,7556780000.0,0.0,0.0,3709957000.0,0.3983914463613392,1755561000.0,0.1885198362044517,579786000.0,1843898000.0,0.19800585051599806,294428000.0,1549470000.0,0.16638888116317904,0.051649,0.051649,30000000000,30000000000,https://www1.hkexnews.hk/search/titlesearch.xhtml,https://www1.hkexnews.hk/search/titlesearch.xhtml,1620584962,14:29:22,20210509
