,date,symbol,reportedCurrency,fillingDate,acceptedDate,period,revenue,costOfRevenue,grossProfit,grossProfitRatio,researchAndDevelopmentExpenses,generalAndAdministrativeExpenses,sellingAndMarketingExpenses,otherExpenses,operatingExpenses,costAndExpenses,interestExpense,depreciationAndAmortization,ebitda,ebitdaratio,operatingIncome,operatingIncomeRatio,totalOtherIncomeExpensesNet,incomeBeforeTax,incomeBeforeTaxRatio,incomeTaxExpense,netIncome,netIncomeRatio,eps,epsdiluted,weightedAverageShsOut,weightedAverageShsOutDil,link,finalLink,timestamp,est_time,est_date
0,2020-12-31,MCF,USD,2021-03-10,2021-03-10 06:25:44,FY,112920000.0,97167000.0,15753000.0,0.1395058448459086,0.0,24224000.0,0.0,3609000.0,42806000.0,139973000.0,5022000.0,0.0,6615000.0,0.058581296493092454,-27053000.0,-0.23957669146298263,-132520000.0,-164595000.0,-1.457624867162593,747000.0,-165342000.0,-1.464240170031881,-1.202295,-1.202295,137522000.0,137522000.0,https://www.sec.gov/Archives/edgar/data/1071993/000155837021002664/0001558370-21-002664-index.htm,https://www.sec.gov/Archives/edgar/data/1071993/000155837021002664/mcf-20201231x10k.htm,1620594828,17:13:48,20210509
1,2019-12-31,MCF,USD,2020-03-30 00:00:00,2020-03-30 16:21:08,FY,76512000.0,69405000.0,7107000.0,0.09288739021329988,0.0,15788000.0,0.0,1848000.0,20398000.0,89803000.0,8596000.0,0.0,29106000.0,0.38041091593475534,-13291000.0,-0.17371131325805103,-137689000.0,-159576000.0,-2.085633626097867,220000.0,-159796000.0,-2.088508992053534,-2.951751,-2.951751,54136000.0,54136000.0,https://www.sec.gov/Archives/edgar/data/1071993/000107199320000012/0001071993-20-000012-index.html,https://www.sec.gov/Archives/edgar/data/1071993/000107199320000012/mcf-20191231x10k.htm,1620594828,17:13:48,20210509
2,2018-12-31,MCF,USD,2019-03-18 00:00:00,2019-03-18 17:14:11,FY,77087000.0,64139000.0,12948000.0,0.1679660643169406,0.0,24157000.0,0.0,1306000.0,28864000.0,93003000.0,5548000.0,0.0,14326000.0,0.18584197076030978,-15916000.0,-0.206468016656505,-99984000.0,-121448000.0,-1.5754666805038462,120000.0,-121568000.0,-1.577023363212993,-4.685604,-4.685604,25945000.0,25945000.0,https://www.sec.gov/Archives/edgar/data/1071993/000107199319000015/0001071993-19-000015-index.html,https://www.sec.gov/Archives/edgar/data/1071993/000107199319000015/c993-20181231x10k.htm,1620594828,17:13:48,20210509
3,2017-12-31,MCF,USD,2018-03-09 00:00:00,2018-03-09 15:55:29,FY,78545000.0,47215000.0,31330000.0,0.39887962314596725,0.0,24161000.0,0.0,3555000.0,52450000.0,99665000.0,4100000.0,0.0,32347000.0,0.4118276147431409,-21120000.0,-0.2688904449678528,7182000.0,-18038000.0,-0.22965179196638869,-395000.0,-17643000.0,-0.22462282767840092,-0.714697,-0.714697,24686000.0,24686000.0,https://www.sec.gov/Archives/edgar/data/1071993/000107199318000012/0001071993-18-000012-index.html,https://www.sec.gov/Archives/edgar/data/1071993/000107199318000012/c993-20171231x10k.htm,1620594828,17:13:48,20210509
4,2016-12-31,MCF,USD,2017-03-15 00:00:00,2017-03-15 16:58:04,FY,78183000.0,63323000.0,14860000.0,0.19006689433764373,0.0,26802000.0,0.0,-357000.0,57729000.0,121052000.0,3802000.0,0.0,21642000.0,0.2768120947008941,-42869000.0,-0.54831613010501,-11016000.0,-57687000.0,-0.7378458232608112,342000.0,-58029000.0,-0.7422201757415295,-2.708598,-2.708598,21424000.0,21424000.0,https://www.sec.gov/Archives/edgar/data/1071993/000107199317000021/0001071993-17-000021-index.html,https://www.sec.gov/Archives/edgar/data/1071993/000107199317000021/mcf-20161231x10k.htm,1620594828,17:13:48,20210509
5,2015-12-31,MCF,USD,2016-03-14 00:00:00,2016-03-14 07:50:37,FY,116505000.0,133380000.0,-16875000.0,-0.14484356894553882,0.0,26402000.0,0.0,97000.0,76221000.0,209601000.0,3164000.0,0.0,9799000.0,0.08410797819836059,-93096000.0,-0.7990730011587486,-314014000.0,-410274000.0,-3.521514098107377,-75226000.0,-335048000.0,-2.875825071885327,-17.666649,-17.666649,18965000.0,18965000.0,https://www.sec.gov/Archives/edgar/data/1071993/000107199316000071/0001071993-16-000071-index.html,https://www.sec.gov/Archives/edgar/data/1071993/000107199316000071/c993-20151231x10k.htm,1620594828,17:13:48,20210509
6,2014-12-31,MCF,USD,2015-03-03,2015-03-02 21:28:45,FY,276458000.0,156117000.0,120341000.0,0.43529577729709396,0.0,34045000.0,0.0,124000.0,114668000.0,270785000.0,2658000.0,0.0,209636000.0,0.7582923988453942,5673000.0,0.020520296030500113,-40799000.0,-37784000.0,-0.13667175484160343,-15910000.0,-21874000.0,-0.07912232599526872,-1.15,-1.15,19059000.0,19059000.0,https://www.sec.gov/Archives/edgar/data/1071993/000156276215000054/mcf-20141231x10k.htm,https://www.sec.gov/Archives/edgar/data/1071993/000156276215000054/mcf-20141231x10k.htm,1620594828,17:13:48,20210509
7,2013-12-31,MCF,USD,2014-03-03,2014-03-03 17:16:54,FY,164121000.0,65529000.0,98592000.0,0.6007275120185717,0.0,26512000.0,0.0,31785000.0,65107000.0,130636000.0,1171000.0,0.0,133109000.0,0.811041853266797,33485000.0,0.20402629767062105,32187000.0,64501000.0,0.3930088166657527,23139000.0,41362000.0,0.2520213744737115,2.5601634067838575,2.5598465156578785,16156000.0,16158000.0,https://www.sec.gov/Archives/edgar/data/1071993/000107199314000005/mcf-20131231x10k.htm,https://www.sec.gov/Archives/edgar/data/1071993/000107199314000005/mcf-20131231x10k.htm,1620594828,17:13:48,20210509
8,2013-09-30,MCF,USD,2013-11-12,2013-11-12 07:04:25,FY,0.0,0.0,0.0,0.0,0.0,0.0,0.0,0.0,0.0,0.0,0.0,0.0,0.0,0.0,0.0,0.0,0.0,0.0,0.0,0.0,0.0,0.0,0.0,0.0,16156000.0,16158000.0,https://www.sec.gov/Archives/edgar/data/1071993/000107199313000013/0001071993-13-000013-index.htm,https://www.sec.gov/Archives/edgar/data/1071993/000107199313000013/mcf-20130930x10q.htm,1620594828,17:13:48,20210509
9,2013-06-30,MCF,USD,2013-08-29 00:00:00,2013-08-29 17:22:43,FY,127201000.0,41060000.0,86141000.0,0.6772037955676449,0.0,14364000.0,0.0,9665000.0,98019000.0,139079000.0,0.0,0.0,44027000.0,0.3461214927555601,-11878000.0,-0.09337976902697306,-3939000.0,-15817000.0,-0.12434650670985291,-6097000.0,-9720000.0,-0.07641449359674846,-0.64,-0.64,15221000.0,15221000.0,https://www.sec.gov/Archives/edgar/data/1071993/000107199313000011/0001071993-13-000011-index.html,https://www.sec.gov/Archives/edgar/data/1071993/000107199313000011/mcf-2013630x10k.htm,1620594828,17:13:48,20210509
10,2012-06-30,MCF,USD,2012-08-29 00:00:00,2012-08-29 17:06:45,FY,179272000.0,25183000.0,154089000.0,0.8595263063947521,0.0,10418000.0,0.0,0.0,59816000.0,84999000.0,0.0,0.0,144086000.0,0.8037284126913293,94273000.0,0.5258657235931992,-761000.0,93512000.0,0.5216207773662368,34299000.0,58389000.0,0.3257006113615065,3.7858393308694804,3.785348460291734,15423000.0,15425000.0,https://www.sec.gov/Archives/edgar/data/1071993/000144530512002782/0001445305-12-002782-index.html,https://www.sec.gov/Archives/edgar/data/1071993/000144530512002782/mcf-2012630x10k.htm,1620594828,17:13:48,20210509
11,2011-06-30,MCF,USD,2011-08-29 00:00:00,2011-08-29 17:13:05,FY,203778000.0,25989000.0,177789000.0,0.8724641521655919,0.0,12341000.0,0.0,0.0,77323000.0,103312000.0,0.0,0.0,162020000.0,0.7950809213948513,100466000.0,0.49301691055953045,-2217000.0,98249000.0,0.48213742405951576,34797000.0,65033000.0,0.3191365113015144,4.15,4.14,15665000.0,15713000.0,https://www.sec.gov/Archives/edgar/data/1071993/000119312511235620/0001193125-11-235620-index.html,https://www.sec.gov/Archives/edgar/data/1071993/000119312511235620/d10k.htm,1620594828,17:13:48,20210509
12,2010-06-30,MCF,USD,2010-09-13 00:00:00,2010-09-13 16:24:39,FY,160680691.0,17991181.0,142689510.0,0.8880314685726612,0.0,4615512.0,0.0,0.0,61927924.0,79919105.0,517550.0,0.0,117050904.0,0.7284690106292859,80761586.0,0.5026216000029524,112868.0,81272349.0,0.5058003453569913,31586582.0,49685767.0,0.30922052108924525,3.14,3.08,15830529.0,16157030.0,https://www.sec.gov/Archives/edgar/data/1071993/000119312510208966/0001193125-10-208966-index.html,https://www.sec.gov/Archives/edgar/data/1071993/000119312510208966/d10k.htm,1620594828,17:13:48,20210509
13,2009-06-30,MCF,USD,2009-09-11 00:00:00,2009-09-11 15:54:34,FY,190655605.0,23684159.0,166971446.0,0.8757751758727471,0.0,9467113.0,0.0,0.0,62743219.0,86427378.0,741011.0,0.0,137826923.0,0.722910417451404,104228227.0,0.5466832564403233,-11605038.0,92807683.0,0.4867818231727307,36946481.0,55861202.0,0.29299533050706794,3.41,3.35,16362719.0,16690426.0,https://www.sec.gov/Archives/edgar/data/1071993/000119312509190601/0001193125-09-190601-index.html,https://www.sec.gov/Archives/edgar/data/1071993/000119312509190601/d10k.htm,1620594828,17:13:48,20210509
14,2008-06-30,MCF,USD,2008-08-29 00:00:00,2008-08-29 17:17:54,FY,116497713.0,12505357.0,103992356.0,0.8926557725643937,0.0,16928760.0,0.0,0.0,28828380.0,41333737.0,3933309.0,11899620.0,87063596.0,0.7473416752825011,75163976.0,0.6451970091464371,61029440.0,134871626.0,1.1577190875841485,51650422.0,256906269.0,2.2052473167434625,15.78,14.88,16184517.0,17262715.0,https://www.sec.gov/Archives/edgar/data/1071993/000095012908004729/0000950129-08-004729-index.html,https://www.sec.gov/Archives/edgar/data/1071993/000095012908004729/h59899e10vk.htm,1620594828,17:13:48,20210509
15,2007-06-30,MCF,USD,2007-09-13 00:00:00,2007-09-13 14:27:37,FY,18687821.0,8454249.0,10233572.0,0.547606486598946,0.0,6841721.0,0.0,0.0,10108973.0,18563222.0,2162573.0,3267252.0,3391851.0,0.1815006147586709,124599.0,0.0066673904892389545,-3068280.0,-4027725.0,-0.21552673262441888,-1333174.0,-2694551.0,-0.1441875433203261,-0.21,-0.21,15430146.0,15430146.0,https://www.sec.gov/Archives/edgar/data/1071993/000119312507200514/0001193125-07-200514-index.html,https://www.sec.gov/Archives/edgar/data/1071993/000119312507200514/d10k.htm,1620594828,17:13:48,20210509
16,2006-06-30,MCF,USD,2006-09-12,2006-09-12 16:08:41,FY,920304.0,8215735.0,-7295431.0,-7.927196882769172,0.0,4760662.0,0.0,0.0,4993364.0,13209099.0,54488.0,232702.0,-12056093.0,-13.100120177680418,-12288795.0,-13.352973582642257,-1165435.0,-11974796.0,-13.011783062987883,-4248623.0,-206963.0,-0.2248854726264365,-0.05,-0.05,14760268.0,14760268.0,https://www.sec.gov/Archives/edgar/data/1071993/000119312506189394/d10k.htm,https://www.sec.gov/Archives/edgar/data/1071993/000119312506189394/d10k.htm,1620594828,17:13:48,20210509
17,2005-06-30,MCF,USD,2005-09-13,2005-09-13 16:10:39,FY,4330440.0,7113992.0,-2783552.0,-0.6427873380072233,0.0,3570957.0,0.0,0.0,5040118.0,12154110.0,71506.0,1232624.0,-6591046.0,-1.522026861011814,-7823670.0,-1.8066686064233657,468610.0,-6758226.0,-1.5606326377920026,-2350257.0,12417936.0,2.867592207720232,0.92,0.92,13089332.0,13089332.0,https://www.sec.gov/Archives/edgar/data/1071993/000119312505184728/d10k.htm,https://www.sec.gov/Archives/edgar/data/1071993/000119312505184728/d10k.htm,1620594828,17:13:48,20210509
18,2004-06-30,MCF,USD,2004-09-27 00:00:00,2004-09-27 12:51:57,FY,27687985.0,13761349.0,13926636.0,0.5029848145323684,0.0,2695592.0,0.0,0.0,9685020.0,23446369.0,362127.0,6989428.0,11231044.0,0.4056287953059784,4241616.0,0.153193379727705,7854207.0,11756702.0,0.424613853265234,4056353.0,7700349.0,0.2781115707769995,0.68,0.58,10484078.0,13279862.0,https://www.sec.gov/Archives/edgar/data/1071993/000119312504162070/0001193125-04-162070-index.html,https://www.sec.gov/Archives/edgar/data/1071993/000119312504162070/d10k.htm,1620594828,17:13:48,20210509
19,2003-06-30,MCF,USD,2003-09-22,2003-09-22 16:23:27,FY,33919126.0,23840180.0,10078946.0,0.29714639463292775,0.0,2063503.0,0.0,0.0,16560255.0,40400435.0,0.0,8787794.0,2306485.0,0.06799954102590969,-6481309.0,-0.191081250147778,-5218228.0,-6670807.0,-0.19666800966510753,-2334782.0,-4336025.0,-0.12783421954917118,-0.54,-0.54,9129169.0,9129169.0,https://www.sec.gov/Archives/edgar/data/1071993/000119312503052435/d10ksb.htm,https://www.sec.gov/Archives/edgar/data/1071993/000119312503052435/d10ksb.htm,1620594828,17:13:48,20210509
20,2002-06-30,MCF,USD,2002-06-30,2002-06-30,FY,28918168.0,6598966.0,22319202.0,0.7718055306961353,0.0,3428716.0,0.0,0.0,12022351.0,18621317.0,285159.0,8593635.0,18890486.0,0.6532393753297235,10296851.0,0.35606857944804804,5389712.0,10580136.0,0.3658646702654193,4003154.0,6576982.0,0.2274342551713511,0.55,0.48,10841665.0,13711597.0,,,1620594828,17:13:48,20210509
21,2001-06-30,MCF,USD,2001-06-30,2001-06-30,FY,23991069.0,6799332.0,17191737.0,0.716589035694908,0.0,2356421.0,0.0,0.0,6380093.0,13179425.0,8674.0,4023672.0,14835316.0,0.618368276961731,10811644.0,0.4506528658643765,-600932.0,10916907.0,0.4550404569300351,3179248.0,7737659.0,0.32252247701009074,0.64,0.54,11287098.0,14381124.0,,,1620594828,17:13:48,20210509
22,2000-06-30,MCF,USD,2000-06-30,2000-06-30,FY,298339.0,1237635.0,-939296.0,-3.148418409929644,0.0,763576.0,0.0,0.0,1108391.0,2346026.0,0.0,344815.0,-1702872.0,-5.707842420870218,-2047687.0,-6.8636249367330455,70235.0,0.0,0.0,0.0,-1846744.0,-6.190085774907069,-0.38,-0.38,4953728.0,4953728.0,,,1620594828,17:13:48,20210509
23,1999-06-30,MCF,USD,1999-06-30,1999-06-30,FY,0.0,0.0,0.0,0.0,0.0,107725.0,0.0,0.0,107725.0,107725.0,0.0,0.0,-107725.0,0.0,-107725.0,0.0,0.0,-84318.0,0.0,800.0,-85118.0,0.0,-0.12,-0.12,754932.0,754932.0,,,1620594828,17:13:48,20210509
