,date,symbol,reportedCurrency,fillingDate,acceptedDate,period,revenue,costOfRevenue,grossProfit,grossProfitRatio,researchAndDevelopmentExpenses,generalAndAdministrativeExpenses,sellingAndMarketingExpenses,otherExpenses,operatingExpenses,costAndExpenses,interestExpense,depreciationAndAmortization,ebitda,ebitdaratio,operatingIncome,operatingIncomeRatio,totalOtherIncomeExpensesNet,incomeBeforeTax,incomeBeforeTaxRatio,incomeTaxExpense,netIncome,netIncomeRatio,eps,epsdiluted,weightedAverageShsOut,weightedAverageShsOutDil,link,finalLink,timestamp,est_time,est_date
0,2020-07-31,8075.HK,HKD,2020-07-31,2020-07-31,FY,364773000.0,320887000.0,43886000.0,0.120310439643285,0.0,138419000.0,24047000.0,5643000.0,220582000.0,541469000.0,17756000.0,140588000.0,-36108000.0,-0.09898758954198912,-176696000.0,-0.48439988705304393,0.0,-187332000.0,-0.5135577468727126,-61000.0,-178169000.0,-0.48843801487500443,-0.0834,-0.0834,2136056000.0,2136056000.0,https://www1.hkexnews.hk/search/titlesearch.xhtml,https://www1.hkexnews.hk/search/titlesearch.xhtml,1620585788,14:43:08,20210509
1,2019-07-31,8075.HK,HKD,2019-07-31,2019-07-31,FY,573732000.0,536421000.0,37311000.0,0.06503210558239736,0.0,142167000.0,20469000.0,8053000.0,169515000.0,705936000.0,15786000.0,76378000.0,-55826000.0,-0.0973032705165478,-132204000.0,-0.2304281441509276,0.0,-142269000.0,-0.24797117818075337,2637000.0,-147056000.0,-0.25631479506110866,-0.0688,-0.0688,2136056000.0,2136056000.0,https://www1.hkexnews.hk/search/titlesearch.xhtml,https://www1.hkexnews.hk/search/titlesearch.xhtml,1620585788,14:43:08,20210509
2,2018-07-31,8075.HK,HKD,2018-07-31,2018-07-31,FY,489931000.0,473913000.0,16018000.0,0.032694399823648634,0.0,161112000.0,86987000.0,8439000.0,269721000.0,743634000.0,24921000.0,325671000.0,71968000.0,0.1468941544829782,-253703000.0,-0.5178341439917049,0.0,-282420000.0,-0.5764485203018385,1781000.0,-273503000.0,-0.5582479981874999,-0.128,-0.128,2136056000.0,2136056000.0,https://www1.hkexnews.hk/search/titlesearch.xhtml,https://www1.hkexnews.hk/search/titlesearch.xhtml,1620585788,14:43:08,20210509
3,2017-07-31,8075.HK,HKD,2017-07-31,2017-07-31,FY,562913000.0,461797000.0,101116000.0,0.17962988952111605,0.0,125773000.0,104423000.0,0.0,226883000.0,688680000.0,24338000.0,229219000.0,103452000.0,0.18377973150380253,-125767000.0,-0.22342173657385778,0.0,-176048000.0,-0.3127445981883524,2413000.0,-169955000.0,-0.3019205454484086,-0.0796,-0.0796,2136056000.0,2136056000.0,https://www1.hkexnews.hk/search/titlesearch.xhtml,https://www1.hkexnews.hk/search/titlesearch.xhtml,1620585788,14:43:08,20210509
4,2016-07-31,8075.HK,HKD,2016-07-31,2016-07-31,FY,520443000.0,365534000.0,154909000.0,0.2976483495791086,0.0,139061000.0,73724000.0,0.0,249278000.0,614812000.0,22255000.0,136319000.0,41950000.0,0.08060440816765717,-94369000.0,-0.18132437173715468,0.0,-99655000.0,-0.1914811035982807,2582000.0,-95546000.0,-0.1835859066218587,-0.0448,-0.0448,2133671000.0,2133671000.0,https://www1.hkexnews.hk/search/titlesearch.xhtml,https://www1.hkexnews.hk/search/titlesearch.xhtml,1620585788,14:43:08,20210509
5,2015-07-31,8075.HK,HKD,2015-07-31,2015-07-31,FY,712418000.0,434634000.0,277784000.0,0.3899171553778821,0.0,124759000.0,118935000.0,0.0,247286000.0,681920000.0,17040000.0,141114000.0,171612000.0,0.24088667046593432,30498000.0,0.042809137332296486,0.0,29501000.0,0.04140967802610265,4883000.0,25850000.0,0.036284877698205265,0.0177,0.0177,1463116000.0,1463116000.0,https://www1.hkexnews.hk/search/titlesearch.xhtml,https://www1.hkexnews.hk/search/titlesearch.xhtml,1620585788,14:43:08,20210509
6,2014-07-31,8075.HK,HKD,2014-07-31,2014-07-31,FY,456950000.0,368108000.0,88842000.0,0.19442389758179232,0.0,117210000.0,47851000.0,0.0,207632000.0,575740000.0,43254000.0,112834000.0,-5956000.0,-0.013034248823722509,-118790000.0,-0.2599627968049021,0.0,-147713000.0,-0.32325856220593063,5510000.0,-153154000.0,-0.3351657730605099,-0.135253,-0.135253,1132398337.0,1132398337.0,https://www1.hkexnews.hk/search/titlesearch.xhtml,https://www1.hkexnews.hk/search/titlesearch.xhtml,1620585788,14:43:08,20210509
7,2013-07-31,8075.HK,HKD,2013-07-31,2013-07-31,FY,441170000.0,304186000.0,136984000.0,0.3105016206904368,0.0,99686000.0,70555000.0,0.0,192004000.0,496190000.0,47835000.0,116397000.0,61377000.0,0.1391232404741936,-55020000.0,-0.12471382913616066,0.0,-84273000.0,-0.19102160165015752,6748000.0,-98883000.0,-0.2241380873586146,-0.121317,-0.121317,815601954.0,815601954.0,https://www1.hkexnews.hk/search/titlesearch.xhtml,https://www1.hkexnews.hk/search/titlesearch.xhtml,1620585788,14:43:08,20210509
8,2012-07-31,8075.HK,HKD,2012-07-31,2012-07-31,FY,117460000.0,72989000.0,44471000.0,0.37860548271752087,0.0,80593000.0,4382000.0,0.0,107188000.0,180177000.0,30591000.0,6341000.0,-56376000.0,-0.47995913502468923,-62717000.0,-0.5339434701174868,0.0,-284068000.0,-2.4184232930359273,4766000.0,-290175000.0,-2.470415460582326,-0.364433,-0.364433,796075683.0,796075683.0,https://www1.hkexnews.hk/search/titlesearch.xhtml,https://www1.hkexnews.hk/search/titlesearch.xhtml,1620585788,14:43:08,20210509
9,2011-07-31,8075.HK,HKD,2011-07-31,2011-07-31,FY,10363000.0,10785000.0,-422000.0,-0.04072179870693814,0.0,10112000.0,2956000.0,0.0,-4848000.0,5937000.0,4383000.0,647000.0,5073000.0,0.4895300588632635,4426000.0,0.42709640065618065,0.0,43000.0,0.004149377593360996,-370000.0,985000.0,0.095049696033967,0.002578,0.002578,371138865.0,371138865.0,https://www1.hkexnews.hk/search/titlesearch.xhtml,https://www1.hkexnews.hk/search/titlesearch.xhtml,1620585788,14:43:08,20210509
10,2011-03-31,8075.HK,HKD,2011-03-31,2011-03-31,FY,9592000.0,7927000.0,1665000.0,0.17358215179316097,0.0,35412000.0,241000.0,0.0,45625000.0,53552000.0,1776000.0,2789000.0,-41171000.0,-4.29222268557131,-43960000.0,-4.582985821517932,0.0,-45736000.0,-4.76814011676397,-268000.0,-43887000.0,-4.575375312760634,-0.306111,-0.306111,143145212.0,143145212.0,https://www1.hkexnews.hk/search/titlesearch.xhtml,https://www1.hkexnews.hk/search/titlesearch.xhtml,1620585788,14:43:08,20210509
11,2010-03-31,8075.HK,HKD,2010-03-31,2010-03-31,FY,1914000.0,1206000.0,708000.0,0.36990595611285265,0.0,13387000.0,76000.0,0.0,20661000.0,21867000.0,0.0,2662000.0,-17291000.0,-9.033960292580982,-19953000.0,-10.424764890282132,0.0,-19953000.0,-10.424764890282132,-101000.0,-16920000.0,-8.84012539184953,-0.128889,-0.128889,129438712.0,129438712.0,https://www1.hkexnews.hk/search/titlesearch.xhtml,https://www1.hkexnews.hk/search/titlesearch.xhtml,1620585788,14:43:08,20210509
12,2009-03-31,8075.HK,HKD,2009-03-31,2009-03-31,FY,2706000.0,1365000.0,1341000.0,0.4955654101995565,0.0,9328000.0,282000.0,0.0,42048000.0,43413000.0,0.0,3947000.0,-36760000.0,-13.584626755358462,-40707000.0,-15.043237250554323,0.0,-40707000.0,-15.043237250554323,-1155000.0,-47822000.0,-17.672579453067257,-0.402778,-0.402778,119551873.0,119551873.0,https://www1.hkexnews.hk/search/titlesearch.xhtml,https://www1.hkexnews.hk/search/titlesearch.xhtml,1620585788,14:43:08,20210509
13,2008-03-31,8075.HK,HKD,2008-03-31,2008-03-31,FY,6677000.0,18825000.0,-12148000.0,-1.8193799610603565,0.0,13267000.0,226000.0,0.0,42923000.0,61748000.0,0.0,3548000.0,-51523000.0,-7.716489441365883,-55071000.0,-8.247865807997604,0.0,-62795000.0,-9.4046727572263,410000.0,-63205000.0,-9.466077579751385,-0.531667,-0.531667,118880848.0,118880848.0,https://www1.hkexnews.hk/search/titlesearch.xhtml,https://www1.hkexnews.hk/search/titlesearch.xhtml,1620585788,14:43:08,20210509
14,2007-03-31,8075.HK,HKD,2007-03-31,2007-03-31,FY,11860000.0,12925000.0,-1065000.0,-0.08979763912310287,0.0,0.0,0.0,0.0,13581000.0,26506000.0,0.0,53848000.0,39202000.0,3.30539629005059,-14646000.0,-1.2349072512647554,0.0,-11445000.0,-0.965008431703204,14000.0,-68249000.0,-5.754553119730185,-0.58,-0.58,116077936.0,116077936.0,https://www1.hkexnews.hk/search/titlesearch.xhtml,https://www1.hkexnews.hk/search/titlesearch.xhtml,1620585788,14:43:08,20210509
15,2006-03-31,8075.HK,HKD,2006-03-31,2006-03-31,FY,505417000.0,303326000.0,202091000.0,0.39985002483098114,0.0,0.0,87722000.0,0.0,128062000.0,431388000.0,0.0,41766000.0,115795000.0,0.22910784560076136,74029000.0,0.1464711317585281,0.0,73992000.0,0.14639792488183026,33826000.0,40166000.0,0.07947101106610976,0.418889,0.418889,96497603.0,96497603.0,https://www1.hkexnews.hk/search/titlesearch.xhtml,https://www1.hkexnews.hk/search/titlesearch.xhtml,1620585788,14:43:08,20210509
16,2005-03-31,8075.HK,HKD,2005-03-31,2005-03-31,FY,536121000.0,293168000.0,242953000.0,0.45316822135301543,0.0,0.0,133491000.0,0.0,172138000.0,465306000.0,0.0,0.0,70815000.0,0.13208771900373237,70815000.0,0.13208771900373237,0.0,70815000.0,0.13208771900373237,11825000.0,58990000.0,0.11003113103198718,0.596111,0.596111,97002026.0,97002026.0,https://www1.hkexnews.hk/search/titlesearch.xhtml,https://www1.hkexnews.hk/search/titlesearch.xhtml,1620585788,14:43:08,20210509
17,2004-03-31,8075.HK,HKD,2004-03-31,2004-03-31,FY,249646000.0,137472000.0,112174000.0,0.4493322544723328,0.0,0.0,70527000.0,0.0,101028000.0,238500000.0,0.0,5480000.0,16626000.0,0.06659830319732742,11146000.0,0.044647220464177274,0.0,11146000.0,0.044647220464177274,1162000.0,9984000.0,0.03999262956346186,0.080556,0.080556,90521357.0,90521357.0,https://www1.hkexnews.hk/search/titlesearch.xhtml,https://www1.hkexnews.hk/search/titlesearch.xhtml,1620585788,14:43:08,20210509
18,2003-03-31,8075.HK,HKD,2003-03-31,2003-03-31,FY,129373000.0,45503000.0,83870000.0,0.6482805531293238,0.0,0.0,37730000.0,0.0,73299000.0,118802000.0,0.0,2627000.0,13198000.0,0.10201510361512835,10571000.0,0.08170947570203983,0.0,10571000.0,0.08170947570203983,382000.0,10189000.0,0.07875677305156409,0.048333,0.048333,68689638.0,68689638.0,https://www1.hkexnews.hk/search/titlesearch.xhtml,https://www1.hkexnews.hk/search/titlesearch.xhtml,1620585788,14:43:08,20210509
19,2002-03-31,8075.HK,HKD,2002-03-31,2002-03-31,FY,48588000.0,41377000.0,7211000.0,0.1484111303202437,0.0,0.0,13842000.0,0.0,90144000.0,131521000.0,0.0,0.0,-82933000.0,-1.7068617765703467,-82933000.0,-1.7068617765703467,0.0,-82933000.0,-1.7068617765703467,0.0,-82933000.0,-1.7068617765703467,-1.224445,-1.224445,67727842.0,67727842.0,https://www1.hkexnews.hk/search/titlesearch.xhtml,https://www1.hkexnews.hk/search/titlesearch.xhtml,1620585788,14:43:08,20210509
20,2001-03-31,8075.HK,HKD,2001-03-31,2001-03-31,FY,127474000.0,28747000.0,98727000.0,0.7744873464392739,0.0,0.0,13568000.0,0.0,79005000.0,107752000.0,0.0,0.0,19722000.0,0.1547139024428511,19722000.0,0.1547139024428511,0.0,19722000.0,0.1547139024428511,0.0,19722000.0,0.1547139024428511,0.386667,0.386667,51007746.0,51007746.0,https://www1.hkexnews.hk/search/titlesearch.xhtml,https://www1.hkexnews.hk/search/titlesearch.xhtml,1620585788,14:43:08,20210509
21,2000-03-31,8075.HK,HKD,2000-03-31,2000-03-31,FY,1365000.0,127000.0,1238000.0,0.906959706959707,0.0,0.0,431000.0,0.0,2154000.0,2281000.0,0.0,0.0,-916000.0,-0.671062271062271,-916000.0,-0.671062271062271,0.0,-916000.0,-0.671062271062271,0.0,-916000.0,-0.671062271062271,-14.757781,-14.757781,62069.0,62069.0,https://www1.hkexnews.hk/search/titlesearch.xhtml,https://www1.hkexnews.hk/search/titlesearch.xhtml,1620585788,14:43:08,20210509
