,date,symbol,reportedCurrency,fillingDate,acceptedDate,period,revenue,costOfRevenue,grossProfit,grossProfitRatio,researchAndDevelopmentExpenses,generalAndAdministrativeExpenses,sellingAndMarketingExpenses,otherExpenses,operatingExpenses,costAndExpenses,interestExpense,depreciationAndAmortization,ebitda,ebitdaratio,operatingIncome,operatingIncomeRatio,totalOtherIncomeExpensesNet,incomeBeforeTax,incomeBeforeTaxRatio,incomeTaxExpense,netIncome,netIncomeRatio,eps,epsdiluted,weightedAverageShsOut,weightedAverageShsOutDil,link,finalLink,timestamp,est_time,est_date
0,2020-12-31,2086.HK,HKD,2020-12-31,2020-12-31,FY,112747000,57534000,55213000,0.48970704320292335,33018000.0,33794000.0,11610000.0,172000.0,0.0,132752000,318000.0,18738000.0,-1267000.0,-0.011237549557859633,-20005000.0,-0.17627963493485413,0.0,-19875000.0,-0.17627963493485413,320000.0,-20223000.0,-0.179366191561638,-0.06329,-0.06329,319565000,319565000,https://www1.hkexnews.hk/search/titlesearch.xhtml,https://www1.hkexnews.hk/search/titlesearch.xhtml,1620585450,14:37:30,20210509
1,2019-12-31,2086.HK,HKD,2019-12-31,2019-12-31,FY,165727000,74365000,91362000,0.551280117301345,36956000.0,46996000.0,15342000.0,60000.0,98386000.0,172751000,322000.0,21075000.0,14051000.0,0.08478401226112824,-7024000.0,-0.04238295510085864,0.0,-7034000.0,-0.04244329529889517,1225000.0,-8259000.0,-0.04983496955837009,-0.02584,-0.02584,319565000,319565000,https://www1.hkexnews.hk/search/titlesearch.xhtml,https://www1.hkexnews.hk/search/titlesearch.xhtml,1620585450,14:37:30,20210509
2,2018-12-31,2086.HK,HKD,2018-12-31,2018-12-31,FY,137685000,63315000,74370000,0.5401459854014599,30787000.0,51450000.0,16109000.0,192000.0,98346000.0,161661000,0.0,12800000.0,-11176000.0,-0.08117078839379743,-23976000.0,-0.17413661618912735,0.0,-23547000.0,-0.17102080836692451,-93000.0,-23454000.0,-0.17034535352434907,-0.07339,-0.07339,319565000,319565000,https://www1.hkexnews.hk/search/titlesearch.xhtml,https://www1.hkexnews.hk/search/titlesearch.xhtml,1620585450,14:37:30,20210509
3,2017-12-31,2086.HK,HKD,2017-12-31,2017-12-31,FY,182272000,78498000,103774000,0.5693359375,26921000.0,53535000.0,17911000.0,77000.0,97181000.0,175679000,165000.0,11680000.0,18273000.0,0.10025127282303371,6593000.0,0.036171216643258425,0.0,6453000.0,0.03540313377808989,764000.0,5689000.0,0.031211595856741572,0.0178,0.0178,319565000,319565000,https://www1.hkexnews.hk/search/titlesearch.xhtml,https://www1.hkexnews.hk/search/titlesearch.xhtml,1620585450,14:37:30,20210509
4,2016-12-31,2086.HK,HKD,2016-12-31,2016-12-31,FY,152284000,78095000,74189000,0.4871752777704815,36509000.0,39926000.0,16705000.0,1022000.0,93140000.0,171235000,1056000.0,14361000.0,-4590000.0,-0.030141052244490558,-18951000.0,-0.12444511570486722,0.0,-20523000.0,-0.13476793359775158,-2020000.0,-18503000.0,-0.12150324393895616,-0.06268,-0.06268,295202000,295202000,https://www1.hkexnews.hk/search/titlesearch.xhtml,https://www1.hkexnews.hk/search/titlesearch.xhtml,1620585450,14:37:30,20210509
5,2015-12-31,2086.HK,HKD,2015-12-31,2015-12-31,FY,234526000,118287000,116239000,0.49563374636500857,42090000.0,41688000.0,19120000.0,845000.0,102898000.0,221185000,784000.0,14849000.0,28190000.0,0.12019989254922696,13341000.0,0.0568849509222858,0.0,22251000.0,0.09487647425018975,1947000.0,20304000.0,0.08657462285631444,0.068992,0.068992,294301415,294301415,https://www1.hkexnews.hk/search/titlesearch.xhtml,https://www1.hkexnews.hk/search/titlesearch.xhtml,1620585450,14:37:30,20210509
6,2014-12-31,2086.HK,HKD,2014-12-31,2014-12-31,FY,246323000,124466000,121857000,0.4947041080207695,37895000.0,37246000.0,20712000.0,1179000.0,95853000.0,220319000,612000.0,14104000.0,40108000.0,0.16282685741891745,26004000.0,0.10556870450587237,0.0,26579000.0,0.10790303788115604,2855000.0,23724000.0,0.09631256520909537,0.080613,0.080613,294301415,294301415,https://www1.hkexnews.hk/search/titlesearch.xhtml,https://www1.hkexnews.hk/search/titlesearch.xhtml,1620585450,14:37:30,20210509
7,2013-12-31,2086.HK,HKD,2013-12-31,2013-12-31,FY,194360000,81340000,113020000,0.581498250668862,32498000.0,34292000.0,19218000.0,556000.0,86008000.0,167348000,759000.0,13041000.0,40053000.0,0.20607635315908623,27012000.0,0.13897921383000617,0.0,27228000.0,0.1400905536118543,4025000.0,23203000.0,0.11938155999176785,0.078837,0.078837,294301415,294301415,https://www1.hkexnews.hk/search/titlesearch.xhtml,https://www1.hkexnews.hk/search/titlesearch.xhtml,1620585450,14:37:30,20210509
8,2012-12-31,2086.HK,HKD,2012-12-31,2012-12-31,FY,160855000,74009000,86846000,0.5399023965683379,22240000.0,29755000.0,13325000.0,201000.0,65320000.0,139329000,352000.0,8518000.0,30044000.0,0.18677691088247178,21526000.0,0.1338223866214914,0.0,21443000.0,0.13330639395729071,4569000.0,16874000.0,0.10490193030990644,0.057468,0.05741,293631084,293909784,https://www1.hkexnews.hk/search/titlesearch.xhtml,https://www1.hkexnews.hk/search/titlesearch.xhtml,1620585450,14:37:30,20210509
9,2011-12-31,2086.HK,HKD,2011-12-31,2011-12-31,FY,117488000,57043000,60445000,0.51447807435653,18798000.0,23290000.0,10526000.0,0.0,52433000.0,109476000,798000.0,5740000.0,13752000.0,0.11705025194062373,8012000.0,0.06819419855644832,0.0,7214000.0,0.061402015524989785,2095000.0,5119000.0,0.04357040719052158,0.017451,0.017431,293372068,293647661,https://www1.hkexnews.hk/search/titlesearch.xhtml,https://www1.hkexnews.hk/search/titlesearch.xhtml,1620585450,14:37:30,20210509
10,2010-12-31,2086.HK,HKD,2010-12-31,2010-12-31,FY,93729000,43086000,50643000,0.5403130301187467,13857000.0,19952000.0,10393000.0,0.0,43991000.0,87077000,441000.0,4873000.0,11525000.0,0.12296087656968495,6652000.0,0.07097056407301902,0.0,6211000.0,0.06626551014093823,1777000.0,4434000.0,0.04730659667765579,0.015154,0.015057,293732618,293732618,https://www1.hkexnews.hk/search/titlesearch.xhtml,https://www1.hkexnews.hk/search/titlesearch.xhtml,1620585450,14:37:30,20210509
11,2009-12-31,2086.HK,HKD,2009-12-31,2009-12-31,FY,104963000,52521000,52442000,0.4996236769147223,13473000.0,15852000.0,7595000.0,0.0,36753000.0,89274000,299000.0,4103000.0,19792000.0,0.18856168364090203,15689000.0,0.14947171860560388,0.0,15404000.0,0.14675647609157513,3185000.0,12219000.0,0.11641245010146432,0.041889,0.041696,292003432,293167964,https://www1.hkexnews.hk/search/titlesearch.xhtml,https://www1.hkexnews.hk/search/titlesearch.xhtml,1620585450,14:37:30,20210509
12,2008-12-31,2086.HK,HKD,2008-12-31,2008-12-31,FY,96094000,51625000,44469000,0.4627656253252024,10419000.0,14435000.0,7198000.0,0.0,31552000.0,83177000,387000.0,3741000.0,16658000.0,0.1733510937207318,12917000.0,0.13442046329635565,0.0,12530000.0,0.13039315670073054,2826000.0,9704000.0,0.10098445272337503,0.033203,0.033106,291961989,293174181,https://www1.hkexnews.hk/search/titlesearch.xhtml,https://www1.hkexnews.hk/search/titlesearch.xhtml,1620585450,14:37:30,20210509
13,2007-12-31,2086.HK,HKD,2007-12-31,2007-12-31,FY,59326000,29678000,29648000,0.49974715976131884,6773000.0,12908000.0,3742000.0,0.0,23040000.0,52718000,0.0,1164000.0,7772000.0,0.13100495566867815,6608000.0,0.11138455314701817,0.0,6288000.0,0.10599062805515289,1982000.0,4306000.0,0.07258200451741227,0.014767,0.014671,291586841,293505175,https://www1.hkexnews.hk/search/titlesearch.xhtml,https://www1.hkexnews.hk/search/titlesearch.xhtml,1620585450,14:37:30,20210509
14,2006-12-31,2086.HK,HKD,2006-12-31,2006-12-31,FY,43165000,20092000,23073000,0.5345302907448164,0.0,16185000.0,3014000.0,0.0,19113000.0,39205000,0.0,968000.0,4928000.0,0.11416657013784316,3960000.0,0.09174099386076683,0.0,3754000.0,0.08696860882659563,1190000.0,2564000.0,0.05939997683308236,0.008783,0.008783,291918726,291918726,https://www1.hkexnews.hk/search/titlesearch.xhtml,https://www1.hkexnews.hk/search/titlesearch.xhtml,1620585450,14:37:30,20210509
15,2005-12-31,2086.HK,HKD,2005-12-31,2005-12-31,FY,38853000,21808000,17045000,0.4387048619154248,0.0,0.0,0.0,0.0,18707000.0,40515000,0.0,2058000.0,396000.0,0.010192263145703035,-1662000.0,-0.042776619566056676,0.0,-2142000.0,-0.055130877924484595,-2338000.0,196000.0,0.005044655496358068,0.000676,0.000676,291962253,291962253,https://www1.hkexnews.hk/search/titlesearch.xhtml,https://www1.hkexnews.hk/search/titlesearch.xhtml,1620585450,14:37:30,20210509
16,2004-12-31,2086.HK,HKD,2004-12-31,2004-12-31,FY,24369000,14243000,10126000,0.41552792482252043,0.0,2157000.0,0.0,0.0,23993000.0,38236000,0.0,711000.0,-13156000.0,-0.5398662234806516,-13867000.0,-0.5690426361360745,0.0,-13994000.0,-0.5742541753867618,0.0,-13994000.0,-0.5742541753867618,-0.048067,-0.048067,291137302,291137302,https://www1.hkexnews.hk/search/titlesearch.xhtml,https://www1.hkexnews.hk/search/titlesearch.xhtml,1620585450,14:37:30,20210509
17,2003-12-31,2086.HK,HKD,2003-12-31,2003-12-31,FY,38646000,17950000,20696000,0.535527609584433,0.0,1498000.0,0.0,0.0,10454000.0,28404000,0.0,600000.0,10842000.0,0.28054649899083994,10242000.0,0.26502095947834187,0.0,10139000.0,0.2623557418620297,-1614000.0,11753000.0,0.3041194431506495,0.053182,0.053086,220995008,221396817,https://www1.hkexnews.hk/search/titlesearch.xhtml,https://www1.hkexnews.hk/search/titlesearch.xhtml,1620585450,14:37:30,20210509
18,2002-12-31,2086.HK,HKD,2002-12-31,2002-12-31,FY,27794000,15338000,12456000,0.4481542779017054,0.0,825000.0,0.0,0.0,9352000.0,24690000,0.0,581000.0,3685000.0,0.1325825717780816,3104000.0,0.11167877959271785,0.0,3016000.0,0.10851262862488306,0.0,3016000.0,0.10851262862488306,0.014381,0.014381,209715435,209715435,https://www1.hkexnews.hk/search/titlesearch.xhtml,https://www1.hkexnews.hk/search/titlesearch.xhtml,1620585450,14:37:30,20210509
