,date,symbol,reportedCurrency,fillingDate,acceptedDate,period,revenue,costOfRevenue,grossProfit,grossProfitRatio,researchAndDevelopmentExpenses,generalAndAdministrativeExpenses,sellingAndMarketingExpenses,otherExpenses,operatingExpenses,costAndExpenses,interestExpense,depreciationAndAmortization,ebitda,ebitdaratio,operatingIncome,operatingIncomeRatio,totalOtherIncomeExpensesNet,incomeBeforeTax,incomeBeforeTaxRatio,incomeTaxExpense,netIncome,netIncomeRatio,eps,epsdiluted,weightedAverageShsOut,weightedAverageShsOutDil,link,finalLink,timestamp,est_time,est_date
0,2020-12-31,ACIU,CHF,2020-12-31,2020-12-31,FY,15431000.0,0.0,0.0,0.0,59487000,11086000.0,0.0,0.0,0.0,76691000,184000.0,1967000.0,-59293000,-3.8424599831508,-61260000,-3.9699306590629253,-555000.0,-61921000.0,-4.012766508975439,0.0,-61921000.0,-4.012766508975439,-0.870859231085347,-0.870859231085347,71103340,71103340,,,1620586122,14:48:42,20210509
1,2019-12-31,ACIU,CHF,2020-03-30 00:00:00,2020-03-30 09:04:58,FY,111026000.0,0.0,0.0,1.0,50432000,9421000.0,0.0,6637000.0,66490000.0,66490000,1894000.0,1694000.0,46230000,0.41638895393871705,44536000,0.40113126655017745,2496000.0,45442000.0,0.40929151730225355,0.0,45442000.0,0.40929151730225355,0.6391,0.6391,71103340,71103340,https://www.sec.gov/Archives/edgar/data/1651625/000095010320006219/0000950103-20-006219-index.html,https://www.sec.gov/Archives/edgar/data/1651625/000095010320006219/dp124295_20f.htm,1620586122,14:48:42,20210509
2,2018-12-31,ACIU,CHF,2019-03-21 00:00:00,2019-03-21 07:51:06,FY,7194000.0,0.0,0.0,1.0,44277000,7564000.0,0.0,4903000.0,56744000.0,56744000,-269000.0,961000.0,-48589000,-6.754100639421741,-49550000,-6.887684181262163,-1132000.0,-50951000.0,-7.082429802613289,0.0,-50951000.0,-7.082429802613289,-0.82394,-0.82394,61838230,61838230,https://www.sec.gov/Archives/edgar/data/1651625/000095010319003578/0000950103-19-003578-index.html,https://www.sec.gov/Archives/edgar/data/1651625/000095010319003578/dp103711_20f.htm,1620586122,14:48:42,20210509
3,2017-12-31,ACIU,CHF,2018-03-20 00:00:00,2018-03-20 06:03:27,FY,20255000.0,0.0,0.0,1.0,32663000,6274000.0,0.0,3857000.0,42794000.0,42794000,147000.0,580000.0,-21959000,-1.084127375956554,-22539000,-1.1127622809182918,-4055000.0,-26411000.0,-1.30392495680079,0.0,-26411000.0,-1.30392495680079,-0.46267,-0.46267,57084300,57084300,https://www.sec.gov/Archives/edgar/data/1651625/000095010318003508/0000950103-18-003508-index.html,https://www.sec.gov/Archives/edgar/data/1651625/000095010318003508/dp88149_20f.htm,1620586122,14:48:42,20210509
4,2016-12-31,ACIU,CHF,2017-03-17 00:00:00,2017-03-17 06:31:53,FY,23214000.0,0.0,0.0,1.0,25496000,4728000.0,0.0,3168000.0,33670000.0,33670000,3360000.0,278000.0,-10178000,-0.4384423192900836,-10456000,-0.45041785129663137,0.0,-7096000.0,-0.30567760833979496,0.0,-7096000.0,-0.30567760833979496,-0.14165,-0.14165,50096860,50096860,https://www.sec.gov/Archives/edgar/data/1651625/000095010317002540/0000950103-17-002540-index.html,https://www.sec.gov/Archives/edgar/data/1651625/000095010317002540/dp74065_20f.htm,1620586122,14:48:42,20210509
5,2015-12-31,ACIU,CHF,2015-12-31,2015-12-31,FY,39090000.0,0.0,0.0,0.0,16762000,2040000.0,0.0,1377000.0,20466000.0,20466000,1646000.0,287000.0,18911000,0.4837810181632131,18624000,0.476438986953185,0.0,20270000.0,0.5185469429521616,0.0,20270000.0,0.5185469429521616,0.37578,0.37578,53941500,53941500,,,1620586122,14:48:42,20210509
6,2014-12-31,ACIU,CHF,2014-12-31,2014-12-31,FY,30269000.0,0.0,0.0,0.0,16116000,1999000.0,0.0,0.0,19552000.0,19552000,4000.0,298000.0,11015000,0.36390366381446365,10717000,0.354058607816578,0.0,10744000.0,0.35495060953450724,0.0,10744000.0,0.35495060953450724,0.193949,0.193949,55396042,55396042,,,1620586122,14:48:42,20210509
