,date,symbol,reportedCurrency,fillingDate,acceptedDate,period,revenue,costOfRevenue,grossProfit,grossProfitRatio,researchAndDevelopmentExpenses,generalAndAdministrativeExpenses,sellingAndMarketingExpenses,otherExpenses,operatingExpenses,costAndExpenses,interestExpense,depreciationAndAmortization,ebitda,ebitdaratio,operatingIncome,operatingIncomeRatio,totalOtherIncomeExpensesNet,incomeBeforeTax,incomeBeforeTaxRatio,incomeTaxExpense,netIncome,netIncomeRatio,eps,epsdiluted,weightedAverageShsOut,weightedAverageShsOutDil,link,finalLink,timestamp,est_time,est_date
0,2020-12-31,ULE.L,GBP,2020-12-31,2020-12-31,FY,859800000.0,609000000.0,250800000.0,0.2916957431960921,0.0,140600000.0,0.0,0.0,0.0,750200000.0,10600000.0,37500000.0,147100000.0,0.17108629913933474,109600000.0,0.12747150500116305,0.0,103700000.0,0.12060944405675739,19900000.0,83800000.0,0.09746452663410095,1.1820486530943501,1.1820486530943501,70893867,70893867,https://find-and-update.company-information.service.gov.uk/search/companies?q=Ultra+Electronics+Holdings+PLC,https://find-and-update.company-information.service.gov.uk/search/companies?q=Ultra+Electronics+Holdings+PLC,1620599263,18:27:43,20210509
1,2019-12-31,ULE.L,GBP,2019-12-31,2019-12-31,FY,825400000.0,586300000.0,239100000.0,0.28967773200872304,0.0,135600000.0,0.0,0.0,138500000.0,724800000.0,11700000.0,2900000.0,103500000.0,0.12539374848558274,100600000.0,0.12188030046038284,0.0,91000000.0,0.11024957596316937,16400000.0,74500000.0,0.09025926823358371,1.051,1.049,70893867,70987390,https://find-and-update.company-information.service.gov.uk/search/companies?q=Ultra+Electronics+Holdings+PLC,https://find-and-update.company-information.service.gov.uk/search/companies?q=Ultra+Electronics+Holdings+PLC,1620599263,18:27:43,20210509
2,2018-12-31,ULE.L,GBP,2018-12-31,2018-12-31,FY,766745000.0,544649000.0,222096000.0,0.28966083900123246,0.0,138721000.0,1573000.0,0.0,138601000.0,683250000.0,12064000.0,1502000.0,84997000.0,0.11085432575367299,83495000.0,0.1088953954704628,0.0,42555000.0,0.05550085100000652,10205000.0,32381000.0,0.04223177197112469,0.43551813174247966,0.43551326410311947,74350521,74351352,https://find-and-update.company-information.service.gov.uk/search/companies?q=Ultra+Electronics+Holdings+PLC,https://find-and-update.company-information.service.gov.uk/search/companies?q=Ultra+Electronics+Holdings+PLC,1620599263,18:27:43,20210509
3,2017-12-31,ULE.L,GBP,2017-12-31,2017-12-31,FY,775400000.0,545178000.0,230222000.0,0.2969074026309002,0.0,134857000.0,1066000.0,0.0,136871000.0,682049000.0,10590000.0,1197000.0,94548000.0,0.12193448542687645,93351000.0,0.12039076605622905,0.0,60592000.0,0.07814289399019861,11666000.0,48956000.0,0.06313644570544236,0.662,0.661,73959565,74045905,https://find-and-update.company-information.service.gov.uk/search/companies?q=Ultra+Electronics+Holdings+PLC,https://find-and-update.company-information.service.gov.uk/search/companies?q=Ultra+Electronics+Holdings+PLC,1620599263,18:27:43,20210509
4,2016-12-31,ULE.L,GBP,2016-12-31,2016-12-31,FY,785764000.0,536561000.0,249203000.0,0.31714738776528323,0.0,144893000.0,1081000.0,-4076000.0,148850000.0,685411000.0,11272000.0,2876000.0,103229000.0,0.1313740512418487,100353000.0,0.12771391919202202,0.0,67621000.0,0.08605764580713803,9363000.0,58260000.0,0.07414439959071681,0.828375969054854,0.827513279699034,70330384,70403704,https://find-and-update.company-information.service.gov.uk/search/companies?q=Ultra+Electronics+Holdings+PLC,https://find-and-update.company-information.service.gov.uk/search/companies?q=Ultra+Electronics+Holdings+PLC,1620599263,18:27:43,20210509
5,2015-12-31,ULE.L,GBP,2015-12-31,2015-12-31,FY,726286000.0,499510000.0,226776000.0,0.3122406324781147,0.0,143007000.0,1604000.0,-16447000.0,146932000.0,646442000.0,7737000.0,1220000.0,81064000.0,0.1116144328818124,79844000.0,0.10993465384159959,0.0,34761000.0,0.047861310833473315,9772000.0,24989000.0,0.03440655609498187,0.357,0.356,70056025,70145046,https://find-and-update.company-information.service.gov.uk/search/companies?q=Ultra+Electronics+Holdings+PLC,https://find-and-update.company-information.service.gov.uk/search/companies?q=Ultra+Electronics+Holdings+PLC,1620599263,18:27:43,20210509
6,2014-12-31,ULE.L,GBP,2014-12-31,2014-12-31,FY,713741000.0,494294000.0,219447000.0,0.3074602692012929,0.0,137698000.0,1893000.0,-3634000.0,132007000.0,626301000.0,6140000.0,780000.0,88220000.0,0.12360225908277653,87440000.0,0.1225094256880297,0.0,21462000.0,0.030069731176995577,14964000.0,20799000.0,0.02914082279146077,0.298,0.297,69864755,70023617,https://find-and-update.company-information.service.gov.uk/search/companies?q=Ultra+Electronics+Holdings+PLC,https://find-and-update.company-information.service.gov.uk/search/companies?q=Ultra+Electronics+Holdings+PLC,1620599263,18:27:43,20210509
7,2013-12-31,ULE.L,GBP,2013-12-31,2013-12-31,FY,745154000.0,523687000.0,221467000.0,0.29720970430273475,0.0,126371000.0,1883000.0,0.0,119499000.0,643186000.0,5047000.0,608000.0,102576000.0,0.13765745067462565,101968000.0,0.13684151195591784,0.0,49281000.0,0.06613532236289411,11124000.0,38157000.0,0.05120686462127292,0.548,0.547,69588526,69806923,https://find-and-update.company-information.service.gov.uk/search/companies?q=Ultra+Electronics+Holdings+PLC,https://find-and-update.company-information.service.gov.uk/search/companies?q=Ultra+Electronics+Holdings+PLC,1620599263,18:27:43,20210509
8,2012-12-31,ULE.L,GBP,2012-12-31,2012-12-31,FY,760826000.0,534622000.0,226204000.0,0.297313709047798,0.0,140109000.0,1264000.0,0.0,142203000.0,676825000.0,5535000.0,830000.0,84831000.0,0.11149855551729304,84001000.0,0.11040763591149619,0.0,82806000.0,0.10883697455134288,19240000.0,63257000.0,0.08314253193239979,0.915,0.912,69165099,69380237,https://find-and-update.company-information.service.gov.uk/search/companies?q=Ultra+Electronics+Holdings+PLC,https://find-and-update.company-information.service.gov.uk/search/companies?q=Ultra+Electronics+Holdings+PLC,1620599263,18:27:43,20210509
9,2011-12-31,ULE.L,GBP,2011-12-31,2011-12-31,FY,731733000.0,514944000.0,216789000.0,0.296267900996675,40549000.0,0.0,1141000.0,2793000.0,117908000.0,632852000.0,5139000.0,38571000.0,137452000.0,0.18784447332565293,98881000.0,0.13513262351158142,0.0,91179000.0,0.12460692629688698,25015000.0,65884000.0,0.09003830632211476,0.962,0.958,68809084,69070941,https://find-and-update.company-information.service.gov.uk/search/companies?q=Ultra+Electronics+Holdings+PLC,https://find-and-update.company-information.service.gov.uk/search/companies?q=Ultra+Electronics+Holdings+PLC,1620599263,18:27:43,20210509
10,2010-12-31,ULE.L,GBP,2010-12-31,2010-12-31,FY,710043000.0,505425000.0,204618000.0,0.2881769132291988,38945000.0,0.0,1121000.0,2558000.0,113164000.0,618589000.0,5562000.0,31473000.0,122927000.0,0.1731261346143825,91454000.0,0.12880065010147274,0.0,91309000.0,0.12859643711718868,24984000.0,66325000.0,0.09340983574234236,0.968,0.962,68535805,68915351,https://find-and-update.company-information.service.gov.uk/search/companies?q=Ultra+Electronics+Holdings+PLC,https://find-and-update.company-information.service.gov.uk/search/companies?q=Ultra+Electronics+Holdings+PLC,1620599263,18:27:43,20210509
11,2009-12-31,ULE.L,GBP,2009-12-31,2009-12-31,FY,651036000.0,462524000.0,188512000.0,0.28955695230371287,34160000.0,0.0,1038000.0,-2893000.0,111490000.0,574014000.0,6357000.0,36926000.0,113948000.0,0.17502565142326998,77022000.0,0.11830682174257645,0.0,107898000.0,0.16573277053803476,29418000.0,78480000.0,0.12054632923524966,1.151,1.148,68200931,68367087,https://find-and-update.company-information.service.gov.uk/search/companies?q=Ultra+Electronics+Holdings+PLC,https://find-and-update.company-information.service.gov.uk/search/companies?q=Ultra+Electronics+Holdings+PLC,1620599263,18:27:43,20210509
12,2008-12-31,ULE.L,GBP,2008-12-31,2008-12-31,FY,515271000.0,373100000.0,142171000.0,0.27591500394937807,31923000.0,0.0,1050000.0,-837300.0,79612000.0,452712000.0,5813000.0,22514000.0,85073000.0,0.16510341160282646,62559000.0,0.12140989886875062,0.0,-2888000.0,-0.005604817659057079,-4645000.0,1757000.0,0.0034098561727712215,0.025835491033062766,0.025717602341932398,68007223,68318966,https://find-and-update.company-information.service.gov.uk/search/companies?q=Ultra+Electronics+Holdings+PLC,https://find-and-update.company-information.service.gov.uk/search/companies?q=Ultra+Electronics+Holdings+PLC,1620599263,18:27:43,20210509
13,2007-12-31,ULE.L,GBP,2007-12-31,2007-12-31,FY,412890000.0,300380000.0,112510000.0,0.2724938845697401,26040000.0,0.0,875000.0,-4706000.0,58480000.0,358860000.0,3027000.0,11187000.0,65217000.0,0.15795248129041634,54030000.0,0.1308580977984451,0.0,56598000.0,0.13707767201918186,15363000.0,41235000.0,0.0998692145607789,0.609,0.605,67714368,68148401,https://find-and-update.company-information.service.gov.uk/search/companies?q=Ultra+Electronics+Holdings+PLC,https://find-and-update.company-information.service.gov.uk/search/companies?q=Ultra+Electronics+Holdings+PLC,1620599263,18:27:43,20210509
14,2006-12-31,ULE.L,GBP,2006-12-31,2006-12-31,FY,377040000.0,274466000.0,102574000.0,0.2720507107999151,19080000.0,0.0,810000.0,-688000.0,48606000.0,323072000.0,3837000.0,12066000.0,66034000.0,0.17513791640144283,53968000.0,0.14313600678973054,0.0,55012000.0,0.14590494377254404,15404000.0,39608000.0,0.10504986208359855,0.588,0.583,67421160,67950715,https://find-and-update.company-information.service.gov.uk/search/companies?q=Ultra+Electronics+Holdings+PLC,https://find-and-update.company-information.service.gov.uk/search/companies?q=Ultra+Electronics+Holdings+PLC,1620599263,18:27:43,20210509
15,2005-12-31,ULE.L,GBP,2005-12-31,2005-12-31,FY,342410000.0,250160000.0,92250000.0,0.26941386057650185,15124000.0,0.0,825000.0,-949000.0,44417000.0,294577000.0,4115000.0,11582000.0,59415000.0,0.17352004906398763,47833000.0,0.13969510236266464,0.0,40702000.0,0.11886919190444205,11292000.0,29410000.0,0.08589118308460618,0.439,0.435,66905000,67609195,https://find-and-update.company-information.service.gov.uk/search/companies?q=Ultra+Electronics+Holdings+PLC,https://find-and-update.company-information.service.gov.uk/search/companies?q=Ultra+Electronics+Holdings+PLC,1620599263,18:27:43,20210509
16,2004-12-31,ULE.L,GBP,2004-12-31,2004-12-31,FY,310742000.0,229627000.0,81115000.0,0.2610364868604823,13561000.0,0.0,777000.0,-314000.0,37763000.0,267390000.0,3232000.0,5491000.0,48843000.0,0.15718184217131898,43352000.0,0.139511234400242,0.0,40089000.0,0.1290105618165552,10938000.0,29151000.0,0.09381094284004093,0.437,0.434,66779000,67168203,https://find-and-update.company-information.service.gov.uk/search/companies?q=Ultra+Electronics+Holdings+PLC,https://find-and-update.company-information.service.gov.uk/search/companies?q=Ultra+Electronics+Holdings+PLC,1620599263,18:27:43,20210509
17,2003-12-31,ULE.L,GBP,2003-12-31,2003-12-31,FY,284350000.0,210688000.0,73662000.0,0.25905398276771585,12667000.0,0.0,0.0,3173000.0,36080000.0,246768000.0,3250000.0,4294000.0,41876000.0,0.1472692104800422,37582000.0,0.1321681026903464,0.0,29492000.0,0.10371724986812027,9086000.0,20406000.0,0.07176367153156321,0.308,0.307,66040000,66469055,https://find-and-update.company-information.service.gov.uk/search/companies?q=Ultra+Electronics+Holdings+PLC,https://find-and-update.company-information.service.gov.uk/search/companies?q=Ultra+Electronics+Holdings+PLC,1620599263,18:27:43,20210509
18,2002-12-31,ULE.L,GBP,2002-12-31,2002-12-31,FY,260352000.0,195718000.0,64634000.0,0.2482562069813176,10687000.0,0.0,0.0,3533000.0,31192000.0,226910000.0,3677000.0,3816000.0,37258000.0,0.14310625614552605,33442000.0,0.12844917649950835,0.0,26045000.0,0.10003764134709932,8099000.0,17946000.0,0.06892975663716815,0.273,0.273,65849000,65849000,https://find-and-update.company-information.service.gov.uk/search/companies?q=Ultra+Electronics+Holdings+PLC,https://find-and-update.company-information.service.gov.uk/search/companies?q=Ultra+Electronics+Holdings+PLC,1620599263,18:27:43,20210509
19,2001-12-31,ULE.L,GBP,2001-12-31,2001-12-31,FY,239540000.0,178446000.0,61094000.0,0.2550471737496869,10022000.0,0.0,0.0,0.0,29353000.0,207799000.0,4924000.0,4061000.0,35802000.0,0.14946146781330885,31741000.0,0.13250814060282207,0.0,23409000.0,0.09772480587793271,7086000.0,16323000.0,0.06814310762294398,0.249,0.248,65544000,65713000,https://find-and-update.company-information.service.gov.uk/search/companies?q=Ultra+Electronics+Holdings+PLC,https://find-and-update.company-information.service.gov.uk/search/companies?q=Ultra+Electronics+Holdings+PLC,1620599263,18:27:43,20210509
20,2000-12-31,ULE.L,GBP,2000-12-31,2000-12-31,FY,226932000.0,169349000.0,57583000.0,0.25374561542664764,9555000.0,0.0,0.0,0.0,27248000.0,196597000.0,4970000.0,4352000.0,34687000.0,0.15285195565191334,30335000.0,0.1336744046674775,0.0,22651000.0,0.0998140412105829,6650000.0,16001000.0,0.07051010875504557,0.245,0.244,65406000,65627000,https://find-and-update.company-information.service.gov.uk/search/companies?q=Ultra+Electronics+Holdings+PLC,https://find-and-update.company-information.service.gov.uk/search/companies?q=Ultra+Electronics+Holdings+PLC,1620599263,18:27:43,20210509
21,1999-12-31,ULE.L,GBP,1999-12-31,1999-12-31,FY,192981000.0,144974000.0,48007000.0,0.24876542250273342,10136000.0,0.0,0.0,0.0,23470000.0,168444000.0,1557000.0,3260000.0,27797000.0,0.14404008684792804,24537000.0,0.1271472321109332,0.0,21931000.0,0.1136433120358999,6372000.0,15559000.0,0.08062451743954067,0.239,0.238,65055000,65427000,https://find-and-update.company-information.service.gov.uk/search/companies?q=Ultra+Electronics+Holdings+PLC,https://find-and-update.company-information.service.gov.uk/search/companies?q=Ultra+Electronics+Holdings+PLC,1620599263,18:27:43,20210509
22,1998-12-31,ULE.L,GBP,1998-12-31,1998-12-31,FY,158654000.0,116773000.0,41881000.0,0.2639769561435577,10222000.0,0.0,0.0,0.0,20963000.0,137736000.0,188000.0,2504000.0,23422000.0,0.14762943260176234,20918000.0,0.1318466600274812,0.0,21057000.0,0.13272278039003113,6416000.0,14641000.0,0.09228257718053122,0.225,0.224,65000000,65326000,https://find-and-update.company-information.service.gov.uk/search/companies?q=Ultra+Electronics+Holdings+PLC,https://find-and-update.company-information.service.gov.uk/search/companies?q=Ultra+Electronics+Holdings+PLC,1620599263,18:27:43,20210509
23,1997-12-31,ULE.L,GBP,1997-12-31,1997-12-31,FY,143350000.0,0.0,0.0,0.0,10526000.0,0.0,0.0,0.0,125366000.0,125366000.0,137000.0,2113000.0,20097000.0,0.1401953261248692,17984000.0,0.12545517963027555,0.0,18086000.0,0.12616672479944194,4920000.0,13166000.0,0.09184513428671084,0.203,0.202,65000000,65211000,https://find-and-update.company-information.service.gov.uk/search/companies?q=Ultra+Electronics+Holdings+PLC,https://find-and-update.company-information.service.gov.uk/search/companies?q=Ultra+Electronics+Holdings+PLC,1620599263,18:27:43,20210509
24,1996-12-31,ULE.L,GBP,1996-12-31,1996-12-31,FY,123589000.0,0.0,123589000.0,1.0,9619000.0,0.0,0.0,0.0,108988000.0,108988000.0,84000.0,2222000.0,16823000.0,0.1361205285260015,14601000.0,0.11814158217964382,0.0,14088000.0,0.1139907273301022,4244000.0,9844000.0,0.0796511016352588,0.161,0.161,59075000,59075000,https://find-and-update.company-information.service.gov.uk/search/companies?q=Ultra+Electronics+Holdings+PLC,https://find-and-update.company-information.service.gov.uk/search/companies?q=Ultra+Electronics+Holdings+PLC,1620599263,18:27:43,20210509
25,1995-12-31,ULE.L,GBP,1995-12-31,1995-12-31,FY,97267000.0,0.0,97267000.0,1.0,4946000.0,0.0,0.0,0.0,86622000.0,86622000.0,1148000.0,1551000.0,12196000.0,0.12538682184091213,10645000.0,0.10944102316304605,0.0,6383000.0,0.0656234899811858,1900000.0,4483000.0,0.04608962957632085,0.047,0.047,59075000,59075000,https://find-and-update.company-information.service.gov.uk/search/companies?q=Ultra+Electronics+Holdings+PLC,https://find-and-update.company-information.service.gov.uk/search/companies?q=Ultra+Electronics+Holdings+PLC,1620599263,18:27:43,20210509
26,1994-12-31,ULE.L,GBP,1994-12-31,1994-12-31,FY,0.0,0.0,0.0,0.0,0.0,0.0,0.0,0.0,0.0,0.0,0.0,0.0,0.0,0.0,0.0,0.0,0.0,0.0,0.0,0.0,0.0,0.0,0.0,0.0,70893867,70893867,https://find-and-update.company-information.service.gov.uk/search/companies?q=Ultra+Electronics+Holdings+PLC,https://find-and-update.company-information.service.gov.uk/search/companies?q=Ultra+Electronics+Holdings+PLC,1620599263,18:27:43,20210509
27,1993-09-30,ULE.L,GBP,1993-09-30,1993-09-30,FY,80289000.0,0.0,80289000.0,1.0,4247000.0,0.0,0.0,0.0,75558000.0,75558000.0,1564000.0,937000.0,5668000.0,0.0705949756504627,4731000.0,0.058924634756940555,0.0,871000.0,0.01084831047839679,-59000.0,930000.0,0.011583155849493704,0.01,0.01,59075000,59075000,https://find-and-update.company-information.service.gov.uk/search/companies?q=Ultra+Electronics+Holdings+PLC,https://find-and-update.company-information.service.gov.uk/search/companies?q=Ultra+Electronics+Holdings+PLC,1620599263,18:27:43,20210509
