,date,symbol,reportedCurrency,fillingDate,acceptedDate,period,revenue,costOfRevenue,grossProfit,grossProfitRatio,researchAndDevelopmentExpenses,generalAndAdministrativeExpenses,sellingAndMarketingExpenses,otherExpenses,operatingExpenses,costAndExpenses,interestExpense,depreciationAndAmortization,ebitda,ebitdaratio,operatingIncome,operatingIncomeRatio,totalOtherIncomeExpensesNet,incomeBeforeTax,incomeBeforeTaxRatio,incomeTaxExpense,netIncome,netIncomeRatio,eps,epsdiluted,weightedAverageShsOut,weightedAverageShsOutDil,link,finalLink,timestamp,est_time,est_date
0,2020-12-31,HUT.TO,CAD,2020-12-31,2020-12-31,FY,40710527.0,60992768.0,-20282241.0,-0.4982062993190926,0.0,3385163.0,0.0,5645.0,0.0,64377931.0,2449167.0,21264918.0,-2402486.0,-0.059013876189812034,-23667404.0,-0.5813583302422,30099717.0,3991447.0,0.09804459175878515,-15048707.0,19040154.0,0.46769608263729917,0.21298289607929288,0.21298289607929288,89397573.0,89397573.0,https://www.sedar.com/ModifyCompanyDocumentSearchForm.do?lang=EN&company_search=HUT 8 MINING CORP&document_selection=0&industry_group=A&FromDate=13&FromMonth=05&FromYear=2000&ToDate=13&ToMonth=11&ToYear=2020&Variable=Issuer,https://www.sedar.com/ModifyCompanyDocumentSearchForm.do?lang=EN&company_search=HUT 8 MINING CORP&document_selection=0&industry_group=A&FromDate=13&FromMonth=05&FromYear=2000&ToDate=13&ToMonth=11&ToYear=2020&Variable=Issuer,1620593307,16:48:27,20210509
1,2019-12-31,HUT.TO,CAD,2019-12-31,2019-12-31,FY,81990119.0,78502146.0,3487973.0,0.04254138233413224,0.0,6120347.0,0.0,-67247.0,6120347.0,84622493.0,4826061.0,33053597.0,30421223.0,0.3710352341359573,-2632374.0,-0.03210599072310165,9547761.0,2130570.0,0.025985692251526065,0.0,2130570.0,0.025985692251526065,0.023832526191734534,0.023513368524863652,89397573.0,90611007.0,https://www.sedar.com/ModifyCompanyDocumentSearchForm.do?lang=EN&company_search=HUT 8 MINING CORP&document_selection=0&industry_group=A&FromDate=13&FromMonth=05&FromYear=2000&ToDate=13&ToMonth=11&ToYear=2020&Variable=Issuer,https://www.sedar.com/ModifyCompanyDocumentSearchForm.do?lang=EN&company_search=HUT 8 MINING CORP&document_selection=0&industry_group=A&FromDate=13&FromMonth=05&FromYear=2000&ToDate=13&ToMonth=11&ToYear=2020&Variable=Issuer,1620593307,16:48:27,20210509
2,2018-12-31,HUT.TO,CAD,2018-12-31,2018-12-31,FY,49439100.0,71892309.0,-22453209.0,-0.45415893493206794,0.0,8791314.0,0.0,448264.0,26654001.0,98546310.0,904511.0,47018781.0,-2088429.0,-0.04224245586994909,-49107210.0,-0.9932868923584774,-85634823.0,-136765537.0,-2.766343582306312,0.0,-136765537.0,-2.766343582306312,-2.43,-2.43,56188943.0,56188943.0,https://www.sedar.com/ModifyCompanyDocumentSearchForm.do?lang=EN&company_search=HUT 8 MINING CORP&document_selection=0&industry_group=A&FromDate=13&FromMonth=05&FromYear=2000&ToDate=13&ToMonth=11&ToYear=2020&Variable=Issuer,https://www.sedar.com/ModifyCompanyDocumentSearchForm.do?lang=EN&company_search=HUT 8 MINING CORP&document_selection=0&industry_group=A&FromDate=13&FromMonth=05&FromYear=2000&ToDate=13&ToMonth=11&ToYear=2020&Variable=Issuer,1620593307,16:48:27,20210509
3,2017-06-30,HUT.TO,CAD,2017-06-30,2017-06-30,FY,0.0,0.0,0.0,0.0,0.0,105959.0,0.0,0.0,105959.0,105959.0,0.0,0.0,-105959.0,0.0,-105959.0,0.0,0.0,-105959.0,0.0,0.0,-105959.0,0.0,-2.111152,-2.111152,56841.0,56841.0,https://www.sedar.com/ModifyCompanyDocumentSearchForm.do?lang=EN&company_search=HUT 8 MINING CORP&document_selection=0&industry_group=A&FromDate=13&FromMonth=05&FromYear=2000&ToDate=13&ToMonth=11&ToYear=2020&Variable=Issuer,https://www.sedar.com/ModifyCompanyDocumentSearchForm.do?lang=EN&company_search=HUT 8 MINING CORP&document_selection=0&industry_group=A&FromDate=13&FromMonth=05&FromYear=2000&ToDate=13&ToMonth=11&ToYear=2020&Variable=Issuer,1620593307,16:48:27,20210509
4,2016-06-30,HUT.TO,CAD,2016-06-30,2016-06-30,FY,0.0,0.0,0.0,0.0,0.0,105438.0,0.0,0.0,105438.0,105438.0,0.0,0.0,-105438.0,0.0,-105438.0,0.0,0.0,-105438.0,0.0,0.0,-105438.0,0.0,-2.111152,-2.111152,56841.0,56841.0,https://www.sedar.com/ModifyCompanyDocumentSearchForm.do?lang=EN&company_search=HUT 8 MINING CORP&document_selection=0&industry_group=A&FromDate=13&FromMonth=05&FromYear=2000&ToDate=13&ToMonth=11&ToYear=2020&Variable=Issuer,https://www.sedar.com/ModifyCompanyDocumentSearchForm.do?lang=EN&company_search=HUT 8 MINING CORP&document_selection=0&industry_group=A&FromDate=13&FromMonth=05&FromYear=2000&ToDate=13&ToMonth=11&ToYear=2020&Variable=Issuer,1620593307,16:48:27,20210509
5,2015-06-30,HUT.TO,CAD,2015-06-30,2015-06-30,FY,0.0,0.0,0.0,0.0,0.0,57107.0,0.0,0.0,57107.0,57107.0,0.0,0.0,-32107.0,0.0,-57107.0,0.0,-25000.0,-82107.0,0.0,0.0,-82107.0,0.0,-1.583364,-1.583364,56841.0,56841.0,https://www.sedar.com/ModifyCompanyDocumentSearchForm.do?lang=EN&company_search=HUT 8 MINING CORP&document_selection=0&industry_group=A&FromDate=13&FromMonth=05&FromYear=2000&ToDate=13&ToMonth=11&ToYear=2020&Variable=Issuer,https://www.sedar.com/ModifyCompanyDocumentSearchForm.do?lang=EN&company_search=HUT 8 MINING CORP&document_selection=0&industry_group=A&FromDate=13&FromMonth=05&FromYear=2000&ToDate=13&ToMonth=11&ToYear=2020&Variable=Issuer,1620593307,16:48:27,20210509
6,2014-06-30,HUT.TO,CAD,2014-06-30,2014-06-30,FY,0.0,0.0,0.0,0.0,0.0,225219.0,0.0,0.0,225219.0,225219.0,0.0,0.0,-225219.0,0.0,-225219.0,0.0,0.0,-225219.0,0.0,0.0,-225219.0,0.0,-4.222304,-4.222304,56841.0,56841.0,https://www.sedar.com/ModifyCompanyDocumentSearchForm.do?lang=EN&company_search=HUT 8 MINING CORP&document_selection=0&industry_group=A&FromDate=13&FromMonth=05&FromYear=2000&ToDate=13&ToMonth=11&ToYear=2020&Variable=Issuer,https://www.sedar.com/ModifyCompanyDocumentSearchForm.do?lang=EN&company_search=HUT 8 MINING CORP&document_selection=0&industry_group=A&FromDate=13&FromMonth=05&FromYear=2000&ToDate=13&ToMonth=11&ToYear=2020&Variable=Issuer,1620593307,16:48:27,20210509
7,2013-06-30,HUT.TO,CAD,2013-06-30,2013-06-30,FY,0.0,0.0,0.0,0.0,0.0,168873.0,0.0,0.0,168873.0,168873.0,0.0,0.0,-168873.0,0.0,-168873.0,0.0,-2000.0,-168873.0,0.0,0.0,-168873.0,0.0,-4.222304,-4.222304,42173.0,42173.0,https://www.sedar.com/ModifyCompanyDocumentSearchForm.do?lang=EN&company_search=HUT 8 MINING CORP&document_selection=0&industry_group=A&FromDate=13&FromMonth=05&FromYear=2000&ToDate=13&ToMonth=11&ToYear=2020&Variable=Issuer,https://www.sedar.com/ModifyCompanyDocumentSearchForm.do?lang=EN&company_search=HUT 8 MINING CORP&document_selection=0&industry_group=A&FromDate=13&FromMonth=05&FromYear=2000&ToDate=13&ToMonth=11&ToYear=2020&Variable=Issuer,1620593307,16:48:27,20210509
8,2012-06-30,HUT.TO,CAD,2012-06-30,2012-06-30,FY,0.0,0.0,0.0,0.0,0.0,0.0,0.0,0.0,0.0,0.0,0.0,0.0,0.0,0.0,0.0,0.0,0.0,0.0,0.0,0.0,0.0,0.0,0.0,0.0,246311.0,246311.0,https://www.sedar.com/ModifyCompanyDocumentSearchForm.do?lang=EN&company_search=HUT 8 MINING CORP&document_selection=0&industry_group=A&FromDate=13&FromMonth=05&FromYear=2000&ToDate=13&ToMonth=11&ToYear=2020&Variable=Issuer,https://www.sedar.com/ModifyCompanyDocumentSearchForm.do?lang=EN&company_search=HUT 8 MINING CORP&document_selection=0&industry_group=A&FromDate=13&FromMonth=05&FromYear=2000&ToDate=13&ToMonth=11&ToYear=2020&Variable=Issuer,1620593307,16:48:27,20210509
