,date,symbol,reportedCurrency,fillingDate,acceptedDate,period,revenue,costOfRevenue,grossProfit,grossProfitRatio,researchAndDevelopmentExpenses,generalAndAdministrativeExpenses,sellingAndMarketingExpenses,otherExpenses,operatingExpenses,costAndExpenses,interestExpense,depreciationAndAmortization,ebitda,ebitdaratio,operatingIncome,operatingIncomeRatio,totalOtherIncomeExpensesNet,incomeBeforeTax,incomeBeforeTaxRatio,incomeTaxExpense,netIncome,netIncomeRatio,eps,epsdiluted,weightedAverageShsOut,weightedAverageShsOutDil,link,finalLink,timestamp,est_time,est_date
0,2016-12-31,RAI,USD,2017-02-09 00:00:00,2017-02-09 08:20:36,FY,12503000000,4841000000,7662000000,0.6128129248980245,101000000.0,1931000000,0.0,260000000.0,2055000000,6896000000,626000000.0,123000000.0,10692000000,0.8551547628569144,10569000000,0.8453171238902664,260000000.0,6097000000,0.48764296568823484,3618000000,6073000000,0.48572342637766935,4.255820130106301,4.247052134610502,1426987000,1429933000,https://www.sec.gov/Archives/edgar/data/1275283/000156459017001245/0001564590-17-001245-index.html,https://www.sec.gov/Archives/edgar/data/1275283/000156459017001245/rai-10k_20161231.htm,1620597049,17:50:49,20210509
1,2015-12-31,RAI,USD,2016-02-11 00:00:00,2016-02-11 10:07:06,FY,10675000000,4688000000,5987000000,0.5608430913348946,107000000.0,2098000000,0.0,5000000.0,2223000000,6911000000,570000000.0,122000000.0,7075000000,0.6627634660421545,6953000000,0.6513348946135832,5000000.0,3279000000,0.3071662763466042,3131000000,3253000000,0.30473067915690866,2.573205440355898,2.5660341638301984,1264182000,1267715000,https://www.sec.gov/Archives/edgar/data/1275283/000156459016012630/0001564590-16-012630-index.html,https://www.sec.gov/Archives/edgar/data/1275283/000156459016012630/rai-10k_20151231.htm,1620597049,17:50:49,20210509
2,2014-12-31,RAI,USD,2015-02-10,2015-02-10 09:55:43,FY,8471000000,4058000000,4413000000,0.5209538425215441,88000000.0,1871000000,0.0,-14000000.0,1970000000,6028000000,286000000.0,106000000.0,2637000000,0.3112973674890804,2531000000,0.29878408688466535,-14000000.0,2262000000,0.26702868610553654,817000000,1470000000,0.1735332310234919,2.757146072473554,2.747817634633718,533160000,534970000,https://www.sec.gov/Archives/edgar/data/1275283/000119312515040558/0001193125-15-040558-index.htm,https://www.sec.gov/Archives/edgar/data/1275283/000119312515040558/d821365d10k.htm,1620597049,17:50:49,20210509
3,2013-12-31,RAI,USD,2014-02-11,2014-02-11 09:56:42,FY,8236000000,3678000000,4558000000,0.5534239922292375,72000000.0,1389000000,0.0,137000000.0,1466000000,5144000000,259000000.0,103000000.0,3235000000,0.39278776104905294,3132000000,0.38028169014084506,0.0,2741000000,0.3328071879553181,1023000000,1718000000,0.20859640602234095,3.1527274395559024,3.1410606839028867,544925000,546949000,https://www.sec.gov/Archives/edgar/data/1275283/000119312514044598/0001193125-14-044598-index.htm,https://www.sec.gov/Archives/edgar/data/1275283/000119312514044598/d627677d10k.htm,1620597049,17:50:49,20210509
4,2012-12-31,RAI,USD,2013-02-12 00:00:00,2013-02-12 10:04:35,FY,8304000000,4321000000,3983000000,0.47964836223506746,62000000.0,1470000000,0.0,34000000.0,62000000,62000000,0.0,0.0,1983000000,0.2666184971098266,1983000000,0.23880057803468208,0.0,1983000000,0.23880057803468208,725000000,1272000000,0.1531791907514451,2.307051924991793,2.298310597163249,551353000,553450000,https://www.sec.gov/Archives/edgar/data/1275283/000119312513050521/0001193125-13-050521-index.html,https://www.sec.gov/Archives/edgar/data/1275283/000119312513050521/d449654d10k.htm,1620597049,17:50:49,20210509
5,2011-12-31,RAI,USD,2012-02-15 00:00:00,2012-02-15 13:07:52,FY,8541000000,4464000000,4077000000,0.4773445732349842,0.0,1606000000,0.0,3000000.0,1606000000,6070000000,0.0,0.0,2399000000,0.28088045896265074,2399000000,0.28088045896265074,0.0,2186000000,0.2559419271748039,780000000,1406000000,0.16461772626156188,2.550090413945331,2.5404282229650375,551353000,553450000,https://www.sec.gov/Archives/edgar/data/1275283/000119312512062917/0001193125-12-062917-index.html,https://www.sec.gov/Archives/edgar/data/1275283/000119312512062917/d268047d10k.htm,1620597049,17:50:49,20210509
6,2010-12-31,RAI,USD,2011-02-23,2011-02-23 12:09:59,FY,8551000000,4544000000,4007000000,0.46860016372354113,0.0,1493000000,0.0,7000000.0,1493000000,6037000000,0.0,0.0,2419000000,0.2828908899543913,2419000000,0.2828908899543913,0.0,2192000000,0.2563442872178693,863000000,1113000000,0.13016021517951118,2.018670434367819,2.0110217725178425,551353000,553450000,https://www.sec.gov/Archives/edgar/data/1275283/000095012311016932/0000950123-11-016932-index.htm,https://www.sec.gov/Archives/edgar/data/1275283/000095012311016932/g24443e10vk.htm,1620597049,17:50:49,20210509
7,2009-12-31,RAI,USD,2010-02-19 00:00:00,2010-02-19 11:21:54,FY,8419000000,4485000000,3934000000,0.46727639862216414,0.0,1508000000,0.0,9000000.0,1508000000,5993000000,-251000000.0,0.0,1775000000,0.21083264045611116,1775000000,0.21083264045611116,0.0,1534000000,0.18220691293502791,572000000,962000000,0.11426535217959377,1.7447987042783843,1.7381877315023941,551353000,553450000,https://www.sec.gov/Archives/edgar/data/1275283/000095012310014419/0000950123-10-014419-index.html,https://www.sec.gov/Archives/edgar/data/1275283/000095012310014419/g22051e10vk.htm,1620597049,17:50:49,20210509
8,2008-12-31,RAI,USD,2009-02-23 00:00:00,2009-02-23 11:15:15,FY,8845000000,4863000000,3982000000,0.45019785189372524,0.0,1500000000,0.0,37000000.0,1500000000,6363000000,-275000000.0,0.0,2052000000,0.23199547767100057,2052000000,0.23199547767100057,37000000.0,2128000000,0.2405879027699265,790000000,1338000000,0.151271905031091,4.58,4.58,292139737,292139737,https://www.sec.gov/Archives/edgar/data/1275283/000095014409001505/0000950144-09-001505-index.html,https://www.sec.gov/Archives/edgar/data/1275283/000095014409001505/g17683e10vk.htm,1620597049,17:50:49,20210509
9,2007-12-31,RAI,USD,2008-02-27,2008-02-27 08:59:20,FY,9023000000,4960000000,4063000000,0.4502936938933836,0.0,1687000000,0.0,11000000.0,1687000000,6647000000,-338000000.0,0.0,2288000000,0.25357419926853597,2288000000,0.25357419926853597,11000000.0,2073000000,0.22974620414496288,766000000,1308000000,0.14496287265876096,4.44,4.44,294594594,294594594,https://www.sec.gov/Archives/edgar/data/1275283/000095014408001414/0000950144-08-001414-index.htm,https://www.sec.gov/Archives/edgar/data/1275283/000095014408001414/g11863e10vk.htm,1620597049,17:50:49,20210509
10,2006-12-31,RAI,USD,2007-02-27,2007-02-27 16:25:23,FY,8010000000,4803000000,3207000000,0.400374531835206,0.0,1658000000,0.0,-13000000.0,1658000000,6461000000,-270000000.0,0.0,1930000000,0.24094881398252185,1930000000,0.24094881398252185,-13000000.0,1809000000,0.2258426966292135,673000000,1210000000,0.15106117353308365,3.85,3.85,314285714,314285714,https://www.sec.gov/Archives/edgar/data/1275283/000095014407001653/0000950144-07-001653-index.htm,https://www.sec.gov/Archives/edgar/data/1275283/000095014407001653/g05637e10vk.htm,1620597049,17:50:49,20210509
11,2005-12-31,RAI,USD,2006-02-27,2006-02-27 12:55:29,FY,7779000000,4919000000,2860000000,0.3676565111196812,0.0,1611000000,0.0,15000000.0,1611000000,6530000000,-113000000.0,0.0,1459000000,0.1875562411621031,1459000000,0.1875562411621031,15000000.0,1416000000,0.18202853837254146,431000000,1042000000,0.1339503792261216,6.68,6.68,155988023,155988023,https://www.sec.gov/Archives/edgar/data/1275283/000095014406001530/0000950144-06-001530-index.htm,https://www.sec.gov/Archives/edgar/data/1275283/000095014406001530/g99749e10vk.htm,1620597049,17:50:49,20210509
12,2004-12-31,RAI,USD,2005-03-09,2005-03-09 15:27:33,FY,6196000000,3872000000,2324000000,0.3750806972240155,0.0,1455000000,0.0,-2000000.0,1455000000,5327000000,-85000000.0,0.0,882000000,0.14234990316333118,882000000,0.14234990316333118,-2000000.0,829000000,0.13379599741768883,202000000,688000000,0.11103938024531956,5.66,5.66,121554770,121554770,https://www.sec.gov/Archives/edgar/data/1275283/000095014405002273/0000950144-05-002273-index.htm,https://www.sec.gov/Archives/edgar/data/1275283/000095014405002273/g93533e10vk.htm,1620597049,17:50:49,20210509
