,date,symbol,reportedCurrency,fillingDate,acceptedDate,period,revenue,costOfRevenue,grossProfit,grossProfitRatio,researchAndDevelopmentExpenses,generalAndAdministrativeExpenses,sellingAndMarketingExpenses,otherExpenses,operatingExpenses,costAndExpenses,interestExpense,depreciationAndAmortization,ebitda,ebitdaratio,operatingIncome,operatingIncomeRatio,totalOtherIncomeExpensesNet,incomeBeforeTax,incomeBeforeTaxRatio,incomeTaxExpense,netIncome,netIncomeRatio,eps,epsdiluted,weightedAverageShsOut,weightedAverageShsOutDil,link,finalLink,timestamp,est_time,est_date
0,2020-06-30,MCX.AX,AUD,2020-06-30,2020-06-30,FY,-397880.0,0.0,0.0,0.0,0.0,256657.0,0.0,229520.0,0.0,0.0,81952.0,4587.0,0.0,0.0,0.0,1.0797325826882478,0.0,-429604.0,1.0797325826882478,0.0,-429604.0,1.0797325826882478,-0.03127103186602031,-0.03127103186602031,13738082.0,13738082.0,,,1620594852,17:14:12,20210509
1,2019-06-30,MCX.AX,AUD,2019-06-30,2019-06-30,FY,61903.0,0.0,0.0,0.0,0.0,79473.0,0.0,0.0,0.0,0.0,189334.0,0.0,0.0,0.0,0.0,-0.2838311551944171,0.0,-17570.0,-0.2838311551944171,0.0,-17570.0,-0.2838311551944171,0.0011,0.0011,13738082.0,13738082.0,,,1620594852,17:14:12,20210509
2,2018-06-30,MCX.AX,AUD,2018-06-30,2018-06-30,FY,-14756.0,0.0,0.0,0.0,0.0,23244.0,0.0,0.0,0.0,0.0,192074.0,0.0,0.0,0.0,0.0,2.5752236378422335,0.0,-38000.0,2.5752236378422335,0.0,-38000.0,2.5752236378422335,-0.0028,-0.0028,13738082.0,13738082.0,,,1620594852,17:14:12,20210509
3,2017-06-30,MCX.AX,AUD,2017-06-30,2017-06-30,FY,-221168.0,0.0,0.0,0.0,0.0,21551.0,0.0,-1.0,0.0,0.0,228887.0,0.0,0.0,0.0,0.0,1.0974508066266369,0.0,-242721.0,1.0974508066266369,0.0,-242721.0,1.0974508066266369,-0.0177,-0.0177,13738082.0,13738082.0,,,1620594852,17:14:12,20210509
4,2016-06-30,MCX.AX,AUD,2016-06-30,2016-06-30,FY,-320234.0,0.0,0.0,0.0,0.0,24898.0,0.0,16744.0,0.0,0.0,359353.0,0.0,0.0,0.0,0.0,1.0254626304514824,0.0,-328388.0,1.0254626304514824,0.0,-328388.0,1.0254626304514824,-0.0239,-0.0239,13738082.0,13738082.0,,,1620594852,17:14:12,20210509
5,2015-06-30,MCX.AX,AUD,2015-06-30,2015-06-30,FY,-743862.0,0.0,0.0,0.0,0.0,27813.0,0.0,34044.0,0.0,0.0,530804.0,0.0,0.0,0.0,0.0,0.9916234462843915,0.0,-737631.0,0.9916234462843915,0.0,-737631.0,0.9916234462843915,-0.0537,-0.0537,13738082.0,13738082.0,,,1620594852,17:14:12,20210509
6,2014-06-30,MCX.AX,AUD,2014-06-30,2014-06-30,FY,-357961.0,0.0,0.0,0.0,0.0,153206.0,0.0,150327.0,0.0,0.0,107445.0,0.0,0.0,0.0,0.0,2.2965350973988787,0.0,-822070.0,2.2965350973988787,0.0,-822070.0,2.2965350973988787,-0.0673,-0.0673,13738082.0,13738082.0,,,1620594852,17:14:12,20210509
7,2013-06-30,MCX.AX,AUD,2013-06-30,2013-06-30,FY,-467070.0,0.0,0.0,0.0,0.0,796805.0,0.0,301409.0,0.0,0.0,232450.0,0.0,0.0,0.0,0.0,5.171612392146788,0.0,-2415505.0,5.171612392146788,0.0,-2415505.0,5.171612392146788,-0.1974,-0.1974,12238082.0,12238082.0,,,1620594852,17:14:12,20210509
8,2012-06-30,MCX.AX,AUD,2012-06-30,2012-06-30,FY,861999.0,0.0,0.0,0.0,0.0,244304.0,0.0,542254.0,0.0,0.0,151523.0,0.0,0.0,0.0,0.0,1.3225664994970991,0.0,1140051.0,1.3225664994970991,0.0,1140051.0,1.3225664994970991,0.1378,0.1378,8279198.0,8279198.0,,,1620594852,17:14:12,20210509
9,2011-06-30,MCX.AX,AUD,2011-06-30,2011-06-30,FY,2007444.0,0.0,0.0,0.0,0.0,1058170.0,0.0,-224591.0,0.0,0.0,0.0,9560.0,0.0,0.0,0.0,0.10005609122844772,0.0,200857.0,0.10005609122844772,0.0,408492.0,0.20348861537357954,0.1,0.1,4208987.0,4208987.0,,,1620594852,17:14:12,20210509
10,2010-06-30,MCX.AX,AUD,2010-06-30,2010-06-30,FY,-2395227.0,0.0,0.0,0.0,0.0,1836664.0,0.0,-5547735.0,0.0,0.0,1956885.0,46061.0,0.0,0.0,0.0,4.284107936325033,0.0,-10261411.0,4.284107936325033,0.0,-10261411.0,4.284107936325033,-4.15,-4.15,2469483.0,2469483.0,,,1620594852,17:14:12,20210509
11,2009-06-30,MCX.AX,AUD,2009-06-30,2009-06-30,FY,1094000.0,0.0,0.0,0.0,0.0,12952000.0,0.0,-22652000.0,0.0,0.0,2811000.0,216000.0,0.0,0.0,0.0,-56.5109689213894,0.0,-61823000.0,-56.5109689213894,0.0,-61823000.0,-56.5109689213894,-25.0,-25.0,2469483.0,2469483.0,,,1620594852,17:14:12,20210509
12,2008-06-30,MCX.AX,AUD,2008-06-30,2008-06-30,FY,-37284000.0,0.0,0.0,0.0,0.0,18209000.0,0.0,-3449000.0,0.0,0.0,7665000.0,356000.0,0.0,0.0,0.0,1.9288166505739728,0.0,-71914000.0,1.9288166505739728,-6663000.0,-65251000.0,1.750107284626113,-26.5,-26.5,2459917.0,2459917.0,,,1620594852,17:14:12,20210509
13,2007-06-30,MCX.AX,AUD,2007-06-30,2007-06-30,FY,69138000.0,0.0,0.0,0.0,0.0,18612000.0,0.0,-24511000.0,0.0,0.0,5364000.0,243000.0,0.0,0.0,0.0,0.3286325898926784,0.0,22721000.0,0.3286325898926784,4871000.0,17424000.0,0.2520177037229888,14.4,13.9,1207465.0,1207465.0,,,1620594852,17:14:12,20210509
14,2006-06-30,MCX.AX,AUD,2006-06-30,2006-06-30,FY,42463000.0,0.0,0.0,0.0,0.0,21400000.0,0.0,1315000.0,0.0,0.0,5595000.0,249000.0,0.0,0.0,0.0,0.3748439818194664,0.0,15917000.0,0.3748439818194664,6048000.0,10236000.0,0.24105692014224148,6.8,6.8,1508133.0,1508133.0,,,1620594852,17:14:12,20210509
15,2005-06-30,MCX.AX,AUD,2005-06-30,2005-06-30,FY,5013000.0,0.0,0.0,0.0,0.0,13499000.0,0.0,907000.0,0.0,0.0,3581000.0,259000.0,0.0,0.0,0.0,-1.1358467983243568,0.0,-5694000.0,-1.1358467983243568,-5694000.0,532000.0,0.10612407739876321,-2.05,-2.05,1284268.0,1284268.0,,,1620594852,17:14:12,20210509
16,2004-06-30,MCX.AX,AUD,2004-06-30,2004-06-30,FY,1870402.0,0.0,0.0,0.0,0.0,5416394.0,0.0,26282.0,0.0,0.0,5602.0,209347.0,0.0,0.0,0.0,-0.4336869827983503,0.0,-811169.0,-0.4336869827983503,-811169.0,1511326.0,0.8080220187959594,2.3,2.3,929696.0,929696.0,,,1620594852,17:14:12,20210509
17,2003-06-30,MCX.AX,AUD,2003-06-30,2003-06-30,FY,41372.0,0.0,0.0,0.0,0.0,350779.0,0.0,-6122.0,0.0,0.0,0.0,0.0,0.0,0.0,0.0,-6.2403799671275255,0.0,-258177.0,-6.2403799671275255,-258177.0,-278704.0,-6.7365367881659095,-0.75,-0.75,361724.0,361724.0,,,1620594852,17:14:12,20210509
18,2002-06-30,MCX.AX,AUD,2002-06-30,2002-06-30,FY,259701.0,0.0,0.0,0.0,0.0,335318.0,0.0,-4934433.0,0.0,0.0,0.0,160723.0,0.0,0.0,0.0,-29.323306417765046,0.0,-7615292.0,-29.323306417765046,-7615292.0,6950.0,0.02676154500752789,-14.185,-14.185,538507.0,538507.0,,,1620594852,17:14:12,20210509
19,2001-06-30,MCX.AX,AUD,2001-06-30,2001-06-30,FY,878195.0,0.0,0.0,0.0,0.0,646076.0,0.0,-479117.0,0.0,0.0,0.0,72461.0,0.0,0.0,0.0,-0.2127067450850893,0.0,-186798.0,-0.2127067450850893,-186798.0,283722.0,0.32307403253263794,-0.555,-0.555,678571.0,678571.0,,,1620594852,17:14:12,20210509
20,2000-06-30,MCX.AX,AUD,2000-06-30,2000-06-30,FY,-64000.0,0.0,0.0,0.0,0.0,0.0,0.0,0.0,0.0,0.0,64000.0,0.0,0.0,0.0,0.0,17.36078125,0.0,-1111090.0,17.36078125,-1111090.0,-1465895.0,22.904609375,-2.505,-2.505,584743.0,584743.0,,,1620594852,17:14:12,20210509
21,1999-06-30,MCX.AX,AUD,1999-06-30,1999-06-30,FY,0.0,0.0,0.0,0.0,0.0,0.0,0.0,0.0,0.0,0.0,0.0,0.0,0.0,0.0,0.0,0.0,0.0,-816075.0,0.0,-816075.0,-815901.0,0.0,-1.684375,-1.684375,484083.0,484083.0,,,1620594852,17:14:12,20210509
22,1998-06-30,MCX.AX,AUD,1998-06-30,1998-06-30,FY,0.0,0.0,0.0,0.0,0.0,0.0,0.0,0.0,0.0,0.0,0.0,0.0,0.0,0.0,0.0,0.0,0.0,-134085.0,0.0,-134085.0,-81834.0,0.0,0.565877,0.565877,420586.0,420586.0,,,1620594852,17:14:12,20210509
23,1997-06-30,MCX.AX,AUD,1997-06-30,1997-06-30,FY,0.0,0.0,0.0,0.0,0.0,0.0,0.0,0.0,0.0,0.0,0.0,0.0,0.0,0.0,0.0,0.0,0.0,476096.0,0.0,476096.0,454990.0,0.0,1.131754,1.131754,402031.0,402031.0,,,1620594852,17:14:12,20210509
24,1996-06-30,MCX.AX,AUD,1996-06-30,1996-06-30,FY,0.0,0.0,0.0,0.0,0.0,0.0,0.0,0.0,0.0,0.0,0.0,0.0,0.0,0.0,0.0,0.0,0.0,1126764.0,0.0,1126764.0,757458.0,0.0,3.017727,3.017727,251002.0,251002.0,,,1620594852,17:14:12,20210509
25,1995-06-30,MCX.AX,AUD,1995-06-30,1995-06-30,FY,0.0,0.0,0.0,0.0,0.0,0.0,0.0,0.0,0.0,0.0,0.0,0.0,0.0,0.0,0.0,0.0,0.0,974000.0,0.0,974000.0,723000.0,0.0,2.95433,2.95433,244725.0,244725.0,,,1620594852,17:14:12,20210509
26,1994-06-30,MCX.AX,AUD,1994-06-30,1994-06-30,FY,0.0,0.0,0.0,0.0,0.0,0.0,0.0,0.0,0.0,0.0,0.0,0.0,0.0,0.0,0.0,0.0,0.0,888000.0,0.0,888000.0,471000.0,0.0,1.927288,1.927288,244384.0,244384.0,,,1620594852,17:14:12,20210509
27,1993-06-30,MCX.AX,AUD,1993-06-30,1993-06-30,FY,-38000.0,0.0,0.0,0.0,0.0,0.0,0.0,0.0,0.0,0.0,38000.0,0.0,0.0,0.0,0.0,-16.13157894736842,0.0,613000.0,-16.13157894736842,613000.0,266000.0,-7.0,1.092975,1.092975,243372.0,243372.0,,,1620594852,17:14:12,20210509
28,1992-06-30,MCX.AX,AUD,1992-06-30,1992-06-30,FY,-356000.0,0.0,0.0,0.0,0.0,0.0,0.0,0.0,0.0,0.0,356000.0,0.0,0.0,0.0,0.0,-1.4719101123595506,0.0,524000.0,-1.4719101123595506,524000.0,285000.0,-0.800561797752809,1.169052,1.169052,243857.0,243857.0,,,1620594852,17:14:12,20210509
29,1991-06-30,MCX.AX,AUD,1991-06-30,1991-06-30,FY,-249000.0,0.0,0.0,0.0,0.0,0.0,0.0,0.0,0.0,0.0,249000.0,0.0,0.0,0.0,0.0,-2.4136546184738954,0.0,601000.0,-2.4136546184738954,601000.0,279000.0,-1.1204819277108433,0.020308511770420354,0.020308511770420354,13738082.0,13738082.0,,,1620594852,17:14:12,20210509
30,1990-06-30,MCX.AX,AUD,1990-06-30,1990-06-30,FY,-143000.0,0.0,0.0,0.0,0.0,0.0,0.0,0.0,0.0,0.0,143000.0,0.0,0.0,0.0,0.0,-1.3776223776223777,0.0,197000.0,-1.3776223776223777,197000.0,230000.0,-1.6083916083916083,0.0167417838967623,0.0167417838967623,13738082.0,13738082.0,,,1620594852,17:14:12,20210509
31,1989-06-30,MCX.AX,AUD,1989-06-30,1989-06-30,FY,0.0,0.0,0.0,0.0,0.0,0.0,0.0,0.0,0.0,0.0,0.0,0.0,0.0,0.0,0.0,0.0,0.0,8000.0,0.0,8000.0,6000.0,0.0,0.0004367421886111904,0.0004367421886111904,13738082.0,13738082.0,,,1620594852,17:14:12,20210509
