,date,symbol,reportedCurrency,fillingDate,acceptedDate,period,revenue,costOfRevenue,grossProfit,grossProfitRatio,researchAndDevelopmentExpenses,generalAndAdministrativeExpenses,sellingAndMarketingExpenses,otherExpenses,operatingExpenses,costAndExpenses,interestExpense,depreciationAndAmortization,ebitda,ebitdaratio,operatingIncome,operatingIncomeRatio,totalOtherIncomeExpensesNet,incomeBeforeTax,incomeBeforeTaxRatio,incomeTaxExpense,netIncome,netIncomeRatio,eps,epsdiluted,weightedAverageShsOut,weightedAverageShsOutDil,link,finalLink,timestamp,est_time,est_date
0,2019-12-31,PME,USD,2020-03-16 00:00:00,2020-03-16 16:37:18,FY,89622156.0,64396571.0,25225585.0,0.2814659468803674,0.0,4133507.0,2715599.0,-954394.0,4134868.0,68531439.0,6055310.0,3726061.0,24816778.0,0.27690449669610717,21090717.0,0.23532927505113801,-9435946.0,6380065.0,0.07118847933093687,0.0,5682024.0,0.06339976913744409,0.07,0.07,79055053.0,79055053.0,https://www.sec.gov/Archives/edgar/data/1517130/000121390020006499/0001213900-20-006499-index.html,https://www.sec.gov/Archives/edgar/data/1517130/000121390020006499/f10k2019_pingtanmarine.htm,1620596650,17:44:10,20210509
1,2018-12-31,PME,USD,2019-03-15 00:00:00,2019-03-15 16:07:07,FY,64256088.0,33239582.0,31016506.0,0.4827014367883709,0.0,4513193.0,1622451.0,97179.0,3342470.0,36582052.0,1210974.0,5791557.0,33465593.0,0.5208159108596838,27674036.0,0.43068348636474724,-11691810.0,14812698.0,0.23052598533542845,0.0,13397301.0,0.20849854725049555,0.17,0.17,79055053.0,79055053.0,https://www.sec.gov/Archives/edgar/data/1517130/000121390019004243/0001213900-19-004243-index.html,https://www.sec.gov/Archives/edgar/data/1517130/000121390019004243/f10k2018_pingtanmarine.htm,1620596650,17:44:10,20210509
2,2017-12-31,PME,USD,2018-03-14 00:00:00,2018-03-14 16:06:28,FY,63209687.0,41126898.0,22082789.0,0.3493576704469364,0.0,4698073.0,1231031.0,-1.0,-11172514.0,29954384.0,2403213.0,5075609.0,38330912.0,0.6064088246473994,33255303.0,0.5261108633554854,1481847.0,32520131.0,0.5144801776980797,0.0,29659693.0,0.46922701895359803,0.38,0.38,79055053.0,79055053.0,https://www.sec.gov/Archives/edgar/data/1517130/000121390018002958/0001213900-18-002958-index.html,https://www.sec.gov/Archives/edgar/data/1517130/000121390018002958/f10k2017_pingtanmarine.htm,1620596650,17:44:10,20210509
3,2016-12-31,PME,USD,2017-03-23 00:00:00,2017-03-23 16:10:35,FY,20540769.0,29328776.0,-8788007.0,-0.4278324243848904,0.0,3726094.0,1235497.0,-471.0,4746877.0,34075653.0,1972267.0,343737.0,-13191147.0,-0.6421934349195982,-13534884.0,-0.6589278132673612,-1101139.0,-14676327.0,-0.7144974465172166,984.0,-13717623.0,-0.6678242182656355,-0.2,-0.2,79055053.0,79055053.0,https://www.sec.gov/Archives/edgar/data/1517130/000121390017002738/0001213900-17-002738-index.html,https://www.sec.gov/Archives/edgar/data/1517130/000121390017002738/f10k2016_pingtanmarine.htm,1620596650,17:44:10,20210509
4,2015-12-31,PME,USD,2016-03-09 00:00:00,2016-03-09 16:30:18,FY,60700190.0,63476627.0,-2776437.0,-0.04574016984131351,0.0,3703783.0,1858687.0,-210.0,-27590228.0,35886399.0,3630200.0,6353055.0,31166846.0,0.5134554933024098,24813791.0,0.40879264134099086,-1728857.0,19558402.0,0.322213192413401,0.0,18352917.0,0.30235353464297227,0.23,0.23,79055053.0,79055053.0,https://www.sec.gov/Archives/edgar/data/1517130/000121390016011466/0001213900-16-011466-index.html,https://www.sec.gov/Archives/edgar/data/1517130/000121390016011466/f10k2015_pingtanmarine.htm,1620596650,17:44:10,20210509
5,2014-12-31,PME,USD,2015-03-10,2015-03-10 16:08:36,FY,233427011.0,155840823.0,77586188.0,0.3323787922726732,0.0,4537351.0,2673213.0,-335.0,-12883475.0,142957348.0,4815670.0,6017886.0,96487549.0,0.41335211630671137,90469663.0,0.38757152658738364,89940.0,85760705.0,0.36739837704557676,0.0,85760705.0,0.36739837704557676,1.08,1.08,79055053.0,79055053.0,https://www.sec.gov/Archives/edgar/data/1517130/000121390015001644/f10k2014_pingtanmarine.htm,https://www.sec.gov/Archives/edgar/data/1517130/000121390015001644/f10k2014_pingtanmarine.htm,1620596650,17:44:10,20210509
6,2013-12-31,PME,USD,2014-03-10,2014-03-10 16:10:03,FY,122667769.0,75760033.0,46907736.0,0.38239658536546794,0.0,3191637.0,1618278.0,2144.0,-2528358.0,73231675.0,4171989.0,4018090.0,53454184.0,0.4357638883935355,49436094.0,0.40300801427308913,216403.0,45488758.0,0.3708289338823795,0.0,97399420.0,0.7940098755688627,1.23,1.23,79055053.0,79055053.0,https://www.sec.gov/Archives/edgar/data/1517130/000114420414014498/v370386_10k.htm,https://www.sec.gov/Archives/edgar/data/1517130/000114420414014498/v370386_10k.htm,1620596650,17:44:10,20210509
7,2012-12-31,PME,USD,2013-02-06 00:00:00,2013-02-05 18:45:00,FY,0.0,0.0,0.0,0.0,0.0,1060390.0,0.0,-1350.0,1060390.0,1060390.0,0.0,0.0,-1045329.0,0.0,-1060390.0,0.0,2278874.0,1234895.0,0.0,0.0,1234895.0,0.0,0.2,0.2,6250000.0,6250000.0,https://www.sec.gov/Archives/edgar/data/1517130/000114420413006231/0001144204-13-006231-index.html,https://www.sec.gov/Archives/edgar/data/1517130/000114420413006231/v333083_10k.htm,1620596650,17:44:10,20210509
8,2011-12-31,PME,USD,2012-03-30 00:00:00,2012-03-30 14:53:13,FY,0.0,0.0,0.0,0.0,0.0,310075.0,0.0,0.0,310075.0,310075.0,7739.0,0.0,-309397.0,0.0,-310075.0,0.0,-678.0,0.0,0.0,0.0,-311559.0,0.0,-0.07,-0.07,4426677.0,4426677.0,https://www.sec.gov/Archives/edgar/data/1517130/000114420412018682/0001144204-12-018682-index.html,https://www.sec.gov/Archives/edgar/data/1517130/000114420412018682/v307147_10k.htm,1620596650,17:44:10,20210509
