,date,symbol,reportedCurrency,fillingDate,acceptedDate,period,revenue,costOfRevenue,grossProfit,grossProfitRatio,researchAndDevelopmentExpenses,generalAndAdministrativeExpenses,sellingAndMarketingExpenses,otherExpenses,operatingExpenses,costAndExpenses,interestExpense,depreciationAndAmortization,ebitda,ebitdaratio,operatingIncome,operatingIncomeRatio,totalOtherIncomeExpensesNet,incomeBeforeTax,incomeBeforeTaxRatio,incomeTaxExpense,netIncome,netIncomeRatio,eps,epsdiluted,weightedAverageShsOut,weightedAverageShsOutDil,link,finalLink,timestamp,est_time,est_date
0,2019-12-31,BZT.L,GBP,2019-12-31,2019-12-31,FY,0,0,0,0.0,0,0,0,0,917000,917000,0,1000,-916000,0.0,-917000,0.0,0,-1127000,0.0,0,-1127000,0.0,-0.0011,-0.001107,1018075876,1018075876,https://find-and-update.company-information.service.gov.uk/search/companies?q=Bezant+Resources+PLC,https://find-and-update.company-information.service.gov.uk/search/companies?q=Bezant+Resources+PLC,1620589838,15:50:38,20210509
1,2018-12-31,BZT.L,GBP,2018-12-31,2018-12-31,FY,0,0,0,0.0,0,0,0,9000,656000,656000,0,1000,-655000,0.0,-656000,0.0,0,-846000,0.0,0,-1242000,0.0,-0.0014255959585966118,-0.001234640824593743,871214591,1005960580,https://find-and-update.company-information.service.gov.uk/search/companies?q=Bezant+Resources+PLC,https://find-and-update.company-information.service.gov.uk/search/companies?q=Bezant+Resources+PLC,1620589838,15:50:38,20210509
2,2017-12-31,BZT.L,GBP,2017-12-31,2017-12-31,FY,0,0,0,0.0,0,0,0,3000,968000,968000,0,5000,-963000,0.0,-968000,0.0,0,-1045000,0.0,0,-4633000,0.0,-0.012893404903446764,-0.011395135961250418,359330994,406576983,https://find-and-update.company-information.service.gov.uk/search/companies?q=Bezant+Resources+PLC,https://find-and-update.company-information.service.gov.uk/search/companies?q=Bezant+Resources+PLC,1620589838,15:50:38,20210509
3,2016-06-30,BZT.L,GBP,2016-06-30,2016-06-30,FY,0,0,0,0.0,0,0,0,0,717000,717000,0,6000,-711000,0.0,-717000,0.0,0,-9130000,0.0,0,-9114000,0.0,-0.08417074248448962,-0.08234720804881164,108279905,110677705,https://find-and-update.company-information.service.gov.uk/search/companies?q=Bezant+Resources+PLC,https://find-and-update.company-information.service.gov.uk/search/companies?q=Bezant+Resources+PLC,1620589838,15:50:38,20210509
4,2015-06-30,BZT.L,GBP,2015-06-30,2015-06-30,FY,0,0,0,0.0,0,551000,0,0,561000,561000,0,10000,-551000,0.0,-561000,0.0,0,-683000,0.0,0,-683000,0.0,-0.00823491574131875,-0.008003531866038688,82939525,85337325,https://find-and-update.company-information.service.gov.uk/search/companies?q=Bezant+Resources+PLC,https://find-and-update.company-information.service.gov.uk/search/companies?q=Bezant+Resources+PLC,1620589838,15:50:38,20210509
5,2014-06-30,BZT.L,GBP,2014-06-30,2014-06-30,FY,0,0,0,0.0,0,1170000,0,0,1186000,1186000,0,16000,-1170000,0.0,-1186000,0.0,0,3877000,0.0,0,3877000,0.0,0.0467,0.0448,82939525,86581417,https://find-and-update.company-information.service.gov.uk/search/companies?q=Bezant+Resources+PLC,https://find-and-update.company-information.service.gov.uk/search/companies?q=Bezant+Resources+PLC,1620589838,15:50:38,20210509
6,2013-06-30,BZT.L,GBP,2013-06-30,2013-06-30,FY,0,0,0,0.0,0,1274000,0,0,1287000,1287000,0,13000,-1274000,0.0,-1287000,0.0,0,-1398000,0.0,0,-1398000,0.0,-0.019046024418283937,-0.018209325417565037,73401145,76773849,https://find-and-update.company-information.service.gov.uk/search/companies?q=Bezant+Resources+PLC,https://find-and-update.company-information.service.gov.uk/search/companies?q=Bezant+Resources+PLC,1620589838,15:50:38,20210509
7,2012-06-30,BZT.L,GBP,2012-06-30,2012-06-30,FY,0,0,0,0.0,0,1583000,0,0,1591000,1591000,0,8000,-1583000,0.0,-1591000,0.0,0,-1836000,0.0,0,-1836000,0.0,-0.028248933975856056,-0.027123758530355577,64993603,67689734,https://find-and-update.company-information.service.gov.uk/search/companies?q=Bezant+Resources+PLC,https://find-and-update.company-information.service.gov.uk/search/companies?q=Bezant+Resources+PLC,1620589838,15:50:38,20210509
8,2011-06-30,BZT.L,GBP,2011-06-30,2011-06-30,FY,0,0,0,0.0,0,1545000,0,0,1464000,1464000,0,10000,-1454000,0.0,-1464000,0.0,0,-1550000,0.0,0,-1550000,0.0,-0.028807591346734822,-0.02767705808657391,53805262,56003062,https://find-and-update.company-information.service.gov.uk/search/companies?q=Bezant+Resources+PLC,https://find-and-update.company-information.service.gov.uk/search/companies?q=Bezant+Resources+PLC,1620589838,15:50:38,20210509
9,2010-06-30,BZT.L,GBP,2010-06-30,2010-06-30,FY,0,0,0,0.0,0,1323000,0,0,1478000,1478000,0,8000,-1470000,0.0,-1478000,0.0,0,-1610000,0.0,0,-1610000,0.0,-0.037447296419168566,-0.035626122914372636,42993758,45191558,https://find-and-update.company-information.service.gov.uk/search/companies?q=Bezant+Resources+PLC,https://find-and-update.company-information.service.gov.uk/search/companies?q=Bezant+Resources+PLC,1620589838,15:50:38,20210509
10,2009-06-30,BZT.L,GBP,2009-06-30,2009-06-30,FY,0,0,0,0.0,0,948000,0,0,1665000,1665000,0,11000,-1654000,0.0,-1665000,0.0,0,-1772000,0.0,0,-1772000,0.0,-0.04524768678223399,-0.04284330306102586,39162223,41360023,https://find-and-update.company-information.service.gov.uk/search/companies?q=Bezant+Resources+PLC,https://find-and-update.company-information.service.gov.uk/search/companies?q=Bezant+Resources+PLC,1620589838,15:50:38,20210509
11,2008-06-30,BZT.L,GBP,2008-06-30,2008-06-30,FY,0,0,0,0.0,0,950000,0,0,1090000,1090000,0,4000,-1086000,0.0,-1090000,0.0,0,-6895000,0.0,0,-6895000,0.0,-0.1866,-0.1869,36944824,36944824,https://find-and-update.company-information.service.gov.uk/search/companies?q=Bezant+Resources+PLC,https://find-and-update.company-information.service.gov.uk/search/companies?q=Bezant+Resources+PLC,1620589838,15:50:38,20210509
12,2007-06-30,BZT.L,GBP,2007-06-30,2007-06-30,FY,0,0,0,0.0,0,544000,0,0,551000,551000,0,1000,-550000,0.0,-551000,0.0,0,-517000,0.0,0,-517000,0.0,-0.025,-0.0266,20714489,22912289,https://find-and-update.company-information.service.gov.uk/search/companies?q=Bezant+Resources+PLC,https://find-and-update.company-information.service.gov.uk/search/companies?q=Bezant+Resources+PLC,1620589838,15:50:38,20210509
13,2006-06-30,BZT.L,GBP,2006-06-30,2006-06-30,FY,0,0,0,0.0,0,130000,0,0,130000,130000,0,0,-130000,0.0,-130000,0.0,0,-130000,0.0,0,-130000,0.0,-0.013070101489338065,-0.012446009450350714,9946365,10445115,https://find-and-update.company-information.service.gov.uk/search/companies?q=Bezant+Resources+PLC,https://find-and-update.company-information.service.gov.uk/search/companies?q=Bezant+Resources+PLC,1620589838,15:50:38,20210509
14,2005-06-30,BZT.L,GBP,2005-06-30,2005-06-30,FY,0,0,0,0.0,0,90000,0,0,90000,90000,0,0,-90000,0.0,-90000,0.0,0,-90000,0.0,0,-90000,0.0,-0.010166586294153908,-0.009134710489053115,8852529,9852529,https://find-and-update.company-information.service.gov.uk/search/companies?q=Bezant+Resources+PLC,https://find-and-update.company-information.service.gov.uk/search/companies?q=Bezant+Resources+PLC,1620589838,15:50:38,20210509
15,2004-06-30,BZT.L,GBP,2004-06-30,2004-06-30,FY,443000,115000,328000,0.7404063205417607,0,459000,0,151000,494000,609000,151000,2000,-164000,-0.37020316027088035,-166000,-0.3747178329571106,0,-307000,-0.6930022573363431,0,-307000,-0.6930022573363431,-0.08,-0.08,3846428,3846428,https://find-and-update.company-information.service.gov.uk/search/companies?q=Bezant+Resources+PLC,https://find-and-update.company-information.service.gov.uk/search/companies?q=Bezant+Resources+PLC,1620589838,15:50:38,20210509
16,2002-12-31,BZT.L,GBP,2002-12-31,2002-12-31,FY,1132000,277000,855000,0.7553003533568905,0,0,0,0,594000,871000,4000,33000,294000,0.2597173144876325,261000,0.23056537102473498,0,-321000,-0.2835689045936396,-18000,-303000,-0.2676678445229682,-0.18,-0.18,1687900,1687900,https://find-and-update.company-information.service.gov.uk/search/companies?q=Bezant+Resources+PLC,https://find-and-update.company-information.service.gov.uk/search/companies?q=Bezant+Resources+PLC,1620589838,15:50:38,20210509
17,2001-12-31,BZT.L,GBP,2001-12-31,2001-12-31,FY,921000,557000,364000,0.3952225841476656,0,0,0,0,1129000,1686000,1000,571000,-194000,-0.21064060803474485,-765000,-0.8306188925081434,0,-1022000,-1.1096634093376765,-18000,-1004000,-1.0901194353963084,-2.56,-2.56,391850,391850,https://find-and-update.company-information.service.gov.uk/search/companies?q=Bezant+Resources+PLC,https://find-and-update.company-information.service.gov.uk/search/companies?q=Bezant+Resources+PLC,1620589838,15:50:38,20210509
18,2000-12-31,BZT.L,GBP,2000-12-31,2000-12-31,FY,640000,301000,339000,0.5296875,0,0,0,0,886000,1187000,9000,123000,-424000,-0.6625,-547000,-0.8546875,0,-640000,-1.0,0,-640000,-1.0,-1.88,-1.88,339350,339350,https://find-and-update.company-information.service.gov.uk/search/companies?q=Bezant+Resources+PLC,https://find-and-update.company-information.service.gov.uk/search/companies?q=Bezant+Resources+PLC,1620589838,15:50:38,20210509
19,1999-12-31,BZT.L,GBP,1999-12-31,1999-12-31,FY,446000,308000,138000,0.3094170403587444,0,0,0,0,402000,710000,38000,142000,-122000,-0.273542600896861,-264000,-0.5919282511210763,0,-944000,-2.116591928251121,-1000,-943000,-2.1143497757847536,-4.56,-4.56,206550,206550,https://find-and-update.company-information.service.gov.uk/search/companies?q=Bezant+Resources+PLC,https://find-and-update.company-information.service.gov.uk/search/companies?q=Bezant+Resources+PLC,1620589838,15:50:38,20210509
20,1998-12-31,BZT.L,GBP,1998-12-31,1998-12-31,FY,585000,178000,407000,0.6957264957264957,0,0,0,0,494000,672000,26000,41000,-46000,-0.07863247863247863,-87000,-0.14871794871794872,0,-244000,-0.4170940170940171,1000,-245000,-0.4188034188034188,-1.62,-1.62,150850,150850,https://find-and-update.company-information.service.gov.uk/search/companies?q=Bezant+Resources+PLC,https://find-and-update.company-information.service.gov.uk/search/companies?q=Bezant+Resources+PLC,1620589838,15:50:38,20210509
21,1997-12-31,BZT.L,GBP,1997-12-31,1997-12-31,FY,587000,221000,366000,0.6235093696763203,0,0,0,0,474000,695000,16000,102000,-6000,-0.010221465076660987,-108000,-0.1839863713798978,0,-124000,-0.21124361158432708,0,-124000,-0.21124361158432708,-0.88,-0.88,140950,140950,https://find-and-update.company-information.service.gov.uk/search/companies?q=Bezant+Resources+PLC,https://find-and-update.company-information.service.gov.uk/search/companies?q=Bezant+Resources+PLC,1620589838,15:50:38,20210509
22,1996-12-31,BZT.L,GBP,1996-12-31,1996-12-31,FY,403000,0,0,0.0,0,0,0,0,697000,697000,24000,95000,-199000,-0.49379652605459057,-294000,-0.7295285359801489,0,-315000,-0.7816377171215881,0,-315000,-0.7816377171215881,-2.24,-2.24,140950,140950,https://find-and-update.company-information.service.gov.uk/search/companies?q=Bezant+Resources+PLC,https://find-and-update.company-information.service.gov.uk/search/companies?q=Bezant+Resources+PLC,1620589838,15:50:38,20210509
23,1995-12-31,BZT.L,GBP,1995-12-31,1995-12-31,FY,257000,0,0,0.0,0,0,0,0,830000,830000,31000,90000,-483000,-1.8793774319066148,-573000,-2.2295719844357977,0,-597000,-2.32295719844358,0,-597000,-2.32295719844358,-4.44,-4.44,134250,134250,https://find-and-update.company-information.service.gov.uk/search/companies?q=Bezant+Resources+PLC,https://find-and-update.company-information.service.gov.uk/search/companies?q=Bezant+Resources+PLC,1620589838,15:50:38,20210509
24,1994-12-31,BZT.L,GBP,1994-12-31,1994-12-31,FY,51000,0,0,0.0,0,0,0,0,194000,194000,4000,3000,-140000,-2.7450980392156863,-143000,-2.803921568627451,0,-146000,-2.8627450980392157,0,-146000,-2.8627450980392157,-1.315865,-1.315865,110589,110589,https://find-and-update.company-information.service.gov.uk/search/companies?q=Bezant+Resources+PLC,https://find-and-update.company-information.service.gov.uk/search/companies?q=Bezant+Resources+PLC,1620589838,15:50:38,20210509
25,1994-01-31,BZT.L,GBP,1994-01-31,1994-01-31,FY,7000,0,0,0.0,0,0,0,0,297000,297000,0,2000,-288000,-41.142857142857146,-290000,-41.42857142857143,0,-308000,-44.0,0,-308000,-44.0,-2.784294,-2.784294,110589,110589,https://find-and-update.company-information.service.gov.uk/search/companies?q=Bezant+Resources+PLC,https://find-and-update.company-information.service.gov.uk/search/companies?q=Bezant+Resources+PLC,1620589838,15:50:38,20210509
