,date,symbol,reportedCurrency,fillingDate,acceptedDate,period,revenue,costOfRevenue,grossProfit,grossProfitRatio,researchAndDevelopmentExpenses,generalAndAdministrativeExpenses,sellingAndMarketingExpenses,otherExpenses,operatingExpenses,costAndExpenses,interestExpense,depreciationAndAmortization,ebitda,ebitdaratio,operatingIncome,operatingIncomeRatio,totalOtherIncomeExpensesNet,incomeBeforeTax,incomeBeforeTaxRatio,incomeTaxExpense,netIncome,netIncomeRatio,eps,epsdiluted,weightedAverageShsOut,weightedAverageShsOutDil,link,finalLink,timestamp,est_time,est_date
0,2020-12-31,GLUU,USD,2021-02-26,2021-02-26 16:18:27,FY,540522000.0,191553000.0,348969000.0,0.6456147945874543,119718000.0,31491000.0,177245000.0,0.0,328454000.0,520007000.0,0.0,5421000.0,25936000.0,0.04798324582533181,20515000.0,0.03795405182397756,0.0,21586000.0,0.03993546978661368,1139000.0,20447000.0,0.03782824750888956,0.1402035134875684,0.1402035134875684,145838000.0,145838000.0,https://www.sec.gov/Archives/edgar/data/1366246/000155837021002009/0001558370-21-002009-index.htm,https://www.sec.gov/Archives/edgar/data/1366246/000155837021002009/gluu-20201231x10k.htm,1620592626,16:37:06,20210509
1,2019-12-31,GLUU,USD,2020-02-28,2020-02-28 17:14:58,FY,411381000.0,145499000.0,265882000.0,0.6463157024753209,95127000.0,23216000.0,140298000.0,0.0,258641000.0,404140000.0,0.0,4225000.0,11466000.0,0.02787197269684307,7241000.0,0.01760168797294965,0.0,9342000.0,0.022708875713754403,471000.0,8871000.0,0.021563951665244628,0.06082776779714478,0.056365681172680655,145838000.0,157383000.0,https://www.sec.gov/Archives/edgar/data/1366246/000155837020001804/0001558370-20-001804-index.htm,https://www.sec.gov/Archives/edgar/data/1366246/000155837020001804/gluu-20191231x10kf63199.htm,1620592626,16:37:06,20210509
2,2018-12-31,GLUU,USD,2019-02-28,2019-02-28 16:46:21,FY,366561000.0,138275000.0,228286000.0,0.622777655015127,94934000.0,31667000.0,113860000.0,0.0,240461000.0,378736000.0,235000.0,3855000.0,-8320000.0,-0.0226974500833422,-12175000.0,-0.0332141171592177,-240000.0,-12650000.0,-0.03450994513873543,549000.0,-13199000.0,-0.03600764947716751,-0.09,-0.09,141402000.0,141402000.0,https://www.sec.gov/Archives/edgar/data/1366246/000155837019001331/0001558370-19-001331-index.htm,https://www.sec.gov/Archives/edgar/data/1366246/000155837019001331/gluu-20181231x10k.htm,1620592626,16:37:06,20210509
3,2017-12-31,GLUU,USD,2018-03-09,2018-03-09 16:54:09,FY,286827000.0,141153000.0,145674000.0,0.5078810572226464,92420000.0,34425000.0,104356000.0,-6859000.0,231201000.0,372354000.0,6859000.0,3195000.0,-82332000.0,-0.2870441067263542,-85527000.0,-0.29818322542856845,-6019000.0,-98396000.0,-0.343049991806908,-826000.0,-97570000.0,-0.3401702071283387,-0.72,-0.72,135715000.0,135715000.0,https://www.sec.gov/Archives/edgar/data/1366246/000155837018001808/0001558370-18-001808-index.htm,https://www.sec.gov/Archives/edgar/data/1366246/000155837018001808/gluu-20171231x10k.htm,1620592626,16:37:06,20210509
4,2016-12-31,GLUU,USD,2017-03-10,2017-03-10 16:05:20,FY,200581000.0,120138000.0,80443000.0,0.4010499498955534,81879000.0,30225000.0,48050000.0,-5749000.0,160154000.0,280292000.0,5749000.0,2947000.0,-76764000.0,-0.3827082325843425,-79711000.0,-0.39740055139818825,-8028000.0,-87741000.0,-0.4374342534936011,-301000.0,-87440000.0,-0.4359336128546572,-0.66,-0.66,131804000.0,131804000.0,https://www.sec.gov/Archives/edgar/data/1366246/000155837017001621/0001558370-17-001621-index.htm,https://www.sec.gov/Archives/edgar/data/1366246/000155837017001621/gluu-20161231x10k.htm,1620592626,16:37:06,20210509
5,2015-12-31,GLUU,USD,2016-03-04,2016-03-04 17:16:20,FY,249900000.0,107737000.0,142163000.0,0.5688795518207282,72856000.0,26092000.0,48240000.0,-792000.0,147389000.0,255126000.0,792000.0,201000.0,-5025000.0,-0.020108043217286913,-5226000.0,-0.020912364945978392,-1867000.0,-7044000.0,-0.028187274909963984,141000.0,-7185000.0,-0.028751500600240096,-0.06,-0.06,118775000.0,118775000.0,https://www.sec.gov/Archives/edgar/data/1366246/000155837016003851/0001558370-16-003851-index.htm,https://www.sec.gov/Archives/edgar/data/1366246/000155837016003851/gluu-20151231x10k.htm,1620592626,16:37:06,20210509
6,2014-12-31,GLUU,USD,2015-03-13,2015-03-13 17:03:37,FY,223146000.0,85759000.0,137387000.0,0.6156821094709294,64284000.0,25019000.0,45076000.0,-1502000.0,134887000.0,220646000.0,1502000.0,508000.0,3008000.0,0.013479963790522798,2500000.0,0.011203427352495675,-1937000.0,593000.0,0.002657452968011974,-7555000.0,8148000.0,0.036514210427253904,0.09,0.08,91826000.0,96922000.0,https://www.sec.gov/Archives/edgar/data/1366246/000155837015000352/0001558370-15-000352-index.htm,https://www.sec.gov/Archives/edgar/data/1366246/000155837015000352/glu-20141231x10k.htm,1620592626,16:37:06,20210509
7,2013-12-31,GLUU,USD,2014-03-14,2014-03-14 17:28:31,FY,105613000.0,37044000.0,68569000.0,0.6492477251853465,46877000.0,15550000.0,26120000.0,-6000.0,89883000.0,126927000.0,6000.0,1336000.0,-19978000.0,-0.18916231903269484,-21314000.0,-0.2018122768977304,-1454000.0,-22752000.0,-0.21542802495904861,-2843000.0,-19909000.0,-0.18850899037050364,-0.28,-0.28,71453000.0,71453000.0,https://www.sec.gov/Archives/edgar/data/1366246/000119312514100352/0001193125-14-100352-index.htm,https://www.sec.gov/Archives/edgar/data/1366246/000119312514100352/d660184d10k.htm,1620592626,16:37:06,20210509
8,2012-12-31,GLUU,USD,2013-03-15,2013-03-15 16:10:42,FY,87493000.0,12723000.0,74770000.0,0.8545826523264718,54275000.0,14744000.0,20893000.0,-368000.0,91892000.0,104615000.0,368000.0,1980000.0,-15142000.0,-0.17306527379333203,-17122000.0,-0.1956956556524522,-5352000.0,-22453000.0,-0.2566262443852651,-1994000.0,-20459000.0,-0.23383584972512086,-0.32,-0.32,64318000.0,64318000.0,https://www.sec.gov/Archives/edgar/data/1366246/000119312513109950/0001193125-13-109950-index.htm,https://www.sec.gov/Archives/edgar/data/1366246/000119312513109950/d453444d10k.htm,1620592626,16:37:06,20210509
9,2011-12-31,GLUU,USD,2012-03-14,2012-03-14 17:24:04,FY,66185000.0,18367000.0,47818000.0,0.7224899901790436,39073000.0,14002000.0,14607000.0,0.0,68507000.0,86874000.0,74000.0,825000.0,-19864000.0,-0.3001284278915162,-20689000.0,-0.31259348795044195,231000.0,-20487000.0,-0.3095414368814686,614000.0,-21101000.0,-0.3188184633980509,-0.37,-0.37,57518000.0,57518000.0,https://www.sec.gov/Archives/edgar/data/1366246/000119312512115191/0001193125-12-115191-index.htm,https://www.sec.gov/Archives/edgar/data/1366246/000119312512115191/d286809d10k.htm,1620592626,16:37:06,20210509
10,2010-12-31,GLUU,USD,2011-03-21,2011-03-21 17:29:49,FY,64345000.0,21532000.0,42813000.0,0.6653663843344472,25180000.0,13108000.0,12140000.0,0.0,50633000.0,72165000.0,601000.0,205000.0,-7615000.0,-0.118346413862771,-7820000.0,-0.1215323645970938,-4319000.0,-12714000.0,-0.1975911104203901,709000.0,-13423000.0,-0.20860983759421867,-0.38,-0.38,35439000.0,35439000.0,https://www.sec.gov/Archives/edgar/data/1366246/000095012311027402/0000950123-11-027402-index.htm,https://www.sec.gov/Archives/edgar/data/1366246/000095012311027402/f58552e10vk.htm,1620592626,16:37:06,20210509
11,2009-12-31,GLUU,USD,2010-03-31,2010-03-31 16:18:33,FY,79344000.0,35512000.0,43832000.0,0.5524299253881831,25975000.0,16271000.0,14402000.0,0.0,56863000.0,92375000.0,1276000.0,215000.0,-12816000.0,-0.16152450090744103,-13031000.0,-0.16423422060899376,-1821000.0,-16034000.0,-0.20208207299858844,2160000.0,-18194000.0,-0.2293053034886066,-0.61,-0.61,29853000.0,29853000.0,https://www.sec.gov/Archives/edgar/data/1366246/000095012310030842/0000950123-10-030842-index.htm,https://www.sec.gov/Archives/edgar/data/1366246/000095012310030842/f54903e10vk.htm,1620592626,16:37:06,20210509
12,2008-12-31,GLUU,USD,2009-03-13,2009-03-13 17:18:54,FY,89767000.0,40184000.0,49583000.0,0.5523522006973609,32140000.0,20971000.0,26066000.0,0.0,80548000.0,120732000.0,78000.0,1371000.0,-29594000.0,-0.32967571602036383,-30965000.0,-0.3449485891251796,-73439000.0,-103563000.0,-1.1536867668519613,3126000.0,-106692000.0,-1.188543674178707,-3.63,-3.63,29379000.0,29379000.0,https://www.sec.gov/Archives/edgar/data/1366246/000089161809000089/0000891618-09-000089-index.htm,https://www.sec.gov/Archives/edgar/data/1366246/000089161809000089/f51747e10vk.htm,1620592626,16:37:06,20210509
13,2007-12-31,GLUU,USD,2008-03-31,2008-03-31 17:03:00,FY,66867000.0,20582000.0,46285000.0,0.692194954162741,22425000.0,30122000.0,0.0,0.0,51782000.0,72364000.0,0.0,275000.0,-5222000.0,-0.07809532355272407,-5497000.0,-0.08220796506497974,873000.0,-3591000.0,-0.053703620620036786,-265000.0,-3326000.0,-0.04974052970822678,-0.28,-0.28,23281000.0,23281000.0,https://www.sec.gov/Archives/edgar/data/1366246/000089161808000186/0000891618-08-000186-index.htm,https://www.sec.gov/Archives/edgar/data/1366246/000089161808000186/f39064e10vk.htm,1620592626,16:37:06,20210509
14,2006-12-31,GLUU,USD,2006-12-31,2006-12-31,FY,46166000.0,15845000.0,30321000.0,0.6567820473941862,15993000.0,0.0,0.0,0.0,0.0,55919000.0,0.0,616000.0,-9137000.0,-0.19791621539661222,-9753000.0,-0.2112593683663302,-1991000.0,-12125000.0,-0.2626391716847897,185000.0,-12310000.0,-0.2666464497682277,-2.5,-2.5,4954000.0,4954000.0,,,1620592626,16:37:06,20210509
15,2005-12-31,GLUU,USD,2005-12-31,2005-12-31,FY,25651000.0,12827000.0,12824000.0,0.4999415227476512,14557000.0,0.0,0.0,0.0,0.0,44949000.0,0.0,616000.0,-18682000.0,-0.7283146855873065,-19298000.0,-0.7523293438852287,-432000.0,-19207000.0,-0.7487817239093992,-1621000.0,-17901000.0,-0.6978675295310124,-4.46,-4.46,4024000.0,4024000.0,,,1620592626,16:37:06,20210509
16,2004-12-31,GLUU,USD,2004-12-31,2004-12-31,FY,7022000.0,0.0,0.0,0.0,0.0,0.0,0.0,0.0,0.0,0.0,0.0,0.0,7022000.0,1.0,7022000.0,1.0,0.0,0.0,0.0,0.0,-8322000.0,-1.1851324409000286,-6.34,-6.34,1525000.0,1525000.0,,,1620592626,16:37:06,20210509
17,2003-12-31,GLUU,USD,2003-12-31,2003-12-31,FY,1790000.0,258000.0,1532000.0,0.8558659217877095,3352000.0,0.0,697000.0,0.0,0.0,5649000.0,0.0,0.0,-3859000.0,-2.1558659217877096,-3859000.0,-2.1558659217877096,0.0,-3848000.0,-2.1497206703910616,0.0,-3848000.0,-2.1497206703910616,-4.19,-4.19,1047000.0,1047000.0,,,1620592626,16:37:06,20210509
18,2002-12-31,GLUU,USD,2002-12-31,2002-12-31,FY,22000.0,0.0,22000.0,1.0,0.0,0.0,0.0,0.0,0.0,3030000.0,0.0,0.0,-3008000.0,-136.72727272727272,-3008000.0,-136.72727272727272,0.0,0.0,0.0,0.0,-2971000.0,-135.04545454545453,-4.08,-4.08,729000.0,729000.0,,,1620592626,16:37:06,20210509
