,date,symbol,reportedCurrency,fillingDate,acceptedDate,period,revenue,costOfRevenue,grossProfit,grossProfitRatio,researchAndDevelopmentExpenses,generalAndAdministrativeExpenses,sellingAndMarketingExpenses,otherExpenses,operatingExpenses,costAndExpenses,interestExpense,depreciationAndAmortization,ebitda,ebitdaratio,operatingIncome,operatingIncomeRatio,totalOtherIncomeExpensesNet,incomeBeforeTax,incomeBeforeTaxRatio,incomeTaxExpense,netIncome,netIncomeRatio,eps,epsdiluted,weightedAverageShsOut,weightedAverageShsOutDil,link,finalLink,timestamp,est_time,est_date
0,2020-06-30,EPAY,USD,2020-08-28,2020-08-28 08:53:42,FY,442221000,189086000,253135000,0.5724174112039003,73019000.0,56749000,106429000.0,-771000.0,256567000,445653000,3856000.0,20370000.0,16938000.0,0.03830211591037061,-3432000.0,-0.007760825469618132,-771000.0,-7401000.0,-0.016735975903450988,1828000.0,-9229000.0,-0.020869655669902606,-0.22,-0.22,41770000.0,41770000.0,https://www.sec.gov/Archives/edgar/data/1073349/000107334920000095/0001073349-20-000095-index.htm,https://www.sec.gov/Archives/edgar/data/1073349/000107334920000095/epay-20200630.htm,1620591699,16:21:39,20210509
1,2019-06-30,EPAY,USD,2019-08-29 00:00:00,2019-08-29 09:07:07,FY,421962000,182719000,239243000,0.5669775951388988,67364000.0,52199000,95265000.0,6928000.0,236164000,418883000,3783000.0,21336000.0,24415000.0,0.05786066043861769,3079000.0,0.007296865594532209,6928000.0,6894000.0,0.01633796408207374,-2538000.0,9432000.0,0.022352723704978174,0.2322466266128238,0.2262358782471037,40612000.0,41691000.0,https://www.sec.gov/Archives/edgar/data/1073349/000107334919000054/0001073349-19-000054-index.html,https://www.sec.gov/Archives/edgar/data/1073349/000107334919000054/fy19q410kdoc.htm,1620591699,16:21:39,20210509
2,2018-06-30,EPAY,USD,2018-08-29 00:00:00,2018-08-29 08:53:57,FY,394096000,173130000,220966000,0.5606907961511916,57310000.0,49837000,85912000.0,6191000.0,215135000,388265000,11170000.0,22076000.0,27907000.0,0.07081269538386586,5831000.0,0.014795887296496285,6191000.0,1125000.0,0.0028546344038000893,-8203000.0,9328000.0,0.02366935974990865,0.28,0.27,38227000.0,39326000.0,https://www.sec.gov/Archives/edgar/data/1073349/000119312518261251/0001193125-18-261251-index.html,https://www.sec.gov/Archives/edgar/data/1073349/000119312518261251/d770967d10k.htm,1620591699,16:21:39,20210509
3,2017-06-30,EPAY,USD,2017-08-28 00:00:00,2017-08-28 13:14:12,FY,349412000,161826000,187586000,0.5368619280391057,53002000.0,46527000,77470000.0,-478000.0,201245000,363071000,17059000.0,24246000.0,10587000.0,0.030299474545808388,-13659000.0,-0.03909138781724726,-8007000.0,-38274000.0,-0.10953831007521207,-5137000.0,-33137000.0,-0.09483646812359049,-0.88,-0.88,37842000.0,37842000.0,https://www.sec.gov/Archives/edgar/data/1073349/000119312517269991/0001193125-17-269991-index.html,https://www.sec.gov/Archives/edgar/data/1073349/000119312517269991/d377508d10k.htm,1620591699,16:21:39,20210509
4,2016-06-30,EPAY,USD,2016-08-29 00:00:00,2016-08-29 10:59:17,FY,343274000,147100000,196174000,0.5714793430320968,47355000.0,39324000,84068000.0,-306000.0,199725000,346825000,15539000.0,28978000.0,25427000.0,0.07407202409736828,-3551000.0,-0.010344506137953938,-306000.0,-18863000.0,-0.05495027295979305,785000.0,-19648000.0,-0.05723707592185834,-0.52,-0.52,37957000.0,37957000.0,https://www.sec.gov/Archives/edgar/data/1073349/000119312516694935/0001193125-16-694935-index.html,https://www.sec.gov/Archives/edgar/data/1073349/000119312516694935/d220707d10k.htm,1620591699,16:21:39,20210509
5,2015-06-30,EPAY,USD,2015-08-28 00:00:00,2015-08-28 14:45:35,FY,330889000,139441000,191448000,0.5785867768345276,47185000.0,34492000,80151000.0,-1287000.0,192211000,331652000,14765000.0,30383000.0,29620000.0,0.08951642393672803,-763000.0,-0.002305909232401198,-1287000.0,-16316000.0,-0.0493095872029593,18364000.0,-34680000.0,-0.10480856117912654,-0.92,-0.92,37806000.0,37806000.0,https://www.sec.gov/Archives/edgar/data/1073349/000119312515306606/0001193125-15-306606-index.html,https://www.sec.gov/Archives/edgar/data/1073349/000119312515306606/d78911d10k.htm,1620591699,16:21:39,20210509
6,2014-06-30,EPAY,USD,2014-08-28 00:00:00,2014-08-28 09:26:54,FY,300585000,130668000,169917000,0.5652876890064374,39725000.0,33721000,72707000.0,-989000.0,172395000,303063000,14222000.0,26242000.0,23764000.0,0.07905916795581948,-2478000.0,-0.008243924347522332,-989000.0,-17022000.0,-0.0566295723339488,2082000.0,-19104000.0,-0.06355606567193972,-0.52,-0.52,36834000.0,36834000.0,https://www.sec.gov/Archives/edgar/data/1073349/000119312514324477/0001193125-14-324477-index.html,https://www.sec.gov/Archives/edgar/data/1073349/000119312514324477/d761478d10k.htm,1620591699,16:21:39,20210509
7,2013-06-30,EPAY,USD,2013-08-29 00:00:00,2013-08-29 11:39:42,FY,254774000,119286000,135488000,0.5317968081515382,32974000.0,27076000,62825000.0,-1000.0,142424000,261710000,7550000.0,19549000.0,12613000.0,0.049506621554789736,-6936000.0,-0.02722412805074301,-4436000.0,-18293000.0,-0.07180089020072691,-3898000.0,-14395000.0,-0.056501055837722844,-0.41,-0.41,35444000.0,35444000.0,https://www.sec.gov/Archives/edgar/data/1073349/000119312513351488/0001193125-13-351488-index.html,https://www.sec.gov/Archives/edgar/data/1073349/000119312513351488/d557011d10k.htm,1620591699,16:21:39,20210509
8,2012-06-30,EPAY,USD,2012-08-27 00:00:00,2012-08-27 12:59:49,FY,224284000,101885000,122399000,0.5457321966792102,28687000.0,21495000,49204000.0,0.0,115139000,217024000,23000.0,15753000.0,23013000.0,0.10260651673770754,7260000.0,0.03236967416311462,-389000.0,7301000.0,0.03255247810811293,5596000.0,1705000.0,0.007601968932246616,0.04975487335123147,0.048377028714107366,34268000.0,35244000.0,https://www.sec.gov/Archives/edgar/data/1073349/000119312512369412/0001193125-12-369412-index.html,https://www.sec.gov/Archives/edgar/data/1073349/000119312512369412/d366847d10k.htm,1620591699,16:21:39,20210509
9,2011-06-30,EPAY,USD,2011-09-09 00:00:00,2011-09-09 12:11:40,FY,189381000,86142000,103239000,0.5451391639076781,21862000.0,19502000,39345000.0,0.0,93371000,179513000,79000.0,12662000.0,22530000.0,0.11896652779317883,9868000.0,0.052106599922906734,200000.0,10426000.0,0.05505304122377641,-25467000.0,35893000.0,0.1895279885521779,1.13,1.07,31660000.0,33453000.0,https://www.sec.gov/Archives/edgar/data/1073349/000119312511244233/0001193125-11-244233-index.html,https://www.sec.gov/Archives/edgar/data/1073349/000119312511244233/d202687d10k.htm,1620591699,16:21:39,20210509
10,2010-06-30,EPAY,USD,2010-09-10 00:00:00,2010-09-10 08:55:49,FY,157990000,68921000,89069000,0.5637635293372998,18858000.0,16383000,34013000.0,0.0,82468000,151389000,74000.0,13214000.0,19815000.0,0.12541933033736313,6601000.0,0.04178112538768276,-265000.0,6508000.0,0.041192480536742834,2554000.0,3954000.0,0.025026900436736502,0.15474326862867877,0.14811207671561283,25552000.0,26696000.0,https://www.sec.gov/Archives/edgar/data/1073349/000119312510207831/0001193125-10-207831-index.html,https://www.sec.gov/Archives/edgar/data/1073349/000119312510207831/d10k.htm,1620591699,16:21:39,20210509
11,2009-06-30,EPAY,USD,2009-09-11 00:00:00,2009-09-11 08:54:39,FY,138014000,60841000,77173000,0.5591679105018331,20096000.0,20915000,32517000.0,0.0,89091000,149932000,106000.0,15563000.0,3645000.0,0.02641036416595418,-11918000.0,-0.0863535583346617,-86000.0,-11475000.0,-0.08314373904096686,813000.0,-12288000.0,-0.08903444578086281,-0.51,-0.51,24044000.0,24044000.0,https://www.sec.gov/Archives/edgar/data/1073349/000119312509190353/0001193125-09-190353-index.html,https://www.sec.gov/Archives/edgar/data/1073349/000119312509190353/d10k.htm,1620591699,16:21:39,20210509
12,2008-06-30,EPAY,USD,2008-09-12 00:00:00,2008-09-12 15:17:31,FY,131241000,59409000,71832000,0.5473289597000938,17376000.0,50936000,0.0,0.0,79711000,139120000,0.0,11399000.0,3520000.0,0.026820886765568687,-7879000.0,-0.0600345928482715,406000.0,-4797000.0,-0.03655107778819119,464000.0,-5261000.0,-0.04008655831637979,-0.22,-0.22,23825000.0,23825000.0,https://www.sec.gov/Archives/edgar/data/1073349/000119312508195286/0001193125-08-195286-index.html,https://www.sec.gov/Archives/edgar/data/1073349/000119312508195286/d10k.htm,1620591699,16:21:39,20210509
13,2007-06-30,EPAY,USD,2007-09-12 00:00:00,2007-09-12 15:39:55,FY,118335000,53059000,65276000,0.5516203997126801,16069000.0,50974000,0.0,0.0,76367000,129426000,0.0,9324000.0,-1767000.0,-0.014932184053745723,-11091000.0,-0.09372544048675371,14000.0,-7914000.0,-0.0668779312967423,-884000.0,-7030000.0,-0.059407613977267924,-0.3,-0.3,23539000.0,23539000.0,https://www.sec.gov/Archives/edgar/data/1073349/000119312507199767/0001193125-07-199767-index.html,https://www.sec.gov/Archives/edgar/data/1073349/000119312507199767/d10k.htm,1620591699,16:21:39,20210509
14,2006-06-30,EPAY,USD,2006-09-12,2006-09-12 17:26:27,FY,101665000,45782000,55883000,0.5496778635715339,12417000.0,43401000,0.0,0.0,60309000,106091000,0.0,4491000.0,65000.0,0.0006393547435203856,-4426000.0,-0.043535139920326565,129000.0,-1174000.0,-0.011547730290660503,660000.0,-1834000.0,-0.018039639994098265,-0.08,-0.08,22838000.0,22838000.0,https://www.sec.gov/Archives/edgar/data/1073349/000119312506189496/0001193125-06-189496-index.htm,https://www.sec.gov/Archives/edgar/data/1073349/000119312506189496/d10k.htm,1620591699,16:21:39,20210509
15,2005-06-30,EPAY,USD,2005-09-12,2005-09-12 15:21:59,FY,96505000,40931000,55574000,0.575866535412673,9433000.0,37123000,0.0,0.0,49773000,90704000,0.0,3217000.0,9018000.0,0.09344593544375938,5801000.0,0.06011087508419253,-137000.0,6245000.0,0.06471167297031243,357000.0,5888000.0,0.0610123827780944,0.33,0.31,18030000.0,19119000.0,https://www.sec.gov/Archives/edgar/data/1073349/000119312505183839/0001193125-05-183839-index.htm,https://www.sec.gov/Archives/edgar/data/1073349/000119312505183839/d10k.htm,1620591699,16:21:39,20210509
16,2004-06-30,EPAY,USD,2004-09-14 00:00:00,2004-09-14 06:01:47,FY,82132000,36446000,45686000,0.5562509131641747,11054000.0,32892000,0.0,0.0,48223000,84669000,0.0,4277000.0,1740000.0,0.021185408854039838,-2537000.0,-0.030889300150976476,103000.0,-2249000.0,-0.027382749719962986,169000.0,-2418000.0,-0.02944041299371743,-0.15,-0.15,16514000.0,16514000.0,https://www.sec.gov/Archives/edgar/data/1073349/000119312504155863/0001193125-04-155863-index.html,https://www.sec.gov/Archives/edgar/data/1073349/000119312504155863/d10k.htm,1620591699,16:21:39,20210509
17,2003-06-30,EPAY,USD,2003-09-26 00:00:00,2003-09-26 08:18:45,FY,71265000,35909000,35356000,0.4961201150634954,12124000.0,28243000,0.0,0.0,49197000,85106000,0.0,8830000.0,-5011000.0,-0.07031502139900372,-13841000.0,-0.19421876096260438,-433000.0,-14030000.0,-0.19687083421034168,60000.0,-27854000.0,-0.3908510489019855,-1.78,-1.78,15667000.0,15667000.0,https://www.sec.gov/Archives/edgar/data/1073349/000119312503054386/0001193125-03-054386-index.html,https://www.sec.gov/Archives/edgar/data/1073349/000119312503054386/d10k.htm,1620591699,16:21:39,20210509
18,2002-06-30,EPAY,USD,2002-06-30,2002-06-30,FY,73986000,34418000,39568000,0.5348038818154786,14206000.0,30520000,0.0,0.0,78360000,112778000,0.0,33634000.0,-5158000.0,-0.06971589219582083,-38792000.0,-0.5243154110237072,-287000.0,-38729000.0,-0.5234638985754062,60000.0,-38789000.0,-0.5242748628118833,-2.63,-2.63,14725000.0,14725000.0,,,1620591699,16:21:39,20210509
19,2001-06-30,EPAY,USD,2001-06-30,2001-06-30,FY,77068000,33965000,43103000,0.5592853064825868,13437000.0,37716000,0.0,0.0,81654000,115619000,0.0,30501000.0,-8050000.0,-0.1044532101520735,-38551000.0,-0.5002205844189547,0.0,-39285000.0,-0.5097446410961748,714000.0,-39999000.0,-0.5190091866922718,-3.12,-3.12,12827000.0,12827000.0,,,1620591699,16:21:39,20210509
20,2000-06-30,EPAY,USD,2000-06-30,2000-06-30,FY,49134000,15993000,33141000,0.674502381243131,8580000.0,34292000,0.0,0.0,46736000,62729000,0.0,3864000.0,-9731000.0,-0.19805022998331095,-13595000.0,-0.27669231082346235,-3900000.0,-15665000.0,-0.3188219969878292,-1400000.0,-14265000.0,-0.2903284894370497,-1.33,-1.33,10744000.0,10744000.0,,,1620591699,16:21:39,20210509
21,1999-06-30,EPAY,USD,1999-06-30,1999-06-30,FY,39300000,12700000,26600000,0.6768447837150128,4000000.0,15800000,0.0,0.0,20700000,33400000,0.0,900000.0,6800000.0,0.17302798982188294,5900000.0,0.15012722646310434,0.0,6800000.0,0.17302798982188294,2700000.0,4100000.0,0.10432569974554708,0.5,0.43,7988000.0,9170000.0,,,1620591699,16:21:39,20210509
22,1998-06-30,EPAY,USD,1998-06-30,1998-06-30,FY,29000000,10200000,18800000,0.6482758620689655,3200000.0,12000000,0.0,0.0,16000000,26200000,0.0,800000.0,3600000.0,0.12413793103448276,2800000.0,0.09655172413793103,0.0,2800000.0,0.09655172413793103,1200000.0,1600000.0,0.05517241379310345,0.24,0.2,6666667.0,8000000.0,,,1620591699,16:21:39,20210509
