,date,symbol,reportedCurrency,fillingDate,acceptedDate,period,revenue,costOfRevenue,grossProfit,grossProfitRatio,researchAndDevelopmentExpenses,generalAndAdministrativeExpenses,sellingAndMarketingExpenses,otherExpenses,operatingExpenses,costAndExpenses,interestExpense,depreciationAndAmortization,ebitda,ebitdaratio,operatingIncome,operatingIncomeRatio,totalOtherIncomeExpensesNet,incomeBeforeTax,incomeBeforeTaxRatio,incomeTaxExpense,netIncome,netIncomeRatio,eps,epsdiluted,weightedAverageShsOut,weightedAverageShsOutDil,link,finalLink,timestamp,est_time,est_date
0,2020-12-31,MMP,USD,2021-02-18,2021-02-18 11:33:02,FY,2427802000,772391000,1655411000,0.6818558515068363,0.0,173478000.0,0.0,-5164000.0,774736000,1547127000,222863000.0,258676000,1139351000,0.4692932125436918,880675000,0.36274580876035195,161050000.0,819899000,0.3377124658435902,2934000.0,816965000,0.33650396531512866,3.5728686509984344,3.5728686509984344,223889000,224000000,https://www.sec.gov/Archives/edgar/data/1126975/000112697521000062/0001126975-21-000062-index.htm,https://www.sec.gov/Archives/edgar/data/1126975/000112697521000062/mmp-20201231.htm,1620595161,17:19:21,20210509
1,2019-12-31,MMP,USD,2020-02-18 00:00:00,2020-02-18 15:00:11,FY,2727912000,865413000,1862499000,0.6827562619322031,0.0,196650000.0,0.0,-11830000.0,827756000,1693169000,201839000.0,246134000,1280877000,0.4695448386898111,1034743000,0.3793168547959025,186097000.0,1022286000,0.37475035851596383,1437000.0,1020849000,0.374223581992381,4.4645234367483315,4.4609337446797355,228658000,228842000,https://www.sec.gov/Archives/edgar/data/1126975/000112697520000047/0001126975-20-000047-index.html,https://www.sec.gov/Archives/edgar/data/1126975/000112697520000047/mmp12311910-k.htm,1620595161,17:19:21,20210509
2,2018-12-31,MMP,USD,2019-02-15 00:00:00,2019-02-15 16:23:19,FY,2826573000,969390000,1857183000,0.6570440600684999,0.0,194283000.0,0.0,-13868000.0,843719000,1813109000,203524000.0,265077000,1278541000,0.4523290217517821,1013464000,0.3585486736058117,521046000.0,1333996000,0.47194818601889993,71000.0,1333925000,0.4719230672620166,5.840890282296378,5.835881753312946,228377000,228573000,https://www.sec.gov/Archives/edgar/data/1126975/000112697519000059/0001126975-19-000059-index.html,https://www.sec.gov/Archives/edgar/data/1126975/000112697519000059/mmp12311810-k.htm,1620595161,17:19:21,20210509
3,2017-12-31,MMP,USD,2018-02-16 00:00:00,2018-02-16 14:06:23,FY,2507661000,832247000,1675414000,0.6681182185311332,0.0,165717000.0,0.0,-4139000.0,743695000,1575942000,195133000.0,196630000,1128349000,0.449960740307402,931719000,0.3715490251672774,135360000.0,873361000,0.3482771395336132,3830000.0,869531000,0.3467498198520454,3.8107907930720146,3.8080871339855826,228176000,228338000,https://www.sec.gov/Archives/edgar/data/1126975/000112697518000071/0001126975-18-000071-index.html,https://www.sec.gov/Archives/edgar/data/1126975/000112697518000071/mmp12311710-k.htm,1620595161,17:19:21,20210509
4,2016-12-31,MMP,USD,2017-02-17 00:00:00,2017-02-17 14:15:27,FY,2205410000,671480000,1533930000,0.6955305362721671,0.0,147815000.0,0.0,36347000.0,677574000,1349054000,166812000.0,178142000,1034498000,0.4690728708040682,856356000,0.3882978675166976,115043000.0,805989000,0.36545993715454267,3218000.0,802771000,0.3640007980375531,3.522068566113563,3.5200454272396815,227926000,228057000,https://www.sec.gov/Archives/edgar/data/1126975/000112697517000071/0001126975-17-000071-index.html,https://www.sec.gov/Archives/edgar/data/1126975/000112697517000071/mmp12311610-k.htm,1620595161,17:19:21,20210509
5,2015-12-31,MMP,USD,2016-02-19 00:00:00,2016-02-19 15:12:39,FY,2188453000,614085000,1574368000,0.7193976749786265,0.0,151329000.0,0.0,1015000.0,677231000,1291316000,144453000.0,166812000,1063949000,0.4861648845097427,897137000,0.4099411776263872,67498000.0,821458000,0.37536012882159225,2336000.0,819122000,0.3742927081367523,3.6,3.59,227550000,227888000,https://www.sec.gov/Archives/edgar/data/1126975/000112697516000223/0001126975-16-000223-index.html,https://www.sec.gov/Archives/edgar/data/1126975/000112697516000223/mmp12311510-k.htm,1620595161,17:19:21,20210509
6,2014-12-31,MMP,USD,2015-02-20,2015-02-20 16:36:45,FY,2303723000,756326000,1547397000,0.6716940361319481,0.0,148288000.0,0.0,-8573000.0,592560000,1348886000,120726000.0,161741000,1116578000,0.4846841395428183,954837000,0.41447561186826715,10821000.0,844139000,0.3664238278647216,4620000.0,839519000,0.36441837842483665,3.6940904690662677,3.6881507384920877,227260000,227626000,https://www.sec.gov/Archives/edgar/data/1126975/000112697515000073/mmp12311410-k.htm,https://www.sec.gov/Archives/edgar/data/1126975/000112697515000073/mmp12311410-k.htm,1620595161,17:19:21,20210509
7,2013-12-31,MMP,USD,2014-02-24,2014-02-24 16:25:34,FY,1897606000,720259000,1177347000,0.6204380677548448,0.0,132496000.0,0.0,0.0,478566000,1198825000,116124000.0,142230000,841011000,0.4431957951229075,698781000,0.36824346044437045,6275000.0,586850000,0.30925808624129564,4613000.0,582237000,0.30682712849769656,2.57,2.56,226829000,227094000,https://www.sec.gov/Archives/edgar/data/1126975/000112697514000032/mmp12311310-k.htm,https://www.sec.gov/Archives/edgar/data/1126975/000112697514000032/mmp12311310-k.htm,1620595161,17:19:21,20210509
8,2012-12-31,MMP,USD,2013-02-22 00:00:00,2013-02-22 16:32:48,FY,1772074000,785120000,986954000,0.5569485247230082,0.0,109403000.0,0.0,0.0,437857000,1222977000,111786000.0,128012000,677109000,0.3820997317267789,549097000,0.3098612134707693,2961000.0,438292000,0.24733278632833616,2622000.0,435670000,0.24585316414551536,1.9246009833501938,1.9225711360587445,226369000,226608000,https://www.sec.gov/Archives/edgar/data/1126975/000112697513000033/0001126975-13-000033-index.html,https://www.sec.gov/Archives/edgar/data/1126975/000112697513000033/mmp123112-10k.htm,1620595161,17:19:21,20210509
9,2011-12-31,MMP,USD,2012-02-27 00:00:00,2012-02-27 12:42:17,FY,1748667000,1012685000,735982000,0.42088173448689775,0.0,98669000.0,0.0,0.0,219848000,1232533000,105695000.0,121179000,637313000,0.36445646884169486,516134000,0.2951585407627639,-1831000.0,415432000,0.23757067526292885,1866000.0,413629000,0.23653960416705982,1.835,1.83,225674000,225974000,https://www.sec.gov/Archives/edgar/data/1126975/000112697512000038/0001126975-12-000038-index.html,https://www.sec.gov/Archives/edgar/data/1126975/000112697512000038/mmp123111-10k.htm,1620595161,17:19:21,20210509
10,2010-12-31,MMP,USD,2011-02-25,2011-02-25 14:17:13,FY,1557447000,950797000,606650000,0.3895156624912437,0.0,95316000.0,0.0,0.0,203984000,1154781000,192758000.0,108668000,511334000,0.32831550608142684,402666000,0.2585423452611871,2151000.0,312951000,0.20093845890100914,1371000.0,311977000,0.20031307646423924,1.4247476823309129,1.4237593669280126,218970000,219122000,https://www.sec.gov/Archives/edgar/data/1126975/000112697511000032/mmp12311010k.htm,https://www.sec.gov/Archives/edgar/data/1126975/000112697511000032/mmp12311010k.htm,1620595161,17:19:21,20210509
11,2009-12-31,MMP,USD,2010-02-24 00:00:00,2010-02-24 15:13:54,FY,1014171000,537926000,476245000,0.4695904339603479,0.0,84049000.0,0.0,0.0,181265000,719191000,70959000.0,97216000,392196000,0.38671584969398654,294980000,0.29085824777083946,24000.0,228136000,0.22494825823258602,1661000.0,126746000,0.1249749795645902,1.1095684146021185,1.1089859130282615,114230000,114290000,https://www.sec.gov/Archives/edgar/data/1126975/000119312510038751/0001193125-10-038751-index.html,https://www.sec.gov/Archives/edgar/data/1126975/000119312510038751/d10k.htm,1620595161,17:19:21,20210509
12,2008-12-31,MMP,USD,2009-02-26 00:00:00,2009-02-26 16:03:07,FY,1212786000,702295000,510491000,0.420924219112028,0.0,70435000.0,0.0,0.0,141588000,843883000,51948000.0,71153000,440056000,0.3628471964551042,368903000,0.30417814849445823,30167000.0,348600000,0.28743735498265977,1987000.0,346613000,0.28579897855021413,1.64,1.635,133710000,133854000,https://www.sec.gov/Archives/edgar/data/1126975/000119312509039040/0001193125-09-039040-index.html,https://www.sec.gov/Archives/edgar/data/1126975/000119312509039040/d10k.htm,1620595161,17:19:21,20210509
13,2007-12-31,MMP,USD,2008-02-28,2008-02-28 13:03:51,FY,1318121000,885510000,432611000,0.32820279777046263,0.0,72587000.0,0.0,0.0,136379000,1021889000,52812000.0,63792000,360024000,0.27313425702192745,296232000,0.2247380930885708,-829000.0,244358000,0.18538358769794275,1568000.0,242790000,0.18419401557216675,1.824199437991194,1.820014992503748,133094000,133400000,https://www.sec.gov/Archives/edgar/data/1126975/000119312508041357/d10k.htm,https://www.sec.gov/Archives/edgar/data/1126975/000119312508041357/d10k.htm,1620595161,17:19:21,20210509
14,2006-12-31,MMP,USD,2007-02-28,2007-02-28 15:34:35,FY,1223560000,849867000,373693000,0.305414528098336,0.0,67112000.0,0.0,0.0,127964000,977831000,55107000.0,60852000,306581000,0.2505647454967472,245729000,0.20083118114354834,9000.0,192728000,0.15751413906960018,0.0,192728000,0.15751413906960018,1.4521179608504995,1.446624532748863,132722000,133226000,https://www.sec.gov/Archives/edgar/data/1126975/000119312507042518/d10k.htm,https://www.sec.gov/Archives/edgar/data/1126975/000119312507042518/d10k.htm,1620595161,17:19:21,20210509
15,2005-12-31,MMP,USD,2006-03-13,2006-03-13 16:22:07,FY,485160000,264519000,220641000,0.454779866435815,0.0,59117000.0,0.0,0.0,95198000,359717000,36597000.0,36081000,161524000,0.33292934289718856,125443000,0.25856006265974113,-2738000.0,88169000,0.18173179981861654,0.0,88169000,0.18173179981861654,0.8105258319544034,0.8093354139893519,108780000,108940000,https://www.sec.gov/Archives/edgar/data/1126975/000119312506052302/d10k.htm,https://www.sec.gov/Archives/edgar/data/1126975/000119312506052302/d10k.htm,1620595161,17:19:21,20210509
16,2004-12-31,MMP,USD,2005-03-10,2005-03-10 16:27:52,FY,695374000,432665000,262709000,0.3777952583789443,0.0,57057000.0,0.0,0.0,98902000,531567000,37893000.0,41845000,205652000,0.2957430102362182,163807000,0.23556675975805824,-18169000.0,110203000,0.15848018476388245,0.0,110203000,0.15848018476388245,0.8625,0.86,117432000,117688000,https://www.sec.gov/Archives/edgar/data/1126975/000119312505046594/d10k.htm,https://www.sec.gov/Archives/edgar/data/1126975/000119312505046594/d10k.htm,1620595161,17:19:21,20210509
17,2003-12-31,MMP,USD,2004-03-10,2004-03-10 17:08:02,FY,485160000,264519000,220641000,0.454779866435815,0.0,59117000.0,0.0,0.0,95198000,359717000,36597000.0,36081000,161524000,0.33292934289718856,125443000,0.25856006265974113,-2738000.0,88169000,0.18173179981861654,0.0,88169000,0.18173179981861654,0.83,0.8275,108780000,108940000,https://www.sec.gov/Archives/edgar/data/1126975/000119312504038322/d10k.htm,https://www.sec.gov/Archives/edgar/data/1126975/000119312504038322/d10k.htm,1620595161,17:19:21,20210509
18,2002-12-31,MMP,USD,2003-03-21 00:00:00,2003-03-21 10:31:50,FY,434477000,63982000,370495000,0.8527378894625032,0.0,198328000.0,0.0,0.0,233424000,297406000,0.0,45046000,182117000,0.4191637301859477,137071000,0.3154850544447692,2112000.0,107475000,0.247366373824161,8322000.0,99153000,0.22821231043300336,0.92,0.9175,87644000,87872000,https://www.sec.gov/Archives/edgar/data/1126975/000095013403004294/0000950134-03-004294-index.html,https://www.sec.gov/Archives/edgar/data/1126975/000095013403004294/d04048e10vk.htm,1620595161,17:19:21,20210509
19,2001-12-31,MMP,USD,2001-12-31,2001-12-31,FY,86054000,37314000,48740000,0.5663885467264741,0.0,8955000.0,0.0,0.0,20703000,58017000,0.0,11748000,39785000,0.46232598136054104,28037000,0.3258070513863388,1058000.0,21934000,0.2548864666372278,187000.0,21747000,0.25271341250842494,0.4675,0.4675,45436000,45436000,,,1620595161,17:19:21,20210509
