,date,symbol,reportedCurrency,fillingDate,acceptedDate,period,revenue,costOfRevenue,grossProfit,grossProfitRatio,researchAndDevelopmentExpenses,generalAndAdministrativeExpenses,sellingAndMarketingExpenses,otherExpenses,operatingExpenses,costAndExpenses,interestExpense,depreciationAndAmortization,ebitda,ebitdaratio,operatingIncome,operatingIncomeRatio,totalOtherIncomeExpensesNet,incomeBeforeTax,incomeBeforeTaxRatio,incomeTaxExpense,netIncome,netIncomeRatio,eps,epsdiluted,weightedAverageShsOut,weightedAverageShsOutDil,link,finalLink,timestamp,est_time,est_date
0,2020-03-31,LM,USD,2020-05-29,2020-05-29,FY,2922125000,1850115000.0,1072010000.0,0.36685973392650895,0.0,335815000,0.0,-12397000.0,567765000,2417880000,109870000.0,22539000.0,526784000,0.18027428669204773,504245000,0.17256106429396414,3865000.0,410534000,0.1404915943020918,106048000.0,251367000,0.08602198742353595,2.8,2.79,86831000,87337000,https://www.sec.gov/Archives/edgar/data/704051/000070405120000060/lm10k3312020.htm,https://www.sec.gov/Archives/edgar/data/704051/000070405120000060/lm10k3312020.htm,1620594490,17:08:10,20210509
1,2019-03-31,LM,USD,2019-05-24 00:00:00,2019-05-24 16:31:10,FY,2903259000,1838245000.0,1065014000.0,0.36683396142059665,0.0,333434000,0.0,30552000.0,596141000,2434386000,117341000.0,24404000.0,493277000,0.16990457964652828,468873000,0.16149885352977464,-335213000.0,28495000,0.009814832228195968,20561000.0,-28508000,-0.009819309954778406,-0.38,-0.38,85423000,85423000,https://www.sec.gov/Archives/edgar/data/704051/000070405119000069/0000704051-19-000069-index.html,https://www.sec.gov/Archives/edgar/data/704051/000070405119000069/lm_10kx3312019.htm,1620594490,17:08:10,20210509
2,2018-03-31,LM,USD,2018-05-30 00:00:00,2018-05-30 17:22:14,FY,3140322000,1998129000.0,1142193000.0,0.36371843396951015,0.0,313558000,0.0,42153000.0,620521000,2618650000,117872000.0,24604000.0,546276000,0.17395540966818052,521672000,0.16612054432634615,-177066000.0,233840000,0.07446370149303161,-102510000.0,285075000,0.09077890738593049,3.03,3.01,90734000,91194000,https://www.sec.gov/Archives/edgar/data/704051/000070405118000066/0000704051-18-000066-index.html,https://www.sec.gov/Archives/edgar/data/704051/000070405118000066/lm_10kx3312018.htm,1620594490,17:08:10,20210509
3,2017-03-31,LM,USD,2017-05-24 00:00:00,2017-05-24 16:47:47,FY,2886902000,1900773000.0,986129000.0,0.3415872793742219,0.0,322599000,0.0,41664000.0,528886000,2429659000,113173000.0,26190000.0,483433000,0.16745736433034444,457243000,0.15838535565114437,19993000.0,370878000,0.1284692033189904,84175000.0,227256000,0.0787196794349098,2.19,2.18,100580000,100799000,https://www.sec.gov/Archives/edgar/data/704051/000070405117000046/0000704051-17-000046-index.html,https://www.sec.gov/Archives/edgar/data/704051/000070405117000046/lm_10kx3312017.htm,1620594490,17:08:10,20210509
4,2016-03-31,LM,USD,2016-05-23 00:00:00,2016-05-23 15:44:58,FY,2660844000,1750527000.0,910317000.0,0.34211588503497387,0.0,320467000,0.0,-25977000.0,488486000,2239013000,48463000.0,4979000.0,426810000,0.160403992116787,421831000,0.15853278132802975,-404220000.0,-25218000,-0.009477443998971755,7692000.0,-25032000,-0.009407541366573914,-0.25,-0.25,107406000,107406000,https://www.sec.gov/Archives/edgar/data/704051/000070405116000149/0000704051-16-000149-index.html,https://www.sec.gov/Archives/edgar/data/704051/000070405116000149/lm_10kx3312016.htm,1620594490,17:08:10,20210509
5,2015-03-31,LM,USD,2015-05-22 00:00:00,2015-05-22 16:04:31,FY,2819106000,1827558000.0,991548000.0,0.3517242700345429,0.0,292146000,0.0,-85280000.0,493329000,2320887000,58274000.0,2625000.0,500844000,0.17766057750222944,498219000,0.17672943124522456,-79392000.0,367993000,0.13053535411580836,125284000.0,237080000,0.08409758270884457,2.06,2.04,115084000,116311000,https://www.sec.gov/Archives/edgar/data/704051/000070405115000045/0000704051-15-000045-index.html,https://www.sec.gov/Archives/edgar/data/704051/000070405115000045/lm_10kx3312015.htm,1620594490,17:08:10,20210509
6,2014-03-31,LM,USD,2014-05-23 00:00:00,2014-05-23 16:38:18,FY,2741757000,1829457000.0,912300000.0,0.3327428360719057,0.0,273106000,0.0,32818000.0,481407000,2310864000,52911000.0,12314000.0,443207000,0.16165072251114887,430893000,0.15715944191990755,35292000.0,419641000,0.15305550418946684,137805000.0,284784000,0.1038691612714037,2.34,2.33,121941000,122383000,https://www.sec.gov/Archives/edgar/data/704051/000070405114000063/0000704051-14-000063-index.html,https://www.sec.gov/Archives/edgar/data/704051/000070405114000063/lm_10kx3312014.htm,1620594490,17:08:10,20210509
7,2013-03-31,LM,USD,2013-05-24 00:00:00,2013-05-24 15:05:46,FY,2612650000,1789114000.0,823536000.0,0.3152109926702773,0.0,321586000,0.0,-17958000.0,524035000,2313149000,62919000.0,14019000.0,313520000,0.12000076550628672,299501000,0.11463494918952022,-754779000.0,-510607000,-0.19543643427171645,-150859000.0,-353327000,-0.1352370198840258,-2.65,-2.65,133226000,133226000,https://www.sec.gov/Archives/edgar/data/704051/000070405113000094/0000704051-13-000094-index.html,https://www.sec.gov/Archives/edgar/data/704051/000070405113000094/lm_10kx3312013.htm,1620594490,17:08:10,20210509
8,2012-03-31,LM,USD,2012-05-25,2012-05-25 16:24:40,FY,2662574000,0.0,2662574000.0,1.0,0.0,1463837000,649739000.0,0.0,2323821000,2323821000,87584000.0,19574000.0,358327000,0.13457917038174338,338753000,0.12722763761683242,40433000.0,303083000,0.11383082686152572,72052000.0,220817000,0.08293365743074183,1.5410281104318455,1.5404153499501216,143292000,143349000,https://www.sec.gov/Archives/edgar/data/704051/000070405112000046/lm10k3312012.htm,https://www.sec.gov/Archives/edgar/data/704051/000070405112000046/lm10k3312012.htm,1620594490,17:08:10,20210509
9,2011-03-31,LM,USD,2011-05-27 00:00:00,2011-05-27 15:21:05,FY,2784317000,0.0,2784317000.0,1.0,0.0,1485183000,712839000.0,0.0,2397509000,2397509000,92157000.0,22913000.0,409721000,0.147153143841021,386808000,0.13892383661774144,61300000.0,365197000,0.1311621485628253,119434000.0,253923000,0.09119758992959494,1.6348272287713832,1.6331133750096474,155321000,155484000,https://www.sec.gov/Archives/edgar/data/704051/000104746911005564/0001047469-11-005564-index.html,https://www.sec.gov/Archives/edgar/data/704051/000104746911005564/a2204188z10-k.htm,1620594490,17:08:10,20210509
10,2010-03-31,LM,USD,2010-05-28 00:00:00,2010-05-28 15:19:14,FY,2634879000,0.0,2634879000.0,1.0,0.0,1431363000,691931000.0,0.0,2313696000,2313696000,126317000.0,22769000.0,343952000,0.13053806265866477,321183000,0.12189667912644186,127423000.0,329656000,0.12511238656499976,118676000.0,204357000,0.07755840021496244,1.33,1.32,153715000,155362000,https://www.sec.gov/Archives/edgar/data/704051/000104746910005655/0001047469-10-005655-index.html,https://www.sec.gov/Archives/edgar/data/704051/000104746910005655/a2198856z10-k.htm,1620594490,17:08:10,20210509
11,2009-03-31,LM,USD,2009-05-29 00:00:00,2009-05-29 16:04:17,FY,3357367000,0.0,3357367000.0,1.0,0.0,1530065000,969964000.0,0.0,2718577000,2718577000,150465000.0,36488000.0,675278000,0.2011332094465693,638790000,0.19026516910424152,-3700454000.0,-3155857000,-0.9399797519901756,-1210853000.0,-1947928000,-0.5801951350567275,-13.85,-13.85,140669000,140669000,https://www.sec.gov/Archives/edgar/data/704051/000104746909006052/0001047469-09-006052-index.html,https://www.sec.gov/Archives/edgar/data/704051/000104746909006052/a2193160z10-k.htm,1620594490,17:08:10,20210509
12,2008-03-31,LM,USD,2008-05-29 00:00:00,2008-05-29 15:51:14,FY,4634086000,0.0,0.0,0.0,0.0,-1569517000,0.0,0.0,3432910000,3432910000,82681000.0,57271000.0,1258447000,0.2715631518275664,1201176000,0.2592045119576978,-751547000.0,443871000,0.09578393668136499,175995000.0,267610000,0.057748172994631516,1.88,1.86,142345745,143876344,https://www.sec.gov/Archives/edgar/data/704051/000119312508124629/0001193125-08-124629-index.html,https://www.sec.gov/Archives/edgar/data/704051/000119312508124629/d10k.htm,1620594490,17:08:10,20210509
13,2007-03-31,LM,USD,2007-05-30 00:00:00,2007-05-30 10:51:45,FY,4343675000,0.0,0.0,0.0,0.0,1568568000,0.0,0.0,3315377000,3315377000,0.0,68410000.0,1096708000,0.25248389900257273,1028298000,0.23673456232337825,28114000.0,1043854000,0.24031586156883283,397612000.0,646818000,0.14891031212049705,4.58,4.48,141226638,144379018,https://www.sec.gov/Archives/edgar/data/704051/000119312507125417/0001193125-07-125417-index.html,https://www.sec.gov/Archives/edgar/data/704051/000119312507125417/d10k.htm,1620594490,17:08:10,20210509
14,2006-03-31,LM,USD,2006-06-09,2006-06-09 17:29:28,FY,2645212000,0.0,0.0,0.0,0.0,1127183000,0.0,0.0,1965482000,1965482000,0.0,38460000.0,718190000,0.2715056486965884,679730000,0.25696617133144717,40388000.0,715462000,0.27047435139414155,275595000.0,1144168000,0.4325430249068884,9.5,8.8,120438737,130019091,https://www.sec.gov/Archives/edgar/data/704051/000119312506127672/d10k.htm,https://www.sec.gov/Archives/edgar/data/704051/000119312506127672/d10k.htm,1620594490,17:08:10,20210509
15,2005-03-31,LM,USD,2005-06-03,2005-06-02 17:34:15,FY,2489552000,0.0,0.0,0.0,0.0,1315755000,0.0,0.0,1750001000,1750001000,0.0,22527000.0,762078000,0.3061104969890165,739551000,0.2970618810131301,0.0,658707000,0.26458856854566604,250276000.0,408431000,0.1640580313245114,3.95,3.53,103400253,115702833,https://www.sec.gov/Archives/edgar/data/704051/000119312505119343/d10k.htm,https://www.sec.gov/Archives/edgar/data/704051/000119312505119343/d10k.htm,1620594490,17:08:10,20210509
16,2004-03-31,LM,USD,2004-06-04,2004-06-04 17:18:46,FY,2004267000,0.0,0.0,0.0,0.0,1087388000,0.0,0.0,1451303000,1451303000,0.0,21753000.0,574717000,0.28674672586037686,552964000,0.2758933814706324,-17500000.0,472309000,0.2356517370190698,181701000.0,297764000,0.14856503649463867,2.966667,2.706667,100369888,110011330,https://www.sec.gov/Archives/edgar/data/704051/000119312504099031/d10k.htm,https://www.sec.gov/Archives/edgar/data/704051/000119312504099031/d10k.htm,1620594490,17:08:10,20210509
17,2003-03-31,LM,USD,2003-03-31,2003-03-31,FY,1615382000,0.0,0.0,0.0,0.0,897480000,0.0,0.0,1219925000,1219925000,0.0,24915000.0,420372000,0.26023070704019235,395457000,0.2448071106400839,0.0,308321000,0.19086568997302186,117412000.0,190909000,0.11818195324697192,1.926667,1.853333,99087716,103008453,,,1620594490,17:08:10,20210509
18,2002-03-31,LM,USD,2002-06-28 00:00:00,2002-06-28 13:02:54,FY,1578612000,0.0,0.0,0.0,0.0,883426000,0.0,0.0,1198092000,1198092000,0.0,18808000.0,399328000,0.25296146234793604,380520000,0.24104719842494546,0.0,253249000,0.16042510762619314,100313000.0,152936000,0.09688004398800971,1.566667,1.493333,97618723,102412500,https://www.sec.gov/Archives/edgar/data/704051/000102140802008941/0001021408-02-008941-index.html,https://www.sec.gov/Archives/edgar/data/704051/000102140802008941/d10k.txt,1620594490,17:08:10,20210509
19,2001-03-31,LM,USD,2001-06-20 00:00:00,2001-06-20 00:00:00,FY,1536253000,0.0,0.0,0.0,0.0,804776000,0.0,0.0,1095044000,1095044000,0.0,36495000.0,477704000,0.310953990000345,441209000,0.28719813728598087,0.0,265820000,0.17303139521940722,109590000.0,156230000,0.10169548895917535,1.633333,1.533333,95651020,101889130,https://www.sec.gov/Archives/edgar/data/704051/000095016901500129/0000950169-01-500129-index.html,https://www.sec.gov/Archives/edgar/data/704051/000095016901500129/d10k.txt,1620594490,17:08:10,20210509
20,2000-03-31,LM,USD,2000-06-28 00:00:00,2000-06-28 00:00:00,FY,1370804000,0.0,0.0,0.0,0.0,743867000,0.0,0.0,997341000,997341000,0.0,29320000.0,402783000,0.2938297524664358,373463000,0.27244084493479737,0.0,239141000,0.1744530946802023,96616000.0,142525000,0.10397182967076256,1.673333,1.553333,85174303,91754292,https://www.sec.gov/Archives/edgar/data/704051/000095016900000659/0000950169-00-000659-index.html,https://www.sec.gov/Archives/edgar/data/704051/000095016900000659/0000950169-00-000659-0001.txt,1620594490,17:08:10,20210509
21,1999-03-31,LM,USD,1999-06-28 00:00:00,1999-06-28 00:00:00,FY,1046006000,0.0,0.0,0.0,0.0,584800000,0.0,0.0,802321000,802321000,0.0,21566000.0,265251000,0.25358458746890555,243685000,0.23296711491138675,0.0,148775000,0.1422314977160743,59441000.0,89334000,0.08540486383443308,1.093333,1.033333,81707927,86452258,https://www.sec.gov/Archives/edgar/data/704051/000095016999000113/0000950169-99-000113-index.html,https://www.sec.gov/Archives/edgar/data/704051/0000950169-99-000113.txt,1620594490,17:08:10,20210509
22,1998-03-31,LM,USD,1998-06-29 00:00:00,1998-06-29 00:00:00,FY,889060000,0.0,0.0,0.0,0.0,511400000,0.0,0.0,686975000,686975000,0.0,21986000.0,224071000,0.25203135896339957,202085000,0.2273018693901424,0.0,128379000,0.14439857827368233,52258000.0,76121000,0.0856196432186804,0.933333,0.876667,81558214,86830038,https://www.sec.gov/Archives/edgar/data/704051/000070405198000013/0000704051-98-000013-index.html,https://www.sec.gov/Archives/edgar/data/704051/0000704051-98-000013.txt,1620594490,17:08:10,20210509
23,1997-03-31,LM,USD,1997-06-27 00:00:00,1997-06-27 00:00:00,FY,639706000,0.0,0.0,0.0,0.0,362900000,0.0,0.0,501147000,501147000,0.0,17213000.0,155772000,0.2435056103897728,138559000,0.21659793717739087,0.0,95202000,0.1488214898719099,38609000.0,56593000,0.08846720212097432,0.782696,0.742686,72305242,76200474,https://www.sec.gov/Archives/edgar/data/704051/000070405197000007/0000704051-97-000007-index.html,https://www.sec.gov/Archives/edgar/data/704051/0000704051-97-000007.txt,1620594490,17:08:10,20210509
24,1996-03-31,LM,USD,1996-06-28 00:00:00,1996-06-28 00:00:00,FY,516043000,0.0,0.0,0.0,0.0,299600000,0.0,0.0,426012000,426012000,0.0,14245000.0,104276000,0.20206843228180596,90031000,0.1744641434919183,0.0,63854000,0.12373775053629252,25987000.0,37867000,0.07337954395273262,0.620155,0.537634,61060538,70432620,https://www.sec.gov/Archives/edgar/data/704051/000070405196000022/0000704051-96-000022-index.html,https://www.sec.gov/Archives/edgar/data/704051/0000704051-96-000022.txt,1620594490,17:08:10,20210509
25,1995-03-31,LM,USD,1995-06-29 00:00:00,1995-06-29 00:00:00,FY,371591000,0.0,0.0,0.0,0.0,217000000,0.0,0.0,326767000,326767000,0.0,10461000.0,55285000,0.14877916849439302,44824000,0.12062724877620826,0.0,27689000,0.07451472183126072,11431000.0,16258000,0.04375240519818833,0.325081,0.282571,50012109,57536055,https://www.sec.gov/Archives/edgar/data/704051/000070405195000008/0000704051-95-000008-index.html,https://www.sec.gov/Archives/edgar/data/704051/0000704051-95-000008.txt,1620594490,17:08:10,20210509
26,1994-03-31,LM,USD,1994-06-29 00:00:00,1994-06-29 00:00:00,FY,397600000,0.0,0.0,0.0,0.0,229000000,0.0,0.0,-93900000,-93900000,0.0,8300000.0,499800000,1.2570422535211268,491500000,1.2361670020120725,0.0,59200000,0.1488933601609658,23200000.0,36000000,0.09054325955734406,0.62698,0.51359,57418099,60380769,https://www.sec.gov/Archives/edgar/data/704051/000070405194000010/0000704051-94-000010-index.html,https://www.sec.gov/Archives/edgar/data/704051/0000704051-94-000010.txt,1620594490,17:08:10,20210509
