,date,symbol,reportedCurrency,fillingDate,acceptedDate,period,revenue,costOfRevenue,grossProfit,grossProfitRatio,researchAndDevelopmentExpenses,generalAndAdministrativeExpenses,sellingAndMarketingExpenses,otherExpenses,operatingExpenses,costAndExpenses,interestExpense,depreciationAndAmortization,ebitda,ebitdaratio,operatingIncome,operatingIncomeRatio,totalOtherIncomeExpensesNet,incomeBeforeTax,incomeBeforeTaxRatio,incomeTaxExpense,netIncome,netIncomeRatio,eps,epsdiluted,weightedAverageShsOut,weightedAverageShsOutDil,link,finalLink,timestamp,est_time,est_date
0,2020-12-31,EGOV,USD,2021-02-25,2021-02-25 16:39:49,FY,460454000,294734000.0,165720000.0,0.35990565832851923,0.0,0.0,0.0,0.0,78287000.0,373021000,0.0,14245000.0,101678000.0,0.22082118952164603,87433000.0,0.1898843315510344,0.0,87822000.0,0.19072914992594267,19228000.0,68594000.0,0.14897036403202057,1.0255666527121583,1.0255666527121583,66884000,66884000,https://www.sec.gov/Archives/edgar/data/1065332/000106533221000005/0001065332-21-000005-index.htm,https://www.sec.gov/Archives/edgar/data/1065332/000106533221000005/egov-20201231.htm,1620591518,16:18:38,20210509
1,2019-12-31,EGOV,USD,2020-02-20 00:00:00,2020-02-20 16:43:38,FY,354205000,217126000.0,137079000.0,0.38700470066769244,26850000.0,0.0,0.0,2514000.0,74660000.0,291786000,0.0,12610000.0,75029000.0,0.2118236614389972,62419000.0,0.17622280882539773,2514000.0,64933000.0,0.1833203935574032,14503000.0,50430000.0,0.14237517821600484,0.75,0.75,66884000,66884000,https://www.sec.gov/Archives/edgar/data/1065332/000106533220000006/0001065332-20-000006-index.html,https://www.sec.gov/Archives/edgar/data/1065332/000106533220000006/egov-20191231.htm,1620591518,16:18:38,20210509
2,2018-12-31,EGOV,USD,2019-02-21 00:00:00,2019-02-21 16:20:54,FY,344900000,204032000.0,140868000.0,0.408431429399826,0.0,0.0,0.0,616000.0,65808000.0,269840000,0.0,9117000.0,84177000.0,0.24406204697013628,75060000.0,0.21762829805740794,616000.0,75676000.0,0.21941432299217165,17407000.0,58269000.0,0.1689446216294578,0.876238740432187,0.8754356971153846,66499000,66560000,https://www.sec.gov/Archives/edgar/data/1065332/000106533219000006/0001065332-19-000006-index.html,https://www.sec.gov/Archives/edgar/data/1065332/000106533219000006/egov-123118x10k.htm,1620591518,16:18:38,20210509
3,2017-12-31,EGOV,USD,2018-02-22 00:00:00,2018-02-22 16:08:22,FY,336508000,200462000.0,136046000.0,0.4042875652287613,0.0,0.0,0.0,0.0,57709000.0,258171000,0.0,6929000.0,85266000.0,0.25338476351230876,78337000.0,0.2327938711709677,0.0,78337000.0,0.2327938711709677,26723000.0,51614000.0,0.15338119747524576,0.7795616910087753,0.7788911357257116,66209000,66266000,https://www.sec.gov/Archives/edgar/data/1065332/000106533218000003/0001065332-18-000003-index.html,https://www.sec.gov/Archives/edgar/data/1065332/000106533218000003/egov-123117x10k.htm,1620591518,16:18:38,20210509
4,2016-12-31,EGOV,USD,2017-02-22 00:00:00,2017-02-22 16:16:52,FY,317914670,186244677.0,131669993.0,0.4141677167650049,0.0,0.0,0.0,0.0,53812004.0,240056681,0.0,6749133.0,84607122.0,0.26613154403978906,77857989.0,0.24490215880884011,0.0,77857989.0,0.24490215880884011,22024490.0,55833499.0,0.17562416669856726,0.8470787098144524,0.8463981293393567,65913000,65966000,https://www.sec.gov/Archives/edgar/data/1065332/000115752317000579/0001157523-17-000579-index.html,https://www.sec.gov/Archives/edgar/data/1065332/000115752317000579/a51509339.htm,1620591518,16:18:38,20210509
5,2015-12-31,EGOV,USD,2016-02-23 00:00:00,2016-02-23 16:02:38,FY,292376296,173597978.0,118778318.0,0.40625153141689707,0.0,0.0,0.0,0.0,51483736.0,225081714,0.0,8385413.0,75679995.0,0.25884449606680837,67294582.0,0.23016428801054378,0.0,67294582.0,0.23016428801054378,25316059.0,41978523.0,0.14357703950117762,0.6403557775913356,0.6395265539305302,65555000,65640000,https://www.sec.gov/Archives/edgar/data/1065332/000115752316004701/0001157523-16-004701-index.html,https://www.sec.gov/Archives/edgar/data/1065332/000115752316004701/a51280953.htm,1620591518,16:18:38,20210509
6,2014-12-31,EGOV,USD,2015-02-24,2015-02-24 16:02:23,FY,272096571,160968941.0,111127630.0,0.40841246029520895,0.0,0.0,0.0,0.0,48113559.0,209082500,0.0,9177018.0,72191089.0,0.2653142181641091,63014071.0,0.23158715587047954,0.0,63014071.0,0.23158715587047954,23955852.0,39058219.0,0.1435454289499297,0.5988320096896848,0.5983366371518736,65224000,65278000,https://www.sec.gov/Archives/edgar/data/1065332/000115752315000683/a51038672.htm,https://www.sec.gov/Archives/edgar/data/1065332/000115752315000683/a51038672.htm,1620591518,16:18:38,20210509
7,2013-12-31,EGOV,USD,2014-02-27,2014-02-27 16:25:26,FY,249278665,147410882.0,101867783.0,0.4086502268455265,0.0,0.0,0.0,-51301.0,49257731.0,196668613,0.0,8333089.0,60943141.0,0.24447796605457592,52610052.0,0.21104915657342757,-51301.0,52558751.0,0.2108433587768131,20520660.0,32038091.0,0.12852319712158278,0.4937368583272974,0.49324277180774084,64889000,64954000,https://www.sec.gov/Archives/edgar/data/1065332/000115752314000862/a50805531.htm,https://www.sec.gov/Archives/edgar/data/1065332/000115752314000862/a50805531.htm,1620591518,16:18:38,20210509
8,2012-12-31,EGOV,USD,2013-02-28 00:00:00,2013-02-28 17:25:49,FY,211142526,128580278.0,82562248.0,0.39102614505994876,0.0,0.0,0.0,-16211.0,39370478.0,167950756,0.0,6518532.0,49710302.0,0.23543481714337358,43191770.0,0.20456215438097014,-16211.0,43175559.0,0.20448537685866275,16836811.0,26338748.0,0.12474392771070665,0.40835268217054266,0.40794157825447225,64500000,64565000,https://www.sec.gov/Archives/edgar/data/1065332/000115752313001149/0001157523-13-001149-index.html,https://www.sec.gov/Archives/edgar/data/1065332/000115752313001149/a50564955.htm,1620591518,16:18:38,20210509
9,2011-12-31,EGOV,USD,2012-02-24 00:00:00,2012-02-24 12:46:59,FY,180899171,108760853.0,72138318.0,0.39877638798024123,0.0,0.0,0.0,0.0,33630246.0,142391099,0.0,4898488.0,43406560.0,0.23994891607325275,38508072.0,0.21287036191006092,-34820.0,38473252.0,0.2126778789937075,15530770.0,22942482.0,0.1268246939616987,0.35837548814395953,0.3575990460900603,64018000,64157000,https://www.sec.gov/Archives/edgar/data/1065332/000115752312001023/0001157523-12-001023-index.html,https://www.sec.gov/Archives/edgar/data/1065332/000115752312001023/a50165356.htm,1620591518,16:18:38,20210509
10,2010-12-31,EGOV,USD,2011-03-16,2011-03-16 17:18:04,FY,161533859,99532481.0,62001378.0,0.3838289903047509,0.0,0.0,0.0,0.0,32603264.0,132135745,0.0,4676824.0,34074938.0,0.2109461026372186,29398114.0,0.1819935101036619,-12690.0,29388557.0,0.18193434603701258,11025510.0,18363047.0,0.11367924417629371,0.28913175670356317,0.2886863022528259,63511000,63609000,https://www.sec.gov/Archives/edgar/data/1065332/000106533211000003/form10k.htm,https://www.sec.gov/Archives/edgar/data/1065332/000106533211000003/form10k.htm,1620591518,16:18:38,20210509
11,2009-12-31,EGOV,USD,2010-03-16 00:00:00,2010-03-16 17:29:57,FY,132885729,79232676.0,53653053.0,0.4037533104852817,0.0,0.0,0.0,0.0,33816464.0,113049140,0.0,8165666.0,28002255.0,0.21072432089378085,19836589.0,0.1492755403403777,2187127.0,22072549.0,0.16610172639381013,8126556.0,13945993.0,0.10494725885877482,0.22135794101774547,0.22108422637920103,63002000,63080000,https://www.sec.gov/Archives/edgar/data/1065332/000106533210000003/0001065332-10-000003-index.html,https://www.sec.gov/Archives/edgar/data/1065332/000106533210000003/form10k.htm,1620591518,16:18:38,20210509
12,2008-12-31,EGOV,USD,2009-03-13 00:00:00,2009-03-13 16:00:42,FY,100575503,55815450.0,44760053.0,0.44503931538875824,0.0,0.0,0.0,0.0,26150839.0,81966289,0.0,3633201.0,22242415.0,0.2211514169608478,18609214.0,0.18502730232430456,-49155.0,19255426.0,0.19145244543295994,7334349.0,11921077.0,0.11852863415458136,0.19064367323607206,0.189700133780616,62530672,62841690,https://www.sec.gov/Archives/edgar/data/1065332/000120677409000483/0001206774-09-000483-index.html,https://www.sec.gov/Archives/edgar/data/1065332/000120677409000483/nic_10k.htm,1620591518,16:18:38,20210509
13,2007-12-31,EGOV,USD,2008-03-17,2008-03-17 16:00:50,FY,85754934,45531960.0,40222974.0,0.4690455945077166,0.0,0.0,0.0,0.0,24096008.0,69627968,0.0,2501615.0,18628581.0,0.21723042781421767,16126966.0,0.18805875356396404,492199.0,18360272.0,0.21410163991263756,6405052.0,11955220.0,0.13941145357303872,0.19333588091052328,0.19120627572390794,61836530,62525249,https://www.sec.gov/Archives/edgar/data/1065332/000120677408000530/nic_10k.htm,https://www.sec.gov/Archives/edgar/data/1065332/000120677408000530/nic_10k.htm,1620591518,16:18:38,20210509
14,2006-12-31,EGOV,USD,2007-03-15,2007-03-15 14:58:59,FY,71375846,37845637.0,33530209.0,0.46976968931478585,0.0,0.0,0.0,0.0,17382175.0,55227812,0.0,2040398.0,18188432.0,0.25482614945117427,16148034.0,0.22623947602666594,-132141.0,18417397.0,0.258034027365504,7678396.0,10739001.0,0.15045707479250053,0.17487793882519817,0.17387408043182034,61408552,61763093,https://www.sec.gov/Archives/edgar/data/1065332/000120677407000675/nic_10k.htm,https://www.sec.gov/Archives/edgar/data/1065332/000120677407000675/nic_10k.htm,1620591518,16:18:38,20210509
15,2005-12-31,EGOV,USD,2005-12-31,2005-12-31,FY,59242613,34796529.0,24446084.0,0.4126435814031363,0.0,0.0,0.0,0.0,14254827.0,49051356,0.0,1602879.0,11794136.0,0.19908196824471602,10191257.0,0.1720257848856194,-2971.0,10892900.0,0.18386933743114944,4529824.0,6363076.0,0.10740707875258641,0.11,0.1,60078841,61093788,,,1620591518,16:18:38,20210509
16,2004-12-31,EGOV,USD,2005-03-04 00:00:00,2005-03-04 16:34:08,FY,55761754,30449394.0,25312360.0,0.4539376576999353,0.0,0.0,0.0,0.0,13512828.0,43962222,0.0,1495252.0,13294784.0,0.23842119457002733,11799532.0,0.2116061844109136,-95155.0,11809562.0,0.21178605680158483,4704901.0,7104661.0,0.12741100288918458,0.12,0.116705,58988456,60877294,https://www.sec.gov/Archives/edgar/data/1065332/000120677405000265/0001206774-05-000265-index.html,https://www.sec.gov/Archives/edgar/data/1065332/000120677405000265/d16441_10-k.htm,1620591518,16:18:38,20210509
17,2003-12-31,EGOV,USD,2004-03-12 00:00:00,2004-03-12 16:03:20,FY,50831209,30028761.0,20802448.0,0.4092455876861005,0.0,0.0,0.0,0.0,13464550.0,43493311,0.0,1783164.0,9121062.0,0.1794382266217591,7337898.0,0.14435812455296904,95874.0,7513060.0,0.14780407839601062,1185153.0,6327907.0,0.12448861879322996,0.11,0.106765,58330793,59269291,https://www.sec.gov/Archives/edgar/data/1065332/000120677404000140/0001206774-04-000140-index.html,https://www.sec.gov/Archives/edgar/data/1065332/000120677404000140/d14129.htm,1620591518,16:18:38,20210509
18,2002-12-31,EGOV,USD,2003-03-20 00:00:00,2003-03-20 16:43:13,FY,47545410,33542616.0,14002794.0,0.2945141076709613,0.0,0.0,0.0,0.0,21933287.0,55475903,0.0,2988389.0,-4942104.0,-0.10394492339008118,-7930493.0,-0.16679828820489717,-5622943.0,-9106570.0,-0.19153415650427666,-3532040.0,-7609993.0,-0.16005736410728186,-0.13,-0.13,56875327,56875327,https://www.sec.gov/Archives/edgar/data/1065332/000120677403000161/0001206774-03-000161-index.html,https://www.sec.gov/Archives/edgar/data/1065332/000120677403000161/d12173.txt,1620591518,16:18:38,20210509
19,2001-12-31,EGOV,USD,2002-03-25 00:00:00,2002-03-25 00:00:00,FY,39228679,35159707.0,4068972.0,0.10372442059545263,0.0,24589473.0,0.0,0.0,102036570.0,137196277,0.0,27953007.0,-70014591.0,-1.7847807467592778,-97967598.0,-2.4973463419453914,-52999155.0,-100069123.0,-2.5509174805503902,-22624850.0,-77444273.0,-1.9741748887338266,-1.38,-1.38,56109730,56109730,https://www.sec.gov/Archives/edgar/data/1065332/000095013602000811/0000950136-02-000811-index.html,https://www.sec.gov/Archives/edgar/data/1065332/000095013602000811/file001.txt,1620591518,16:18:38,20210509
20,2000-12-31,EGOV,USD,2001-04-02 00:00:00,2001-04-02 00:00:00,FY,26971276,8979284.0,17991992.0,0.6670797480994225,0.0,42238760.0,0.0,0.0,70198396.0,79177680,0.0,27959636.0,-24246768.0,-0.8989848311218201,-52206404.0,-1.935629741803836,-2864784.0,-54869971.0,-2.034385432858275,-14592021.0,-40277950.0,-1.4933646446686468,-0.74,-0.74,54795280,54795280,https://www.sec.gov/Archives/edgar/data/1065332/000091205701506146/0000912057-01-506146-index.html,https://www.sec.gov/Archives/edgar/data/1065332/000091205701506146/a2041279z10-k.txt,1620591518,16:18:38,20210509
21,1999-12-31,EGOV,USD,2000-03-10 00:00:00,2000-03-10 00:00:00,FY,57000000,42200000.0,14800000.0,0.2596491228070175,0.0,18300000.0,0.0,0.0,29300000.0,71500000,0.0,11000000.0,-3500000.0,-0.06140350877192982,-14500000.0,-0.2543859649122807,2500000.0,-12100000.0,-0.21228070175438596,-1400000.0,-10700000.0,-0.18771929824561404,-0.23,-0.23,47278461,47278461,https://www.sec.gov/Archives/edgar/data/1065332/000091205700010983/0000912057-00-010983-index.html,https://www.sec.gov/Archives/edgar/data/1065332/0000912057-00-010983.txt,1620591518,16:18:38,20210509
22,1998-12-31,EGOV,USD,1998-12-31,1998-12-31,FY,28600000,21200000.0,7400000.0,0.25874125874125875,0.0,0.0,0.0,0.0,0.0,35800000,0.0,5900000.0,-1300000.0,-0.045454545454545456,-7200000.0,-0.2517482517482518,100000.0,-7200000.0,-0.2517482517482518,700000.0,-7900000.0,-0.2762237762237762,-0.21,-0.21,37619048,37619048,,,1620591518,16:18:38,20210509
