,date,symbol,reportedCurrency,fillingDate,acceptedDate,period,revenue,costOfRevenue,grossProfit,grossProfitRatio,researchAndDevelopmentExpenses,generalAndAdministrativeExpenses,sellingAndMarketingExpenses,otherExpenses,operatingExpenses,costAndExpenses,interestExpense,depreciationAndAmortization,ebitda,ebitdaratio,operatingIncome,operatingIncomeRatio,totalOtherIncomeExpensesNet,incomeBeforeTax,incomeBeforeTaxRatio,incomeTaxExpense,netIncome,netIncomeRatio,eps,epsdiluted,weightedAverageShsOut,weightedAverageShsOutDil,link,finalLink,timestamp,est_time,est_date
0,2020-06-30,OCC.AX,AUD,2020-06-30,2020-06-30,FY,719523.0,505374.0,214149.0,0.29762634411964595,5469602.0,2557625.0,1441822.0,82940.0,9469049.0,0.0,0.0,0.0,-9254900.0,-12.862549216633798,-9254900.0,-12.862549216633798,82940.0,-9055575.0,-12.585525410584513,-2904546.0,-6151029.0,-8.548759386426841,-0.036,-0.036,171003375.0,171003375.0,,,1620596018,17:33:38,20210509
1,2019-06-30,OCC.AX,AUD,2019-06-30,2019-06-30,FY,1087353.0,732335.0,355018.0,0.32649746678401587,5585155.0,2018363.0,1283892.0,141203.0,8887410.0,0.0,0.0,0.0,-8532392.0,-7.846938390752589,-8532392.0,-7.846938390752589,141203.0,-8380374.0,-7.707132826230304,-2528160.0,-5852214.0,-5.382073714791793,-0.049,-0.049,118369947.0,118369947.0,,,1620596018,17:33:38,20210509
2,2018-06-30,OCC.AX,AUD,2018-06-30,2018-06-30,FY,619179.0,469886.0,149293.0,0.2411144434808028,4634646.0,2021651.0,1785781.0,265034.0,8442078.0,0.0,0.0,0.0,-8292785.0,-13.393194859644789,-8292785.0,-13.393194859644789,265034.0,-8009282.0,-12.935325648964193,-2252168.0,-5757114.0,-9.297980067153441,-0.0545,-0.0545,105726821.0,105726821.0,,,1620596018,17:33:38,20210509
3,2017-06-30,OCC.AX,AUD,2017-06-30,2017-06-30,FY,529818.0,438137.0,91681.0,0.17304244098916988,0.0,3364974.0,0.0,511023.0,6763865.0,0.0,0.0,147752.0,-6524432.0,-12.314477801811188,-6672184.0,-12.593350924279658,511023.0,-6125414.0,-11.561355031350388,-1947998.0,-4177416.0,-7.8846245314428725,-0.0431,-0.0431,96958889.0,96958889.0,,,1620596018,17:33:38,20210509
4,2016-06-30,OCC.AX,AUD,2016-06-30,2016-06-30,FY,666499.0,497589.0,168910.0,0.25342873732743787,1047618.0,3905610.0,611535.0,458869.0,5982261.0,0.0,0.0,100181.0,-5713170.0,-8.571910835575148,-5813351.0,-8.722220138364799,458869.0,-5292638.0,-7.940954149968717,-1507774.0,-3784864.0,-5.678724199136083,-0.043,-0.043,87965279.0,87965279.0,,,1620596018,17:33:38,20210509
5,2015-06-30,OCC.AX,AUD,2015-06-30,2015-06-30,FY,790430.0,652856.0,137574.0,0.1740495679566818,733077.0,4234244.0,575127.0,776509.0,5937988.0,0.0,0.0,59355.0,-5741059.0,-7.263209898409726,-5800414.0,-7.33830193692041,776509.0,-4900536.0,-6.199835532558228,-1157821.0,-3742715.0,-4.735036625634148,-0.05,-0.05,75657100.0,75657100.0,,,1620596018,17:33:38,20210509
6,2014-06-30,OCC.AX,AUD,2014-06-30,2014-06-30,FY,691405.0,597151.0,94254.0,0.13632241595013053,686123.0,1826464.0,200646.0,1108324.0,3399873.0,0.0,0.0,0.0,-3305619.0,-4.781016914832841,-3305619.0,-4.781016914832841,1108324.0,-2182185.0,-3.156160282323674,0.0,-2182185.0,-3.156160282323674,-0.6128,-0.6128,3561056.0,3561056.0,,,1620596018,17:33:38,20210509
7,2013-12-31,OCC.AX,AUD,2013-12-31,2013-12-31,FY,0.0,0.0,0.0,0.0,0.0,0.0,0.0,0.0,0.0,0.0,0.0,0.0,0.0,0.0,0.0,0.0,0.0,0.0,0.0,0.0,0.0,0.0,0.0,0.0,55271834.0,55271834.0,,,1620596018,17:33:38,20210509
