,date,symbol,reportedCurrency,fillingDate,acceptedDate,period,revenue,costOfRevenue,grossProfit,grossProfitRatio,researchAndDevelopmentExpenses,generalAndAdministrativeExpenses,sellingAndMarketingExpenses,otherExpenses,operatingExpenses,costAndExpenses,interestExpense,depreciationAndAmortization,ebitda,ebitdaratio,operatingIncome,operatingIncomeRatio,totalOtherIncomeExpensesNet,incomeBeforeTax,incomeBeforeTaxRatio,incomeTaxExpense,netIncome,netIncomeRatio,eps,epsdiluted,weightedAverageShsOut,weightedAverageShsOutDil,link,finalLink,timestamp,est_time,est_date
0,2020-09-30,JANL,USD,2021-01-13,2021-01-13 17:01:41,FY,82429000,58908000,23521000.0,0.28534860304019216,0.0,0.0,0.0,0.0,24290000.0,25245000.0,521000.0,274000.0,-1450000.0,-0.017590896407817636,-1724000.0,-0.020914969246260417,0.0,-2230000.0,-0.02705358550995402,505000.0,-2735000.0,-0.03318007012095258,-3.1508018704358016,-3.1508018704358016,868033.0,868033.0,https://www.sec.gov/Archives/edgar/data/1133062/000114036121001080/0001140361-21-001080-index.htm,https://www.sec.gov/Archives/edgar/data/1133062/000114036121001080/brhc10018856_10k.htm,1620593863,16:57:43,20210509
1,2019-09-30,JANL,USD,2020-01-28,2020-01-28 17:31:40,FY,84354000,59248000,25106000.0,0.29762666856343506,0.0,0.0,0.0,915000.0,23527000.000000007,82775000.00000001,19000.0,1197000.0,2776000.0,0.03290893140811343,1579000.0,0.01871873295872158,0.0,946000.0,0.011214643051900324,330000.0,616000.0,0.0073025582663537,0.72366,0.72366,851234000.0,851234000.0,https://www.sec.gov/Archives/edgar/data/1133062/000114036120001614/0001140361-20-001614-index.htm,https://www.sec.gov/Archives/edgar/data/1133062/000114036120001614/form10k.htm,1620593863,16:57:43,20210509
2,2018-09-30,JANL,USD,2019-07-26,2019-07-26 17:20:34,FY,67521000,47209000,20312000.0,0.30082492854075027,0.0,0.0,0.0,48016000.0,19424999.999999996,66634000.0,40000.0,907000.0,1794000.0,0.02656951170746879,887000.0,0.013136653781786408,0.0,378000.0,0.0055982583196338915,130000.0,248000.0,0.0036729313843100663,0.000431513725790427,0.0002971892844089468,574721000.0,834485000.0,https://www.sec.gov/Archives/edgar/data/1133062/000114036119013515/0001140361-19-013515-index.htm,https://www.sec.gov/Archives/edgar/data/1133062/000114036119013515/form10k.htm,1620593863,16:57:43,20210509
3,2017-09-30,JANL,USD,2017-12-27,2017-12-27 17:19:55,FY,58934000,40909000,18025000.0,0.3058506125496318,0.0,0.0,0.0,60514506.0,15945355.0,56830000.0,-737000.0,879000.0,2983000.0,0.05061594325856043,2104000.0,0.035700953609122066,0.0,1367000.0,0.02319543896562256,493000.0,727000.0,0.01233583330505311,0.89708,0.89708,563951.0,563951.0,https://www.sec.gov/Archives/edgar/data/1133062/000095015917000278/0000950159-17-000278-index.htm,https://www.sec.gov/Archives/edgar/data/1133062/000095015917000278/janel10k.htm,1620593863,16:57:43,20210509
4,2016-09-30,JANL,USD,2016-12-22,2016-12-22 17:19:06,FY,75336800,59539140,15797660.0,0.20969380170116064,0.0,0.0,0.0,60133724.0,13750668.0,73179030.0,-674580.0,679200.0,2836970.0,0.03765716090940948,2157770.0,0.028641646579095476,0.0,1483200.0,0.019687589597646833,-2100370.0,3381220.0,0.044881385989317304,5.40131,5.40131,573951.0,573951.0,https://www.sec.gov/Archives/edgar/data/1133062/000114420416141034/0001144204-16-141034-index.htm,https://www.sec.gov/Archives/edgar/data/1133062/000114420416141034/v454542_10k.htm,1620593863,16:57:43,20210509
5,2015-09-30,JANL,USD,2015-12-29,2015-12-29 17:30:48,FY,74740150,63141280,11598870.0,0.1551892791223994,0.0,0.0,0.0,63141275.0,10060666.0,73201939.99999999,-504450.0,318820.0,1857030.0,0.024846484787627535,1538210.0,0.020580772182019973,0.0,1033760.0,0.013831387814982977,150000.0,639720.0,0.008559254965370019,1.08039,1.08039,559411.0,559411.0,https://www.sec.gov/Archives/edgar/data/1133062/000114420415073189/0001144204-15-073189-index.htm,https://www.sec.gov/Archives/edgar/data/1133062/000114420415073189/v427841_10k.htm,1620593863,16:57:43,20210509
6,2014-09-30,JANL,USD,2014-12-29,2014-12-29 16:46:51,FY,47940000,41390000,6550000.0,0.13662911973299957,0.0,0.0,0.0,41390621.0,6646604.0,48040000.0,-140000.0,30000.0,-70000.0,-0.0014601585314977055,-100000.0,-0.0020859407592824365,0.0,-240000.0,-0.0050062578222778474,20000.0,-340000.0,-0.0070921985815602835,-0.62963,-0.62963,27077970.0,27077970.0,https://www.sec.gov/Archives/edgar/data/1133062/000114420414076150/0001144204-14-076150-index.htm,https://www.sec.gov/Archives/edgar/data/1133062/000114420414076150/v397376_10k.htm,1620593863,16:57:43,20210509
7,2013-09-30,JANL,USD,2014-01-14,2014-01-14 16:15:51,FY,44740000,38480000,6260000.0,0.1399195350916406,0.0,0.0,0.0,38499165.0,6452913.0,44930000.0,-130000.0,20000.0,-170000.0,-0.003799731783638802,-190000.0,-0.0042467590523021905,0.0,-310000.0,-0.006928922664282521,20000.0,-2160000.0,-0.048278945015645953,-5.02326,-5.02326,21577202.0,21577202.0,https://www.sec.gov/Archives/edgar/data/1133062/000114420414002163/0001144204-14-002163-index.htm,https://www.sec.gov/Archives/edgar/data/1133062/000114420414002163/v363466_10k.htm,1620593863,16:57:43,20210509
8,2012-09-30,JANL,USD,2013-01-07,2013-01-07 16:16:36,FY,98700000,88780000,9920000.0,0.10050658561296859,0.0,0.0,0.0,89206173.0,9377391.0,99319999.99999999,-137015.0,390000.0,-230000.0,-0.0023302938196555216,-620000.0,-0.006281661600810537,0.0,-790000.0,-0.00800405268490375,1220000.0,-2680000.0,-0.027152988855116515,-6.23256,-6.23256,21705553000000.0,21705553000000.0,https://www.sec.gov/Archives/edgar/data/1133062/000114420413001064/0001144204-13-001064-index.htm,https://www.sec.gov/Archives/edgar/data/1133062/000114420413001064/v330123_10k.htm,1620593863,16:57:43,20210509
9,2011-09-30,JANL,USD,2012-01-13,2012-01-13 16:54:25,FY,98450000,88910000,9540000.0,0.09690198070086338,0.0,0.0,0.0,89246880.0,10335544.0,99240000.0,137015.0,340000.0,-450000.0,-0.0045708481462671405,-790000.0,-0.008024377856780092,0.0,-930000.0,-0.009446419502285424,-350000.0,-660000.0,-0.0067039106145251395,-1.57143,-1.57143,20884602000000.0,20884602000000.0,https://www.sec.gov/Archives/edgar/data/1133062/000114420412002370/0001144204-12-002370-index.htm,https://www.sec.gov/Archives/edgar/data/1133062/000114420412002370/v244258_10k.htm,1620593863,16:57:43,20210509
10,2010-09-30,JANL,USD,2010-12-28,2010-12-28 16:11:21,FY,88490000,79570000,8920000.0,0.10080235054808453,0.0,0.0,0.0,0.0,8098327.0,87670000.00000001,101415000.0,250000.0,1070000.0,0.012091761780992203,820000.0,0.00926658379477907,0.0,720000.0,0.008136512600293818,340000.0,380000.0,0.00429427053904396,0.90476,0.90476,18223942.0,18223942.0,https://www.sec.gov/Archives/edgar/data/1133062/000114420410068522/0001144204-10-068522-index.htm,https://www.sec.gov/Archives/edgar/data/1133062/000114420410068522/v206475_10k.htm,1620593863,16:57:43,20210509
11,2009-09-30,JANL,USD,2010-01-13,2010-01-13 17:29:21,FY,71850000,63420000,8430000.0,0.11732776617954072,0.0,0.0,0.0,0.0,8990896.0,73480000.0,224706000.0,550000.0,-1070000.0,-0.01489213639526792,-1620000.0,-0.02254697286012526,0.0,-1830000.0,-0.02546972860125261,-590000.0,-1240000.0,-0.017258176757132915,-3.54286,-3.54286,17545712.0,17545712.0,https://www.sec.gov/Archives/edgar/data/1133062/000114420410001871/0001144204-10-001871-index.htm,https://www.sec.gov/Archives/edgar/data/1133062/000114420410001871/v171341_10k.htm,1620593863,16:57:43,20210509
12,2008-09-30,JANL,USD,2009-01-14,2009-01-14 17:06:33,FY,82750000,72960000,9790000.0,0.11830815709969789,0.0,0.0,0.0,0.0,10239577.0,85010000.00000001,149389000000.0,840000.0,-1430000.0,-0.017280966767371602,-2270000.0,-0.02743202416918429,0.0,-2370000.0,-0.0286404833836858,-730000.0,-1650000.0,-0.019939577039274924,-4.85294,-4.85294,17011278000000.0,17011278000000.0,https://www.sec.gov/Archives/edgar/data/1133062/000114420409002010/0001144204-09-002010-index.htm,https://www.sec.gov/Archives/edgar/data/1133062/000114420409002010/v137056_10k.htm,1620593863,16:57:43,20210509
13,2007-09-30,JANL,USD,2008-01-15,2008-01-14 17:44:37,FY,74950000,66780000,8170000.0,0.10900600400266845,0.0,0.0,0.0,0.0,7624360.0,74400000.0,500000.0,100000.0,650000.0,0.00867244829886591,550000.0,0.00733822548365577,548004.0,610000.0,0.008138759172781855,280000.0,320000.0,0.004269513008672448,0.91429,0.91429,17553206.0,17553206.0,https://www.sec.gov/Archives/edgar/data/1133062/000114420408002233/0001144204-08-002233-index.htm,https://www.sec.gov/Archives/edgar/data/1133062/000114420408002233/v099684_10k.htm,1620593863,16:57:43,20210509
14,2006-09-30,JANL,USD,2006-12-29,2006-12-29 16:03:56,FY,77220000,69170000,8050000.0,0.10424760424760425,0.0,0.0,0.0,0.0,7751399.0,76890000.0,1140000.0,110000.0,440000.0,0.005698005698005698,330000.0,0.004273504273504274,301423.0,330000.0,0.004273504273504274,270000.0,60000.0,0.000777000777000777,0.17647,0.17647,16763235.0,16763235.0,https://www.sec.gov/Archives/edgar/data/1133062/000114420406055054/0001144204-06-055054-index.htm,https://www.sec.gov/Archives/edgar/data/1133062/000114420406055054/v061419_10k.htm,1620593863,16:57:43,20210509
15,2005-09-30,JANL,USD,2005-09-30,2005-09-30,FY,73480000,65870000,7610000.0,0.10356559608056615,0.0,0.0,0.0,0.0,6800188.0,72709999.99999999,0.0,100000.0,870000.0,0.011839956450734894,770000.0,0.010479041916167664,0.0,770000.0,0.010479041916167664,350000.0,430000.0,0.0058519324986390855,1.26471,1.26471,340000.0,340000.0,,,1620593863,16:57:43,20210509
16,2004-09-30,JANL,USD,2004-12-28 00:00:00,2004-12-28 16:14:22,FY,69980000,63040000,6940000.0,0.09917119176907688,0.0,0.0,0.0,0.0,6366983.0,69510000.0,0.0,60000.0,530000.0,0.007573592454987139,470000.0,0.006716204629894256,0.0,470000.0,0.006716204629894256,210000.0,270000.0,0.0038582452129179764,0.79412,0.79412,340000.0,340000.0,https://www.sec.gov/Archives/edgar/data/1133062/000114420404022946/0001144204-04-022946-index.html,https://www.sec.gov/Archives/edgar/data/1133062/000114420404022946/v010491.txt,1620593863,16:57:43,20210509
17,2003-09-30,JANL,USD,2003-12-31 00:00:00,2003-12-31 16:30:20,FY,56920000,50600000,6320000.0,0.11103302881236823,0.0,0.0,0.0,0.0,5979415.0,56560000.0,0.0,60000.0,420000.0,0.007378777231201687,360000.0,0.006324666198172874,0.0,360000.0,0.006324666198172874,160000.0,200000.0,0.0035137034434293743,0.58824,0.58824,340000.0,340000.0,https://www.sec.gov/Archives/edgar/data/1133062/000114420403008859/0001144204-03-008859-index.html,https://www.sec.gov/Archives/edgar/data/1133062/000114420403008859/v01118_10-k.txt,1620593863,16:57:43,20210509
18,2002-09-30,JANL,USD,2002-12-30 00:00:00,2002-12-30 17:09:11,FY,44850000,39030000,5820000.0,0.12976588628762542,0.0,5570000.0,0.0,0.0,5592643.0,44860000.0,0.0,90000.0,80000.0,0.0017837235228539577,-10000.0,-0.0002229654403567447,0.0,-10000.0,-0.0002229654403567447,110000.0,-120000.0,-0.0026755852842809363,-0.3871,-0.3871,310000.0,310000.0,https://www.sec.gov/Archives/edgar/data/1133062/000114420402001742/0001144204-02-001742-index.html,https://www.sec.gov/Archives/edgar/data/1133062/000114420402001742/doc1.txt,1620593863,16:57:43,20210509
19,2001-09-30,JANL,USD,2001-09-30,2001-09-30,FY,46650000,40740000,5910000.0,0.12668810289389068,0.0,5850000.0,0.0,0.0,5839999.999999996,46579999.99999999,0.0,120000.0,190000.0,0.004072883172561629,70000.0,0.0015005359056806003,0.0,70000.0,0.0015005359056806003,30000.0,40000.0,0.0008574490889603429,0.13333,0.13333,300000.0,300000.0,,,1620593863,16:57:43,20210509
20,2000-09-30,JANL,USD,2000-09-30,2000-09-30,FY,53160000,47020000,6140000.0,0.11550037622272386,0.0,6230000.0,0.0,0.0,6239999.999999995,53259999.99999999,0.0,110000.0,10000.0,0.00018811136192626034,-100000.0,-0.0018811136192626034,0.0,-100000.0,-0.0018811136192626034,30000.0,-130000.0,-0.0024454477050413845,-0.43333,-0.43333,300000.0,300000.0,,,1620593863,16:57:43,20210509
21,1999-09-30,JANL,USD,1999-09-30,1999-09-30,FY,46860000,41240000,5630000.0,0.12014511310285958,0.0,5560000.0,0.0,0.0,5559999.999999995,46799999.99999999,0.0,100000.0,160000.0,0.0034144259496372174,60000.0,0.0012804097311139564,0.0,60000.0,0.0012804097311139564,50000.0,10000.0,0.0002134016218523261,0.03333,0.03333,300000.0,300000.0,,,1620593863,16:57:43,20210509
