,date,symbol,reportedCurrency,fillingDate,acceptedDate,period,revenue,costOfRevenue,grossProfit,grossProfitRatio,researchAndDevelopmentExpenses,generalAndAdministrativeExpenses,sellingAndMarketingExpenses,otherExpenses,operatingExpenses,costAndExpenses,interestExpense,depreciationAndAmortization,ebitda,ebitdaratio,operatingIncome,operatingIncomeRatio,totalOtherIncomeExpensesNet,incomeBeforeTax,incomeBeforeTaxRatio,incomeTaxExpense,netIncome,netIncomeRatio,eps,epsdiluted,weightedAverageShsOut,weightedAverageShsOutDil,link,finalLink,timestamp,est_time,est_date
0,2020-03-31,ICIL.NS,INR,2020-03-31,2020-03-31,FY,20801274000,11394673000,9406601000,0.4522127346623096,0.0,43857000.0,481302000.0,2855000.0,7887163000,19281836000,317819000.0,434622000,1954060000,0.09393943851708314,1519438000.0,0.07304542981357777,0.0,566775000,0.027247129190260174,-164194000.0,737800000,0.03546898137104487,3.74,3.74,197399670,197399670,https://www.nseindia.com/companies-listing/corporate-filings-annual-reports,https://www.nseindia.com/companies-listing/corporate-filings-annual-reports,1620593409,16:50:09,20210509
1,2019-03-31,ICIL.NS,INR,2019-03-31,2019-03-31,FY,19342062000,10310423000,9031639000,0.46694292469954857,0.0,21709000.0,452316000.0,7601000.0,7478188000,17788611000,280984000.0,352720000,1906171000,0.09855055784641782,1553451000.0,0.0803146531119588,0.0,953567000,0.04930017285644105,355178000.0,602409000,0.03114502476519825,3.05,3.05,197399670,197399670,https://www.nseindia.com/companies-listing/corporate-filings-annual-reports,https://www.nseindia.com/companies-listing/corporate-filings-annual-reports,1620593409,16:50:09,20210509
2,2018-03-31,ICIL.NS,INR,2018-03-31,2018-03-31,FY,18585160000,10438038000,8147122000,0.4383670627532935,0.0,24166000.0,354833000.0,44522000.0,6761450000,17199488000,227824000.0,330562000,1716234000,0.09234432202897365,1385672000.0,0.0745579806684473,0.0,1943560000,0.10457590895101253,690800000.0,1260389000,0.06781695718519506,6.38,6.38,197399670,197399670,https://www.nseindia.com/companies-listing/corporate-filings-annual-reports,https://www.nseindia.com/companies-listing/corporate-filings-annual-reports,1620593409,16:50:09,20210509
3,2017-03-31,ICIL.NS,INR,2017-03-31,2017-03-31,FY,21528183000,11562826000,9965357000,0.46289819256924747,0.0,29845000.0,493637000.0,98590000.0,6870977000,18433803000,305578000.0,331294000,3425674000,0.1591250873331948,3094380000.0,0.14373623635585037,0.0,3531945000,0.16406145376969342,1211430000.0,2322388000,0.10787663780078421,11.76,11.76,197399670,197399670,https://www.nseindia.com/companies-listing/corporate-filings-annual-reports,https://www.nseindia.com/companies-listing/corporate-filings-annual-reports,1620593409,16:50:09,20210509
4,2016-03-31,ICIL.NS,INR,2016-03-31,2016-03-31,FY,21737205000,10454922000,11282283000,0.519030988574658,0.0,41512000.0,1548696000.0,2612000.0,6936321000,17391243000,436005000.0,188475000,4534437000,0.2086025779303273,4345962000.0,0.19993195997369487,0.0,3997888000,0.18391913771802768,1350519000.0,2647189000,0.12178148018570005,13.408,13.408,197399670,197399670,https://www.nseindia.com/companies-listing/corporate-filings-annual-reports,https://www.nseindia.com/companies-listing/corporate-filings-annual-reports,1620593409,16:50:09,20210509
5,2015-03-31,ICIL.NS,INR,2015-03-31,2015-03-31,FY,17168920000,9465913000,7703007000,0.4486599623039772,0.0,44017000.0,933739000.0,80749000.0,5316491000,14782404000,549562000.0,159662000,2546178000,0.14830158216125416,2386516000.0,0.13900210380152042,0.0,2069258000,0.12052348080135501,610517000.0,1456630000,0.08484109658615685,7.79,7.79,186822230,186822230,https://www.nseindia.com/companies-listing/corporate-filings-annual-reports,https://www.nseindia.com/companies-listing/corporate-filings-annual-reports,1620593409,16:50:09,20210509
6,2014-03-31,ICIL.NS,INR,2014-03-31,2014-03-31,FY,14676311000,8903080000,5773231000,0.3933707182956262,0.0,38416000.0,579262000.0,221542000.0,4211842000,13114922000,397211000.0,195560000,1756949000,0.11971325764355907,1561389000.0,0.10638838329332215,0.0,1196486000,0.0815249826744609,92592000.0,1099578000,0.07492196097507065,6.192,6.192,177408170,177408170,https://www.nseindia.com/companies-listing/corporate-filings-annual-reports,https://www.nseindia.com/companies-listing/corporate-filings-annual-reports,1620593409,16:50:09,20210509
7,2013-03-31,ICIL.NS,INR,2013-03-31,2013-03-31,FY,11867775000,7366036000,4501739000,0.3793245995984926,0.0,30721000.0,414576000.0,217884000.0,3611469000,10977505000,364836000.0,184837000,1075107000,0.09059044344875092,890270000.0,0.07501574642256026,0.0,360792000,0.030400980807270106,65673000.0,293323000,0.0247159218977441,1.646,1.646,177408170,177408170,https://www.nseindia.com/companies-listing/corporate-filings-annual-reports,https://www.nseindia.com/companies-listing/corporate-filings-annual-reports,1620593409,16:50:09,20210509
8,2012-03-31,ICIL.NS,INR,2012-03-31,2012-03-31,FY,7797128000,5382290000,2414838000,0.3097086516984202,0.0,24149000.0,108563000.0,48000.0,1975019000,7357309000,297758000.0,185967000,625786000,0.08025852595981495,439819000.0,0.05640782093098895,0.0,-31105000,-0.00398928938963167,-7973000.0,-21817000,-0.002798081550027138,-0.122,-0.122,177408170,177408170,https://www.nseindia.com/companies-listing/corporate-filings-annual-reports,https://www.nseindia.com/companies-listing/corporate-filings-annual-reports,1620593409,16:50:09,20210509
9,2011-03-31,ICIL.NS,INR,2011-03-31,2011-03-31,FY,6798110000,6609359000,188751000,0.02776521709710493,0.0,0.0,0.0,48000.0,-198638000,6410721000,0.0,316764000,704153000,0.1035807011066311,387389000.0,0.05698480901309334,0.0,174654000,0.025691552505034486,68052000.0,106602000,0.015681123135695068,0.606,0.606,174083970,174083970,https://www.nseindia.com/companies-listing/corporate-filings-annual-reports,https://www.nseindia.com/companies-listing/corporate-filings-annual-reports,1620593409,16:50:09,20210509
10,2010-03-31,ICIL.NS,INR,2010-03-31,2010-03-31,FY,3871808000,3899796000,-27988000,-0.007228664231284196,0.0,0.0,0.0,49000.0,-36414000,3863382000,0.0,317120000,325546000,0.084081132122254,8426000.0,0.002176244276575698,0.0,-258401000,-0.06673910483164454,-93038000.0,-165363000,-0.042709504190290425,-0.63,-0.63,262777810,262777810,https://www.nseindia.com/companies-listing/corporate-filings-annual-reports,https://www.nseindia.com/companies-listing/corporate-filings-annual-reports,1620593409,16:50:09,20210509
11,2009-03-31,ICIL.NS,INR,2009-03-31,2009-03-31,FY,2755058000,2662671000,92387000,0.03353359529999005,0.0,0.0,0.0,0.0,-15369000,2647302000,0.0,248003000,355759000,0.12912940489819089,107756000.0,0.03911206225059509,0.0,-719954000,-0.26132081429864634,-180156000.0,-539798000,-0.19592981345583288,-2.528,-2.528,213455460,213455460,https://www.nseindia.com/companies-listing/corporate-filings-annual-reports,https://www.nseindia.com/companies-listing/corporate-filings-annual-reports,1620593409,16:50:09,20210509
12,2008-03-31,ICIL.NS,INR,2008-03-31,2008-03-31,FY,2767917000,2055260000,712657000,0.2574705094119513,0.0,-368000.0,0.0,48000.0,788630000,2843890000,182097000.0,171336000,95363000,0.034452983958695296,-75973000.0,-0.02744771609842347,0.0,-184565000,-0.06668010637602212,2919000.0,-187484000,-0.06773469002141322,-1.246,-1.246,150324835,150324835,https://www.nseindia.com/companies-listing/corporate-filings-annual-reports,https://www.nseindia.com/companies-listing/corporate-filings-annual-reports,1620593409,16:50:09,20210509
13,2007-03-31,ICIL.NS,INR,2007-03-31,2007-03-31,FY,2519310000,1929938000,589372000,0.23394183327974724,0.0,-408000.0,0.0,48000.0,485627000,2415565000,38452000.0,84646000,188391000,0.07477880848327519,103745000.0,0.04117992624964772,0.0,83215000,0.03303086956349159,10771000.0,72444000,0.028755492575348013,0.516,0.516,140452805,140452805,https://www.nseindia.com/companies-listing/corporate-filings-annual-reports,https://www.nseindia.com/companies-listing/corporate-filings-annual-reports,1620593409,16:50:09,20210509
14,2006-03-31,ICIL.NS,INR,2006-03-31,2006-03-31,FY,2126658000,1570611000,556047000,0.2614651721151215,0.0,5439000.0,48177000.0,48000.0,437550000,2008161000,42537000.0,82989000,201486000,0.09474301932891889,118497000.0,0.05571981954785395,0.0,69421000,0.03264323647713925,7143000.0,62278000,0.029284445359808675,0.484,0.484,128421435,128421435,https://www.nseindia.com/companies-listing/corporate-filings-annual-reports,https://www.nseindia.com/companies-listing/corporate-filings-annual-reports,1620593409,16:50:09,20210509
15,2005-03-31,ICIL.NS,INR,2005-03-31,2005-03-31,FY,1750002000,1293400000,456602000,0.26091513038270814,0.0,5579000.0,29146000.0,50000.0,356428000,1649828000,53151000.0,82095000,182269000,0.104153595253034,100174000.0,0.05724222029460538,0.0,47398000,0.027084540474810886,3794000.0,43604000,0.02491654295252234,0.37,0.37,117681710,117681710,https://www.nseindia.com/companies-listing/corporate-filings-annual-reports,https://www.nseindia.com/companies-listing/corporate-filings-annual-reports,1620593409,16:50:09,20210509
