,date,symbol,reportedCurrency,fillingDate,acceptedDate,period,revenue,costOfRevenue,grossProfit,grossProfitRatio,researchAndDevelopmentExpenses,generalAndAdministrativeExpenses,sellingAndMarketingExpenses,otherExpenses,operatingExpenses,costAndExpenses,interestExpense,depreciationAndAmortization,ebitda,ebitdaratio,operatingIncome,operatingIncomeRatio,totalOtherIncomeExpensesNet,incomeBeforeTax,incomeBeforeTaxRatio,incomeTaxExpense,netIncome,netIncomeRatio,eps,epsdiluted,weightedAverageShsOut,weightedAverageShsOutDil,link,finalLink,timestamp,est_time,est_date
0,2020-03-31,NBB,USD,2020-03-31,2020-03-31,FY,-7347653.0,0.0,0.0,0.0,0.0,359000.0,0.0,0.0,359000.0,0.0,5097498.0,0.0,0.0,0.0,0.0,1.0586979270795722,0.0,-7778945.0,1.0586979270795722,0.0,-7778945.0,1.0586979270795722,-0.2381245157274105,-0.2381245157274105,32667552,32667552,,,1620595533,17:25:33,20210509
1,2019-03-31,NBB,USD,2019-03-31,2019-03-31,FY,21672639.0,0.0,0.0,0.0,0.0,339341.0,0.0,0.0,339341.0,0.0,3777950.0,0.0,0.0,0.0,0.0,0.9496101513064468,0.0,20580558.0,0.9496101513064468,0.0,20580558.0,0.9496101513064468,0.63,0.63,32667552,32667552,,,1620595533,17:25:33,20210509
2,2018-03-31,NBB,USD,2018-03-31,2018-03-31,FY,47780785.0,0.0,0.0,0.0,0.0,319025.0,0.0,0.0,319025.0,0.0,2738114.0,0.0,0.0,0.0,0.0,0.9933231528113237,0.0,47461760.0,0.9933231528113237,0.0,47461760.0,0.9933231528113237,1.79,1.79,26514950,26514950,,,1620595533,17:25:33,20210509
3,2017-03-31,NBB,USD,2017-03-31,2017-03-31,FY,39482330.0,7043140.0,32439190.0,0.8216128582077096,0.0,0.0,0.0,103770.0,103769.99999999993,7146910.0,-16523900.0,0.0,-712380.0,-0.018043,32335420.0,0.8189845938676872,0.0,15811520.0,0.400470792883804,0.0,15811520.0,0.400470792883804,0.59752,0.59752,26461990,26461990,,,1620595533,17:25:33,20210509
4,2016-03-31,NBB,USD,2016-03-31,2016-03-31,FY,40505430.0,6287420.0,34218010.0,0.8447758732594618,0.0,0.0,0.0,193420.0,193410.0000000001,6480830.0,-25725860.0,0.0,-17427120.0,-0.430242,34024600.0,0.8400009578962623,0.0,8298740.0,0.20487969143890092,0.0,8298740.0,0.20487969143890092,0.31361,0.31361,26461990,26461990,,,1620595533,17:25:33,20210509
5,2015-03-31,NBB,USD,2015-03-31,2015-03-31,FY,42620880.0,6324060.0,36296820.0,0.8516206141215291,0.0,0.0,0.0,92810.0,92799.99999999955,6416860.0,45016660.0,0.0,126237340.0,2.961866,36204020.0,0.8494432775672394,0.0,81220680.0,1.9056546931926324,0.0,81220680.0,1.9056546931926324,3.06933,3.06933,26461990,26461990,,,1620595533,17:25:33,20210509
6,2014-03-31,NBB,USD,2014-03-31,2014-03-31,FY,43140000.0,6180000.0,36960000.0,0.8567454798331016,0.0,0.0,0.0,70000.0,70000.00000000028,6250000.0,-30260000.0,0.0,-23630000.0,-0.547752,36890000.0,0.8551228558182661,0.0,6630000.0,0.15368567454798332,0.0,6630000.0,0.15368567454798332,0.25057,0.25057,26460000,26460000,,,1620595533,17:25:33,20210509
7,2013-03-31,NBB,USD,2013-03-31,2013-03-31,FY,42260000.0,6340000.0,35920000.0,0.8499763369616659,0.0,0.0,0.0,100000.0,110000.00000000032,6450000.0,31130000.0,0.0,98080000.0,2.320871,35810000.0,0.8473734027449125,0.0,66950000.0,1.5842404164694748,0.0,66950000.0,1.5842404164694748,2.53023,2.53023,26460000,26460000,,,1620595533,17:25:33,20210509
