,date,symbol,reportedCurrency,fillingDate,acceptedDate,period,revenue,costOfRevenue,grossProfit,grossProfitRatio,researchAndDevelopmentExpenses,generalAndAdministrativeExpenses,sellingAndMarketingExpenses,otherExpenses,operatingExpenses,costAndExpenses,interestExpense,depreciationAndAmortization,ebitda,ebitdaratio,operatingIncome,operatingIncomeRatio,totalOtherIncomeExpensesNet,incomeBeforeTax,incomeBeforeTaxRatio,incomeTaxExpense,netIncome,netIncomeRatio,eps,epsdiluted,weightedAverageShsOut,weightedAverageShsOutDil,link,finalLink,timestamp,est_time,est_date
0,2020-06-30,AOU.AX,AUD,2020-06-30,2020-06-30,FY,0.0,0.0,0.0,0.0,0.0,501707.0,56094.0,612829.0,1160983.0,0.0,678.0,0.0,-542124.0,0.0,-1160983.0,0.0,612829.0,-542802.0,0.0,0.0,-542802.0,0.0,-0.005445367579767243,-0.005445367579767243,99681425,99681425,,,1620588584,15:29:44,20210509
1,2019-06-30,AOU.AX,AUD,2019-06-30,2019-06-30,FY,0.0,0.0,0.0,0.0,0.0,759945.0,66779.0,90007.0,1501565.0,0.0,1181.0,0.0,-1386463.0,0.0,-1501565.0,0.0,90007.0,-1387644.0,0.0,0.0,-1387644.0,0.0,-0.0139,-0.0139,99681425,99681425,,,1620588584,15:29:44,20210509
2,2018-06-30,AOU.AX,AUD,2018-06-30,2018-06-30,FY,0.0,0.0,0.0,0.0,0.0,711733.0,13763.0,239269.0,4034351.0,0.0,0.0,0.0,-4034351.0,0.0,-4034351.0,0.0,239269.0,-3679893.0,0.0,0.0,-3679893.0,0.0,-0.0414,-0.0414,88815357,88815357,,,1620588584,15:29:44,20210509
3,2017-06-30,AOU.AX,AUD,2017-06-30,2017-06-30,FY,0.0,0.0,0.0,0.0,0.0,280891.0,21601.0,65555.0,1895051.0,0.0,101763.0,0.0,-1587221.0,0.0,-1895051.0,0.0,-165147.0,-1919686.0,0.0,0.0,-1919686.0,0.0,-0.0236,-0.0236,81259014,81259014,,,1620588584,15:29:44,20210509
4,2016-06-30,AOU.AX,AUD,2016-06-30,2016-06-30,FY,0.0,0.0,0.0,0.0,0.0,290563.0,0.0,-440065.0,1863272.0,0.0,301470.0,0.0,-2302159.0,0.0,-1863272.0,0.0,-440065.0,-2603629.0,0.0,847355.0,2510541.0,0.0,0.0383,0.0262,65531281,95822176,,,1620588584,15:29:44,20210509
5,2015-06-30,AOU.AX,AUD,2015-06-30,2015-06-30,FY,0.0,0.0,0.0,0.0,0.0,48000.0,0.0,80891.0,593316.0,0.0,491591.0,0.0,-511525.0,0.0,-593316.0,0.0,80891.0,-1003116.0,0.0,0.0,-1003116.0,0.0,-0.018,-0.018,56092271,56092271,,,1620588584,15:29:44,20210509
6,2014-06-30,AOU.AX,AUD,2014-06-30,2014-06-30,FY,0.0,0.0,0.0,0.0,0.0,382737.0,8500.0,5511.0,902414.0,0.0,47791.0,2313.0,-900101.0,0.0,-902414.0,0.0,5511.0,-921051.0,0.0,0.0,-921051.0,0.0,-0.015,-0.015,59492515,59492515,,,1620588584,15:29:44,20210509
7,2013-06-30,AOU.AX,AUD,2013-06-30,2013-06-30,FY,0.0,0.0,0.0,0.0,0.0,460934.0,72177.0,0.0,1097471.0,0.0,62.0,1913.0,-1095558.0,0.0,-1097471.0,0.0,0.0,-1093562.0,0.0,0.0,-1093562.0,0.0,-0.022,-0.022,49400793,49400793,,,1620588584,15:29:44,20210509
8,2012-06-30,AOU.AX,AUD,2012-06-30,2012-06-30,FY,134981.0,0.0,134981.0,1.0,0.0,300411.0,0.0,0.0,879733.0,0.0,139.0,0.0,-744752.0,-5.517458012609182,-744752.0,-5.517458012609182,0.0,-744891.0,-5.518487787170046,0.0,-744891.0,-5.518487787170046,-0.0536,-0.0536,13889656,13889656,,,1620588584,15:29:44,20210509
