,date,symbol,reportedCurrency,fillingDate,acceptedDate,period,revenue,costOfRevenue,grossProfit,grossProfitRatio,researchAndDevelopmentExpenses,generalAndAdministrativeExpenses,sellingAndMarketingExpenses,otherExpenses,operatingExpenses,costAndExpenses,interestExpense,depreciationAndAmortization,ebitda,ebitdaratio,operatingIncome,operatingIncomeRatio,totalOtherIncomeExpensesNet,incomeBeforeTax,incomeBeforeTaxRatio,incomeTaxExpense,netIncome,netIncomeRatio,eps,epsdiluted,weightedAverageShsOut,weightedAverageShsOutDil,link,finalLink,timestamp,est_time,est_date
0,2020-12-31,DLN.L,GBP,2020-12-31,2020-12-31,FY,268600000.0,85600000.0,183000000.0,0.6813104988830976,0.0,37800000.0,0.0,0.0,0.0,123400000.0,27500000.0,0.0,-51900000.0,-0.1932241250930752,145200000.0,0.5405807892777365,0.0,-83000000.0,-0.3090096798212956,-1600000.0,-77600000.0,-0.2889054355919583,-0.6950166589044531,-0.6950166589044531,111652000.0,111652000.0,https://find-and-update.company-information.service.gov.uk/search/companies?q=Derwent+London+PLC,https://find-and-update.company-information.service.gov.uk/search/companies?q=Derwent+London+PLC,1620591166,16:12:46,20210509
1,2019-12-31,DLN.L,GBP,2019-12-31,2019-12-31,FY,230300000.0,47700000.0,182600000.0,0.7928788536691272,0.0,37000000.0,0.0,0.0,37000000.0,84700000.0,23600000.0,0.0,307000000.0,1.3330438558402085,145600000.0,0.6322188449848024,0.0,280600000.0,1.2184107685627443,2500000.0,283400000.0,1.2305688232739904,2.5382,2.5311,111652000.0,111967000.0,https://find-and-update.company-information.service.gov.uk/search/companies?q=Derwent+London+PLC,https://find-and-update.company-information.service.gov.uk/search/companies?q=Derwent+London+PLC,1620591166,16:12:46,20210509
2,2018-12-31,DLN.L,GBP,2018-12-31,2018-12-31,FY,229700000.0,43800000.0,185900000.0,0.8093164997823248,0.0,32300000.0,0.0,0.0,32300000.0,76100000.0,20700000.0,0.0,241500000.0,1.0513713539399216,153600000.0,0.6686983021332172,0.0,221600000.0,0.9647366129734436,2700000.0,222300000.0,0.9677840661732695,1.9933,1.9891,111521000.0,111760000.0,https://find-and-update.company-information.service.gov.uk/search/companies?q=Derwent+London+PLC,https://find-and-update.company-information.service.gov.uk/search/companies?q=Derwent+London+PLC,1620591166,16:12:46,20210509
3,2017-12-31,DLN.L,GBP,2017-12-31,2017-12-31,FY,202400000.0,37600000.0,164800000.0,0.8142292490118577,0.0,28200000.0,0.0,0.0,28200000.0,65800000.0,24400000.0,0.0,337100000.0,1.665513833992095,136600000.0,0.674901185770751,0.0,314800000.0,1.5553359683794465,1800000.0,314000000.0,1.551383399209486,2.8179,2.8112,111431000.0,111698000.0,https://find-and-update.company-information.service.gov.uk/search/companies?q=Derwent+London+PLC,https://find-and-update.company-information.service.gov.uk/search/companies?q=Derwent+London+PLC,1620591166,16:12:46,20210509
4,2016-12-31,DLN.L,GBP,2016-12-31,2016-12-31,FY,181100000.0,33800000.0,147300000.0,0.8133627829928216,0.0,30900000.0,0.0,0.0,30900000.0,64700000.0,25400000.0,0.0,88600000.0,0.4892324682495859,116400000.0,0.6427388183324131,0.0,54500000.0,0.3009387078961899,900000.0,58700000.0,0.3241303147432358,0.5273,0.5259,111315000.0,111611000.0,https://find-and-update.company-information.service.gov.uk/search/companies?q=Derwent+London+PLC,https://find-and-update.company-information.service.gov.uk/search/companies?q=Derwent+London+PLC,1620591166,16:12:46,20210509
5,2015-12-31,DLN.L,GBP,2015-12-31,2015-12-31,FY,181100000.0,35700000.0,145400000.0,0.8028713418001104,0.0,30000000.0,0.0,0.0,30000000.0,65700000.0,32100000.0,0.0,810700000.0,4.476532302595251,115400000.0,0.6372170071783545,0.0,779500000.0,4.304251794588625,2300000.0,766200000.0,4.230811706239646,6.9453,6.6873,110320000.0,110675000.0,https://find-and-update.company-information.service.gov.uk/search/companies?q=Derwent+London+PLC,https://find-and-update.company-information.service.gov.uk/search/companies?q=Derwent+London+PLC,1620591166,16:12:46,20210509
6,2014-12-31,DLN.L,GBP,2014-12-31,2014-12-31,FY,165000000.0,32800000.0,132200000.0,0.8012121212121213,0.0,28100000.0,0.0,2000000.0,28400000.0,61200000.0,37700000.0,0.0,802800000.0,4.865454545454545,103800000.0,0.6290909090909091,0.0,753700000.0,4.567878787878788,3900000.0,737700000.0,4.470909090909091,7.186,6.4778,102658000.0,103114000.0,https://find-and-update.company-information.service.gov.uk/search/companies?q=Derwent+London+PLC,https://find-and-update.company-information.service.gov.uk/search/companies?q=Derwent+London+PLC,1620591166,16:12:46,20210509
7,2013-12-31,DLN.L,GBP,2013-12-31,2013-12-31,FY,159900000.0,35400000.0,124500000.0,0.7786116322701688,0.0,26400000.0,0.0,0.0,26700000.0,62100000.0,36300000.0,0.0,479400000.0,2.9981238273921202,97800000.0,0.6116322701688556,0.0,467900000.0,2.9262038774233896,2400000.0,456600000.0,2.855534709193246,4.464,4.1272,102284000.0,102770000.0,https://find-and-update.company-information.service.gov.uk/search/companies?q=Derwent+London+PLC,https://find-and-update.company-information.service.gov.uk/search/companies?q=Derwent+London+PLC,1620591166,16:12:46,20210509
8,2012-12-31,DLN.L,GBP,2012-12-31,2012-12-31,FY,150600000.0,33600000.0,117000000.0,0.7768924302788844,0.0,24500000.0,0.0,3900000.0,25100000.0,58700000.0,36200000.0,0.0,273600000.0,1.8167330677290836,91900000.0,0.6102257636122178,0.0,228100000.0,1.5146082337317397,-4600000.0,226900000.0,1.5066401062416999,2.2276,2.1182,101859000.0,102359000.0,https://find-and-update.company-information.service.gov.uk/search/companies?q=Derwent+London+PLC,https://find-and-update.company-information.service.gov.uk/search/companies?q=Derwent+London+PLC,1620591166,16:12:46,20210509
9,2011-12-31,DLN.L,GBP,2011-12-31,2011-12-31,FY,127500000.0,9800000.0,117700000.0,0.9231372549019607,0.0,22700000.0,0.0,-600000.0,22700000.0,32500000.0,41100000.0,400000.0,95400000.0,0.7482352941176471,95000000.0,0.7450980392156863,0.0,233000000.0,1.8274509803921568,-1300000.0,228300000.0,1.7905882352941176,2.252,2.1767,101375000.0,106629000.0,https://find-and-update.company-information.service.gov.uk/search/companies?q=Derwent+London+PLC,https://find-and-update.company-information.service.gov.uk/search/companies?q=Derwent+London+PLC,1620591166,16:12:46,20210509
10,2010-12-31,DLN.L,GBP,2010-12-31,2010-12-31,FY,121100000.0,8100000.0,113000000.0,0.9331131296449215,0.0,20900000.0,0.0,-2200000.0,20700000.0,28800000.0,37900000.0,300000.0,92600000.0,0.7646573080099092,92300000.0,0.7621800165152767,0.0,352800000.0,2.913294797687861,0.0,343600000.0,2.837324525185797,3.3968,3.3747,101155000.0,101816000.0,https://find-and-update.company-information.service.gov.uk/search/companies?q=Derwent+London+PLC,https://find-and-update.company-information.service.gov.uk/search/companies?q=Derwent+London+PLC,1620591166,16:12:46,20210509
11,2009-12-31,DLN.L,GBP,2009-12-31,2009-12-31,FY,125300000.0,10500000.0,114800000.0,0.9162011173184358,0.0,17500000.0,0.0,-800000.0,22700000.0,33200000.0,39700000.0,200000.0,92300000.0,0.7366320830007981,92100000.0,0.7350359138068635,0.0,-34900000.0,-0.2785315243415802,-9400000.0,-26800000.0,-0.21388667198723066,-0.26586774071943015,-0.26430240929397725,100802000.0,101399000.0,https://find-and-update.company-information.service.gov.uk/search/companies?q=Derwent+London+PLC,https://find-and-update.company-information.service.gov.uk/search/companies?q=Derwent+London+PLC,1620591166,16:12:46,20210509
12,2008-12-31,DLN.L,GBP,2008-12-31,2008-12-31,FY,120400000.0,24900000.0,95500000.0,0.7931893687707641,0.0,18300000.0,0.0,-1000000.0,8400000.0,33300000.0,48400000.0,200000.0,87300000.0,0.7250830564784053,87100000.0,0.723421926910299,0.0,-606500000.0,-5.037375415282392,-9300000.0,-586400000.0,-4.870431893687708,-5.819885269656007,-5.794867233899578,100758000.0,101193000.0,https://find-and-update.company-information.service.gov.uk/search/companies?q=Derwent+London+PLC,https://find-and-update.company-information.service.gov.uk/search/companies?q=Derwent+London+PLC,1620591166,16:12:46,20210509
13,2007-12-31,DLN.L,GBP,2007-12-31,2007-12-31,FY,103800000.0,0.0,0.0,0.0,0.0,19500000.0,0.0,600000.0,-167900000.0,-167900000.0,48500000.0,200000.0,271900000.0,2.6194605009633913,271700000.0,2.617533718689788,0.0,-99800000.0,-0.9614643545279383,-200700000.0,97000000.0,0.9344894026974951,1.0055,1.0011,96473000.0,96891000.0,https://find-and-update.company-information.service.gov.uk/search/companies?q=Derwent+London+PLC,https://find-and-update.company-information.service.gov.uk/search/companies?q=Derwent+London+PLC,1620591166,16:12:46,20210509
14,2006-12-31,DLN.L,GBP,2006-12-31,2006-12-31,FY,58000000.0,0.0,0.0,0.0,0.0,10100000.0,0.0,-7200000.0,-234200000.0,-234200000.0,20400000.0,100000.0,292300000.0,5.039655172413793,292200000.0,5.037931034482758,0.0,242800000.0,4.186206896551724,60600000.0,182200000.0,3.1413793103448278,3.4013,3.3721,53567000.0,54031000.0,https://find-and-update.company-information.service.gov.uk/search/companies?q=Derwent+London+PLC,https://find-and-update.company-information.service.gov.uk/search/companies?q=Derwent+London+PLC,1620591166,16:12:46,20210509
15,2005-12-31,DLN.L,GBP,2005-12-31,2005-12-31,FY,46600000.0,0.0,0.0,0.0,0.0,8800000.0,0.0,0.0,-124900000.0,-124900000.0,21500000.0,100000.0,171600000.0,3.6824034334763946,171500000.0,3.680257510729614,0.0,150400000.0,3.227467811158798,33700000.0,116700000.0,2.504291845493562,2.1863,2.1681,53378000.0,53825000.0,https://find-and-update.company-information.service.gov.uk/search/companies?q=Derwent+London+PLC,https://find-and-update.company-information.service.gov.uk/search/companies?q=Derwent+London+PLC,1620591166,16:12:46,20210509
16,2004-12-31,DLN.L,GBP,2004-12-31,2004-12-31,FY,48000000.0,0.0,0.0,0.0,0.0,7100000.0,0.0,-3200000.0,-39300000.0,-39300000.0,23000000.0,100000.0,87400000.0,1.8208333333333333,87300000.0,1.81875,0.0,91100000.0,1.8979166666666667,18500000.0,72600000.0,1.5125,1.3664,1.3576,53195000.0,53541000.0,https://find-and-update.company-information.service.gov.uk/search/companies?q=Derwent+London+PLC,https://find-and-update.company-information.service.gov.uk/search/companies?q=Derwent+London+PLC,1620591166,16:12:46,20210509
17,2003-12-31,DLN.L,GBP,2003-12-31,2003-12-31,FY,47900000.0,0.0,0.0,0.0,0.0,6900000.0,0.0,18400000.0,14900000.0,14900000.0,18700000.0,300000.0,33300000.0,0.6951983298538622,33000000.0,0.6889352818371608,0.0,17100000.0,0.3569937369519833,2300000.0,14800000.0,0.3089770354906054,0.2769,0.2763,53166000.0,53564966.0,https://find-and-update.company-information.service.gov.uk/search/companies?q=Derwent+London+PLC,https://find-and-update.company-information.service.gov.uk/search/companies?q=Derwent+London+PLC,1620591166,16:12:46,20210509
18,2002-12-31,DLN.L,GBP,2002-12-31,2002-12-31,FY,46500000.0,0.0,0.0,0.0,0.0,6300000.0,0.0,18200000.0,8900000.0,8900000.0,18200000.0,100000.0,37700000.0,0.810752688172043,37600000.0,0.8086021505376344,0.0,15400000.0,0.3311827956989247,3900000.0,11500000.0,0.24731182795698925,0.2168,0.2164,53158000.0,53158000.0,https://find-and-update.company-information.service.gov.uk/search/companies?q=Derwent+London+PLC,https://find-and-update.company-information.service.gov.uk/search/companies?q=Derwent+London+PLC,1620591166,16:12:46,20210509
19,2001-12-31,DLN.L,GBP,2001-12-31,2001-12-31,FY,46900000.0,0.0,0.0,0.0,0.0,0.0,0.0,0.0,16200000.0,16200000.0,19000000.0,100000.0,30800000.0,0.6567164179104478,30700000.0,0.6545842217484008,0.0,21700000.0,0.4626865671641791,4800000.0,16900000.0,0.3603411513859275,0.317,0.316,53157000.0,53285000.0,https://find-and-update.company-information.service.gov.uk/search/companies?q=Derwent+London+PLC,https://find-and-update.company-information.service.gov.uk/search/companies?q=Derwent+London+PLC,1620591166,16:12:46,20210509
20,2000-12-31,DLN.L,GBP,2000-12-31,2000-12-31,FY,39500000.0,0.0,0.0,0.0,0.0,0.0,0.0,0.0,9100000.0,9100000.0,18700000.0,225000.0,30625000.0,0.7753164556962026,30400000.0,0.769620253164557,0.0,11700000.0,0.29620253164556964,3000000.0,8700000.0,0.22025316455696203,0.16383872243460576,0.16359226039374966,53101000.0,53181000.0,https://find-and-update.company-information.service.gov.uk/search/companies?q=Derwent+London+PLC,https://find-and-update.company-information.service.gov.uk/search/companies?q=Derwent+London+PLC,1620591166,16:12:46,20210509
21,1999-12-31,DLN.L,GBP,1999-12-31,1999-12-31,FY,29800000.0,0.0,0.0,0.0,0.0,0.0,0.0,0.0,11900000.0,11900000.0,11600000.0,573000.0,18473000.0,0.6198993288590604,17900000.0,0.6006711409395973,0.0,16600000.0,0.5570469798657718,2300000.0,14300000.0,0.4798657718120805,0.269,0.268,53005000.0,53087000.0,https://find-and-update.company-information.service.gov.uk/search/companies?q=Derwent+London+PLC,https://find-and-update.company-information.service.gov.uk/search/companies?q=Derwent+London+PLC,1620591166,16:12:46,20210509
22,1998-12-31,DLN.L,GBP,1998-12-31,1998-12-31,FY,28700000.0,0.0,0.0,0.0,0.0,0.0,0.0,0.0,5900000.0,5900000.0,12500000.0,110000.0,22910000.0,0.7982578397212543,22800000.0,0.794425087108014,0.0,10600000.0,0.3693379790940767,2100000.0,8500000.0,0.2961672473867596,0.163,0.162,52345000.0,52496000.0,https://find-and-update.company-information.service.gov.uk/search/companies?q=Derwent+London+PLC,https://find-and-update.company-information.service.gov.uk/search/companies?q=Derwent+London+PLC,1620591166,16:12:46,20210509
23,1997-12-31,DLN.L,GBP,1997-12-31,1997-12-31,FY,20800000.0,0.0,0.0,0.0,0.0,0.0,0.0,0.0,5600000.0,5600000.0,8400000.0,85000.0,15285000.0,0.7348557692307692,15200000.0,0.7307692307692307,0.0,9400000.0,0.4519230769230769,1800000.0,7600000.0,0.36538461538461536,0.182122,0.181138,42131320.0,42281659.0,https://find-and-update.company-information.service.gov.uk/search/companies?q=Derwent+London+PLC,https://find-and-update.company-information.service.gov.uk/search/companies?q=Derwent+London+PLC,1620591166,16:12:46,20210509
24,1996-12-31,DLN.L,GBP,1996-12-31,1996-12-31,FY,19100000.0,0.0,0.0,0.0,0.0,0.0,0.0,0.0,4200000.0,4200000.0,8000000.0,67000.0,14967000.0,0.7836125654450262,14900000.0,0.7801047120418848,0.0,7500000.0,0.39267015706806285,700000.0,6800000.0,0.35602094240837695,0.171294,0.171294,39563378.0,39563378.0,https://find-and-update.company-information.service.gov.uk/search/companies?q=Derwent+London+PLC,https://find-and-update.company-information.service.gov.uk/search/companies?q=Derwent+London+PLC,1620591166,16:12:46,20210509
25,1995-12-31,DLN.L,GBP,1995-12-31,1995-12-31,FY,14024000.0,0.0,0.0,0.0,0.0,0.0,0.0,0.0,3599000.0,3599000.0,6039000.0,60000.0,10485000.0,0.7476468910439247,10425000.0,0.7433685111237878,0.0,4441000.0,0.3166714204221335,752000.0,3689000.0,0.2630490587564176,0.112227,0.112227,32842845.0,32842845.0,https://find-and-update.company-information.service.gov.uk/search/companies?q=Derwent+London+PLC,https://find-and-update.company-information.service.gov.uk/search/companies?q=Derwent+London+PLC,1620591166,16:12:46,20210509
26,1994-12-31,DLN.L,GBP,1994-12-31,1994-12-31,FY,12113000.0,0.0,0.0,0.0,0.0,0.0,0.0,0.0,5024000.0,5024000.0,3781000.0,94000.0,7183000.0,0.5929992569966152,7089000.0,0.5852389994221084,0.0,6360000.0,0.5250557252538595,1234000.0,5126000.0,0.42318170560554774,0.173643,0.173643,29459800.0,29459800.0,https://find-and-update.company-information.service.gov.uk/search/companies?q=Derwent+London+PLC,https://find-and-update.company-information.service.gov.uk/search/companies?q=Derwent+London+PLC,1620591166,16:12:46,20210509
27,1993-12-31,DLN.L,GBP,1993-12-31,1993-12-31,FY,8239000.0,0.0,0.0,0.0,0.0,0.0,0.0,0.0,3391000.0,3391000.0,2555000.0,66000.0,4914000.0,0.5964316057774002,4848000.0,0.588420924869523,0.0,2535000.0,0.3076829712343731,544000.0,1991000.0,0.2416555407209613,0.098498,0.098498,20289302.0,20289302.0,https://find-and-update.company-information.service.gov.uk/search/companies?q=Derwent+London+PLC,https://find-and-update.company-information.service.gov.uk/search/companies?q=Derwent+London+PLC,1620591166,16:12:46,20210509
28,1992-12-31,DLN.L,GBP,1992-12-31,1992-12-31,FY,7626000.0,0.0,0.0,0.0,0.0,0.0,0.0,0.0,3227000.0,3227000.0,3144000.0,77000.0,4476000.0,0.5869394177812746,4399000.0,0.576842381327039,0.0,896000.0,0.11749278783110412,106000.0,790000.0,0.1035929714135851,0.046763,0.046763,16934999.0,16934999.0,https://find-and-update.company-information.service.gov.uk/search/companies?q=Derwent+London+PLC,https://find-and-update.company-information.service.gov.uk/search/companies?q=Derwent+London+PLC,1620591166,16:12:46,20210509
29,1991-12-31,DLN.L,GBP,1991-12-31,1991-12-31,FY,8348000.0,0.0,0.0,0.0,0.0,0.0,0.0,0.0,8348000.0,8348000.0,3296000.0,82000.0,4199000.0,0.5029947292764734,0.0,0.09834690943938668,0.0,821000.0,0.09834690943938668,346000.0,475000.0,0.05689985625299473,0.028048,0.028048,16934999.0,16934999.0,https://find-and-update.company-information.service.gov.uk/search/companies?q=Derwent+London+PLC,https://find-and-update.company-information.service.gov.uk/search/companies?q=Derwent+London+PLC,1620591166,16:12:46,20210509
30,1990-12-31,DLN.L,GBP,1990-12-31,1990-12-31,FY,6089000.0,0.0,0.0,0.0,0.0,0.0,0.0,0.0,5898000.0,5898000.0,3304000.0,93000.0,284000.0,0.046641484644440796,191000.0,0.031368040729183776,0.0,-335000.0,-0.05501724421087206,90000.0,-260000.0,-0.04269995073082608,-0.015355,-0.015355,16932818.0,16932818.0,https://find-and-update.company-information.service.gov.uk/search/companies?q=Derwent+London+PLC,https://find-and-update.company-information.service.gov.uk/search/companies?q=Derwent+London+PLC,1620591166,16:12:46,20210509
31,1989-12-31,DLN.L,GBP,1989-12-31,1989-12-31,FY,9162000.0,0.0,0.0,0.0,0.0,0.0,0.0,0.0,9162000.0,9162000.0,1859000.0,85000.0,5482000.0,0.5983409735865531,0.0,0.3861602270246671,0.0,3538000.0,0.3861602270246671,1134000.0,4723000.0,0.5154987993887797,0.278962,0.278962,16930637.0,16930637.0,https://find-and-update.company-information.service.gov.uk/search/companies?q=Derwent+London+PLC,https://find-and-update.company-information.service.gov.uk/search/companies?q=Derwent+London+PLC,1620591166,16:12:46,20210509
32,1988-12-31,DLN.L,GBP,1988-12-31,1988-12-31,FY,4196000.0,0.0,0.0,0.0,0.0,0.0,0.0,0.0,4196000.0,4196000.0,640000.0,69000.0,3523000.0,0.8396091515729266,0.0,0.6706387035271687,0.0,2814000.0,0.6706387035271687,1078000.0,2172000.0,0.5176358436606292,0.128321,0.128321,16926274.0,16926274.0,https://find-and-update.company-information.service.gov.uk/search/companies?q=Derwent+London+PLC,https://find-and-update.company-information.service.gov.uk/search/companies?q=Derwent+London+PLC,1620591166,16:12:46,20210509
33,1987-12-31,DLN.L,GBP,1987-12-31,1987-12-31,FY,3525000.0,0.0,0.0,0.0,0.0,0.0,0.0,0.0,3525000.0,3525000.0,577000.0,58000.0,2284000.0,0.6479432624113475,0.0,0.4678014184397163,0.0,1649000.0,0.4678014184397163,600000.0,1240000.0,0.3517730496453901,0.103362,0.103362,11996715.0,11996715.0,https://find-and-update.company-information.service.gov.uk/search/companies?q=Derwent+London+PLC,https://find-and-update.company-information.service.gov.uk/search/companies?q=Derwent+London+PLC,1620591166,16:12:46,20210509
34,1986-12-31,DLN.L,GBP,1986-12-31,1986-12-31,FY,1331000.0,0.0,0.0,0.0,0.0,0.0,0.0,0.0,1331000.0,1331000.0,187000.0,45000.0,517000.0,0.3884297520661157,0.0,0.21412471825694968,0.0,285000.0,0.21412471825694968,113000.0,182000.0,0.13673929376408714,0.025753,0.025753,7067155.0,7067155.0,https://find-and-update.company-information.service.gov.uk/search/companies?q=Derwent+London+PLC,https://find-and-update.company-information.service.gov.uk/search/companies?q=Derwent+London+PLC,1620591166,16:12:46,20210509
35,1985-12-31,DLN.L,GBP,1985-12-31,1985-12-31,FY,200000.0,0.0,0.0,0.0,0.0,0.0,0.0,0.0,200000.0,200000.0,5000.0,14000.0,60000.0,0.3,0.0,0.205,0.0,41000.0,0.205,16000.0,463000.0,2.315,0.003276,0.003276,141343119.0,141343119.0,https://find-and-update.company-information.service.gov.uk/search/companies?q=Derwent+London+PLC,https://find-and-update.company-information.service.gov.uk/search/companies?q=Derwent+London+PLC,1620591166,16:12:46,20210509
