,date,symbol,reportedCurrency,fillingDate,acceptedDate,period,revenue,costOfRevenue,grossProfit,grossProfitRatio,researchAndDevelopmentExpenses,generalAndAdministrativeExpenses,sellingAndMarketingExpenses,otherExpenses,operatingExpenses,costAndExpenses,interestExpense,depreciationAndAmortization,ebitda,ebitdaratio,operatingIncome,operatingIncomeRatio,totalOtherIncomeExpensesNet,incomeBeforeTax,incomeBeforeTaxRatio,incomeTaxExpense,netIncome,netIncomeRatio,eps,epsdiluted,weightedAverageShsOut,weightedAverageShsOutDil,link,finalLink,timestamp,est_time,est_date
0,2019-12-31,AIG,USD,2020-02-21,2020-02-21 16:26:31,FY,49792000000,0.0,49792000000.0,1.0,0.0,8537000000.0,0.0,8537000000.0,44352000000.0,44505000000,1417000000.0,5006000000.0,9127000000.0,0.18347203795280023,4121000000.0,0.10618171593830335,919000000.0,5287000000.0,0.10618171593830335,1166000000,3348000000.0,0.06723971722365038,3.79,3.74,867713308,873130950,https://www.sec.gov/Archives/edgar/data/5272/000110465920023889/0001104659-20-023889-index.htm,https://www.sec.gov/Archives/edgar/data/5272/000110465920023889/aig-20191231.htm,1620586370,14:52:50,20210509
1,2018-12-31,AIG,USD,2019-02-15 00:00:00,2019-02-15 13:22:56,FY,47481000000,0.0,0.0,0.0,0.0,9302000000.0,0.0,0.0,47163000000.0,47224000000,1309000000.0,5362000000.0,0.0,0.0,0.0,0.005412691392346412,1638000000.0,257000000.0,0.005412691392346412,154000000,-6000000.0,-0.00012636633600808745,-0.00667849846522039,-0.006592383383061769,898405537,910141242,https://www.sec.gov/Archives/edgar/data/5272/000000527219000023/0000005272-19-000023-index.html,https://www.sec.gov/Archives/edgar/data/5272/000000527219000023/maindocument001.htm,1620586370,14:52:50,20210509
2,2017-12-31,AIG,USD,2018-02-16 00:00:00,2018-02-16 16:45:19,FY,49930000000,0.0,0.0,0.0,0.0,9107000000.0,0.0,0.0,48127000000.0,48464000000,1168000000.0,3874000000.0,0.0,0.0,0.0,0.029361105547766872,2412000000.0,1466000000.0,0.029361105547766872,7526000000,-6084000000.0,-0.12185059082715802,-6.54,-6.54,930561286,930561286,https://www.sec.gov/Archives/edgar/data/5272/000000527218000022/0000005272-18-000022-index.html,https://www.sec.gov/Archives/edgar/data/5272/000000527218000022/maindocument001.htm,1620586370,14:52:50,20210509
3,2016-12-31,AIG,USD,2017-02-23 00:00:00,2017-02-23 16:09:53,FY,52754000000,0.0,0.0,0.0,0.0,10989000000.0,0.0,0.0,52912000000.0,52828000000,1260000000.0,4090000000.0,0.0,0.0,0.0,-0.001402737233195587,3121000000.0,-74000000.0,-0.001402737233195587,185000000,-849000000.0,-0.016093566364635856,-0.78,-0.78,1091085131,1091085131,https://www.sec.gov/Archives/edgar/data/5272/000000527217000017/0000005272-17-000017-index.html,https://www.sec.gov/Archives/edgar/data/5272/000000527217000017/maindocument001.htm,1620586370,14:52:50,20210509
4,2015-12-31,AIG,USD,2016-02-19 00:00:00,2016-02-19 17:15:13,FY,58925000000,0.0,0.0,0.0,0.0,12686000000.0,0.0,0.0,54279000000.0,55644000000,1281000000.0,4629000000.0,0.0,0.0,0.0,0.055680950360627916,4088000000.0,3281000000.0,0.055680950360627916,1059000000,2196000000.0,0.03726771319473907,1.69,1.65,1299825350,1334464883,https://www.sec.gov/Archives/edgar/data/5272/000000527216000035/0000005272-16-000035-index.html,https://www.sec.gov/Archives/edgar/data/5272/000000527216000035/maindocument001.htm,1620586370,14:52:50,20210509
5,2014-12-31,AIG,USD,2015-02-20,2015-02-20 17:07:30,FY,64608000000,0.0,0.0,0.0,0.0,14723000000.0,0.0,0.0,53820000000.0,54107000000,1718000000.0,4448000000.0,0.0,0.0,0.0,0.16253405151064884,7719000000.0,10501000000.0,0.16253405151064884,2927000000,7529000000.0,0.11653355621594849,5.27,5.2,1427959799,1447553652,https://www.sec.gov/Archives/edgar/data/5272/000000527215000002/maindocument001.htm,https://www.sec.gov/Archives/edgar/data/5272/000000527215000002/maindocument001.htm,1620586370,14:52:50,20210509
6,2013-12-31,AIG,USD,2014-02-20,2014-02-20 16:11:04,FY,69675000000,0.0,0.0,0.0,0.0,4549000000.0,0.0,0.0,58807000000.0,60307000000,2142000000.0,4713000000.0,0.0,0.0,0.0,0.13445281664872624,11239000000.0,9368000000.0,0.13445281664872624,360000000,9085000000.0,0.13039110154287764,6.16,6.13,1474171690,1481206797,https://www.sec.gov/Archives/edgar/data/5272/000104746914001096/a2218248z10-k.htm,https://www.sec.gov/Archives/edgar/data/5272/000104746914001096/a2218248z10-k.htm,1620586370,14:52:50,20210509
7,2012-12-31,AIG,USD,2013-02-21 00:00:00,2013-02-21 16:08:46,FY,65552000000,0.0,0.0,0.0,0.0,0.0,0.0,0.0,61555000000.0,56230000000,2319000000.0,5307000000.0,0.0,0.0,0.0,0.14220771296070295,3582000000.0,9322000000.0,0.14220771296070295,1570000000,3438000000.0,0.05244691237490847,2.03769916765347,2.0376634154865743,1687197038,1687226641,https://www.sec.gov/Archives/edgar/data/5272/000104746913001390/0001047469-13-001390-index.html,https://www.sec.gov/Archives/edgar/data/5272/000104746913001390/a2212976z10-k.htm,1620586370,14:52:50,20210509
8,2011-12-31,AIG,USD,2012-02-23 00:00:00,2012-02-23 16:07:46,FY,64237000000,0.0,0.0,0.0,0.0,3974000000.0,0.0,0.0,59744000000.0,65302000000,3871000000.0,9883000000.0,0.0,0.0,0.0,-0.016579230038762705,7266000000.0,-1065000000.0,-0.016579230038762705,-18036000000,17798000000.0,0.2770677335492006,9.891153095305956,9.890753262535513,1799385757,1799458497,https://www.sec.gov/Archives/edgar/data/5272/000104746912001369/0001047469-12-001369-index.html,https://www.sec.gov/Archives/edgar/data/5272/000104746912001369/a2207458z10-k.htm,1620586370,14:52:50,20210509
9,2010-12-31,AIG,USD,2011-02-24,2011-02-24 16:36:24,FY,77301000000,0.0,0.0,0.0,0.0,0.0,0.0,0.0,68605000000.0,59365000000,7859000000.0,11320000000.0,0.0,0.0,0.0,0.2320280462089753,8023000000.0,17936000000.0,0.2320280462089753,5859000000,7786000000.0,0.1007231471779149,57.004443300873845,56.97798041819174,136585844,136649280,https://www.sec.gov/Archives/edgar/data/5272/000104746911001283/a2202141z10-k.htm,https://www.sec.gov/Archives/edgar/data/5272/000104746911001283/a2202141z10-k.htm,1620586370,14:52:50,20210509
10,2009-12-31,AIG,USD,2010-02-26 00:00:00,2010-02-26 07:20:28,FY,96004000000,0.0,0.0,0.0,0.0,0.0,0.0,0.0,84289000000.0,109652000000,15369000000.0,14631000000.0,0.0,0.0,0.0,-0.1421607433023624,11499000000.0,-13648000000.0,-0.1421607433023624,-1878000000,-10949000000.0,-0.11404733136119329,-90.48,-90.48,135324896,135324896,https://www.sec.gov/Archives/edgar/data/5272/000104746910001465/0001047469-10-001465-index.html,https://www.sec.gov/Archives/edgar/data/5272/000104746910001465/a2196553z10-k.htm,1620586370,14:52:50,20210509
11,2008-12-31,AIG,USD,2009-03-02 00:00:00,2009-03-02 06:17:40,FY,11104000000,0.0,0.0,0.0,0.0,0.0,0.0,0.0,87582000000.0,119865000000,17007000000.0,3523000000.0,0.0,0.0,0.0,-9.794758645533141,-29139000000.0,-108761000000.0,-9.794758645533141,-8374000000,-99289000000.0,-8.941732708933717,-756.8,-756.8,131700000,131700000,https://www.sec.gov/Archives/edgar/data/5272/000095012309003734/0000950123-09-003734-index.html,https://www.sec.gov/Archives/edgar/data/5272/000095012309003734/y74794e10vk.htm,1620586370,14:52:50,20210509
12,2007-12-31,AIG,USD,2008-02-28,2008-02-28 17:29:58,FY,110064000000,0.0,0.0,0.0,0.0,0.0,0.0,0.0,87022000000.0,101121000000,0.0,2790000000.0,0.0,0.0,0.0,0.0812527256868731,5735000000.0,8943000000.0,0.0812527256868731,1455000000,6200000000.0,0.05633086204390173,48.0,47.8,129250000,129900000,https://www.sec.gov/Archives/edgar/data/5272/000095012308002280/y44393e10vk.htm,https://www.sec.gov/Archives/edgar/data/5272/000095012308002280/y44393e10vk.htm,1620586370,14:52:50,20210509
13,2006-12-31,AIG,USD,2007-03-01,2007-03-01 16:02:17,FY,113194000000,0.0,0.0,0.0,0.0,0.0,0.0,0.0,83357000000.0,91507000000,0.0,16394000000.0,0.0,0.0,0.0,0.19159142710744387,12460000000.0,21687000000.0,0.19159142710744387,6537000000,14048000000.0,0.12410551796031592,107.8,107.2,130400000,131150000,https://www.sec.gov/Archives/edgar/data/5272/000095012307003026/y27490e10vk.htm,https://www.sec.gov/Archives/edgar/data/5272/000095012307003026/y27490e10vk.htm,1620586370,14:52:50,20210509
14,2005-12-31,AIG,USD,2006-03-16,2006-03-16 16:29:54,FY,108905000000,0.0,0.0,0.0,0.0,0.0,0.0,0.0,93568000000.0,93692000000,0.0,2492000000.0,0.0,0.0,0.0,0.13969055598916486,15013000000.0,15213000000.0,0.13969055598916486,4258000000,10477000000.0,0.09620311280473808,80.6,79.8,129850000,131350000,https://www.sec.gov/Archives/edgar/data/5272/000095012306003276/y16349e10vk.htm,https://www.sec.gov/Archives/edgar/data/5272/000095012306003276/y16349e10vk.htm,1620586370,14:52:50,20210509
15,2004-12-31,AIG,USD,2005-05-31,2005-05-31 06:19:14,FY,97987000000,0.0,0.0,0.0,0.0,0.0,0.0,0.0,0.0,83037000000,0.0,2349000000.0,0.0,0.0,0.0,0.15257125945278455,12984000000.0,14950000000.0,0.15257125945278455,4620000000,9731000000.0,0.09930909202241113,74.6,73.8,130300000,131850000,https://www.sec.gov/Archives/edgar/data/5272/000095012305006884/y03319e10vk.htm,https://www.sec.gov/Archives/edgar/data/5272/000095012305006884/y03319e10vk.htm,1620586370,14:52:50,20210509
16,2003-12-31,AIG,USD,2004-03-15 00:00:00,2004-03-15 11:31:23,FY,81303000000,0.0,0.0,0.0,0.0,0.0,0.0,0.0,0.0,67395000000,0.0,1926000000.0,0.0,0.0,0.0,0.17106379838382346,11461000000.0,13908000000.0,0.17106379838382346,4264000000,9274000000.0,0.11406713159416011,71.0,70.6,130500000,131400000,https://www.sec.gov/Archives/edgar/data/5272/000095012304003302/0000950123-04-003302-index.html,https://www.sec.gov/Archives/edgar/data/5272/000095012304003302/y92059e10vk.htm,1620586370,14:52:50,20210509
17,2002-12-31,AIG,USD,2002-12-31,2002-12-31,FY,67482000000,0.0,0.0,0.0,0.0,0.0,0.0,0.0,0.0,59340000000,0.0,1458000000.0,0.0,0.0,0.0,0.12065439672801637,10300000000.0,8142000000.0,0.12065439672801637,2328000000,5519000000.0,0.0817847722355591,42.2,42.0,130600000,131700000,,,1620586370,14:52:50,20210509
18,2001-12-31,AIG,USD,2002-04-01 00:00:00,2002-04-01 00:00:00,FY,22128000000,0.0,0.0,0.0,0.0,0.0,0.0,0.0,0.0,13989000000,0.0,1437000000.0,0.0,0.0,0.0,0.36781453362255967,-30724000000.0,8139000000.0,0.36781453362255967,2339000000,5363000000.0,0.24236261749819232,41.0,40.4,131050000,132500000,https://www.sec.gov/Archives/edgar/data/5272/000095012302003222/0000950123-02-003222-index.html,https://www.sec.gov/Archives/edgar/data/5272/000095012302003222/y53442e10-k.txt,1620586370,14:52:50,20210509
19,2000-12-31,AIG,USD,2001-04-02 00:00:00,2001-04-02 00:00:00,FY,20146000000,0.0,0.0,0.0,0.0,0.0,0.0,0.0,0.0,11797000000,0.0,1176000000.0,0.0,0.0,0.0,0.4144246996922466,-20571000000.0,8349000000.0,0.4144246996922466,2458000000,5636000000.0,0.27975776829147225,48.6,48.2,115900000,117150000,https://www.sec.gov/Archives/edgar/data/5272/000095012301002952/0000950123-01-002952-index.html,https://www.sec.gov/Archives/edgar/data/5272/000095012301002952/y41459e10-k.txt,1620586370,14:52:50,20210509
20,1999-12-31,AIG,USD,1999-12-31,1999-12-31,FY,18356000000,0.0,0.0,0.0,0.0,0.0,0.0,0.0,0.0,10844000000,0.0,1071000000.0,0.0,0.0,0.0,0.40923948572673785,-18000000000.0,7512000000.0,0.40923948572673785,2219000000,5055000000.0,0.27538679450860754,43.6,43.066667,116100000,117525000,,,1620586370,14:52:50,20210509
21,1998-12-31,AIG,USD,1998-12-31,1998-12-31,FY,16495000000,0.0,0.0,0.0,0.0,0.0,0.0,0.0,0.0,10966000000,0.0,932000000.0,0.0,0.0,0.0,0.3351924825704759,-13479000000.0,5529000000.0,0.3351924825704759,1594000000,3766000000.0,0.2283116095786602,38.293333,38.08,98437500,98906250,,,1620586370,14:52:50,20210509
22,1997-12-31,AIG,USD,1997-12-31,1997-12-31,FY,14402738000,0.0,0.0,0.0,0.0,0.0,0.0,0.0,0.0,9703840000,0.0,872900000.0,0.0,0.0,0.0,0.32625032823620065,-12843294000.0,4698898000.0,0.32625032823620065,1366563000,3332335000.0,0.23136816069277938,33.777778,33.635556,98708906,99138375,,,1620586370,14:52:50,20210509
23,1996-12-31,AIG,USD,1997-03-28 00:00:00,1997-03-28 00:00:00,FY,13609171000,0.0,0.0,0.0,0.0,0.0,0.0,0.0,0.0,9595949000,0.0,805600000.0,0.0,0.0,0.0,0.29489099666688,-11688925000.0,4013222000.0,0.29489099666688,1115965000,2897257000.0,0.21289004304523765,29.158879494172837,29.14964740355771,99361054,99392523,https://www.sec.gov/Archives/edgar/data/5272/000095012397002720/0000950123-97-002720-index.html,https://www.sec.gov/Archives/edgar/data/5272/0000950123-97-002720.txt,1620586370,14:52:50,20210509
24,1995-12-31,AIG,USD,1996-03-29 00:00:00,1996-03-29 00:00:00,FY,13019523000,0.0,0.0,0.0,0.0,0.0,0.0,0.0,0.0,9553640000,0.0,734600000.0,0.0,0.0,0.0,0.266206603728877,-10335758000.0,3465883000.0,0.266206603728877,955500000,2510383000.0,0.1928168182505611,25.125926,25.125926,99989015,99989015,https://www.sec.gov/Archives/edgar/data/5272/000095012396001469/0000950123-96-001469-index.html,https://www.sec.gov/Archives/edgar/data/5272/0000950123-96-001469.txt,1620586370,14:52:50,20210509
25,1994-12-31,AIG,USD,1995-03-31 00:00:00,1995-03-31 00:00:00,FY,11774410000,0.0,0.0,0.0,0.0,0.0,0.0,0.0,0.0,8822431000,0.0,581900000.0,0.0,0.0,0.0,0.25071141568876915,-8559455000.0,2951979000.0,0.25071141568876915,776464000,2175515000.0,0.18476637045932662,21.71827475847034,21.512790771470947,100169789,101126582,https://www.sec.gov/Archives/edgar/data/5272/000095012395000843/0000950123-95-000843-index.html,https://www.sec.gov/Archives/edgar/data/5272/0000950123-95-000843.txt,1620586370,14:52:50,20210509
26,1993-12-31,AIG,USD,1993-12-31,1993-12-31,FY,18676100000,0.0,0.0,0.0,0.0,0.0,0.0,0.0,0.0,8498900000,0.0,472200000.0,0.0,0.0,0.0,0.0,3363400000.0,0.0,0.0,683000000,1938800000.0,0.10381182366768223,19.6,19.4,98867347,99886598,,,1620586370,14:52:50,20210509
27,1992-12-31,AIG,USD,1992-12-31,1992-12-31,FY,17084200000,0.0,0.0,0.0,0.0,0.0,0.0,0.0,0.0,7443700000,0.0,391900000.0,0.0,0.0,0.0,0.0,3021700000.0,0.0,0.0,512000000,1656900000.0,0.09698434811112022,16.6,16.6,99542169,99542169,,,1620586370,14:52:50,20210509
28,1991-12-31,AIG,USD,1991-12-31,1991-12-31,FY,15792500000,0.0,0.0,0.0,0.0,0.0,0.0,0.0,0.0,6583400000,0.0,325100000.0,0.0,0.0,0.0,0.0,2628500000.0,0.0,0.0,469600000,1553000000.0,0.09833781858477125,15.4,15.2,100370130,101690789,,,1620586370,14:52:50,20210509
29,1990-12-31,AIG,USD,1990-12-31,1990-12-31,FY,14871500000,0.0,0.0,0.0,0.0,0.0,0.0,0.0,0.0,5908200000,0.0,0.0,0.0,0.0,0.0,0.0,2244500000.0,0.0,0.0,369200000,1442300000.0,0.09698416434118952,14.6,14.6,98123288,98123288,,,1620586370,14:52:50,20210509
30,1989-12-31,AIG,USD,1989-12-31,1989-12-31,FY,13566400000,0.0,0.0,0.0,0.0,0.0,0.0,0.0,0.0,5080200000,0.0,0.0,0.0,0.0,0.0,0.0,2042400000.0,0.0,0.0,338200000,1367500000.0,0.10080050713527539,14.0,14.0,96900000,96900000,,,1620586370,14:52:50,20210509
31,1988-12-31,AIG,USD,1988-12-31,1988-12-31,FY,13211200000,0.0,0.0,0.0,0.0,0.0,0.0,0.0,0.0,225500000,225500000.0,0.0,0.0,0.0,0.0,0.0,0.0,0.0,0.0,223300000,1217000000.0,0.09211880828388035,12.4,12.4,97427419,97427419,,,1620586370,14:52:50,20210509
32,1987-12-31,AIG,USD,1987-12-31,1987-12-31,FY,11145100000,0.0,0.0,0.0,0.0,0.0,0.0,0.0,0.0,88100000,88100000.0,0.0,0.0,0.0,0.0,0.0,0.0,0.0,0.0,153100000,944500000.0,0.0847457627118644,9.8,9.8,95653061,95653061,,,1620586370,14:52:50,20210509
33,1986-12-31,AIG,USD,1986-12-31,1986-12-31,FY,8720300000,0.0,0.0,0.0,0.0,0.0,0.0,0.0,0.0,71000000,71000000.0,0.0,0.0,0.0,0.0,0.0,0.0,0.0,0.0,108400000,656600000.0,0.07529557469353118,6.6,6.6,97787879,97787879,,,1620586370,14:52:50,20210509
34,1985-12-31,AIG,USD,1985-12-31,1985-12-31,FY,5639300000,0.0,0.0,0.0,0.0,0.0,0.0,0.0,0.0,43200000,43200000.0,0.0,0.0,0.0,0.0,0.0,0.0,0.0,0.0,-11300000,373700000.0,0.06626708988704272,4.2,4.2,87571429,87571429,,,1620586370,14:52:50,20210509
