,date,symbol,reportedCurrency,fillingDate,acceptedDate,period,revenue,costOfRevenue,grossProfit,grossProfitRatio,researchAndDevelopmentExpenses,generalAndAdministrativeExpenses,sellingAndMarketingExpenses,otherExpenses,operatingExpenses,costAndExpenses,interestExpense,depreciationAndAmortization,ebitda,ebitdaratio,operatingIncome,operatingIncomeRatio,totalOtherIncomeExpensesNet,incomeBeforeTax,incomeBeforeTaxRatio,incomeTaxExpense,netIncome,netIncomeRatio,eps,epsdiluted,weightedAverageShsOut,weightedAverageShsOutDil,link,finalLink,timestamp,est_time,est_date
0,2020-03-31,OIL.NS,INR,2020-03-31,2020-03-31,FY,121666400000.0,20355100000,101311300000.0,0.832697441528639,0.0,418500000.0,0.0,1008000000.0,63651900000,84007000000,5856000000.0,15367900000,53027300000,0.43584177718745687,37659400000,0.30952999349039667,0.0,35006500000,0.28772528816501514,-3149100000,38155600000,0.31360835859366265,35.19,35.19,1084405194,1084405194,https://www.nseindia.com/companies-listing/corporate-filings-annual-reports,https://www.nseindia.com/companies-listing/corporate-filings-annual-reports,1620596080,17:34:40,20210509
1,2019-03-31,OIL.NS,INR,2019-03-31,2019-03-31,FY,137804500000.0,39197500000,98607000000.0,0.7155571842719215,0.0,499200000.0,0.0,1225700000.0,58502800000,97700300000,5882200000.0,15407300000,55511500000,0.4028279192624334,40104200000,0.2910224266986927,0.0,46771900000,0.33940763908290367,14393900000,32378000000,0.23495604279976343,28.6,28.6,1132136858,1132136858,https://www.nseindia.com/companies-listing/corporate-filings-annual-reports,https://www.nseindia.com/companies-listing/corporate-filings-annual-reports,1620596080,17:34:40,20210509
2,2018-03-31,OIL.NS,INR,2018-03-31,2018-03-31,FY,106977500000.0,15921300000,91056200000.0,0.851171508027389,0.0,273900000.0,0.0,593500000.0,57561200000,73482500000,5166000000.0,13266400000,46761400000,0.43711434647472597,33495000000,0.31310322264027485,0.0,38590800000,0.3607375382673927,11244600000,27346200000,0.2556257156878783,23.9,23.9,1144132404,1144132404,https://www.nseindia.com/companies-listing/corporate-filings-annual-reports,https://www.nseindia.com/companies-listing/corporate-filings-annual-reports,1620596080,17:34:40,20210509
3,2017-03-31,OIL.NS,INR,2017-03-31,2017-03-31,FY,95663600000.0,13594800000,82068800000.0,0.8578895211971952,0.0,336800000.0,0.0,952300000.0,52561700000,66156500000,4154900000.0,11803800000,41310900000,0.4318350971529401,29507100000,0.308446472848607,0.0,22920900000,0.23959896972307126,6955300000,15965600000,0.1668931547631492,13.28,13.28,1202271910,1202271910,https://www.nseindia.com/companies-listing/corporate-filings-annual-reports,https://www.nseindia.com/companies-listing/corporate-filings-annual-reports,1620596080,17:34:40,20210509
4,2016-03-31,OIL.NS,INR,2016-03-31,2016-03-31,FY,98841100000.0,13462200000,85378900000.0,0.8637995732544458,0.0,400800000.0,0.0,529500000.0,52518700000,65980900000,3640600000.0,11052200000,43912400000,0.44427267604265835,32860200000,0.33245481889618794,0.0,29814200000,0.30163767906265715,11666100000,20039100000,0.20274056035394183,16.670004,16.670004,1202271609,1202271609,https://www.nseindia.com/companies-listing/corporate-filings-annual-reports,https://www.nseindia.com/companies-listing/corporate-filings-annual-reports,1620596080,17:34:40,20210509
5,2015-03-31,OIL.NS,INR,2015-03-31,2015-03-31,FY,99783800000.0,10484600000,89299200000.0,0.894926831810374,0.0,575000000.0,0.0,331100000.0,54078900000,64563500000,3131000000.0,8647500000,43867800000,0.43962847676676975,35220300000,0.35296611273573464,0.0,36771200000,0.36850871584365397,11922400000,26084000000,0.2614051579514911,21.695005,21.695005,1202271609,1202271609,https://www.nseindia.com/companies-listing/corporate-filings-annual-reports,https://www.nseindia.com/companies-listing/corporate-filings-annual-reports,1620596080,17:34:40,20210509
6,2014-03-31,OIL.NS,INR,2014-03-31,2014-03-31,FY,97157100000.0,14954700000,82202400000.0,0.846077126633051,0.0,442500000.0,0.0,367500000.0,51619900000,66574600000,707800000.0,8215800000,38798300000,0.3993357150429562,30582500000,0.3147737015616975,0.0,43620400000,0.4489677028235713,14200600000,29419800000,0.30280648557851153,24.470006,24.470006,1202271609,1202271609,https://www.nseindia.com/companies-listing/corporate-filings-annual-reports,https://www.nseindia.com/companies-listing/corporate-filings-annual-reports,1620596080,17:34:40,20210509
7,2013-03-31,OIL.NS,INR,2013-03-31,2013-03-31,FY,99681200000.0,15583700000,84097500000.0,0.8436646027535785,0.0,348700000.0,0.0,237100000.0,44712200000,60295900000,30400000.0,5776700000,45162000000,0.4530643692090384,39385300000,0.39511261902946593,0.0,52880200000,0.5304932123610069,16959700000,35920500000,0.3603538079397118,29.875007,29.875007,1202271609,1202271609,https://www.nseindia.com/companies-listing/corporate-filings-annual-reports,https://www.nseindia.com/companies-listing/corporate-filings-annual-reports,1620596080,17:34:40,20210509
8,2012-03-31,OIL.NS,INR,2012-03-31,2012-03-31,FY,0.0,15772900000,0.0,0.0,0.0,138100000.0,0.0,851000000.0,44033900000,59806800000,93700000.0,5142000000,-54664800000,0.0,-59806800000,0.0,0.0,51241200000,0.0,16549400000,34691800000,0.0,28.855007,28.855007,1202271609,1202271609,https://www.nseindia.com/companies-listing/corporate-filings-annual-reports,https://www.nseindia.com/companies-listing/corporate-filings-annual-reports,1620596080,17:34:40,20210509
9,2011-03-31,OIL.NS,INR,2011-03-31,2011-03-31,FY,83033800000.0,41327400000,41706400000.0,0.502282203151006,0.0,7710600000.0,0.0,41400000.0,-1559800000,39767600000,0.0,1766800000,45033000000,0.5423454063285071,43266200000,0.5210673243907903,0.0,43092000000,0.5189693835522402,14254700000,28837300000,0.3472959204564888,23.986006,23.986006,1202271609,1202271609,https://www.nseindia.com/companies-listing/corporate-filings-annual-reports,https://www.nseindia.com/companies-listing/corporate-filings-annual-reports,1620596080,17:34:40,20210509
10,2010-03-31,OIL.NS,INR,2010-03-31,2010-03-31,FY,79055510000.0,40835658000,38219852000.0,0.4834558906773228,0.0,5455327000.0,0.0,-58612000.0,-18426735000,22408923000,0.0,2182723000,58829310000,0.744151925653253,56646587000,0.7165419209869116,0.0,38949986000,0.4926916036592516,12845717000,26104269000,0.3302017658225214,22.756006,22.756006,1147167493,1147167493,https://www.nseindia.com/companies-listing/corporate-filings-annual-reports,https://www.nseindia.com/companies-listing/corporate-filings-annual-reports,1620596080,17:34:40,20210509
11,2009-03-31,OIL.NS,INR,2009-03-31,2009-03-31,FY,72414491000.0,37331726000,35082765000.0,0.4844716094186176,182074000.0,2228707000.0,0.0,0.0,734265000,38065991000,87441000.0,3768425000,38116925000,0.5263715103652389,34348500000,0.4743318571416873,0.0,33869703000,0.46771996229318247,12252863000,21616840000,0.298515389689061,20.202005,20.202005,1070021732,1070021732,https://www.nseindia.com/companies-listing/corporate-filings-annual-reports,https://www.nseindia.com/companies-listing/corporate-filings-annual-reports,1620596080,17:34:40,20210509
12,2008-03-31,OIL.NS,INR,2008-03-31,2008-03-31,FY,60819480000.0,35428317000,25391163000.0,0.4174840528067652,160959000.0,10032729000.0,0.0,0.0,4586997000,40015314000,343642000.0,918598000,21722764000,0.35716786792652616,20804166000,0.3420641873294543,0.0,27134021000,0.4461402991278452,9244709000,17889312000,0.29413786503929334,16.718004,16.718004,1070021732,1070021732,https://www.nseindia.com/companies-listing/corporate-filings-annual-reports,https://www.nseindia.com/companies-listing/corporate-filings-annual-reports,1620596080,17:34:40,20210509
13,2007-03-31,OIL.NS,INR,2007-03-31,2007-03-31,FY,52850890000.0,840467000,52010423000.0,0.9840973917373955,0.0,0.0,0.0,3006138000.0,33354900000,34195367000,139553000.0,1776522000,20432045000,0.38659793619369515,18655523000,0.35298408409016385,0.0,24826271000,0.46974177729078925,8426408000,16399863000,0.31030438654864656,15.326004,15.326004,1070021732,1070021732,https://www.nseindia.com/companies-listing/corporate-filings-annual-reports,https://www.nseindia.com/companies-listing/corporate-filings-annual-reports,1620596080,17:34:40,20210509
14,2006-03-31,OIL.NS,INR,2006-03-31,2006-03-31,FY,55501861000.0,26934997000,28566864000.0,0.5147010115570719,122198000.0,6166492000.0,0.0,0.0,6057642000,32992639000,0.0,1432378000,23941600000,0.4313657158270783,22509222000,0.405557968587756,0.0,26743977000,0.4818573020461422,9844670000,16899307000,0.304481808276663,15.794004,15.794004,1070021732,1070021732,https://www.nseindia.com/companies-listing/corporate-filings-annual-reports,https://www.nseindia.com/companies-listing/corporate-filings-annual-reports,1620596080,17:34:40,20210509
15,2005-03-31,OIL.NS,INR,2005-03-31,2005-03-31,FY,40902410000.0,20754307000,20148103000.0,0.49258962980420956,108530000.0,4559759000.0,0.0,0.0,6612352000,27366659000,0.0,561611000,14097362000,0.3446584687797125,13535751000,0.33092795754577786,0.0,16231439000,0.39683331617867995,5614600000,10616839000,0.25956512097942397,9.922002,9.922002,1070021732,1070021732,https://www.nseindia.com/companies-listing/corporate-filings-annual-reports,https://www.nseindia.com/companies-listing/corporate-filings-annual-reports,1620596080,17:34:40,20210509
16,2004-03-31,OIL.NS,INR,2004-03-31,2004-03-31,FY,34852981000.0,16656593000,18196388000.0,0.5220898608357202,87334000.0,3531955000.0,0.0,0.0,5328288000,21984881000,0.0,548788000,13416888000,0.38495668419295326,12868100000,0.36921088615059927,0.0,14816774000,0.4251221437844872,5319727000,9497047000,0.272488800886214,8.876002,8.876002,1070021732,1070021732,https://www.nseindia.com/companies-listing/corporate-filings-annual-reports,https://www.nseindia.com/companies-listing/corporate-filings-annual-reports,1620596080,17:34:40,20210509
