,date,symbol,reportedCurrency,fillingDate,acceptedDate,period,revenue,costOfRevenue,grossProfit,grossProfitRatio,researchAndDevelopmentExpenses,generalAndAdministrativeExpenses,sellingAndMarketingExpenses,otherExpenses,operatingExpenses,costAndExpenses,interestExpense,depreciationAndAmortization,ebitda,ebitdaratio,operatingIncome,operatingIncomeRatio,totalOtherIncomeExpensesNet,incomeBeforeTax,incomeBeforeTaxRatio,incomeTaxExpense,netIncome,netIncomeRatio,eps,epsdiluted,weightedAverageShsOut,weightedAverageShsOutDil,link,finalLink,timestamp,est_time,est_date
0,2020-12-31,KNL,USD,2021-03-01,2021-03-01 15:47:39,FY,1236400000,793700000,442700000,0.3580556454221935,0.0,375400000.0,0.0,3300000.0,375400000.0,1169100000,17400000.0,43300000,110600000,0.08945325137495956,67300000,0.054432222581688776,-43000000.0,6900000.0,0.005580718214170171,-800000.0,7700000.0,0.006227758007117438,0.15763829177414732,0.15763829177414732,49136000,49136000,https://www.sec.gov/Archives/edgar/data/1011570/000101157021000014/0001011570-21-000014-index.htm,https://www.sec.gov/Archives/edgar/data/1011570/000101157021000014/knl-20201231.htm,1620594190,17:03:10,20210509
1,2019-12-31,KNL,USD,2020-02-21,2020-02-21 17:05:44,FY,1428100000,879100000,549000000,0.3844268608640852,0.0,432900000.0,0.0,5300000.0,432900000.0,1312000000,21700000.0,39500000,155600000,0.10895595546530355,116100000,0.08129682795322457,-3500000.0,90900000.0,0.06365100483159443,23400000.0,67500000.0,0.04726559764722359,1.38,1.36,48846000,49457000,https://www.sec.gov/Archives/edgar/data/1011570/000101157020000010/0001011570-20-000010-index.htm,https://www.sec.gov/Archives/edgar/data/1011570/000101157020000010/knl-20191231x10k.htm,1620594190,17:03:10,20210509
2,2018-12-31,KNL,USD,2019-02-26,2019-02-26 17:07:09,FY,1302272000,820748000,481524000,0.36975685571063494,0.0,369452000.0,0.0,7639000.0,369452000.0,1190200000,20911000.0,35334000,147406000,0.11319140701788874,112072000,0.086058826420287,6990000.0,98151000.0,0.07536904732651857,24896000.0,73248000.0,0.05624631413406723,1.51,1.49,48657015,49218193,https://www.sec.gov/Archives/edgar/data/1011570/000101157019000009/0001011570-19-000009-index.htm,https://www.sec.gov/Archives/edgar/data/1011570/000101157019000009/knl-20181231x10k.htm,1620594190,17:03:10,20210509
3,2017-12-31,KNL,USD,2018-02-27,2018-02-27 17:27:21,FY,1132892000,718313000,414579000,0.3659475042634249,0.0,308154000.0,0.0,-113000.0,308154000.0,1026467000,7483000.0,26703000,133128000,0.11751164276912539,106425000,0.09394099349276012,-20350000.0,78592000.0,0.06937289697517504,-1600000.0,80163000.0,0.07075961344947268,1.66,1.63,48422558,49160492,https://www.sec.gov/Archives/edgar/data/1011570/000101157018000012/0001011570-18-000012-index.htm,https://www.sec.gov/Archives/edgar/data/1011570/000101157018000012/knl-20171231x10k.htm,1620594190,17:03:10,20210509
4,2016-12-31,KNL,USD,2017-03-01,2017-03-01 16:22:00,FY,1164292000,718316000,445976000,0.38304480319370054,0.0,309668000.0,0.0,360000.0,309668000.0,1027984000,5405000.0,23025000,159333000,0.1368496906274371,136308000,0.11707372377376123,-3365000.0,127538000.0,0.10954124910245884,45424000.0,82084000.0,0.07050121447197095,1.71,1.68,48093294,48919108,https://www.sec.gov/Archives/edgar/data/1011570/000101157017000010/0001011570-17-000010-index.htm,https://www.sec.gov/Archives/edgar/data/1011570/000101157017000010/knl-20161231x10k.htm,1620594190,17:03:10,20210509
5,2015-12-31,KNL,USD,2016-02-29,2016-02-29 13:34:09,FY,1104442000,692310000,412132000,0.3731585723831582,0.0,299476000.0,0.0,9174000.0,299476000.0,991786000,6865000.0,21279000,133935000,0.12126938309118994,112656000,0.1020026402472923,-2372000.0,103419000.0,0.09363914085121718,37471000.0,65963000.0,0.05972518249034354,1.38,1.36,47746707,48438231,https://www.sec.gov/Archives/edgar/data/1011570/000101157016000063/0001011570-16-000063-index.htm,https://www.sec.gov/Archives/edgar/data/1011570/000101157016000063/knl-20151231x10k.htm,1620594190,17:03:10,20210509
6,2014-12-31,KNL,USD,2015-03-02,2015-03-02 16:35:48,FY,1050294000,678609000,371685000,0.35388662603042575,0.0,293310000.0,0.0,6285000.0,293310000.0,971919000,7378000.0,20042000,98417000,0.09370423900355519,78375000,0.07462196299321903,4753000.0,75750000.0,0.0721226627972739,29165000.0,46596000.0,0.04436472073533696,0.98,0.97,47346532,48068249,https://www.sec.gov/Archives/edgar/data/1011570/000101157015000008/0001011570-15-000008-index.htm,https://www.sec.gov/Archives/edgar/data/1011570/000101157015000008/knl-20141231x10k.htm,1620594190,17:03:10,20210509
7,2013-12-31,KNL,USD,2014-03-03,2014-03-03 16:46:48,FY,862668000,582393000,280275000,0.32489323818664884,0.0,224619000.0,0.0,-72000.0,224619000.0,807012000,5941000.0,16361000,72017000,0.08348171022919594,55656000,0.06451612903225806,-11166000.0,38549000.0,0.04468578873912096,15403000.0,23146000.0,0.026830715872154756,0.49334093117301475,0.4856542729917516,46916845,47659418,https://www.sec.gov/Archives/edgar/data/1011570/000144530514000826/0001445305-14-000826-index.htm,https://www.sec.gov/Archives/edgar/data/1011570/000144530514000826/knl-20131231x10k.htm,1620594190,17:03:10,20210509
8,2012-12-31,KNL,USD,2013-03-01,2013-03-01 14:10:16,FY,887499000,593149000,294350000,0.3316623455350372,0.0,206449000.0,0.0,96000.0,206449000.0,799598000,6350000.0,16547000,104448000,0.1176880199301633,87901000,0.09904349187999086,-2738000.0,78336000.0,0.08826601494762247,28335000.0,50001000.0,0.05633921841038694,1.07,1.06,46634834,47059186,https://www.sec.gov/Archives/edgar/data/1011570/000104746913002047/0001047469-13-002047-index.htm,https://www.sec.gov/Archives/edgar/data/1011570/000104746913002047/a2213207z10-k.htm,1620594190,17:03:10,20210509
9,2011-12-31,KNL,USD,2012-02-29,2012-02-29 16:39:24,FY,922200000,627803000,294397000,0.3192333550206029,0.0,202075000.0,0.0,0.0,196630000.0,824433000,9753000.0,17738000,115505000,0.12524940360008674,97767000,0.1060149642160052,812000.0,88826000.0,0.09631967035350249,30815000.0,58011000.0,0.06290500975927131,1.25,1.24,46249571,46835712,https://www.sec.gov/Archives/edgar/data/1011570/000104746912001915/0001047469-12-001915-index.htm,https://www.sec.gov/Archives/edgar/data/1011570/000104746912001915/a2207564z10-k.htm,1620594190,17:03:10,20210509
10,2010-12-31,KNL,USD,2011-03-01,2011-03-01 15:29:55,FY,809467000,545118000,264349000,0.326571682353944,0.0,192122000.0,0.0,0.0,192122000.0,737240000,17436000.0,19461000,91688000,0.1132695959192901,72227000,0.08922784993088044,-13944000.0,40847000.0,0.05046160004052049,12823000.0,28024000.0,0.03462031188423988,0.6145608239886967,0.6096059488352141,45600043,45970680,https://www.sec.gov/Archives/edgar/data/1011570/000104746911001616/0001047469-11-001616-index.htm,https://www.sec.gov/Archives/edgar/data/1011570/000104746911001616/a2202309z10-k.htm,1620594190,17:03:10,20210509
11,2009-12-31,KNL,USD,2010-03-01,2010-03-01 15:37:14,FY,780033000,510590000,269443000,0.3454251294496515,0.0,193995000.0,0.0,0.0,193995000.0,704585000,13862000.0,20579000,96027000,0.12310633011680275,75448000,0.09672411295419553,-17791000.0,43795000.0,0.05614506052949042,16442000.0,27353000.0,0.035066465136731395,0.6024438565736518,0.602306304893868,45403401,45413770,https://www.sec.gov/Archives/edgar/data/1011570/000104746910001637/0001047469-10-001637-index.htm,https://www.sec.gov/Archives/edgar/data/1011570/000104746910001637/a2196851z10-k.htm,1620594190,17:03:10,20210509
12,2008-12-31,KNL,USD,2009-03-02,2009-03-02 15:21:57,FY,1120147000,725078000,395069000,0.35269388749869435,0.0,245032000.0,0.0,0.0,245032000.0,970110000,0.0,21466000,171503000,0.15310758320113343,150037000,0.1339440269893148,-946000.0,132802000.0,0.11855765359368012,47890000.0,84912000.0,0.07580433639513386,1.8233090843875681,1.8184645076897972,46570272,46694340,https://www.sec.gov/Archives/edgar/data/1011570/000119312509042421/0001193125-09-042421-index.htm,https://www.sec.gov/Archives/edgar/data/1011570/000119312509042421/d10k.htm,1620594190,17:03:10,20210509
13,2007-12-31,KNL,USD,2008-02-29,2008-02-29 15:34:44,FY,1055814000,690689000,365125000,0.3458232226509593,0.0,222937000.0,0.0,0.0,222937000.0,913626000,0.0,21322000,163510000,0.15486629273716773,142188000,0.1346714478118305,-4651000.0,112939000.0,0.1069686516753898,41496000.0,71443000.0,0.0676662745521465,1.48,1.45,48239189,49248902,https://www.sec.gov/Archives/edgar/data/1011570/000119312508043566/0001193125-08-043566-index.htm,https://www.sec.gov/Archives/edgar/data/1011570/000119312508043566/d10k.htm,1620594190,17:03:10,20210509
14,2006-12-31,KNL,USD,2007-03-16,2007-03-16 06:07:33,FY,982152000,663115000,319037000,0.32483464881199653,0.0,202097000.0,0.0,0.0,202097000.0,865212000,0.0,19857000,136797000,0.13928292158443906,116940000,0.11906507343058916,741000.0,93964000.0,0.09567154574851958,35331000.0,58633000.0,0.05969849880670202,1.18,1.14,49606677,51238088,https://www.sec.gov/Archives/edgar/data/1011570/000119312507056190/0001193125-07-056190-index.htm,https://www.sec.gov/Archives/edgar/data/1011570/000119312507056190/d10k.htm,1620594190,17:03:10,20210509
15,2005-12-31,KNL,USD,2006-03-16,2006-03-16 15:01:27,FY,807960000,535904000,272056000,0.3367196395861181,0.0,179217000.0,0.0,0.0,179217000.0,715121000,0.0,19347000,112186000,0.13885093321451558,92839000,0.11490544086340908,-5355000.0,63800000.0,0.07896430516362196,27891000.0,35909000.0,0.04444403188276647,0.7,0.68,51219123,52919388,https://www.sec.gov/Archives/edgar/data/1011570/000119312506056535/0001193125-06-056535-index.htm,https://www.sec.gov/Archives/edgar/data/1011570/000119312506056535/d10k.htm,1620594190,17:03:10,20210509
16,2004-12-31,KNL,USD,2005-03-31 00:00:00,2005-03-31 11:13:29,FY,706390000,465379000,241011000,0.34118687976896617,0.0,169706000.0,0.0,0.0,169706000.0,635085000,0.0,21772000,93077000,0.13176432282450204,71305000,0.10094282195387817,-5316000.0,46537000.0,0.06588003793938192,19793000.0,26744000.0,0.03786010560738402,0.58,0.55,46353253,48319483,https://www.sec.gov/Archives/edgar/data/1011570/000119312505066391/0001193125-05-066391-index.html,https://www.sec.gov/Archives/edgar/data/1011570/000119312505066391/d10k.htm,1620594190,17:03:10,20210509
17,2003-12-31,KNL,USD,2003-12-31,2003-12-31,FY,697246000,460911000,236335000,0.33895497428454235,0.0,149739000.0,0.0,0.0,149739000.0,610650000,0.0,29599000,116195000,0.16664849995553938,86596000,0.12419719869314418,-2473000.0,63894000.0,0.09163767163956481,27545000.0,36349000.0,0.05213224600786523,0.78,0.75,46317530,48414374,,,1620594190,17:03:10,20210509
18,2002-12-31,KNL,USD,2002-12-31,2002-12-31,FY,773263000,492902000,280361000,0.3625687508648416,0.0,156314000.0,0.0,0.0,156314000.0,649216000,0.0,30192000,154239000,0.199465123767722,124047000,0.16042019338827798,2933000.0,100439000.0,0.12988983049751507,40667000.0,59772000.0,0.07729840946741277,1.29,1.23,46345714,48474648,,,1620594190,17:03:10,20210509
19,2001-12-31,KNL,USD,2002-04-01 00:00:00,2002-04-01 00:00:00,FY,985388000,594446000,390942000,0.39673915249627556,0.0,195532000.0,0.0,0.0,195532000.0,789978000,0.0,35963000,231373000,0.23480395539625,195410000,0.1983076716988638,-5325000.0,147984000.0,0.15017840688135028,60794000.0,87190000.0,0.08848291231474302,1.883131,1.817801,46300556,47964546,https://www.sec.gov/Archives/edgar/data/1011570/000101157002000002/0001011570-02-000002-index.html,https://www.sec.gov/Archives/edgar/data/1011570/000101157002000002/k2001.txt,1620594190,17:03:10,20210509
20,2000-12-31,KNL,USD,2001-03-30 00:00:00,2001-03-30 00:00:00,FY,1163477000,682421000,481056000,0.4134641252040221,0.0,243885000.0,0.0,0.0,243885000.0,926306000,0.0,33949000,271120000,0.23302566359283425,237171000,0.20384674557382743,3026000.0,195760000.0,0.16825429295121433,79472000.0,116288000.0,0.09994868828520032,2.51159,2.424457,46300556,47964546,https://www.sec.gov/Archives/edgar/data/1011570/000101157001000003/0001011570-01-000003-index.html,https://www.sec.gov/Archives/edgar/data/1011570/000101157001000003/0001011570-01-000003-0001.txt,1620594190,17:03:10,20210509
21,1999-12-31,KNL,USD,2000-03-30 00:00:00,2000-03-30 00:00:00,FY,984511000,593442000,391069000,0.3972215648174576,0.0,206919000.0,0.0,0.0,206919000.0,800361000,0.0,33008000,217158000,0.22057447809115388,184150000,0.18704717367302143,-670000.0,155513000.0,0.15795963681462166,66351000.0,78361000.0,0.07959382881450791,1.983062,1.910951,39515152,41006289,https://www.sec.gov/Archives/edgar/data/1011570/000101157000000004/0001011570-00-000004-index.html,https://www.sec.gov/Archives/edgar/data/1011570/0001011570-00-000004.txt,1620594190,17:03:10,20210509
22,1998-12-31,KNL,USD,1998-12-31,1998-12-31,FY,948691000,572756000,375935000,0.39626706693749597,0.0,0.0,0.0,0.0,0.0,777148000,0.0,36502000,208045000,0.2192969048931633,171543000,0.18082073088076098,2732000.0,157415000.0,0.1659286321889846,64371000.0,93044000.0,0.09807619129937989,2.25,2.14,41271000,43509000,,,1620594190,17:03:10,20210509
23,1997-12-31,KNL,USD,1997-12-31,1997-12-31,FY,810857000,489962000,320895000,0.3957479555581317,0.0,0.0,0.0,0.0,0.0,672980000,0.0,33123000,171000000,0.21088798641437392,137877000,0.17003861346698618,1667000.0,114469000.0,0.14117039132670742,48026000.0,61106000.0,0.07535977367155984,1.64,1.51,37284000,40398000,,,1620594190,17:03:10,20210509
24,1996-12-31,KNL,USD,1996-12-31,1996-12-31,FY,651766000,418555000,233211000,0.35781400073032343,0.0,0.0,0.0,0.0,0.0,619981000,0.0,29466000,61251000,0.0939769794680913,31785000,0.048767502447197304,151000.0,-1356000.0,-0.0020805012842032263,737000.0,-7252000.0,-0.011126692708732889,-0.156629,-0.156629,46300556,47964546,,,1620594190,17:03:10,20210509
