,date,symbol,reportedCurrency,fillingDate,acceptedDate,period,revenue,costOfRevenue,grossProfit,grossProfitRatio,researchAndDevelopmentExpenses,generalAndAdministrativeExpenses,sellingAndMarketingExpenses,otherExpenses,operatingExpenses,costAndExpenses,interestExpense,depreciationAndAmortization,ebitda,ebitdaratio,operatingIncome,operatingIncomeRatio,totalOtherIncomeExpensesNet,incomeBeforeTax,incomeBeforeTaxRatio,incomeTaxExpense,netIncome,netIncomeRatio,eps,epsdiluted,weightedAverageShsOut,weightedAverageShsOutDil,link,finalLink,timestamp,est_time,est_date
0,2020-06-30,EM1.AX,AUD,2020-06-30,2020-06-30,FY,0.0,0.0,0.0,0.0,287353.0,145518.0,26318.0,1240.0,1323893.0,0.0,263.0,2173.0,-1321720.0,0.0,-1323893.0,0.0,1340.0,-1291721.0,0.0,0.0,-1291721.0,0.0,-0.002,-0.002,656474188.0,656474188.0,,,1620591590,16:19:50,20210509
1,2019-06-30,EM1.AX,AUD,2019-06-30,2019-06-30,FY,102579.0,0.0,102579.0,1.0,590349.0,680814.0,475670.0,134945.0,2221366.0,0.0,123796.0,2642.0,-2116145.0,-20.629417327133233,-2118787.0,-20.655173086109244,-763498.0,-2953610.0,-28.793515241911113,0.0,-2953610.0,-28.793515241911113,-0.0049,-0.0049,602777551.0,602777551.0,,,1620591590,16:19:50,20210509
2,2018-06-30,EM1.AX,AUD,2018-06-30,2018-06-30,FY,0.0,0.0,0.0,0.0,136790.0,477228.0,17720.0,300.0,1002976.0,0.0,10000.0,2210.0,-1000766.0,0.0,-1002976.0,0.0,-5449862.0,-6446493.0,0.0,0.0,-6446493.0,0.0,-0.0247,-0.0247,261356559.0,261356559.0,,,1620591590,16:19:50,20210509
3,2017-06-30,EM1.AX,AUD,2017-06-30,2017-06-30,FY,0.0,0.0,0.0,0.0,0.0,429719.0,0.0,0.0,586245.0,0.0,1039.0,9708.0,-576537.0,0.0,-586245.0,0.0,0.0,-573493.0,0.0,0.0,-573493.0,0.0,-0.00468,-0.00468,124093513.0,124093513.0,,,1620591590,16:19:50,20210509
4,2016-06-30,EM1.AX,AUD,2016-06-30,2016-06-30,FY,0.0,0.0,0.0,0.0,0.0,514321.0,0.0,3544188.0,568567.0,0.0,77677.0,16674.0,-551893.0,0.0,-568567.0,0.0,3557512.0,2923149.0,0.0,0.0,3207465.0,0.0,0.04284,0.04284,74870858.0,74870858.0,,,1620591590,16:19:50,20210509
5,2015-06-30,EM1.AX,AUD,2015-06-30,2015-06-30,FY,0.0,0.0,0.0,0.0,0.0,1185473.0,0.0,26746.0,1441649.0,0.0,170383.0,35615.0,-1406034.0,0.0,-1441649.0,0.0,-607838.0,-2218642.0,0.0,0.0,-12608813.0,0.0,-0.64575,-0.64575,19595716.0,19595716.0,,,1620591590,16:19:50,20210509
6,2014-06-30,EM1.AX,AUD,2014-06-30,2014-06-30,FY,2146298.0,3140579.0,-994281.0,-0.46325393771042045,0.0,1917786.0,0.0,41023.0,2964641.0,0.0,56868.0,159354.0,-3799568.0,-1.7702891210819747,-3958922.0,-1.8445351018358123,-1834269.0,-5849058.0,-2.7251844804402743,0.0,-3851672.0,-1.794565339948134,-0.2205,-0.2205,17469219.0,17469219.0,,,1620591590,16:19:50,20210509
7,2013-06-30,EM1.AX,AUD,2013-06-30,2013-06-30,FY,0.0,0.0,0.0,0.0,0.0,2546027.0,0.0,-1355454.0,6642781.0,0.0,9610.0,86836.0,-6555945.0,0.0,-6642781.0,0.0,-1355454.0,-7999617.0,0.0,0.0,-7999617.0,0.0,-0.527625,-0.527625,15186890.0,15186890.0,,,1620591590,16:19:50,20210509
8,2012-06-30,EM1.AX,AUD,2012-06-30,2012-06-30,FY,0.0,0.0,0.0,0.0,0.0,2271031.0,0.0,3252829.0,2534507.0,0.0,0.0,65505.0,-2469002.0,0.0,-2534507.0,0.0,3252829.0,799359.0,0.0,0.0,799359.0,0.0,0.071896,0.071896,11597649.0,11597649.0,,,1620591590,16:19:50,20210509
9,2011-06-30,EM1.AX,AUD,2011-06-30,2011-06-30,FY,0.0,0.0,0.0,0.0,0.0,2126526.0,0.0,1715.0,2475112.0,0.0,0.0,39222.0,-2435890.0,0.0,-2475112.0,0.0,-237881.0,-2630645.0,0.0,0.0,-2630645.0,0.0,-0.286163,-0.286163,9087405.0,9087405.0,,,1620591590,16:19:50,20210509
10,2010-06-30,EM1.AX,AUD,2010-06-30,2010-06-30,FY,0.0,0.0,0.0,0.0,0.0,2217847.0,0.0,13386.0,2948806.0,0.0,20795.0,38299.0,-2910507.0,0.0,-2948806.0,0.0,13386.0,-2894769.0,0.0,0.0,-2894769.0,0.0,-0.385987,-0.385987,7476365.0,7476365.0,,,1620591590,16:19:50,20210509
11,2009-06-30,EM1.AX,AUD,2009-06-30,2009-06-30,FY,0.0,0.0,0.0,0.0,0.0,2562826.0,0.0,-86563.0,2675533.0,0.0,65.0,57155.0,-2618378.0,0.0,-2675533.0,0.0,-86563.0,-2751352.0,0.0,0.0,-2751352.0,0.0,-0.526539,-0.526539,5232945.0,5232945.0,,,1620591590,16:19:50,20210509
12,2008-06-30,EM1.AX,AUD,2008-06-30,2008-06-30,FY,3338.0,0.0,3338.0,1.0,0.0,3158064.0,0.0,-932609.0,2566500.0,0.0,3566.0,70353.0,-2496147.0,-747.7971839424805,-2566500.0,-768.8735769922109,-932609.0,-3425133.0,-1026.1033553025763,0.0,-3425133.0,-1026.1033553025763,-0.759196,-0.759196,4518358.0,4518358.0,,,1620591590,16:19:50,20210509
13,2007-06-30,EM1.AX,AUD,2007-06-30,2007-06-30,FY,10168.0,0.0,10168.0,1.0,0.0,1157091.0,0.0,-53429.0,2036655.0,0.0,0.0,41119.0,-1985368.0,-195.2564909520063,-2026487.0,-199.3004523996853,-2289993.0,-4191218.0,-412.1968922108576,0.0,-4191218.0,-412.1968922108576,-1.083691,-1.083691,3876014.0,3876014.0,,,1620591590,16:19:50,20210509
14,2006-06-30,EM1.AX,AUD,2006-06-30,2006-06-30,FY,0.0,0.0,0.0,0.0,0.0,372222.0,0.0,-135066.0,3544008.0,0.0,0.0,20496.0,-3523512.0,0.0,-3544008.0,0.0,-135066.0,-3648729.0,0.0,-3648729.0,-3648729.0,0.0,-1.212265,-1.212265,3010937.0,3010937.0,,,1620591590,16:19:50,20210509
15,2005-06-30,EM1.AX,AUD,2005-06-30,2005-06-30,FY,0.0,0.0,0.0,0.0,0.0,345545.0,0.0,-275014.0,1743135.0,0.0,0.0,11496.0,-1731639.0,0.0,-1743135.0,0.0,-275014.0,-1995208.0,0.0,-1995208.0,-1995208.0,0.0,-0.795931,-0.795931,2477647.0,2477647.0,,,1620591590,16:19:50,20210509
16,2004-06-30,EM1.AX,AUD,2004-06-30,2004-06-30,FY,0.0,0.0,0.0,0.0,0.0,182464.0,0.0,-44172.0,1323318.0,0.0,0.0,6465.0,-1316853.0,0.0,-1323318.0,0.0,-44172.0,-1411990.0,0.0,-1411990.0,-1411990.0,0.0,-0.734706,-0.734706,1911297.0,1911297.0,,,1620591590,16:19:50,20210509
17,2003-06-30,EM1.AX,AUD,2003-06-30,2003-06-30,FY,0.0,0.0,0.0,0.0,0.0,128206.0,0.0,-55885.0,764212.0,0.0,0.0,7366.0,-756846.0,0.0,-764212.0,0.0,-55885.0,-754635.0,0.0,-754635.0,-754635.0,0.0,-0.532662,-0.532662,1409321.0,1409321.0,,,1620591590,16:19:50,20210509
18,2002-06-30,EM1.AX,AUD,2002-06-30,2002-06-30,FY,0.0,0.0,0.0,0.0,0.0,83088.0,0.0,-523045.0,87913.0,0.0,0.0,4825.0,-83088.0,0.0,-87913.0,0.0,-523045.0,-605788.0,0.0,-605788.0,-605788.0,0.0,-0.420885,-0.420885,1397210.0,1397210.0,,,1620591590,16:19:50,20210509
19,2001-06-30,EM1.AX,AUD,2001-06-30,2001-06-30,FY,89772.0,0.0,89772.0,1.0,0.0,643915.0,0.0,415000.0,2619100.0,0.0,0.0,84592.0,-2444736.0,-27.232722898008287,-2529328.0,-28.175021164728424,415000.0,-2151752.0,-23.969077217840752,-2151752.0,-2151752.0,-23.969077217840752,-1.736151,-1.736151,1200321.0,1200321.0,,,1620591590,16:19:50,20210509
20,2000-06-30,EM1.AX,AUD,2000-06-30,2000-06-30,FY,0.0,0.0,0.0,0.0,0.0,0.0,0.0,0.0,0.0,0.0,0.0,0.0,0.0,0.0,0.0,0.0,0.0,-1508689.0,0.0,-1508689.0,-1508689.0,0.0,-1.709845,-1.709845,882599.0,882599.0,,,1620591590,16:19:50,20210509
21,1999-06-30,EM1.AX,AUD,1999-06-30,1999-06-30,FY,0.0,0.0,0.0,0.0,0.0,0.0,0.0,0.0,0.0,0.0,0.0,0.0,0.0,0.0,0.0,0.0,0.0,-477458.0,0.0,-477458.0,-477458.0,0.0,-0.720766,-0.720766,653575.0,653575.0,,,1620591590,16:19:50,20210509
22,1998-06-30,EM1.AX,AUD,1998-06-30,1998-06-30,FY,0.0,0.0,0.0,0.0,0.0,0.0,0.0,0.0,0.0,0.0,0.0,0.0,-891493.0,0.0,0.0,0.0,0.0,-891493.0,0.0,-891493.0,-891493.0,0.0,-1.95564,-1.95564,455857.0,455857.0,,,1620591590,16:19:50,20210509
23,1997-06-30,EM1.AX,AUD,1997-06-30,1997-06-30,FY,0.0,0.0,0.0,0.0,0.0,0.0,0.0,0.0,0.0,0.0,1934.0,0.0,-963702.0,0.0,0.0,0.0,0.0,-965636.0,0.0,-965636.0,-965636.0,0.0,-2.364603,-2.364603,408371.0,408371.0,,,1620591590,16:19:50,20210509
24,1996-06-30,EM1.AX,AUD,1996-06-30,1996-06-30,FY,0.0,0.0,0.0,0.0,0.0,0.0,0.0,0.0,0.0,0.0,6.0,0.0,-722910.0,0.0,0.0,0.0,0.0,-722916.0,0.0,-722916.0,-722916.0,0.0,-2.684862,-2.684862,269256.0,269256.0,,,1620591590,16:19:50,20210509
25,1995-06-30,EM1.AX,AUD,1995-06-30,1995-06-30,FY,0.0,0.0,0.0,0.0,0.0,0.0,0.0,0.0,0.0,0.0,0.0,0.0,-447000.0,0.0,0.0,0.0,0.0,-447000.0,0.0,-447000.0,-447000.0,0.0,-1.792449,-1.792449,249379.0,249379.0,,,1620591590,16:19:50,20210509
26,1994-06-30,EM1.AX,AUD,1994-06-30,1994-06-30,FY,0.0,0.0,0.0,0.0,0.0,0.0,0.0,0.0,0.0,0.0,0.0,0.0,-764000.0,0.0,0.0,0.0,0.0,-764000.0,0.0,-764000.0,-764000.0,0.0,-3.000403,-3.000403,254632.0,254632.0,,,1620591590,16:19:50,20210509
27,1993-06-30,EM1.AX,AUD,1993-06-30,1993-06-30,FY,0.0,0.0,0.0,0.0,0.0,0.0,0.0,0.0,0.0,0.0,0.0,0.0,-315000.0,0.0,0.0,0.0,0.0,-315000.0,0.0,-315000.0,-315000.0,0.0,-2.415909,-2.415909,130385.0,130385.0,,,1620591590,16:19:50,20210509
28,1992-06-30,EM1.AX,AUD,1992-06-30,1992-06-30,FY,0.0,0.0,0.0,0.0,0.0,0.0,0.0,0.0,0.0,0.0,0.0,0.0,118000.0,0.0,0.0,0.0,0.0,118000.0,0.0,118000.0,118000.0,0.0,1.46903,1.46903,156348.0,156348.0,,,1620591590,16:19:50,20210509
29,1991-06-30,EM1.AX,AUD,1991-06-30,1991-06-30,FY,0.0,0.0,0.0,0.0,0.0,0.0,0.0,0.0,0.0,0.0,0.0,0.0,-15000.0,0.0,0.0,0.0,0.0,-15000.0,0.0,-15000.0,-15000.0,0.0,-2.2849337070964928e-05,-2.2849337070964928e-05,656474188.0,656474188.0,,,1620591590,16:19:50,20210509
30,1990-06-30,EM1.AX,AUD,1990-06-30,1990-06-30,FY,0.0,0.0,0.0,0.0,0.0,0.0,0.0,0.0,0.0,0.0,0.0,0.0,-16000.0,0.0,0.0,0.0,0.0,-16000.0,0.0,-16000.0,-16000.0,0.0,-2.4372626209029258e-05,-2.4372626209029258e-05,656474188.0,656474188.0,,,1620591590,16:19:50,20210509
31,1989-06-30,EM1.AX,AUD,1989-06-30,1989-06-30,FY,0.0,0.0,0.0,0.0,0.0,0.0,0.0,0.0,0.0,0.0,0.0,0.0,-14000.0,0.0,0.0,0.0,0.0,-14000.0,0.0,-14000.0,-14000.0,0.0,-2.13260479329006e-05,-2.13260479329006e-05,656474188.0,656474188.0,,,1620591590,16:19:50,20210509
