,date,symbol,reportedCurrency,fillingDate,acceptedDate,period,revenue,costOfRevenue,grossProfit,grossProfitRatio,researchAndDevelopmentExpenses,generalAndAdministrativeExpenses,sellingAndMarketingExpenses,otherExpenses,operatingExpenses,costAndExpenses,interestExpense,depreciationAndAmortization,ebitda,ebitdaratio,operatingIncome,operatingIncomeRatio,totalOtherIncomeExpensesNet,incomeBeforeTax,incomeBeforeTaxRatio,incomeTaxExpense,netIncome,netIncomeRatio,eps,epsdiluted,weightedAverageShsOut,weightedAverageShsOutDil,link,finalLink,timestamp,est_time,est_date
0,2017-12-31,PAZA.ME,RUB,2017-12-31,2017-12-31,FY,536078000,419805000,116273000,0.21689567562929274,0.0,47631000,112000.0,-361287000.0,47743000,467548000,0.0,0.0,68530000,0.12783587463018442,68530000,0.12783587463018442,0.0,-277002000,-0.5167195818518947,-52801000,-224201000.0,-0.41822458672058915,-142.994086,-142.994086,1567904.0,1567904.0,http://www.cbr.ru/eng/search/?text=PAZA&category=Any&time=Any&dateFrom=&dateTo=,http://www.cbr.ru/eng/search/?text=PAZA&category=Any&time=Any&dateFrom=&dateTo=,1620596351,17:39:11,20210509
1,2016-12-31,PAZA.ME,RUB,2016-12-31,2016-12-31,FY,495943000,376985000,118958000,0.2398622422334825,0.0,37076000,18000.0,-32745000.0,37094000,414079000,0.0,0.0,63092000,0.12721623251059094,81864000,0.16506735653089166,0.0,63092000,0.12721623251059094,13880000,49212000.0,0.0992291452848412,31.387126,31.387126,1567904.0,1567904.0,http://www.cbr.ru/eng/search/?text=PAZA&category=Any&time=Any&dateFrom=&dateTo=,http://www.cbr.ru/eng/search/?text=PAZA&category=Any&time=Any&dateFrom=&dateTo=,1620596351,17:39:11,20210509
2,2015-12-31,PAZA.ME,RUB,2015-12-31,2015-12-31,FY,7534267000,6621509000,912758000,0.12114755158000108,0.0,464909000,488956000.0,0.0,983140000,7604649000,1504221000.0,149488000.0,79106000,0.010499495173186721,-70382000,-0.009341585584901623,0.0,398223000,0.05285490944241822,80464000,317759000.0,0.04217517112149065,202.66,202.66,1567904.0,1567904.0,http://www.cbr.ru/eng/search/?text=PAZA&category=Any&time=Any&dateFrom=&dateTo=,http://www.cbr.ru/eng/search/?text=PAZA&category=Any&time=Any&dateFrom=&dateTo=,1620596351,17:39:11,20210509
3,2014-12-31,PAZA.ME,RUB,2014-12-31,2014-12-31,FY,8379372000,7181473000,1197899000,0.14295808802855392,0.0,470230000,643584000.0,0.0,1116672000,8298145000,1358576000.0,156633000.0,237860000,0.02838637549448813,81227000,0.00969368587526607,0.0,150252000,0.017931176703934376,42454000,107798000.0,0.0128646872343178,68.75,68.75,1567904.0,1567904.0,http://www.cbr.ru/eng/search/?text=PAZA&category=Any&time=Any&dateFrom=&dateTo=,http://www.cbr.ru/eng/search/?text=PAZA&category=Any&time=Any&dateFrom=&dateTo=,1620596351,17:39:11,20210509
4,2013-12-31,PAZA.ME,RUB,2013-12-31,2013-12-31,FY,431479000,317953000,113526000,0.26310898097010516,0.0,44926000,0.0,26846000.0,44926000,362879000,0.0,0.0,101678000,0.23564993893097927,68600000,0.15898803881533052,0.0,101678000,0.23564993893097927,22707000,77286000.0,0.1791187983656215,0.0493,0.0493,1567904.0,1567904.0,http://www.cbr.ru/eng/search/?text=PAZA&category=Any&time=Any&dateFrom=&dateTo=,http://www.cbr.ru/eng/search/?text=PAZA&category=Any&time=Any&dateFrom=&dateTo=,1620596351,17:39:11,20210509
5,2012-12-31,PAZA.ME,RUB,2012-12-31,2012-12-31,FY,1458504000,1067593000,390911000,0.26802189092385076,0.0,207410000,989000.0,-27737000.0,208399000,1275992000,401000.0,0.0,154776000,0.10611969524937881,182512000,0.1251364411753413,0.0,154375000,0.10584475599655538,30796000,123419000.0,0.08462026843944206,0.0787,0.0787,1567904.0,1567904.0,http://www.cbr.ru/eng/search/?text=PAZA&category=Any&time=Any&dateFrom=&dateTo=,http://www.cbr.ru/eng/search/?text=PAZA&category=Any&time=Any&dateFrom=&dateTo=,1620596351,17:39:11,20210509
6,2011-12-31,PAZA.ME,RUB,2011-12-31,2011-12-31,FY,1237792000,989736000,248056000,0.2004020061528916,0.0,169925000,676000.0,-58164000.0,170601000,1160337000,546000.0,0.0,19295000,0.015588240996871849,77455000,0.06257513378661358,0.0,18749000,0.01514713295933404,12451000,5690000.0,0.0045968951164654485,0.0036,0.0036,1567904.0,1567904.0,http://www.cbr.ru/eng/search/?text=PAZA&category=Any&time=Any&dateFrom=&dateTo=,http://www.cbr.ru/eng/search/?text=PAZA&category=Any&time=Any&dateFrom=&dateTo=,1620596351,17:39:11,20210509
7,2010-12-31,PAZA.ME,RUB,2010-12-31,2010-12-31,FY,976846000,755230000,221616000,0.2268689230441646,0.0,119887000,440000.0,-56600000.0,120327000,875557000,17833000.0,0.0,44694000,0.04575337361262676,101289000,0.1036898344263067,0.0,26861000,0.027497681313124075,14205000,10147000.0,0.010387512463581772,0.0065,0.0065,1561076923.0,1561076923.0,http://www.cbr.ru/eng/search/?text=PAZA&category=Any&time=Any&dateFrom=&dateTo=,http://www.cbr.ru/eng/search/?text=PAZA&category=Any&time=Any&dateFrom=&dateTo=,1620596351,17:39:11,20210509
