,date,symbol,reportedCurrency,fillingDate,acceptedDate,period,revenue,costOfRevenue,grossProfit,grossProfitRatio,researchAndDevelopmentExpenses,generalAndAdministrativeExpenses,sellingAndMarketingExpenses,otherExpenses,operatingExpenses,costAndExpenses,interestExpense,depreciationAndAmortization,ebitda,ebitdaratio,operatingIncome,operatingIncomeRatio,totalOtherIncomeExpensesNet,incomeBeforeTax,incomeBeforeTaxRatio,incomeTaxExpense,netIncome,netIncomeRatio,eps,epsdiluted,weightedAverageShsOut,weightedAverageShsOutDil,link,finalLink,timestamp,est_time,est_date
0,2020-12-31,0119.HK,HKD,2020-12-31,2020-12-31,FY,31280798000,20726427000,10554371000,0.3374073449149219,0.0,1702300000,957610000.0,1438924000.0,0.0,23765272000,1856775000.0,0.0,8869441000,0.28354267049069526,7515526000,0.24026004707424664,0.0,6788844000.0,0.21702911799117144,4464207000.0,1880112000,0.060104349000303633,0.513476164894714,0.513476164894714,3661537046,3661537046,https://www1.hkexnews.hk/search/titlesearch.xhtml,https://www1.hkexnews.hk/search/titlesearch.xhtml,1620584540,14:22:20,20210509
1,2019-12-31,0119.HK,HKD,2019-12-31,2019-12-31,FY,39943978000,26409985000,13533993000,0.33882436546505207,0.0,1921418000,1196022000.0,66703000.0,0.0,29911859000,1473608000.0,187480000.0,10219599000,0.2558483033412446,10032119000,0.25115472975676084,0.0,8689747000.0,0.21754836235890176,4901118000.0,3832948000,0.09595809410870394,1.0468,1.0431,3661537046,3674702924,https://www1.hkexnews.hk/search/titlesearch.xhtml,https://www1.hkexnews.hk/search/titlesearch.xhtml,1620584540,14:22:20,20210509
2,2018-12-31,0119.HK,HKD,2018-12-31,2018-12-31,FY,23233644000,14715439000,8518205000,0.366632328531848,0.0,1606298000,693000000.0,251638000.0,0.0,17344075000,1275566000.0,148969000.0,6038538000,0.259904903423673,5889569000,0.25349312402307617,0.0,5424934000.0,0.2334947544173441,2823486000.0,2241590000,0.0964803454851938,0.6122,0.6122,3661537046,3661537046,https://www1.hkexnews.hk/search/titlesearch.xhtml,https://www1.hkexnews.hk/search/titlesearch.xhtml,1620584540,14:22:20,20210509
3,2017-12-31,0119.HK,HKD,2017-12-31,2017-12-31,FY,31703042000,25162217000,6540825000,0.2063153750356196,0.0,1405405000,1009851000.0,181592000.0,0.0,27933402000,961878000.0,135110000.0,3904750000,0.1231664141251808,3769640000,0.11890467798011307,0.0,4889189000.0,0.15421829236449927,2322549000.0,2462061000,0.07766008700363833,0.6724,0.6724,3661537046,3661537046,https://www1.hkexnews.hk/search/titlesearch.xhtml,https://www1.hkexnews.hk/search/titlesearch.xhtml,1620584540,14:22:20,20210509
4,2016-12-31,0119.HK,HKD,2016-12-31,2016-12-31,FY,30580326000,25582484000,4997842000,0.16343324789931932,0.0,1404984000,688183000.0,82184000.0,0.0,27969903000,910434000.0,138541000.0,2748964000,0.08989322088979693,2610423000,0.08536282445125012,0.0,2233221000.0,0.07302803115964165,2012049000.0,153070000,0.005005505827504913,0.0221,0.0221,3661537046,3661537046,https://www1.hkexnews.hk/search/titlesearch.xhtml,https://www1.hkexnews.hk/search/titlesearch.xhtml,1620584540,14:22:20,20210509
5,2015-12-31,0119.HK,HKD,2015-12-31,2015-12-31,FY,24933367000,22064695000,2868672000,0.11505353448653766,0.0,1579121000,845236000.0,55755000.0,0.0,24463035000,1091723000.0,150935000.0,621267000,0.02491709202371264,470332000,0.01886355741685429,0.0,-1235842000.0,-0.04956578868790565,1536449000.0,-2685337000,-0.10770053639366076,-0.7334045108176028,-0.7333929793309065,3661467799,3661525370,https://www1.hkexnews.hk/search/titlesearch.xhtml,https://www1.hkexnews.hk/search/titlesearch.xhtml,1620584540,14:22:20,20210509
6,2014-12-31,0119.HK,HKD,2014-12-31,2014-12-31,FY,28508737000,22862062000,5646675000,0.1980682272946711,0.0,1483334000,847846000.0,86103000.0,0.0,25171704000,893070000.0,154241000.0,3491274000,0.12246329958426429,3337033000,0.11705299326308283,0.0,3310736000.0,0.11613057428675286,2027129000.0,929448000,0.03260221594523812,0.2549,0.2542,3645714876,3655704824,https://www1.hkexnews.hk/search/titlesearch.xhtml,https://www1.hkexnews.hk/search/titlesearch.xhtml,1620584540,14:22:20,20210509
7,2013-12-31,0119.HK,HKD,2013-12-31,2013-12-31,FY,28625008000,21918810000,6706198000,0.23427759391368555,0.0,1605004000,875134000.0,83352000.0,0.0,24381149000,777749000.0,146280000.0,4390139000,0.15336725844757843,4243859000,0.14825704153514996,0.0,5462002000.0,0.1908122436157922,2220504000.0,2715626000,0.09486900405407747,0.7474,0.7445,3633619939,3647730651,https://www1.hkexnews.hk/search/titlesearch.xhtml,https://www1.hkexnews.hk/search/titlesearch.xhtml,1620584540,14:22:20,20210509
8,2012-12-31,0119.HK,HKD,2012-12-31,2012-12-31,FY,20695429000,14408157000,6287272000,0.3038000323646347,0.0,1367918000,619864000.0,39024000.0,0.0,16363618000,417965000.0,139235000.0,4471046000,0.2160402666695143,4331811000,0.20931245252272856,0.0,4581210000.0,0.22136337449201948,1538500000.0,2629820000,0.1270725047545523,0.7288,0.7264,3608437046,3620502319,https://www1.hkexnews.hk/search/titlesearch.xhtml,https://www1.hkexnews.hk/search/titlesearch.xhtml,1620584540,14:22:20,20210509
9,2011-12-31,0119.HK,HKD,2011-12-31,2011-12-31,FY,14104913000,8531463000,5573450000,0.3951424585178228,0.0,1095399000,554399000.0,0.0,0.0,8823902000,440197000.0,130816000.0,5411827000,0.3836838270466468,5281011000,0.374409328153956,0.0,5001371000.0,0.3545836121073558,1778964000.0,2777119000,0.19689018996430535,0.7696,0.7663,3608437046,3624093275,https://www1.hkexnews.hk/search/titlesearch.xhtml,https://www1.hkexnews.hk/search/titlesearch.xhtml,1620584540,14:22:20,20210509
10,2010-12-31,0119.HK,HKD,2010-12-31,2010-12-31,FY,8514136000,5030365000,3483771000,0.409174929787356,0.0,763814000,306980000.0,-352349000.0,0.0,5571107000,257316000.0,92102000.0,3035131000,0.3564813857800721,2943029000,0.3456638465723357,0.0,3185845000.0,0.37418300576828933,1049392000.0,1838367000,0.21591938395158358,0.5583,0.552,3292564487,3330175069,https://www1.hkexnews.hk/search/titlesearch.xhtml,https://www1.hkexnews.hk/search/titlesearch.xhtml,1620584540,14:22:20,20210509
11,2009-12-31,0119.HK,HKD,2009-12-31,2009-12-31,FY,7196898000,5518651000,1678247000,0.233190327277113,0.0,509033000,243521000.0,0.0,0.0,6195442000,86327000.0,72775000.0,1074231000,0.1492630575006065,1001456000,0.1391510620270011,0.0,1130287000.0,0.1570519687787711,314127000.0,662114000,0.09199991440756837,0.3,0.2967,2206752580,2231915475,https://www1.hkexnews.hk/search/titlesearch.xhtml,https://www1.hkexnews.hk/search/titlesearch.xhtml,1620584540,14:22:20,20210509
12,2008-12-31,0119.HK,HKD,2008-12-31,2008-12-31,FY,3324368000,2520748000,803620000,0.24173617361254832,0.0,385426000,169838000.0,-426211000.0,0.0,3009988000,75831000.0,67262000.0,381642000,0.11480136976411758,314380000,0.09456835103694898,0.0,349104000.0,0.10501364469878184,74590000.0,222994000,0.06707861464194097,0.1222,0.1207,1825039971,1847534231,https://www1.hkexnews.hk/search/titlesearch.xhtml,https://www1.hkexnews.hk/search/titlesearch.xhtml,1620584540,14:22:20,20210509
13,2007-12-31,0119.HK,HKD,2007-12-31,2007-12-31,FY,973860000,653523000,320337000,0.32893537058714806,0.0,283452000,0.0,76983000.0,0.0,667019000,0.0,94696000.0,401537000,0.4123149117943031,306841000,0.3150771158072002,0.0,383824000.0,0.3941264658164418,165134000.0,426554000,0.4380034091142464,0.259,0.2519,1548790810,1592623015,https://www1.hkexnews.hk/search/titlesearch.xhtml,https://www1.hkexnews.hk/search/titlesearch.xhtml,1620584540,14:22:20,20210509
14,2006-12-31,0119.HK,HKD,2006-12-31,2006-12-31,FY,946736000,605978000,340758000,0.3599292727856551,0.0,282171000,0.0,155132000.0,0.0,888149000,0.0,10457000.0,69044000,0.07292846157746193,58587000,0.061883143769752076,0.0,213719000.0,0.2257429737540349,38016000.0,175703000,0.18558816819049873,0.1788,0.1754,1059211409,1079743444,https://www1.hkexnews.hk/search/titlesearch.xhtml,https://www1.hkexnews.hk/search/titlesearch.xhtml,1620584540,14:22:20,20210509
15,2005-12-31,0119.HK,HKD,2005-12-31,2005-12-31,FY,714092000,464357000,249735000,0.34972384510679294,0.0,193340000,0.0,79644000.0,0.0,657697000,0.0,15385000.0,71780000,0.10051926082353534,56395000,0.07897441786212421,0.0,136039000.0,0.19050626529914913,29884000.0,181926000,0.2547654924015393,0.1839,0.1822,895057096,903408342,https://www1.hkexnews.hk/search/titlesearch.xhtml,https://www1.hkexnews.hk/search/titlesearch.xhtml,1620584540,14:22:20,20210509
16,2004-12-31,0119.HK,HKD,2004-12-31,2004-12-31,FY,567190000,275302000,291888000,0.514621202771558,0.0,162236000,0.0,15765000.0,0.0,422584000,0.0,14954000.0,159560000,0.2813166663728204,144606000,0.25495160351910295,0.0,198602000.0,0.35015074313722033,9271000.0,164997000,0.29090251943793083,0.1861,0.1835,886603976,899166213,https://www1.hkexnews.hk/search/titlesearch.xhtml,https://www1.hkexnews.hk/search/titlesearch.xhtml,1620584540,14:22:20,20210509
17,2003-12-31,0119.HK,HKD,2003-12-31,2003-12-31,FY,473590000,308551000,165039000,0.34848497645642856,0.0,128493000,0.0,23653000.0,0.0,422489000,0.0,15353000.0,66454000,0.1403196858041766,51101000,0.10790134926835449,0.0,92062000.0,0.19439177347494668,5626000.0,71247000,0.15044025422834098,0.0882,0.0882,807789116,807789116,https://www1.hkexnews.hk/search/titlesearch.xhtml,https://www1.hkexnews.hk/search/titlesearch.xhtml,1620584540,14:22:20,20210509
18,2002-12-31,0119.HK,HKD,2002-12-31,2002-12-31,FY,441051000,264542000,176509000,0.4002008837980188,0.0,141907000,0.0,-88504000.0,0.0,396462000,0.0,19921000.0,64510000,0.1462642642234118,44589000,0.10109715203003734,0.0,-110740000.0,-0.2510820744086285,5682000.0,-128994000,-0.2924695783480822,-0.159741,-0.159741,807522200,807522200,https://www1.hkexnews.hk/search/titlesearch.xhtml,https://www1.hkexnews.hk/search/titlesearch.xhtml,1620584540,14:22:20,20210509
19,2001-12-31,0119.HK,HKD,2001-12-31,2001-12-31,FY,341976000,158766000,183210000,0.5357393501298336,0.0,132218000,0.0,-36017000.0,0.0,281779000,0.0,20701000.0,80898000,0.2365604603831848,60197000,0.17602697265305167,0.0,-848000.0,-0.0024797061782113367,1919000.0,-14825000,-0.04335099539148946,-0.018358628406748446,-0.018358628406748446,807522200,807522200,https://www1.hkexnews.hk/search/titlesearch.xhtml,https://www1.hkexnews.hk/search/titlesearch.xhtml,1620584540,14:22:20,20210509
