,date,symbol,reportedCurrency,fillingDate,acceptedDate,period,revenue,costOfRevenue,grossProfit,grossProfitRatio,researchAndDevelopmentExpenses,generalAndAdministrativeExpenses,sellingAndMarketingExpenses,otherExpenses,operatingExpenses,costAndExpenses,interestExpense,depreciationAndAmortization,ebitda,ebitdaratio,operatingIncome,operatingIncomeRatio,totalOtherIncomeExpensesNet,incomeBeforeTax,incomeBeforeTaxRatio,incomeTaxExpense,netIncome,netIncomeRatio,eps,epsdiluted,weightedAverageShsOut,weightedAverageShsOutDil,link,finalLink,timestamp,est_time,est_date
0,2020-12-31,0845.HK,CNY,2020-12-31,2020-12-31,FY,2807674000,1658792000,1148882000,0.4091935174810181,0.0,407712000,129358000,32016000.0,0.0,2648002000,1581192000.0,0.0,2201522000,0.7841088388466753,159672000,0.2209408927104785,0.0,620330000,0.2209408927104785,553241000,81003000,0.028850571683179744,0.01,0.01,7792646000,7792646000,https://www1.hkexnews.hk/search/titlesearch.xhtml,https://www1.hkexnews.hk/search/titlesearch.xhtml,1620584940,14:29:00,20210509
1,2019-12-31,0845.HK,CNY,2019-12-31,2019-12-31,FY,5806661000,5684774000,121887000,0.02099089304507358,0.0,552165000,133834000,38672000.0,0.0,6373386000,1892111000.0,7192000.0,-559533000,-0.09636054179846215,-566725000,-0.09759911935620144,0.0,-572908000,-0.09866393095791195,419375000,-957065000,-0.16482191744963243,-0.12,-0.12,7792646000,7792646000,https://www1.hkexnews.hk/search/titlesearch.xhtml,https://www1.hkexnews.hk/search/titlesearch.xhtml,1620584940,14:29:00,20210509
2,2018-12-31,0845.HK,CNY,2018-12-31,2018-12-31,FY,10091039000,4761775000,5329264000,0.5281184623307867,0.0,459379000,220653000,47558000.0,0.0,5127682000,486189000.0,3607000.0,4966964000,0.4922153209396971,4963357000,0.4918578750909594,0.0,3988130000,0.39521500214199945,3597755000,525290000,0.05205509561503033,0.07,0.07,7792646000,7792646000,https://www1.hkexnews.hk/search/titlesearch.xhtml,https://www1.hkexnews.hk/search/titlesearch.xhtml,1620584940,14:29:00,20210509
3,2017-12-31,0845.HK,CNY,2017-12-31,2017-12-31,FY,3465550000,3933897000,-468347000,-0.13514362799555626,0.0,450004000,146528000,51653000.0,0.0,4530429000,1434684000.0,4197000.0,-1060682000,-0.3060645496385855,-1064879000,-0.3072756128175903,0.0,-2012515000,-0.580720231997807,713841000,-2608618000,-0.7527284269452179,-0.33,-0.33,7792646000,7792646000,https://www1.hkexnews.hk/search/titlesearch.xhtml,https://www1.hkexnews.hk/search/titlesearch.xhtml,1620584940,14:29:00,20210509
4,2016-12-31,0845.HK,CNY,2016-12-31,2016-12-31,FY,2572542000,3891669000,-1319127000,-0.5127718031425726,0.0,451412000,99434000,37540000.0,0.0,4442515000,1097061000.0,8091000.0,-1861882000,-0.7237518376765083,-1869973000,-0.7268969758316871,0.0,-4849595000,-1.885137346640016,-120448000,-4021011000,-1.563049699480125,-0.52,-0.52,7792646000,7792646000,https://www1.hkexnews.hk/search/titlesearch.xhtml,https://www1.hkexnews.hk/search/titlesearch.xhtml,1620584940,14:29:00,20210509
5,2015-12-31,0845.HK,CNY,2015-12-31,2015-12-31,FY,2340198000,4321044000,-1980846000,-0.8464437624508695,0.0,529751000,99603000,38151000.0,0.0,4950398000,1320638000.0,14005000.0,-2596195000,-1.1093911711744049,-2610200000,-1.1153757075256026,0.0,-3888013000,-1.6614034368032107,85326000,-3877922000,-1.6570914085047506,-0.5,-0.5,7792646000,7792646000,https://www1.hkexnews.hk/search/titlesearch.xhtml,https://www1.hkexnews.hk/search/titlesearch.xhtml,1620584940,14:29:00,20210509
6,2014-12-31,0845.HK,CNY,2014-12-31,2014-12-31,FY,4263341000,5219106000,-955765000,-0.22418216136124228,0.0,1297265000,137245000,39118000.0,0.0,6653616000,140828000.0,19363000.0,-2370912000,-0.5561159663278166,-2390275000,-0.5606577095287475,0.0,-2635569000,-0.6181933371034595,530838000,-2995989000,-0.7027326690499306,-0.38,-0.38,7792646000,7792646000,https://www1.hkexnews.hk/search/titlesearch.xhtml,https://www1.hkexnews.hk/search/titlesearch.xhtml,1620584940,14:29:00,20210509
7,2013-12-31,0845.HK,CNY,2013-12-31,2013-12-31,FY,8217194000,7166239000,1050955000,0.12789706559197703,0.0,471108000,269759000,31953000.0,0.0,7907106000,2548000.0,20814000.0,330902000,0.0402694642477712,310088000,0.03773648279449165,0.0,697814000,0.08492120302867377,409284000,292074000,0.035544250263532785,0.04,0.04,7792646000,7792646000,https://www1.hkexnews.hk/search/titlesearch.xhtml,https://www1.hkexnews.hk/search/titlesearch.xhtml,1620584940,14:29:00,20210509
8,2012-12-31,0845.HK,CNY,2012-12-31,2012-12-31,FY,8384740000,6463366000,1921374000,0.22915129151291513,0.0,405582000,235457000,40264000.0,0.0,7104405000,8326000.0,28439000.0,1308774000,0.15608999205699878,1280335000,0.15269823512714764,0.0,1869043000,0.22291007234571375,790855000,1081631000,0.12899994513843005,0.14,0.14,7792646000,7792646000,https://www1.hkexnews.hk/search/titlesearch.xhtml,https://www1.hkexnews.hk/search/titlesearch.xhtml,1620584940,14:29:00,20210509
9,2011-12-31,0845.HK,CNY,2011-12-31,2011-12-31,FY,9585443000,5788246000,3797197000,0.3961420458084201,0.0,435957000,240998000,0.0,0.0,5558087000,2526000.0,22877000.0,4050233000,0.4225399911094354,4027356000,0.42015335128485976,0.0,4021025000,0.41949287059554785,1811944000,2215654000,0.2311477935865875,0.2843262737714507,0.2841432659648754,7792646000,7797665000,https://www1.hkexnews.hk/search/titlesearch.xhtml,https://www1.hkexnews.hk/search/titlesearch.xhtml,1620584940,14:29:00,20210509
10,2010-12-31,0845.HK,CNY,2010-12-31,2010-12-31,FY,7114025000,3694934000,3419091000,0.48061273329795723,0.0,421057000,197133000,0.0,0.0,1099307000,3750000.0,14428000.0,6029146000,0.8475013793176156,6014718000,0.8454732728659233,0.0,5962229000,0.8380950305909804,2353451000,3608552000,0.5072447735283472,0.46307146507104263,0.4614585665795767,7792646000,7819883000,https://www1.hkexnews.hk/search/titlesearch.xhtml,https://www1.hkexnews.hk/search/titlesearch.xhtml,1620584940,14:29:00,20210509
11,2009-12-31,0845.HK,CNY,2009-12-31,2009-12-31,FY,6171127000,3201760000,2969367000,0.4811709433301243,0.0,351397000,151333000,0.0,0.0,2458307000,27068000.0,17835000.0,3730655000,0.6045338234004907,3712820000,0.6016437516194367,0.0,3685752000,0.5972575187644007,1319608000,2366144000,0.3834216991483079,0.3815308388281879,0.380878242761138,6201711000,6212337000,https://www1.hkexnews.hk/search/titlesearch.xhtml,https://www1.hkexnews.hk/search/titlesearch.xhtml,1620584940,14:29:00,20210509
12,2008-12-31,0845.HK,CNY,2008-12-31,2008-12-31,FY,3948959000,2293339000,1655620000,0.4192547960107968,0.0,214818000,150494000,0.0,0.0,1811683000,54479000.0,9987000.0,2147263000,0.5437541893952305,2137276000,0.5412251684557879,0.0,2082797000,0.527429380755789,827806000,1254991000,0.3178029956755692,0.22,0.22,5625000000,5625000000,https://www1.hkexnews.hk/search/titlesearch.xhtml,https://www1.hkexnews.hk/search/titlesearch.xhtml,1620584940,14:29:00,20210509
