,date,symbol,reportedCurrency,fillingDate,acceptedDate,period,revenue,costOfRevenue,grossProfit,grossProfitRatio,researchAndDevelopmentExpenses,generalAndAdministrativeExpenses,sellingAndMarketingExpenses,otherExpenses,operatingExpenses,costAndExpenses,interestExpense,depreciationAndAmortization,ebitda,ebitdaratio,operatingIncome,operatingIncomeRatio,totalOtherIncomeExpensesNet,incomeBeforeTax,incomeBeforeTaxRatio,incomeTaxExpense,netIncome,netIncomeRatio,eps,epsdiluted,weightedAverageShsOut,weightedAverageShsOutDil,link,finalLink,timestamp,est_time,est_date
0,2020-12-31,0081.HK,CNY,2020-12-31,2020-12-31,FY,42909060000.0,31267644000.0,11641416000.0,0.2713043818718005,0.0,1069885000.0,1368847000.0,381381000.0,0.0,33734221000.0,43125000.0,94405000.0,9269244000.0,0.21602067255726412,9174839000.0,0.21382055444700956,0.0,9539835000.0,0.222326823286271,4935694000.0,4374765000.0,0.10195434250948401,1.278,1.278,3423360000,3423360000,https://www1.hkexnews.hk/search/titlesearch.xhtml,https://www1.hkexnews.hk/search/titlesearch.xhtml,1620584513,14:21:53,20210509
1,2019-12-31,0081.HK,CNY,2019-12-31,2019-12-31,FY,28590883000.0,19063036000.0,9527847000.0,0.33324773495103316,0.0,793301000.0,1147953000.0,53750000.0,0.0,21036207000.0,33843000.0,80375000.0,7635051000.0,0.26704495275644335,7554676000.0,0.26423374192395527,0.0,8295572000.0,0.29014745714569223,4798611000.0,3329681000.0,0.11645953711887808,0.973,0.973,3423360000,3423360000,https://www1.hkexnews.hk/search/titlesearch.xhtml,https://www1.hkexnews.hk/search/titlesearch.xhtml,1620584513,14:21:53,20210509
2,2018-12-31,0081.HK,HKD,2018-12-31,2018-12-31,FY,22458147705.54237,15925915589.263805,6532232116.278565,0.2908624612290041,0.0,634305318.305486,738734323.727716,37711425.624029,0.0,17439769496.09132,81033149.272844,48152130.526762,5066530339.977811,0.22559876292591394,5018378209.451049,0.2234546800229914,0.0,5570382177.11428,0.2480339095703598,3373393686.235808,2131813128.25803,0.09492381812645782,0.642005,0.642005,3322354000,3322354000,https://www1.hkexnews.hk/search/titlesearch.xhtml,https://www1.hkexnews.hk/search/titlesearch.xhtml,1620584513,14:21:53,20210509
3,2017-12-31,0081.HK,HKD,2017-12-31,2017-12-31,FY,16944299065.466888,13544624992.719929,3399674072.74696,0.20063822407830503,0.0,509828945.1575619,564671508.756436,17115739.733602,0.0,14625562963.545885,27157229.963484,45797117.003344,2364533218.924346,0.13954742003718246,2318736101.921002,0.13684461617221289,0.0,2659027891.862523,0.15692758263938583,1604714033.68569,1062389164.95736,0.06269891488887544,0.453176,0.453176,2343970027,2343970027,https://www1.hkexnews.hk/search/titlesearch.xhtml,https://www1.hkexnews.hk/search/titlesearch.xhtml,1620584513,14:21:53,20210509
4,2016-12-31,0081.HK,HKD,2016-12-31,2016-12-31,FY,15305565374.200188,12677556260.009748,2628009114.190439,0.1717028446802978,0.0,372857635.18479794,497394823.480259,30619216.241518,0.0,13557503251.785315,16520193.579834,11910656.63951,1759972779.054384,0.11498907332237988,1748062122.414874,0.11421088209923257,0.0,1893376252.272745,0.12370508413000625,1056572484.73876,806080684.492723,0.05266585485639702,0.343498,0.343498,2343970027,2343970027,https://www1.hkexnews.hk/search/titlesearch.xhtml,https://www1.hkexnews.hk/search/titlesearch.xhtml,1620584513,14:21:53,20210509
5,2015-12-31,0081.HK,HKD,2015-12-31,2015-12-31,FY,13912132527.447779,11735264221.501598,2176868305.94618,0.15647265447273112,0.0,435264131.91805494,365002946.69102,11226750.296032,0.0,12537484907.065296,22826134.580408,15027616.977146,1389675237.359627,0.09988944790583927,1374647620.382481,0.09880926721121915,0.0,1440906967.788622,0.10357196964202299,668977657.268457,712774292.905293,0.051234006828143226,0.304117,0.297594,2343970027,2403251238,https://www1.hkexnews.hk/search/titlesearch.xhtml,https://www1.hkexnews.hk/search/titlesearch.xhtml,1620584513,14:21:53,20210509
6,2014-12-31,0081.HK,HKD,2014-12-31,2014-12-31,FY,11180033890.893152,8490133343.164869,2689900547.728283,0.24059860408110012,0.0,356204587.78319895,270710241.074594,9575693.084623,0.0,9117599124.217676,17843174.571213,13597884.000335,2076032650.675811,0.18569108742746043,2062434766.675476,0.18447482242030233,0.0,2133819459.565444,0.19085983820707159,977555519.147647,1013465767.58558,0.0906496149721972,0.432113,0.393962,2343970027,2614440037,https://www1.hkexnews.hk/search/titlesearch.xhtml,https://www1.hkexnews.hk/search/titlesearch.xhtml,1620584513,14:21:53,20210509
7,2013-12-31,0081.HK,HKD,2013-12-31,2013-12-31,FY,12428973959.850689,8324652381.82205,4104321578.028638,0.33022207555401006,0.0,326235802.68581903,199227493.910812,7540576.232504,0.0,8850623592.879938,15221805.700434,12989326.291494,3591339693.2622437,0.2889490077671212,3578350366.97075,0.28790392340750687,0.0,4019398280.106504,0.32338938781997334,1376170009.162471,2450521617.308895,0.19716202039080735,1.045378,0.940383,2343970027,2614440037,https://www1.hkexnews.hk/search/titlesearch.xhtml,https://www1.hkexnews.hk/search/titlesearch.xhtml,1620584513,14:21:53,20210509
8,2012-12-31,0081.HK,HKD,2012-12-31,2012-12-31,FY,7823984199.132088,4652996982.268955,3170987216.863134,0.40529059570632703,0.0,282830581.37446904,171662376.274842,4489757.732903,0.0,5108463418.594571,6916610.280781,9506917.064632,2725027697.602149,0.34829156453363436,2715520780.537517,0.34707646531785546,0.0,3067996554.721786,0.39212714093442547,1066576733.800829,1933042002.334899,0.24706619455460183,0.824755,0.762036,2343970027,2555321100,https://www1.hkexnews.hk/search/titlesearch.xhtml,https://www1.hkexnews.hk/search/titlesearch.xhtml,1620584513,14:21:53,20210509
9,2011-12-31,0081.HK,HKD,2011-12-31,2011-12-31,FY,4180762867.48136,1756353880.525902,2424408986.955458,0.5798963164863756,0.0,163438973.949547,106242131.424083,0.0,0.0,1423647960.261148,27110066.703581,7237012.761245,2764351919.9814568,0.6612075373810428,2757114907.220212,0.6594765105348336,0.0,2736138738.941757,0.6544592041380487,1275448636.310957,1469268981.54706,0.35143561788095384,0.656678,0.629886,2236607051,2343969513,https://www1.hkexnews.hk/search/titlesearch.xhtml,https://www1.hkexnews.hk/search/titlesearch.xhtml,1620584513,14:21:53,20210509
10,2010-12-31,0081.HK,HKD,2010-12-31,2010-12-31,FY,2993783745.746662,1661779939.021241,1332003806.725421,0.44492318746062726,0.0,149174315.555893,58259805.188681,0.0,0.0,1286305797.980395,16908996.149156,10228404.404121,1717706352.170388,0.5737576585519155,1707477947.766267,0.5703411110412101,0.0,1692370555.259029,0.5652948572733147,733625104.584393,853179488.173143,0.28498367304761907,0.515939,0.507826,1653520576,1653520576,https://www1.hkexnews.hk/search/titlesearch.xhtml,https://www1.hkexnews.hk/search/titlesearch.xhtml,1620584513,14:21:53,20210509
11,2009-12-31,0081.HK,HKD,2009-12-31,2009-12-31,FY,2384189798.837413,1935404538.677674,448785260.15974,0.18823386476134502,0.0,383149525.50702,66921190.635348,0.0,0.0,2352503308.865627,31516563.256275,29708120.387563,61394610.359349,0.025750722693841932,31686489.971786,0.013290254822513324,0.0,34400034.724156,0.014428396070199724,370863735.930585,-246273115.9376,-0.1032942578890693,-0.203457,-0.203457,1210369648,1210369648,https://www1.hkexnews.hk/search/titlesearch.xhtml,https://www1.hkexnews.hk/search/titlesearch.xhtml,1620584513,14:21:53,20210509
12,2008-12-31,0081.HK,HKD,2008-12-31,2008-12-31,FY,2203578636.008919,1463655518.673356,739923117.335563,0.33578248819642675,0.0,264516747.14325503,64447643.394649,0.0,0.0,1849491692.238016,64372800.515608,23685569.955407,377772513.72631,0.17143591227156052,354086943.770903,0.16068722848585007,0.0,467480949.554069,0.2121462524254464,401966134.754738,20747326.574693,0.009415287585230078,0.01707,0.014517,1214321216,1429153466,https://www1.hkexnews.hk/search/titlesearch.xhtml,https://www1.hkexnews.hk/search/titlesearch.xhtml,1620584513,14:21:53,20210509
13,2007-12-31,0081.HK,HKD,2007-12-31,2007-12-31,FY,3327527951.27944,2648846323.480304,678681627.799137,0.20395970754751522,0.0,213019008.389395,60936714.547688,0.0,0.0,2989018543.943657,0.0,22115882.99474,360625290.330524,0.10837633691156914,338509407.335784,0.10172999664980323,0.0,694476947.316855,0.20870657060891928,186222891.938127,508254055.378728,0.1527422347221166,0.335094,0.334649,1214301924,1215920012,https://www1.hkexnews.hk/search/titlesearch.xhtml,https://www1.hkexnews.hk/search/titlesearch.xhtml,1620584513,14:21:53,20210509
14,2006-12-31,0081.HK,HKD,2006-12-31,2006-12-31,FY,1557256959.107568,1230541057.352279,326715901.755288,0.2098021780185347,0.0,188923804.089244,39023095.865749,0.0,0.0,1501470717.224973,0.0,18585052.722947,74371294.605542,0.04775788232673089,55786241.882595,0.03582340188389009,0.0,172960813.026426,0.1110676128399171,86332508.197775,86628304.82865,0.055628780030172346,0.240385,0.240385,1214321216,1214321216,https://www1.hkexnews.hk/search/titlesearch.xhtml,https://www1.hkexnews.hk/search/titlesearch.xhtml,1620584513,14:21:53,20210509
15,2005-12-31,0081.HK,HKD,2005-12-31,2005-12-31,FY,1372128590.510572,1125635974.922641,246492615.587932,0.17964250383866104,0.0,162762842.573491,39707546.544611,0.0,0.0,1392131217.637958,0.0,20819761.926251,817134.798866,0.0005955234841086887,-20002627.127385,-0.014577807988055975,0.0,172270752.449716,0.12555000576557748,7870517.470346,177938649.239299,0.12968073872222693,0.285588,0.285588,1156549766,1156549766,https://www1.hkexnews.hk/search/titlesearch.xhtml,https://www1.hkexnews.hk/search/titlesearch.xhtml,1620584513,14:21:53,20210509
16,2004-12-31,0081.HK,HKD,2004-12-31,2004-12-31,FY,2185456487.687918,2014526227.662513,170930260.025405,0.07821261186775626,0.0,117663576.256659,0.0,0.0,0.0,2537955002.767049,0.0,45209081.725764,-307289433.35336703,-0.140606520918868,-352498515.079131,-0.16129285440592472,0.0,151734991.480062,0.0694294269114406,20004970.720758,131730020.759304,0.06027574628066215,0.143153,0.143153,1026177242,1026177242,https://www1.hkexnews.hk/search/titlesearch.xhtml,https://www1.hkexnews.hk/search/titlesearch.xhtml,1620584513,14:21:53,20210509
17,2003-12-31,0081.HK,HKD,2003-12-31,2003-12-31,FY,2132903254.999369,1740030242.878008,392873012.12136,0.1841963582738666,0.0,89683388.023926,0.0,0.0,0.0,2026232769.404352,0.0,48346908.879209,155017394.474226,0.07267905570066367,106670485.595017,0.05001187247709862,0.0,84470613.731617,0.03960358423834934,9339065.253903,75131548.477714,0.035225014684379684,0.091357,0.091357,1024935549,1024935549,https://www1.hkexnews.hk/search/titlesearch.xhtml,https://www1.hkexnews.hk/search/titlesearch.xhtml,1620584513,14:21:53,20210509
18,2002-12-31,0081.HK,HKD,2002-12-31,2002-12-31,FY,1483851605.24133,1209245705.404016,274605899.837314,0.1850629125360907,0.0,98609239.560992,0.0,0.0,0.0,1529674263.345944,0.0,77418196.969095,31595538.86448101,0.021292923600229142,-45822658.104614,-0.030880889937212767,0.0,-49215474.769592,-0.03316738317750293,11284272.63019,-60499747.399783,-0.04077210092039053,-0.055155,-0.055155,1163356340,1163356340,https://www1.hkexnews.hk/search/titlesearch.xhtml,https://www1.hkexnews.hk/search/titlesearch.xhtml,1620584513,14:21:53,20210509
19,2001-12-31,0081.HK,HKD,2001-12-31,2001-12-31,FY,2347530920.878786,2109700521.789519,237830399.089267,0.10131086963499351,0.0,95825580.47052,0.0,0.0,0.0,2219849795.261983,0.0,79565105.981685,207246231.59848702,0.08828264188354353,127681125.616802,0.0543895394438533,0.0,6136148.250518,0.0026138732384495982,181473.772196,5954674.478322,0.002536569135410109,0.029438,0.029438,1180231969,1180231969,https://www1.hkexnews.hk/search/titlesearch.xhtml,https://www1.hkexnews.hk/search/titlesearch.xhtml,1620584513,14:21:53,20210509
20,2000-12-31,0081.HK,HKD,2000-12-31,2000-12-31,FY,2828472471.74674,2701775846.751548,126696624.995192,0.04479330319129808,0.0,92609805.439089,0.0,0.0,0.0,2849826026.079932,0.0,32616536.600377,11262982.267185003,0.003982001726970842,-21353554.333192,-0.0075495004977032655,0.0,136816878.332115,0.04837129570775809,7686389.121822,129130489.210293,0.04565379034095662,0.118397,0.118075,1208531281,1211817885,https://www1.hkexnews.hk/search/titlesearch.xhtml,https://www1.hkexnews.hk/search/titlesearch.xhtml,1620584513,14:21:53,20210509
21,1999-12-31,0081.HK,HKD,1999-12-31,1999-12-31,FY,1379081357.21368,1293642221.288865,85439135.924815,0.0619536588453619,0.0,84516154.367482,0.0,0.0,0.0,1461357657.836494,0.0,30169893.119719,-52106407.503096,-0.0377834180924414,-82276300.622815,-0.05966022250423823,0.0,80494211.664367,0.058367993478643576,2763621.825645,77730589.838722,0.056364034965834246,0.067259,0.067259,1221889909,1221889909,https://www1.hkexnews.hk/search/titlesearch.xhtml,https://www1.hkexnews.hk/search/titlesearch.xhtml,1620584513,14:21:53,20210509
