,date,symbol,reportedCurrency,fillingDate,acceptedDate,period,revenue,costOfRevenue,grossProfit,grossProfitRatio,researchAndDevelopmentExpenses,generalAndAdministrativeExpenses,sellingAndMarketingExpenses,otherExpenses,operatingExpenses,costAndExpenses,interestExpense,depreciationAndAmortization,ebitda,ebitdaratio,operatingIncome,operatingIncomeRatio,totalOtherIncomeExpensesNet,incomeBeforeTax,incomeBeforeTaxRatio,incomeTaxExpense,netIncome,netIncomeRatio,eps,epsdiluted,weightedAverageShsOut,weightedAverageShsOutDil,link,finalLink,timestamp,est_time,est_date
0,2021-02-28,BOO.L,GBP,2021-02-28,2021-02-28,FY,1745300000,800100000,945200000,0.5415687847361486,0.0,394600000,422000000,1000000.0,0.0,1622200000,300000.0,5500000.0,128600000.0,0.07368360740273878,123100000.0,0.0714490345499341,0.0,124700000.0,0.0714490345499341,31300000.0,90700000.0,0.05196814301266258,0.0743,0.0725,1220700000,1252100000,https://find-and-update.company-information.service.gov.uk/search/companies?q=Boohoo+Group+PLC,https://find-and-update.company-information.service.gov.uk/search/companies?q=Boohoo+Group+PLC,1620589578,15:46:18,20210509
1,2020-02-29,BOO.L,GBP,2020-02-29,2020-02-29,FY,1234876000,568640000,666236000,0.5395165182577036,0.0,292206000,278252000,238000.0,575578000.0,1144218000,390000.0,5120000.0,95778000.0,0.07756082392078233,90658000.0,0.07341465863779036,0.0,92222000.0,0.07468118256407931,19339000.0,63669000.0,0.05155902293023753,0.0548,0.0535,1161374887,1189116024,https://find-and-update.company-information.service.gov.uk/search/companies?q=Boohoo+Group+PLC,https://find-and-update.company-information.service.gov.uk/search/companies?q=Boohoo+Group+PLC,1620589578,15:46:18,20210509
2,2019-02-28,BOO.L,GBP,2019-02-28,2019-02-28,FY,856920000,387926000,468994000,0.5473019651776129,0.0,198516000,207083000,239000.0,410048000.0,797974000,144000.0,4449000.0,63395000.0,0.07398006815105261,58946000.0,0.06878821827008355,0.0,59856000.0,0.06985016104187089,12397000.0,37772000.0,0.044078793819726465,0.0327,0.0322,1154130568,1174434862,https://find-and-update.company-information.service.gov.uk/search/companies?q=Boohoo+Group+PLC,https://find-and-update.company-information.service.gov.uk/search/companies?q=Boohoo+Group+PLC,1620589578,15:46:18,20210509
3,2018-02-28,BOO.L,GBP,2018-02-28,2018-02-28,FY,579800000,273445000,306355000,0.528380476026216,0.0,132623000,126757000,159000.0,263829000.0,537274000,146000.0,4449000.0,46975000.0,0.0810193170058641,42526000.0,0.0733459813728872,0.0,43313000.0,0.07470334598137289,7313000.0,31652000.0,0.0545912383580545,0.0278,0.0271,1138722751,1165831590,https://find-and-update.company-information.service.gov.uk/search/companies?q=Boohoo+Group+PLC,https://find-and-update.company-information.service.gov.uk/search/companies?q=Boohoo+Group+PLC,1620589578,15:46:18,20210509
4,2017-02-28,BOO.L,GBP,2017-02-28,2017-02-28,FY,294635000,133806000,160829000,0.5458584350128125,0.0,68534000,66849000,0.0,130521000.0,264327000,0.0,4765000.0,35073000.0,0.11903881073192255,30308000.0,0.1028662582517352,0.0,30945000.0,0.10502825529892919,6284000.0,24458000.0,0.08301118332852513,0.0219,0.0216,1118177098,1134446158,https://find-and-update.company-information.service.gov.uk/search/companies?q=Boohoo+Group+PLC,https://find-and-update.company-information.service.gov.uk/search/companies?q=Boohoo+Group+PLC,1620589578,15:46:18,20210509
5,2016-02-29,BOO.L,GBP,2016-02-29,2016-02-29,FY,195394000,82483000,112911000,0.5778631892483904,0.0,53756000,45501000,0.0,97865000.0,180348000,0.0,3058000.0,18104000.0,0.09265381741506903,15046000.0,0.07700338802624442,0.0,15674000.0,0.08021740688045692,3236000.0,12438000.0,0.0636559976253109,0.0111,0.011,1118429548,1130191306,https://find-and-update.company-information.service.gov.uk/search/companies?q=Boohoo+Group+PLC,https://find-and-update.company-information.service.gov.uk/search/companies?q=Boohoo+Group+PLC,1620589578,15:46:18,20210509
6,2015-02-28,BOO.L,GBP,2015-02-28,2015-02-28,FY,139851000,54806000,85045000,0.6081114900858771,0.0,42560000,30653000,0.0,73213000.0,128019000,0.0,2002000.0,13834000.0,0.09891956439353312,11832000.0,0.08460432889289315,0.0,11068000.0,0.07914137188865292,2663000.0,8405000.0,0.06009967751392554,0.0075,0.0074,1119632278,1133841812,https://find-and-update.company-information.service.gov.uk/search/companies?q=Boohoo+Group+PLC,https://find-and-update.company-information.service.gov.uk/search/companies?q=Boohoo+Group+PLC,1620589578,15:46:18,20210509
7,2014-02-28,BOO.L,GBP,2014-02-28,2014-02-28,FY,109791000,44879000,64912000,0.5912324325308996,0.0,30289000,24290000,0.0,54091000.0,98970000,84000.0,979000.0,11800000.0,0.1074769334462752,10821000.0,0.0985599912561139,0.0,10737000.0,0.09779490122141159,2310000.0,8427000.0,0.0767549252670984,0.007523,0.007523,1120210360,1120210360,https://find-and-update.company-information.service.gov.uk/search/companies?q=Boohoo+Group+PLC,https://find-and-update.company-information.service.gov.uk/search/companies?q=Boohoo+Group+PLC,1620589578,15:46:18,20210509
8,2013-02-28,BOO.L,GBP,2013-02-28,2013-02-28,FY,67282000,30619000,36663000,0.5449154305757855,0.0,19764000,13613000,0.0,33377000.0,63996000,102000.0,568000.0,3854000.0,0.05728129365952261,3286000.0,0.048839214054279004,0.0,3184000.0,0.0473232068012247,614000.0,2570000.0,0.03819743765048601,0.002294,0.002268,1120210360,1133054360,https://find-and-update.company-information.service.gov.uk/search/companies?q=Boohoo+Group+PLC,https://find-and-update.company-information.service.gov.uk/search/companies?q=Boohoo+Group+PLC,1620589578,15:46:18,20210509
