,date,symbol,reportedCurrency,fillingDate,acceptedDate,period,revenue,costOfRevenue,grossProfit,grossProfitRatio,researchAndDevelopmentExpenses,generalAndAdministrativeExpenses,sellingAndMarketingExpenses,otherExpenses,operatingExpenses,costAndExpenses,interestExpense,depreciationAndAmortization,ebitda,ebitdaratio,operatingIncome,operatingIncomeRatio,totalOtherIncomeExpensesNet,incomeBeforeTax,incomeBeforeTaxRatio,incomeTaxExpense,netIncome,netIncomeRatio,eps,epsdiluted,weightedAverageShsOut,weightedAverageShsOutDil,link,finalLink,timestamp,est_time,est_date
0,2020-03-31,CREDITACC.NS,INR,2020-03-31,2020-03-31,FY,16362400000,8135200000,8227200000,0.5028113235222217,0.0,422700000,0.0,11100000.0,1930900000,10066100000,0.0,203700000.0,6500000000,0.397252236835672,6296300000,0.3848029628905295,0.0,4616000000,0.2821102038820711,1261100000.0,3335500000,0.2038515132254437,23.2,23.0,143765813,144994437,https://www.nseindia.com/companies-listing/corporate-filings-annual-reports,https://www.nseindia.com/companies-listing/corporate-filings-annual-reports,1620590666,16:04:26,20210509
1,2019-03-31,CREDITACC.NS,INR,2019-03-31,2019-03-31,FY,12117400000,5762700000,6354700000,0.5244276825061481,0.0,219200000,0.0,21100000.0,1344500000,7107200000,0.0,77900000.0,5088100000,0.4199003086470695,5010200000,0.41347153679832305,0.0,4977400000,0.41076468549358774,1759800000.0,3217600000,0.2655355109181838,23.37,23.14,137706065,139018765,https://www.nseindia.com/companies-listing/corporate-filings-annual-reports,https://www.nseindia.com/companies-listing/corporate-filings-annual-reports,1620590666,16:04:26,20210509
2,2018-03-31,CREDITACC.NS,INR,2018-03-31,2018-03-31,FY,8567984569,4810385812,3757598757,0.43856273628169745,0.0,135962116,0.0,10141167.0,2005686069,6816071881,3447085090.0,51687481.0,1803600169,0.2105046005248005,1751912688,0.2044719704956789,0.0,1928587608,0.2250923297618745,682173829.0,1246413779,0.14547339213351004,12.26,12.11,101665072,102924342,https://www.nseindia.com/companies-listing/corporate-filings-annual-reports,https://www.nseindia.com/companies-listing/corporate-filings-annual-reports,1620590666,16:04:26,20210509
3,2017-03-31,CREDITACC.NS,INR,2017-03-31,2017-03-31,FY,6950260000,4205930000,2744330000,0.3948528544255898,0.0,104200000,0.0,7390000.0,1633970000,5839900000,3057380000.0,44330000.0,1154690000,0.1661362308748162,1110360000,0.1597580522167516,0.0,1242980000,0.17883935277241428,440000000.0,802980000,0.115532368573262,6.726709,6.693353,119371901,119966777,https://www.nseindia.com/companies-listing/corporate-filings-annual-reports,https://www.nseindia.com/companies-listing/corporate-filings-annual-reports,1620590666,16:04:26,20210509
4,2016-03-31,CREDITACC.NS,INR,2016-03-31,2016-03-31,FY,4460070000,2787480000,1672590000,0.3750142934976357,0.0,87100000,0.0,16960000.0,576950000,3364430000,1961560000.0,26060000.0,1121700000,0.25149829486981146,1095640000,0.2456553372480701,0.0,1295430000,0.29045059830899517,463020000.0,832410000,0.1866360841870195,6.973249,6.938671,119371901,119966777,https://www.nseindia.com/companies-listing/corporate-filings-annual-reports,https://www.nseindia.com/companies-listing/corporate-filings-annual-reports,1620590666,16:04:26,20210509
5,2015-03-31,CREDITACC.NS,INR,2015-03-31,2015-03-31,FY,2584350000,1725960000,858390000,0.33214928318532705,0.0,61120000,0.0,21180000.0,326890000,2052850000,1191960000.0,19230000.0,550730000,0.21310194052663145,531500000,0.20566099792984696,0.0,749180000,0.2898910751252733,261860000.0,487320000,0.18856579023739045,4.082368,4.062125,119371901,119966777,https://www.nseindia.com/companies-listing/corporate-filings-annual-reports,https://www.nseindia.com/companies-listing/corporate-filings-annual-reports,1620590666,16:04:26,20210509
6,2014-03-31,CREDITACC.NS,INR,2014-03-31,2014-03-31,FY,1358620000,1014120000,344500000,0.2535661185614815,0.0,38250000,0.0,6780000.0,204020000,1218140000,643520000.0,5270000.0,145750000,0.10727797323754987,140480000,0.10339903725839454,0.0,248000000,0.1825381637249562,81740000.0,166260000,0.12237417379399684,1.39279,1.385884,119371901,119966777,https://www.nseindia.com/companies-listing/corporate-filings-annual-reports,https://www.nseindia.com/companies-listing/corporate-filings-annual-reports,1620590666,16:04:26,20210509
7,2013-03-31,CREDITACC.NS,INR,2013-03-31,2013-03-31,FY,829430000,641390000,188040000,0.22670990921476195,0.0,37580000,0.0,3710000.0,162500000,803890000,364520000.0,6050000.0,31590000,0.038086396682058765,25540000,0.03079223080910987,0.0,75330000,0.09082140747260167,-3890000.0,79220000,0.09551137528182005,0.66364,0.660349,119371901,119966777,https://www.nseindia.com/companies-listing/corporate-filings-annual-reports,https://www.nseindia.com/companies-listing/corporate-filings-annual-reports,1620590666,16:04:26,20210509
