,date,symbol,reportedCurrency,fillingDate,acceptedDate,period,revenue,costOfRevenue,grossProfit,grossProfitRatio,researchAndDevelopmentExpenses,generalAndAdministrativeExpenses,sellingAndMarketingExpenses,otherExpenses,operatingExpenses,costAndExpenses,interestExpense,depreciationAndAmortization,ebitda,ebitdaratio,operatingIncome,operatingIncomeRatio,totalOtherIncomeExpensesNet,incomeBeforeTax,incomeBeforeTaxRatio,incomeTaxExpense,netIncome,netIncomeRatio,eps,epsdiluted,weightedAverageShsOut,weightedAverageShsOutDil,link,finalLink,timestamp,est_time,est_date
0,2020-09-27,MTOR,USD,2020-11-12,2020-11-12 16:39:50,FY,3044000000,2716000000,328000000,0.10775295663600526,0.0,0.0,0.0,46000000.0,-4000000.0,2712000000,66000000.0,101000000,433000000,0.14224704336399474,332000000,0.10709592641261498,60000000.0,326000000,0.10709592641261498,78000000.0,245000000,0.0804862023653088,3.31,3.24,74000000,75600000,https://www.sec.gov/Archives/edgar/data/1113256/000111325620000123/0001113256-20-000123-index.htm,https://www.sec.gov/Archives/edgar/data/1113256/000111325620000123/mtor-20200927.htm,1620595385,17:23:05,20210509
1,2019-09-30,MTOR,USD,2019-11-13 00:00:00,2019-11-13 17:02:33,FY,4388000000,3748000000,640000000,0.14585232452142205,0.0,281000000.0,0.0,40000000.0,263000000.0,4011000000,57000000.0,87000000,464000000,0.105742935278031,377000000,0.08591613491340018,57000000.0,377000000,0.08591613491340018,82000000.0,291000000,0.0663172288058341,3.574939,3.37,81400000,86300000,https://www.sec.gov/Archives/edgar/data/1113256/000111325619000096/0001113256-19-000096-index.html,https://www.sec.gov/Archives/edgar/data/1113256/000111325619000096/mtor-20190930x10k.htm,1620595385,17:23:05,20210509
2,2018-09-30,MTOR,USD,2018-11-16 00:00:00,2018-11-15 17:58:51,FY,4178000000,3524000000,654000000,0.1565342269028243,0.0,285000000.0,0.0,1000000.0,326000000.0,3850000000,67000000.0,84000000,412000000,0.09861177596936334,328000000,0.07850646242221158,17000000.0,278000000,0.0665390138822403,149000000.0,117000000,0.028003829583532792,1.378092,1.28,84900000,91200000,https://www.sec.gov/Archives/edgar/data/1113256/000111325618000120/0001113256-18-000120-index.html,https://www.sec.gov/Archives/edgar/data/1113256/000111325618000120/mtor-20180930x10k.htm,1620595385,17:23:05,20210509
3,2017-09-30,MTOR,USD,2017-11-16 00:00:00,2017-11-16 15:56:28,FY,3347000000,2863000000,484000000,0.14460711084553332,0.0,235000000.0,0.0,2000000.0,256000000.0,3119000000,119000000.0,75000000,303000000,0.09052883178966238,228000000,0.06812070510905288,272000000.0,381000000,0.11383328353749626,52000000.0,324000000,0.09680310726023304,3.658291,3.59,88565934,90200000,https://www.sec.gov/Archives/edgar/data/1113256/000111325617000116/0001113256-17-000116-index.html,https://www.sec.gov/Archives/edgar/data/1113256/000111325617000116/mtor-20170930x10k.htm,1620595385,17:23:05,20210509
4,2016-09-30,MTOR,USD,2016-12-01 00:00:00,2016-12-01 15:36:51,FY,3199000000,2763000000,436000000,0.1362925914348234,0.0,240000000.0,0.0,-1000000.0,217000000.0,2980000000,84000000.0,67000000,286000000,0.08940293841825571,219000000,0.06845889340418881,20000000.0,155000000,0.04845264145045327,-424000000.0,573000000,0.17911847452328852,6.347926,5.99,86800000,92000000,https://www.sec.gov/Archives/edgar/data/1113256/000111325616000092/0001113256-16-000092-index.html,https://www.sec.gov/Archives/edgar/data/1113256/000111325616000092/meritor_10k.htm,1620595385,17:23:05,20210509
5,2015-09-30,MTOR,USD,2015-11-18 00:00:00,2015-11-18 15:36:28,FY,3505000000,3043000000,462000000,0.131811697574893,0.0,299000000.0,0.0,5000000.0,298000000.0,3341000000,105000000.0,65000000,229000000,0.06533523537803139,164000000,0.046790299572039944,8000000.0,67000000,0.019115549215406563,1000000.0,64000000,0.01825962910128388,0.676533,0.64,94600000,100100000,https://www.sec.gov/Archives/edgar/data/1113256/000111325615000031/0001113256-15-000031-index.html,https://www.sec.gov/Archives/edgar/data/1113256/000111325615000031/mtor-20150930x10k.htm,1620595385,17:23:05,20210509
6,2014-09-30,MTOR,USD,2014-11-20 00:00:00,2014-11-19 18:40:23,FY,3766000000,3279000000,487000000,0.1293149229952204,0.0,235000000.0,0.0,0.0,257000000.0,3536000000,130000000.0,67000000,297000000,0.07886351566648965,230000000,0.061072756240042485,215000000.0,315000000,0.08364312267657993,31000000.0,249000000,0.06611789697291556,2.546012,2.51,97800000,99200000,https://www.sec.gov/Archives/edgar/data/1113256/000111325614000036/0001113256-14-000036-index.html,https://www.sec.gov/Archives/edgar/data/1113256/000111325614000036/mtor-20140930x10k.htm,1620595385,17:23:05,20210509
7,2013-09-30,MTOR,USD,2013-11-20 00:00:00,2013-11-20 16:52:21,FY,3701000000,3308000000,393000000,0.10618751688732775,0.0,346000000.0,0.0,3000000.0,356000000.0,3664000000,126000000.0,67000000,104000000,0.02810051337476358,37000000,0.009997298027560119,134000000.0,45000000,0.012158875979465009,63000000.0,-22000000,-0.005944339367738449,-0.225873,-0.225873,97400000,97400000,https://www.sec.gov/Archives/edgar/data/1113256/000142110213000073/0001421102-13-000073-index.html,https://www.sec.gov/Archives/edgar/data/1113256/000142110213000073/mtor-20130930x10k.htm,1620595385,17:23:05,20210509
8,2012-09-30,MTOR,USD,2012-11-21 00:00:00,2012-11-21 12:15:13,FY,4418000000,3933000000,485000000,0.10977818017202354,0.0,258000000.0,0.0,7000000.0,280000000.0,4213000000,95000000.0,63000000,268000000,0.06066093254866455,205000000,0.04640108646446356,27000000.0,137000000,0.031009506564056134,56000000.0,52000000,0.011770031688546853,0.538860103626943,0.5349794238683128,96500000,97200000,https://www.sec.gov/Archives/edgar/data/1113256/000142110212000048/0001421102-12-000048-index.html,https://www.sec.gov/Archives/edgar/data/1113256/000142110212000048/mtor-20120930x10k.htm,1620595385,17:23:05,20210509
9,2011-09-30,MTOR,USD,2011-11-23 00:00:00,2011-11-23 16:55:48,FY,4622000000,4146000000,476000000,0.10298572046733016,0.0,0.0,0.0,0.0,280000000.0,4426000000,0.0,66000000,262000000,0.05668541756815231,196000000,0.04240588489831242,58000000.0,159000000,0.03440069234097793,77000000.0,63000000,0.013630463003028993,0.667003,0.65,94600000,96900000,https://www.sec.gov/Archives/edgar/data/1113256/000120677411002662/0001206774-11-002662-index.html,https://www.sec.gov/Archives/edgar/data/1113256/000120677411002662/meritor_10k.htm,1620595385,17:23:05,20210509
10,2010-09-30,MTOR,USD,2010-11-24 00:00:00,2010-11-24 16:25:40,FY,3590000000,3171000000,419000000,0.11671309192200557,0.0,0.0,0.0,0.0,3398000000.0,3466000000,106000000.0,70000000,194000000,0.05403899721448468,124000000,0.03454038997214485,42000000.0,60000000,0.016713091922005572,48000000.0,12000000,0.003342618384401114,0.127557,0.127557,94100000,94100000,https://www.sec.gov/Archives/edgar/data/1113256/000120677410002428/0001206774-10-002428-index.html,https://www.sec.gov/Archives/edgar/data/1113256/000120677410002428/arvinmeritor_10k.htm,1620595385,17:23:05,20210509
11,2009-09-30,MTOR,USD,2009-11-19 00:00:00,2009-11-18 19:35:21,FY,4108000000,3804000000,304000000,0.07400194741966894,0.0,0.0,0.0,0.0,291000000.0,4095000000,86000000.0,81000000,94000000,0.022882181110029213,13000000,0.0031645569620253164,-288000000.0,-361000000,-0.08787731256085686,707000000.0,-1212000000,-0.29503407984420643,-16.378378,-16.72,72500000,72500000,https://www.sec.gov/Archives/edgar/data/1113256/000120677409002138/0001206774-09-002138-index.html,https://www.sec.gov/Archives/edgar/data/1113256/000120677409002138/arvinmeritor_10k.htm,1620595385,17:23:05,20210509
12,2008-09-30,MTOR,USD,2008-11-21 00:00:00,2008-11-21 17:20:23,FY,7167000000,6514000000,653000000,0.09111204130040464,0.0,0.0,0.0,0.0,447000000.0,6961000000,0.0,145000000,351000000,0.04897446630389284,206000000,0.028742849169806056,15000000.0,141000000,0.019673503557974047,217000000.0,-101000000,-0.014092367796846658,-1.4,-1.4,72100000,72100000,https://www.sec.gov/Archives/edgar/data/1113256/000116923208004368/0001169232-08-004368-index.html,https://www.sec.gov/Archives/edgar/data/1113256/000116923208004368/arm10k.htm,1620595385,17:23:05,20210509
13,2007-09-30,MTOR,USD,2007-11-19 00:00:00,2007-11-19 17:10:22,FY,6449000000,5957000000,492000000,0.07629089781361452,0.0,0.0,0.0,0.0,371000000.0,6328000000,0.0,129000000,250000000,0.03876570010854396,121000000,0.018762598852535277,-26000000.0,-23000000,-0.0035664444099860445,-8000000.0,-219000000,-0.03395875329508451,-3.11,-3.11,70500000,70500000,https://www.sec.gov/Archives/edgar/data/1113256/000120677407002697/0001206774-07-002697-index.html,https://www.sec.gov/Archives/edgar/data/1113256/000120677407002697/arvinmeritor_10k.htm,1620595385,17:23:05,20210509
14,2006-09-30,MTOR,USD,2006-11-20,2006-11-20 08:10:05,FY,9195000000,8607000000,588000000,0.06394779771615008,0.0,0.0,0.0,0.0,670000000.0,9277000000,0.0,172000000,90000000,0.009787928221859706,-82000000,-0.008917890157694399,-291000000.0,-216000000,-0.023491027732463296,-56000000.0,-175000000,-0.019032082653616094,-2.52,-2.52,69300000,69300000,https://www.sec.gov/Archives/edgar/data/1113256/000118923306000135/arm10k093006b.htm,https://www.sec.gov/Archives/edgar/data/1113256/000118923306000135/arm10k093006b.htm,1620595385,17:23:05,20210509
15,2005-09-30,MTOR,USD,2005-09-30,2005-09-30,FY,8903000000,8267000000,636000000,0.07143659440637987,0.0,0.0,0.0,0.0,6257000000.0,8656000000,0.0,182000000,429000000,0.04818600471751095,247000000,0.027743457261597215,-102000000.0,31000000,0.0034819723688644276,-5000000.0,12000000,0.001347860271818488,0.17518248175182483,0.17167381974248927,68500000,69900000,,,1620595385,17:23:05,20210509
16,2004-09-30,MTOR,USD,2004-12-16 00:00:00,2004-12-15 18:17:24,FY,8033000000,7366000000,667000000,0.08303249097472924,0.0,0.0,0.0,0.0,392000000.0,7758000000,0.0,183000000,458000000,0.05701481389269264,275000000,0.03423378563425868,4000000.0,179000000,0.022283082285572017,44000000.0,-42000000,-0.005228432715050417,-0.6231454005934718,-0.6122448979591837,67400000,68600000,https://www.sec.gov/Archives/edgar/data/1113256/000095012304014830/0000950123-04-014830-index.html,https://www.sec.gov/Archives/edgar/data/1113256/000095012304014830/y69553e10vk.txt,1620595385,17:23:05,20210509
17,2003-09-30,MTOR,USD,2003-12-19 00:00:00,2003-12-19 09:31:52,FY,7788000000,7044000000,744000000,0.09553158705701079,0.0,0.0,0.0,0.0,413000000.0,7457000000,0.0,214000000,545000000,0.06997945557267592,331000000,0.042501284026707754,8000000.0,208000000,0.02670775552131484,68000000.0,136000000,0.01746276322547509,2.03,2.0,66900000,67900000,https://www.sec.gov/Archives/edgar/data/1113256/000095012303013967/0000950123-03-013967-index.html,https://www.sec.gov/Archives/edgar/data/1113256/000095012303013967/y92432e10vk.txt,1620595385,17:23:05,20210509
18,2002-09-29,MTOR,USD,2002-12-17 00:00:00,2002-12-17 16:22:04,FY,6882000000,6142000000,740000000,0.10752688172043011,0.0,388000000.0,0.0,0.0,397000000.0,6539000000,-108000000.0,196000000,539000000,0.07832025573961057,343000000,0.04984016274338855,0.0,235000000,0.03414705027608254,75000000.0,107000000,0.015547805870386516,1.59226,1.59226,67200000,67200000,https://www.sec.gov/Archives/edgar/data/1113256/000095012302011934/0000950123-02-011934-index.html,https://www.sec.gov/Archives/edgar/data/1113256/000095012302011934/y66532e10vk.txt,1620595385,17:23:05,20210509
19,2001-09-30,MTOR,USD,2001-09-30,2001-09-30,FY,6805000000,6074000000,731000000,0.10742101396032329,0.0,428000000.0,0.0,0.0,452000000.0,6526000000,0.0,24000000,303000000,0.04452608376193975,279000000,0.040999265246142544,-80000000.0,63000000,0.009257898603967672,21000000.0,35000000,0.005143277002204262,0.529500756429652,0.5271084337349398,66100000,66400000,,,1620595385,17:23:05,20210509
20,2000-09-30,MTOR,USD,2000-09-30,2000-09-30,FY,5153000000,4267000000,886000000,0.17193867649912672,0.0,348000000.0,0.0,0.0,510000000.0,4777000000,0.0,162000000,538000000,0.10440520085387153,376000000,0.0729672035707355,82000000.0,359000000,0.06966815447312245,141000000.0,218000000,0.04230545313409664,4.12,4.12,52900000,52900000,,,1620595385,17:23:05,20210509
21,1999-09-30,MTOR,USD,1999-09-30,1999-09-30,FY,4450000000,3798000000,652000000,0.14651685393258426,0.0,0.0,0.0,0.0,0.0,4065000000,0.0,11000000,396000000,0.08898876404494382,385000000,0.08651685393258426,-26000000.0,333000000,0.0748314606741573,129000000.0,194000000,0.04359550561797753,3.75,3.75,51800000,51800000,,,1620595385,17:23:05,20210509
