,date,symbol,reportedCurrency,fillingDate,acceptedDate,period,revenue,costOfRevenue,grossProfit,grossProfitRatio,researchAndDevelopmentExpenses,generalAndAdministrativeExpenses,sellingAndMarketingExpenses,otherExpenses,operatingExpenses,costAndExpenses,interestExpense,depreciationAndAmortization,ebitda,ebitdaratio,operatingIncome,operatingIncomeRatio,totalOtherIncomeExpensesNet,incomeBeforeTax,incomeBeforeTaxRatio,incomeTaxExpense,netIncome,netIncomeRatio,eps,epsdiluted,weightedAverageShsOut,weightedAverageShsOutDil,link,finalLink,timestamp,est_time,est_date
0,2020-12-31,RADA,USD,2020-12-31,2020-12-31,FY,76217000.0,47882000.0,28335000.0,0.3717674534552659,8846000.0,8972000.0,5017000.0,0.0,0.0,70717000.0,0.0,2289000.0,7789000.0,0.10219504834879357,5500000.0,0.07399923901491794,-413000.0,5640000.0,0.07399923901491794,0.0,5640000.0,0.07399923901491794,0.14784230447776595,0.14784230447776595,38148756.0,38148756.0,,,1620597046,17:50:46,20210509
1,2019-12-31,RADA,USD,2020-04-07,2020-04-07,FY,44331000.0,28394000.0,15937000.0,0.3595001240666802,6912000.0,7084000.0,4044000.0,0.0,18040000.0,46434000.0,85000.0,1223000.0,-880000.0,-0.019850668832194177,-2103000.0,-0.0474385869933004,-453000.0,-2224000.0,-0.050168053957727096,0.0,-2030000.0,-0.04579188378335702,-0.053212744342174614,-0.05226400189942315,38148756.0,38841266.0,https://www.sec.gov/Archives/edgar/data/761238/000117891320001060/zk2024233.htm,https://www.sec.gov/Archives/edgar/data/761238/000117891320001060/zk2024233.htm,1620597046,17:50:46,20210509
2,2018-12-31,RADA,USD,2019-04-01 00:00:00,2019-04-01 12:11:50,FY,28032000.0,17914000.0,10118000.0,0.3609446347031963,3092000.0,4001000.0,2860000.0,0.0,9953000.0,27867000.0,2000.0,799000.0,964000.0,0.0343892694063927,165000.0,0.0058861301369863015,-149000.0,181000.0,0.006456906392694064,0.0,163000.0,0.005814783105022831,0.004911921414078892,0.004834366449307026,33184570.0,33716931.0,https://www.sec.gov/Archives/edgar/data/761238/000149315219004421/0001493152-19-004421-index.html,https://www.sec.gov/Archives/edgar/data/761238/000149315219004421/form20-f.htm,1620597046,17:50:46,20210509
3,2017-12-31,RADA,USD,2018-03-28 00:00:00,2018-03-28 16:36:38,FY,26182000.0,17919000.0,8263000.0,0.3155985027881751,1575000.0,2568000.0,2137000.0,0.0,6280000.0,24199000.0,279000.0,638000.0,2621000.0,0.10010694370177985,1983000.0,0.07573905736765717,121000.0,1827000.0,0.06978076541135131,0.0,2239000.0,0.08551676724467192,0.09,0.08,24956915.0,28126509.0,https://www.sec.gov/Archives/edgar/data/761238/000149315218004037/0001493152-18-004037-index.html,https://www.sec.gov/Archives/edgar/data/761238/000149315218004037/form20-f.htm,1620597046,17:50:46,20210509
4,2016-12-31,RADA,USD,2017-03-27 00:00:00,2017-03-27 17:28:39,FY,12821000.0,11379000.0,1442000.0,0.11247172607440917,758000.0,1814000.0,2269000.0,0.0,4841000.0,16220000.0,1413000.0,554000.0,-2845000.0,-0.22190156774042585,-3399000.0,-0.26511192574682163,-17000.0,-4920000.0,-0.3837454176741284,0.0,-4910000.0,-0.3829654473130021,-0.35,-0.35,14029346.0,14029346.0,https://www.sec.gov/Archives/edgar/data/761238/000117891317000925/0001178913-17-000925-index.html,https://www.sec.gov/Archives/edgar/data/761238/000117891317000925/zk1719735.htm,1620597046,17:50:46,20210509
5,2015-12-31,RADA,USD,2016-05-16,2016-05-16,FY,14864000.0,12291000.0,2573000.0,0.17310279870828849,693000.0,1858000.0,2358000.0,0.0,4909000.0,17200000.0,3280000.0,651000.0,-1685000.0,-0.1133611410118407,-2336000.0,-0.15715823466092574,-617000.0,-6497000.0,-0.4370963401506997,0.0,-6461000.0,-0.43467438105489775,-1.08,-1.085509,5952044.0,5952044.0,https://www.sec.gov/Archives/edgar/data/761238/000117891316005445/zk1618494.htm,https://www.sec.gov/Archives/edgar/data/761238/000117891316005445/zk1618494.htm,1620597046,17:50:46,20210509
6,2014-12-31,RADA,USD,2015-04-29,2015-04-29,FY,22481000.0,15944000.0,6537000.0,0.290778879943063,789000.0,1901000.0,2392000.0,0.0,5082000.0,21026000.0,758000.0,690000.0,2145000.0,0.095413905075397,1455000.0,0.06472132022596859,-63000.0,201000.0,0.008940883412659579,0.0,208000.0,0.00925225746185668,0.04,0.04,4472401.0,4472401.0,https://www.sec.gov/Archives/edgar/data/761238/000117891315001367/zk1516633.htm,https://www.sec.gov/Archives/edgar/data/761238/000117891315001367/zk1516633.htm,1620597046,17:50:46,20210509
7,2013-12-31,RADA,USD,2014-04-30,2014-04-30,FY,21761000.0,17160000.0,4601000.0,0.21143329810210928,1459000.0,1919000.0,1959000.0,0.0,5337000.0,22497000.0,1302000.0,752000.0,16000.0,0.0007352603281099215,-736000.0,-0.033821975093056386,-120000.0,-2643000.0,-0.12145581544965764,0.0,-2635000.0,-0.12108818528560268,-0.6,-0.6,4459323.0,4459323.0,https://www.sec.gov/Archives/edgar/data/761238/000117891314001450/zk1414811.htm,https://www.sec.gov/Archives/edgar/data/761238/000117891314001450/zk1414811.htm,1620597046,17:50:46,20210509
8,2012-12-31,RADA,USD,2013-04-24,2013-04-24,FY,21551000.0,16233000.0,5318000.0,0.2467634912533061,2423000.0,2243000.0,1664000.0,0.0,6330000.0,22563000.0,918000.0,897000.0,-115000.0,-0.005336179295624333,-1012000.0,-0.04695837780149413,106000.0,-2055000.0,-0.09535520393485221,0.0,-2051000.0,-0.09516959769848267,-0.46,-0.46,4459323.0,4459323.0,https://www.sec.gov/Archives/edgar/data/761238/000117891313001202/zk1312773.htm,https://www.sec.gov/Archives/edgar/data/761238/000117891313001202/zk1312773.htm,1620597046,17:50:46,20210509
9,2011-12-31,RADA,USD,2012-03-29 00:00:00,2012-03-29 11:24:35,FY,19405000.0,13800000.0,5605000.0,0.2888430816799794,2543000.0,1997000.0,2106000.0,0.0,6646000.0,20446000.0,478000.0,951000.0,-90000.0,-0.004637979902087091,-1041000.0,-0.053645967534140686,0.0,0.0,0.0,0.0,-1526000.0,-0.0786395258953878,-0.34,-0.34,4449580.0,4449580.0,https://www.sec.gov/Archives/edgar/data/761238/000117891312000879/0001178913-12-000879-index.html,https://www.sec.gov/Archives/edgar/data/761238/000117891312000879/zk1211175.htm,1620597046,17:50:46,20210509
10,2010-12-31,RADA,USD,2011-03-31,2011-03-31,FY,27523000.0,20117000.0,7406000.0,0.26908403880390946,1182000.0,1732000.0,2563000.0,0.0,5477000.0,25594000.0,1259000.0,962000.0,2891000.0,0.10503942157468299,1929000.0,0.07008683646404824,0.0,0.0,0.0,0.0,734000.0,0.026668604439922975,0.16,0.16,4434428.0,4434428.0,https://www.sec.gov/Archives/edgar/data/761238/000117891311000991/zk1109697.htm,https://www.sec.gov/Archives/edgar/data/761238/000117891311000991/zk1109697.htm,1620597046,17:50:46,20210509
11,2009-12-31,RADA,USD,2010-03-26 00:00:00,2010-03-26 15:57:42,FY,18442000.0,12431000.0,6011000.0,0.32594078733326104,1616000.0,1937000.0,1399000.0,0.0,4952000.0,17383000.0,237000.0,1176000.0,2235000.0,0.12119076022123414,1059000.0,0.05742327296388678,-604000.0,0.0,0.0,0.0,213000.0,0.01154972345732567,0.04,0.04,5325000.0,5325000.0,https://www.sec.gov/Archives/edgar/data/761238/000117891310000891/0001178913-10-000891-index.html,https://www.sec.gov/Archives/edgar/data/761238/000117891310000891/zk1008113.htm,1620597046,17:50:46,20210509
12,2008-12-31,RADA,USD,2009-04-01 00:00:00,2009-04-01 16:06:57,FY,17881000.0,13686000.0,4195000.0,0.23460656562832055,686000.0,1903000.0,1496000.0,0.0,4085000.0,17771000.0,283000.0,1154000.0,1264000.0,0.07068955874951065,110000.0,0.006151781220289693,-448000.0,0.0,0.0,0.0,-576000.0,-0.03221296348078966,-0.14,-0.14,4427602.0,4427602.0,https://www.sec.gov/Archives/edgar/data/761238/000117891309000790/0001178913-09-000790-index.html,https://www.sec.gov/Archives/edgar/data/761238/000117891309000790/zk96590.htm,1620597046,17:50:46,20210509
13,2007-12-31,RADA,USD,2007-12-31,2007-12-31,FY,14021000.0,10681000.0,3340000.0,0.2382141074103131,324000.0,3403000.0,0.0,0.0,3727000.0,14408000.0,360000.0,193000.0,-194000.0,-0.01383638827473076,-387000.0,-0.027601454960416518,-181000.0,0.0,0.0,0.0,-1078000.0,-0.07688467299051423,-0.24,-0.24,4491667.0,4491667.0,,,1620597046,17:50:46,20210509
14,2006-12-31,RADA,USD,2006-12-31,2006-12-31,FY,13037000.0,10999000.0,2038000.0,0.15632430773951062,181000.0,3110000.0,0.0,0.0,3291000.0,14290000.0,589000.0,1696000.0,443000.0,0.03398021017105162,-1253000.0,-0.09611106849735368,-197000.0,0.0,0.0,0.0,-2000000.0,-0.15340952673161004,-1.380001,-1.380001,1453916.0,1453916.0,,,1620597046,17:50:46,20210509
15,2005-12-31,RADA,USD,2006-03-31 00:00:00,2006-03-31 10:57:02,FY,13421000.0,12310000.0,1111000.0,0.08278071678712466,0.0,2866000.0,0.0,0.0,2866000.0,15176000.0,624000.0,1561000.0,-194000.0,-0.014454958646896655,-1755000.0,-0.13076521868713212,33000.0,0.0,0.0,0.0,-2329000.0,-0.17353401385887787,-0.600001,-0.600001,3881663.0,3881663.0,https://www.sec.gov/Archives/edgar/data/761238/000117891306000553/0001178913-06-000553-index.html,https://www.sec.gov/Archives/edgar/data/761238/000117891306000553/zk62366.txt,1620597046,17:50:46,20210509
16,2004-12-31,RADA,USD,2004-12-31,2004-12-31,FY,14160000.0,10287000.0,3873000.0,0.2735169491525424,0.0,2854000.0,0.0,0.0,2854000.0,13141000.0,248000.0,1172000.0,2191000.0,0.1547316384180791,1019000.0,0.07196327683615819,23000.0,0.0,0.0,0.0,822000.0,0.05805084745762712,0.24,0.18,3424997.0,3424997.0,,,1620597046,17:50:46,20210509
17,2003-12-31,RADA,USD,2003-12-31,2003-12-31,FY,12315000.0,9592000.0,2723000.0,0.22111246447421842,0.0,2698000.0,0.0,0.0,2698000.0,12290000.0,0.0,2072000.0,2097000.0,0.1702801461632156,25000.0,0.0020300446609825416,-2000.0,0.0,0.0,0.0,758000.0,0.06155095412099066,0.24,0.24,3158330.0,3158330.0,,,1620597046,17:50:46,20210509
18,2002-12-31,RADA,USD,2002-12-31,2002-12-31,FY,10399000.0,9223000.0,1176000.0,0.11308779690354842,122000.0,3089000.0,0.0,0.0,3211000.0,12434000.0,364000.0,2388000.0,353000.0,0.033945571689585535,-2035000.0,-0.1956918934512934,-290000.0,0.0,0.0,0.0,-2483000.0,-0.23877295893835945,-0.900001,-0.900001,2759163.0,2759163.0,,,1620597046,17:50:46,20210509
19,2001-12-31,RADA,USD,2001-12-31,2001-12-31,FY,8342000.0,7416000.0,926000.0,0.11100455526252698,534000.0,3617000.0,0.0,0.0,4151000.0,11567000.0,210000.0,1710000.0,-1515000.0,-0.18161112443059219,-3225000.0,-0.3865979381443299,-30000.0,0.0,0.0,0.0,-3369000.0,-0.40385998561496045,-1.440001,-1.440001,2302831.0,2302831.0,,,1620597046,17:50:46,20210509
20,2000-12-31,RADA,USD,2000-12-31,2000-12-31,FY,3816000.0,3592000.0,224000.0,0.05870020964360587,730000.0,3612000.0,0.0,0.0,4342000.0,7934000.0,861000.0,1715000.0,-2403000.0,-0.6297169811320755,-4118000.0,-1.079140461215933,563000.0,0.0,0.0,0.0,-6099000.0,-1.5982704402515724,-20.700021,-20.700021,295666.0,295666.0,,,1620597046,17:50:46,20210509
21,1999-12-31,RADA,USD,1999-12-31,1999-12-31,FY,10373000.0,10270000.0,103000.0,0.009929624987949484,428000.0,4316000.0,0.0,0.0,7181000.0,17451000.0,0.0,2437000.0,-4641000.0,-0.44741154921430637,-7078000.0,-0.6823484045117131,404000.0,0.0,0.0,0.0,-7217000.0,-0.69574857803914,-33.750034,-33.750034,216035.0,216035.0,,,1620597046,17:50:46,20210509
22,1998-12-31,RADA,USD,1998-12-31,1998-12-31,FY,3758000.0,18588000.0,-14830000.0,-3.946248004257584,697000.0,8242000.0,0.0,0.0,16050000.0,34638000.0,1242000.0,7111000.0,-23769000.0,-6.3249068653539116,-30880000.0,-8.217136774880256,-2046000.0,-33176000.0,-8.828100053219798,478000.0,-35215000.0,-9.370675891431613,-277.200277,-277.200277,127431.0,127431.0,,,1620597046,17:50:46,20210509
23,1997-12-31,RADA,USD,1997-12-31,1997-12-31,FY,18768000.0,11977000.0,6791000.0,0.3618393009377664,933000.0,8083000.0,0.0,0.0,14871000.0,26848000.0,0.0,5855000.0,-2225000.0,-0.11855285592497869,-8080000.0,-0.43052003410059675,-192000.0,-9870000.0,-0.5258951406649617,44000.0,-9914000.0,-0.5282395566922421,-103.500104,-103.500104,95644.0,95644.0,,,1620597046,17:50:46,20210509
