,date,symbol,reportedCurrency,fillingDate,acceptedDate,period,revenue,costOfRevenue,grossProfit,grossProfitRatio,researchAndDevelopmentExpenses,generalAndAdministrativeExpenses,sellingAndMarketingExpenses,otherExpenses,operatingExpenses,costAndExpenses,interestExpense,depreciationAndAmortization,ebitda,ebitdaratio,operatingIncome,operatingIncomeRatio,totalOtherIncomeExpensesNet,incomeBeforeTax,incomeBeforeTaxRatio,incomeTaxExpense,netIncome,netIncomeRatio,eps,epsdiluted,weightedAverageShsOut,weightedAverageShsOutDil,link,finalLink,timestamp,est_time,est_date
0,2020-03-31,1830.HK,HKD,2020-03-31,2020-03-31,FY,1240950000,371104000.0,869846000.0,0.7009516902373182,0.0,70999000,136794000,0.0,412907000,783845000,11898000.0,154824000,611929000,0.4931133405858415,457105000,0.3683508602280511,0.0,450578000,0.36309118014424435,90421000,360157000,0.29022684233853097,0.32641011140233533,0.32641011140233533,1103388000,1103388000,https://www1.hkexnews.hk/search/titlesearch.xhtml,https://www1.hkexnews.hk/search/titlesearch.xhtml,1620585361,14:36:01,20210509
1,2019-03-31,1830.HK,HKD,2019-03-31,2019-03-31,FY,1197031000,354336000.0,842695000.0,0.7039876160266526,0.0,89413000,169111000,0.0,447020000,801166000,0.0,70390000,466255000,0.38950954486558825,395865000,0.3307057210715512,0.0,404053000,0.33754597834141303,85020000,319033000,0.2665202488490273,0.289,0.287,1103388000,1112252000,https://www1.hkexnews.hk/search/titlesearch.xhtml,https://www1.hkexnews.hk/search/titlesearch.xhtml,1620585361,14:36:01,20210509
2,2018-03-31,1830.HK,HKD,2018-03-31,2018-03-31,FY,906275000,301715000.0,604560000.0,0.6670822873851756,0.0,75224000,87955000,0.0,368365000,669931000,0.0,79855000,316199000,0.34889961656230173,236344000,0.2607861852086839,0.0,254814000,0.28116631265344405,60627000,194187000,0.21426939946484236,0.18,0.179,1081369000,1084809000,https://www1.hkexnews.hk/search/titlesearch.xhtml,https://www1.hkexnews.hk/search/titlesearch.xhtml,1620585361,14:36:01,20210509
3,2017-03-31,1830.HK,HKD,2017-03-31,2017-03-31,FY,756975000,263819000.0,493156000.0,0.6514825456587073,0.0,81041000,76439000,0.0,375665000,639294000,0.0,85989000,203670000,0.2690577628059051,117681000,0.15546220152580997,0.0,117109000,0.154706562303907,25753000,91356000,0.12068562369959378,0.082,0.082,1116289000,1116289000,https://www1.hkexnews.hk/search/titlesearch.xhtml,https://www1.hkexnews.hk/search/titlesearch.xhtml,1620585361,14:36:01,20210509
4,2016-03-31,1830.HK,HKD,2016-03-31,2016-03-31,FY,879122000,282830000.0,596292000.0,0.6782812851913613,0.0,91886000,113698000,0.0,435184000,717697000,0.0,79796000,241221000,0.2743885376546145,161425000,0.18362070338360317,0.0,160714000,0.18281194191477407,30697000,130017000,0.1478941489349601,0.116,0.116,1124257000,1124257000,https://www1.hkexnews.hk/search/titlesearch.xhtml,https://www1.hkexnews.hk/search/titlesearch.xhtml,1620585361,14:36:01,20210509
5,2015-03-31,1830.HK,HKD,2015-03-31,2015-03-31,FY,728655000,15056000.0,713599000.0,0.9793372720972202,0.0,75139000,73810000,0.0,514718000,529774000,0.0,45781000,244662000,0.3357720732033678,198881000,0.2729426134453205,0.0,176743000,0.24256060824395634,41831000,134912000,0.18515209529887258,0.121,0.121,1117835000,1117835000,https://www1.hkexnews.hk/search/titlesearch.xhtml,https://www1.hkexnews.hk/search/titlesearch.xhtml,1620585361,14:36:01,20210509
6,2014-03-31,1830.HK,HKD,2014-03-31,2014-03-31,FY,470236000,10570000.0,459666000.0,0.977521925160983,0.0,40443000,82496000,0.0,345235000,355805000,0.0,28134000,142565000,0.30317755339871894,114431000,0.2433480209937138,0.0,109795000,0.23348914162250445,26771000,83024000,0.1765581537781029,0.083,0.083,1000000000,1000000000,https://www1.hkexnews.hk/search/titlesearch.xhtml,https://www1.hkexnews.hk/search/titlesearch.xhtml,1620585361,14:36:01,20210509
7,2013-03-31,1830.HK,HKD,2013-03-31,2013-03-31,FY,443026000,8764000.0,434262000.0,0.9802178653171597,0.0,41786000,78134000,0.0,314812000,323576000,0.0,23729000,143179000,0.32318419234988466,119450000,0.2696230018102775,0.0,109116000,0.24629705705759933,31101000,78015000,0.17609575961681706,0.078,0.078,1000000000,1000000000,https://www1.hkexnews.hk/search/titlesearch.xhtml,https://www1.hkexnews.hk/search/titlesearch.xhtml,1620585361,14:36:01,20210509
8,2012-03-31,1830.HK,HKD,2012-03-31,2012-03-31,FY,381160000,0.0,0.0,0.0,0.0,40105000,61901000,0.0,293340000,293340000,43000.0,18126000,105946000,0.2779567635638577,87820000,0.23040193094763353,0.0,90287000,0.23687427851820758,21615000,68672000,0.18016580963374962,0.087,0.087,784932000,784932000,https://www1.hkexnews.hk/search/titlesearch.xhtml,https://www1.hkexnews.hk/search/titlesearch.xhtml,1620585361,14:36:01,20210509
9,2011-03-31,1830.HK,HKD,2011-03-31,2011-03-31,FY,308976000,0.0,0.0,0.0,0.0,29875000,56420000,0.0,243513000,243513000,0.0,16494000,81957000,0.26525361193102376,65463000,0.21187082491844025,0.0,65701000,0.21264111128372432,15441000,50260000,0.1626663559629227,0.067,0.067,750000000,750000000,https://www1.hkexnews.hk/search/titlesearch.xhtml,https://www1.hkexnews.hk/search/titlesearch.xhtml,1620585361,14:36:01,20210509
