,date,symbol,reportedCurrency,fillingDate,acceptedDate,period,revenue,costOfRevenue,grossProfit,grossProfitRatio,researchAndDevelopmentExpenses,generalAndAdministrativeExpenses,sellingAndMarketingExpenses,otherExpenses,operatingExpenses,costAndExpenses,interestExpense,depreciationAndAmortization,ebitda,ebitdaratio,operatingIncome,operatingIncomeRatio,totalOtherIncomeExpensesNet,incomeBeforeTax,incomeBeforeTaxRatio,incomeTaxExpense,netIncome,netIncomeRatio,eps,epsdiluted,weightedAverageShsOut,weightedAverageShsOutDil,link,finalLink,timestamp,est_time,est_date
0,2019-12-31,1152.HK,HKD,2019-12-31,2019-12-31,FY,299525000,281665000,17860000.0,0.05962774392788582,0.0,27592000,1450000.0,0.0,28899000,310564000,8578000.0,3831000.0,-7208000.0,-0.024064769217928387,-11039000.0,-0.03685502044904432,0.0,-20052000.0,-0.06694599782989734,-1354000.0,-18698000.0,-0.06242550705283365,-0.019,-0.019,982000000,982000000,https://www1.hkexnews.hk/search/titlesearch.xhtml,https://www1.hkexnews.hk/search/titlesearch.xhtml,1620585101,14:31:41,20210509
1,2018-12-31,1152.HK,HKD,2018-12-31,2018-12-31,FY,137647000,130451000,7196000.0,0.05227865481993796,0.0,21805000,467000.0,0.0,22272000,152723000,6878000.0,1929000.0,-13147000.0,-0.09551243397967264,-15076000.0,-0.10952654253271048,0.0,-21522000.0,-0.15635647707541755,486000.0,-22008000.0,-0.15988724781506317,-0.0224,-0.0224,982000000,982000000,https://www1.hkexnews.hk/search/titlesearch.xhtml,https://www1.hkexnews.hk/search/titlesearch.xhtml,1620585101,14:31:41,20210509
2,2017-12-31,1152.HK,HKD,2017-12-31,2017-12-31,FY,77150000,70252000,6898000.0,0.0894102397926118,0.0,25945000,609000.0,0.0,25283000,95535000,16123000.0,3903000.0,-14482000.0,-0.18771224886584575,-18385000.0,-0.23830200907323396,0.0,-10836000.0,-0.14045366169799092,72000.0,-10908000.0,-0.14138690861957226,-0.0111,-0.0111,982000000,982000000,https://www1.hkexnews.hk/search/titlesearch.xhtml,https://www1.hkexnews.hk/search/titlesearch.xhtml,1620585101,14:31:41,20210509
3,2016-12-31,1152.HK,HKD,2016-12-31,2016-12-31,FY,61742000,50436000,11306000.0,0.18311684104823298,0.0,43739000,2611000.0,0.0,43556000,93992000,14836000.0,4131000.0,-28119000.0,-0.4554274237957954,-32250000.0,-0.5223348773930225,0.0,-42371000.0,-0.6862589485277445,573000.0,-42944000.0,-0.6955395030935182,-0.0437,-0.0437,982000000,982000000,https://www1.hkexnews.hk/search/titlesearch.xhtml,https://www1.hkexnews.hk/search/titlesearch.xhtml,1620585101,14:31:41,20210509
4,2015-12-31,1152.HK,HKD,2015-12-31,2015-12-31,FY,103171000,86861000,16310000.0,0.15808705934807263,0.0,45690000,1853000.0,0.0,39692000,126553000,27640000.0,3519000.0,-19863000.0,-0.19252503125878395,-23382000.0,-0.22663345319905787,0.0,-60017000.0,-0.5817235463453878,1116000.0,-77410000.0,-0.7503077415165115,-0.08,-0.08,968164000,968164000,https://www1.hkexnews.hk/search/titlesearch.xhtml,https://www1.hkexnews.hk/search/titlesearch.xhtml,1620585101,14:31:41,20210509
5,2014-12-31,1152.HK,HKD,2014-12-31,2014-12-31,FY,287950000,230712000,57238000.0,0.19877756554957457,0.0,77902000,7615000.0,0.0,66642000,297354000,15947000.0,12331000.0,2927000.0,0.010164959194304567,-9404000.0,-0.032658447647160964,0.0,-20934000.0,-0.07270012154888002,2506000.0,-23440000.0,-0.08140302135787462,-0.0258,-0.0258,909918000,909918000,https://www1.hkexnews.hk/search/titlesearch.xhtml,https://www1.hkexnews.hk/search/titlesearch.xhtml,1620585101,14:31:41,20210509
6,2013-12-31,1152.HK,HKD,2013-12-31,2013-12-31,FY,310867000,256573000,54294000.0,0.17465346916848684,0.0,56118000,9441000.0,0.0,61797000,318370000,350000.0,12900000.0,5397000.0,0.017361122280589447,-7503000.0,-0.024135723637439807,0.0,-7375000.0,-0.0237239719880206,-186000.0,-7189000.0,-0.023125645372458318,-0.0086,-0.0086,832000000,832000000,https://www1.hkexnews.hk/search/titlesearch.xhtml,https://www1.hkexnews.hk/search/titlesearch.xhtml,1620585101,14:31:41,20210509
7,2012-12-31,1152.HK,HKD,2012-12-31,2012-12-31,FY,400035000,323989000,76046000.0,0.19009836639294062,0.0,53361000,9567000.0,0.0,57661000,381650000,641000.0,12565000.0,30950000.0,0.07736823027985051,18385000.0,0.0459584786331196,0.0,17934000.0,0.04483107728073794,4196000.0,13738000.0,0.0343419950754309,0.0165,0.0165,832000000,832000000,https://www1.hkexnews.hk/search/titlesearch.xhtml,https://www1.hkexnews.hk/search/titlesearch.xhtml,1620585101,14:31:41,20210509
8,2011-12-31,1152.HK,HKD,2011-12-31,2011-12-31,FY,326624000,247233000,79391000.0,0.24306542078965415,0.0,57051000,9669000.0,0.0,62787000,310020000,700000.0,9417000.0,26021000.0,0.07966652787302832,16604000.0,0.050835211129616927,0.0,15904000.0,0.04869207406681689,4823000.0,11081000.0,0.03392585970412462,0.017,0.017,661042000,661042000,https://www1.hkexnews.hk/search/titlesearch.xhtml,https://www1.hkexnews.hk/search/titlesearch.xhtml,1620585101,14:31:41,20210509
9,2010-12-31,1152.HK,HKD,2010-12-31,2010-12-31,FY,356122000,273113000,83009000.0,0.2330914686540006,0.0,41857000,13589000.0,0.0,49025000,322138000,407000.0,2897000.0,36881000.0,0.10356282397605315,33984000.0,0.09542797131320166,0.0,33577000.0,0.09428510454282521,5610000.0,27967000.0,0.07853207608628504,0.045,0.045,624000000,624000000,https://www1.hkexnews.hk/search/titlesearch.xhtml,https://www1.hkexnews.hk/search/titlesearch.xhtml,1620585101,14:31:41,20210509
