,date,symbol,reportedCurrency,fillingDate,acceptedDate,period,revenue,costOfRevenue,grossProfit,grossProfitRatio,researchAndDevelopmentExpenses,generalAndAdministrativeExpenses,sellingAndMarketingExpenses,otherExpenses,operatingExpenses,costAndExpenses,interestExpense,depreciationAndAmortization,ebitda,ebitdaratio,operatingIncome,operatingIncomeRatio,totalOtherIncomeExpensesNet,incomeBeforeTax,incomeBeforeTaxRatio,incomeTaxExpense,netIncome,netIncomeRatio,eps,epsdiluted,weightedAverageShsOut,weightedAverageShsOutDil,link,finalLink,timestamp,est_time,est_date
0,2020-12-31,BOXL,USD,2021-03-31,2021-03-31 16:06:47,FY,54890854.0,45022788.0,9868066.0,0.17977614267032538,1418898.0,21157284.0,0.0,-1234334.0,22576182.0,67598970.0,2814908.0,1626000.0,-11082116.0,-0.20189367066506198,-12708116.0,-0.23151609191578618,-1450697.0,-16973721.0,-0.3092267611649839,-821175.0,-16152546.0,-0.29426661862466197,-1.5110795658655747,-1.5110795658655747,10689408.0,10689408.0,https://www.sec.gov/Archives/edgar/data/1624512/000149315221007447/0001493152-21-007447-index.htm,https://www.sec.gov/Archives/edgar/data/1624512/000149315221007447/form10-k.htm,1620589598,15:46:38,20210509
1,2019-12-31,BOXL,USD,2020-05-13,2020-05-12 18:08:45,FY,33030357.0,24088639.0,8941718.0,0.27071212097404823,1229480.0,15771187.0,0.0,205687.0,17000667.0,41089306.0,1793610.0,908985.0,-7149964.0,-0.21646644630574233,-8058949.0,-0.24398613069789105,450481.0,-9402078.0,-0.28464960278812607,0.0,-9402078.0,-0.28464960278812607,-0.88,-0.88,10689408.0,10689408.0,https://www.sec.gov/Archives/edgar/data/1624512/000149315220008414/0001493152-20-008414-index.htm,https://www.sec.gov/Archives/edgar/data/1624512/000149315220008414/form10-k.htm,1620589598,15:46:38,20210509
2,2018-12-31,BOXL,USD,2019-03-28,2019-03-28 16:36:19,FY,37841277.0,29188108.0,8653169.0,0.22867011068363258,671653.0,14978079.0,0.0,233487.0,15649732.0,44837840.0,841788.0,885699.0,-6110864.0,-0.1614867278395494,-6996563.0,-0.18489235973722556,660468.0,-7177883.0,-0.18968395279049383,0.0,-7177883.0,-0.18968395279049383,-0.72,-0.72,9922042.0,9922042.0,https://www.sec.gov/Archives/edgar/data/1624512/000149315219004118/0001493152-19-004118-index.htm,https://www.sec.gov/Archives/edgar/data/1624512/000149315219004118/form10-k.htm,1620589598,15:46:38,20210509
3,2017-12-31,BOXL,USD,2018-04-02,2018-04-02 16:41:45,FY,25743612.0,19329831.0,6413781.0,0.2491406800257866,465940.0,13086120.0,0.0,476615.0,13552060.0,32881891.0,0.0,747208.0,-6391071.0,-0.24825851943386965,-7138279.0,-0.27728350629274556,476615.0,-7297109.0,-0.2834531921938538,0.0,-7297109.0,-0.2834531921938538,-1.34,-1.34,5455161.0,5455161.0,https://www.sec.gov/Archives/edgar/data/1624512/000149315218004493/0001493152-18-004493-index.htm,https://www.sec.gov/Archives/edgar/data/1624512/000149315218004493/form10-k.htm,1620589598,15:46:38,20210509
4,2016-12-31,BOXL,USD,2017-10-10,2017-10-10,FY,20371826.0,12959749.0,7412077.0,0.3638395988656098,1008433.0,7689898.0,0.0,0.0,8698331.0,21658080.0,0.0,353386.0,-932868.0,-0.04579206596404269,-1286254.0,-0.06313886639322366,42505.0,-2061983.0,-0.10121738718954305,0.0,-2061983.0,-0.10121738718954305,-0.218,-0.218,9465410.0,9465410.0,https://www.sec.gov/Archives/edgar/data/1624512/000149315217011447/0001493152-17-011447-index.htm,https://www.sec.gov/Archives/edgar/data/1624512/000149315217011447/form10-ka.htm,1620589598,15:46:38,20210509
5,2015-12-31,BOXL,USD,2015-12-31,2015-12-31,FY,3377280.0,2276993.0,1100287.0,0.3257908731286716,208161.0,2942061.0,0.0,0.0,3150222.0,5427215.0,0.0,0.0,-1939265.0,-0.5742091268713284,-2049935.0,-0.6069781007201062,-110670.0,-2259114.0,-0.6689152217168846,0.0,-2259114.0,-0.6689152217168846,-0.3831,-0.3831,9465410.0,9465410.0,,,1620589598,15:46:38,20210509
6,2014-12-31,BOXL,USD,2014-12-31,2014-12-31,FY,2902856.0,2236652.0,666204.0,0.22949949980295267,0.0,1733010.0,0.0,0.0,1733010.0,3969662.0,0.0,0.0,-1066806.0,-0.3675022116150439,-1066806.0,-0.3675022116150439,0.0,-1086893.0,-0.37442194859131833,0.0,-1086893.0,-0.37442194859131833,-0.114828,-0.114828,9465410.0,9465410.0,,,1620589598,15:46:38,20210509
