,date,symbol,reportedCurrency,fillingDate,acceptedDate,period,revenue,costOfRevenue,grossProfit,grossProfitRatio,researchAndDevelopmentExpenses,generalAndAdministrativeExpenses,sellingAndMarketingExpenses,otherExpenses,operatingExpenses,costAndExpenses,interestExpense,depreciationAndAmortization,ebitda,ebitdaratio,operatingIncome,operatingIncomeRatio,totalOtherIncomeExpensesNet,incomeBeforeTax,incomeBeforeTaxRatio,incomeTaxExpense,netIncome,netIncomeRatio,eps,epsdiluted,weightedAverageShsOut,weightedAverageShsOutDil,link,finalLink,timestamp,est_time,est_date
0,2020-06-30,ECL.AX,AUD,2020-06-30,2020-06-30,FY,59952000.0,42574000.0,17378000.0,0.28986522551374433,0.0,8442000.0,1333000.0,-637000.0,12359000.0,0.0,123000.0,2052000.0,7071000.0,0.11794435548438752,5019000.0,0.0837169735788631,-637000.0,4505000.0,0.07514344809180677,876000.0,3679000.0,0.06136575927408593,0.12289140528443064,0.12289140528443064,29937000.0,29937000.0,,,1620591433,16:17:13,20210509
1,2019-06-30,ECL.AX,AUD,2019-06-30,2019-06-30,FY,59273000.0,41278000.0,17995000.0,0.30359522885630896,0.0,9170000.0,1182000.0,381000.0,12221000.0,0.0,0.0,386000.0,6160000.0,0.10392590218143168,5774000.0,0.09741366220707573,381000.0,6279000.0,0.10593356165539115,2147000.0,4253000.0,0.07175273733403068,0.14,0.14,29937000.0,29937000.0,,,1620591433,16:17:13,20210509
2,2018-06-30,ECL.AX,AUD,2018-06-30,2018-06-30,FY,48471000.0,31949000.0,16522000.0,0.3408636091683687,0.0,8252000.0,854000.0,520000.0,11498000.0,0.0,7000.0,430000.0,5454000.0,0.11252088877885746,5024000.0,0.10364960491840482,520000.0,5736000.0,0.1183388005198985,1491000.0,4245000.0,0.08757813950609643,0.1353,0.1353,31367000.0,31367000.0,,,1620591433,16:17:13,20210509
3,2017-06-30,ECL.AX,AUD,2017-06-30,2017-06-30,FY,43530000.0,28768000.0,14762000.0,0.33912244429129335,0.0,7174000.0,801000.0,338000.0,10925000.0,0.0,15000.0,634000.0,4471000.0,0.10271077417872732,3837000.0,0.0881461061337009,-4000.0,4268000.0,0.09804732368481507,1514000.0,2754000.0,0.06326671261199172,0.0827,0.0827,33296000.0,33296000.0,,,1620591433,16:17:13,20210509
4,2016-06-30,ECL.AX,AUD,2016-06-30,2016-06-30,FY,40031000.0,25550000.0,14481000.0,0.36174464789787913,0.0,7657000.0,645000.0,74000.0,10482000.0,0.0,22000.0,483000.0,4482000.0,0.11196322849791411,3999000.0,0.09989757937598362,74000.0,4830000.0,0.12065649121930504,1384000.0,3446000.0,0.08608328545377332,0.099,0.0983,34806000.0,35055951.0,,,1620591433,16:17:13,20210509
5,2015-06-30,ECL.AX,AUD,2015-06-30,2015-06-30,FY,44604000.0,25706000.0,18898000.0,0.42368397453143214,0.0,8824000.0,2630000.0,149000.0,13184000.0,0.0,58000.0,185000.0,5899000.0,0.13225271276118733,5714000.0,0.12810510268137387,1018000.0,7087000.0,0.1588870953277733,1936000.0,5450000.0,0.12218635099991032,0.1577,0.1546,34553000.0,35252264.0,,,1620591433,16:17:13,20210509
6,2014-06-30,ECL.AX,AUD,2014-06-30,2014-06-30,FY,92286000.0,55691000.0,36595000.0,0.39653902000303404,0.0,18699000.0,4555000.0,541000.0,32240000.0,0.0,148000.0,1764000.0,6119000.0,0.06630474828251305,4355000.0,0.04719025637691524,541000.0,4841000.0,0.05245649394274321,1294000.0,3547000.0,0.038434865526732115,0.1029,0.1016,34470000.0,34911417.0,,,1620591433,16:17:13,20210509
7,2013-06-30,ECL.AX,AUD,2013-06-30,2013-06-30,FY,111696000.0,65004000.0,46692000.0,0.41802750322303395,0.0,20999000.0,3850000.0,206000.0,33480000.0,0.0,369000.0,1691000.0,14903000.0,0.13342465262856323,13212000.0,0.11828534593897723,206000.0,13108000.0,0.1173542472425154,3296000.0,9812000.0,0.08784558086234064,0.2905,0.2867,33774000.0,34223927.0,,,1620591433,16:17:13,20210509
8,2012-06-30,ECL.AX,AUD,2012-06-30,2012-06-30,FY,113158000.0,63369000.0,49789000.0,0.4399954046554375,0.0,17928000.0,4599000.0,580000.0,31084000.0,0.0,159000.0,1433000.0,20138000.0,0.17796355538273917,18705000.0,0.1652998462327012,-8690000.0,11571000.0,0.10225525371604305,6246000.0,5325000.0,0.04705809575991092,0.1578,0.1571,33753000.0,33895608.0,,,1620591433,16:17:13,20210509
9,2011-06-30,ECL.AX,AUD,2011-06-30,2011-06-30,FY,100313000.0,57416000.0,42897000.0,0.4276315133631733,0.0,16088000.0,4503000.0,2733000.0,28601000.0,0.0,175000.0,1099000.0,15395000.0,0.15346964002671637,14296000.0,0.14251393139473448,2733000.0,18807000.0,0.18748317765394315,5487000.0,13320000.0,0.1327843848753402,0.3946,0.3946,33753000.0,33753000.0,,,1620591433,16:17:13,20210509
10,2010-06-30,ECL.AX,AUD,2010-06-30,2010-06-30,FY,81780000.0,46571000.0,35209000.0,0.4305331376864759,0.0,15863000.0,2393000.0,842000.0,24481000.0,0.0,233000.0,867000.0,11595000.0,0.1417828319882612,10728000.0,0.13118121790168746,-10820000.0,972000.0,0.011885546588407923,2412000.0,-449000.0,-0.005490339936414772,-0.0133,-0.0133,33753000.0,33753000.0,,,1620591433,16:17:13,20210509
11,2009-06-30,ECL.AX,AUD,2009-06-30,2009-06-30,FY,83185000.0,49725000.0,33460000.0,0.4022359800444792,0.0,17199000.0,2845000.0,891000.0,30217000.0,0.0,407000.0,2078000.0,5321000.0,0.06396585922942838,3243000.0,0.03898539400132235,-7495000.0,-944000.0,-0.011348199795636232,21000.0,-1479000.0,-0.017779647773036002,-0.0438,-0.0438,33752634.0,33752634.0,,,1620591433,16:17:13,20210509
12,2008-06-30,ECL.AX,AUD,2008-06-30,2008-06-30,FY,96245000.0,53034000.0,43211000.0,0.4489687775988363,0.0,19391000.0,3107000.0,451000.0,29597000.0,0.0,901000.0,1882000.0,15496000.0,0.1610057665333264,13614000.0,0.14145150397423242,451000.0,13903000.0,0.1444542573640189,3931000.0,-22897000.0,-0.23790326770221829,-0.7365,-0.7365,33752634.0,33752634.0,,,1620591433,16:17:13,20210509
13,2007-06-30,ECL.AX,AUD,2007-06-30,2007-06-30,FY,267844000.0,117994000.0,149850000.0,0.5594674512029391,0.0,91716000.0,5546000.0,182205000.0,132342000.0,0.0,4397000.0,7379000.0,24887000.0,0.09291602574632996,17508000.0,0.06536640731171876,-18601000.0,-5236000.0,-0.019548692522513105,-1396000.0,-3840000.0,-0.014336703454249488,-0.2161,-0.2161,35291000.0,35291000.0,,,1620591433,16:17:13,20210509
14,2006-06-30,ECL.AX,AUD,2006-06-30,2006-06-30,FY,280447000.0,117094000.0,163353000.0,0.5824736937817128,0.0,95660000.0,5589000.0,393000.0,144006000.0,0.0,2898000.0,7730000.0,27077000.0,0.09654943714855213,19347000.0,0.06898629687605858,393000.0,15960000.0,0.056909148609184626,4763000.0,11197000.0,0.039925547429639115,0.2345,0.2309,36069000.0,36634907.0,,,1620591433,16:17:13,20210509
15,2005-06-30,ECL.AX,AUD,2005-06-30,2005-06-30,FY,286341000.0,144387000.0,141954000.0,0.4957515689335443,0.0,96890000.0,5546000.0,303000.0,121863000.0,0.0,2710000.0,8161000.0,28252000.0,0.09866557705672607,20091000.0,0.07016459396314186,303000.0,17009000.0,0.05940120346021003,17009000.0,0.0,0.0,0.208,0.1986,33391000.0,33391000.0,,,1620591433,16:17:13,20210509
16,2004-06-30,ECL.AX,AUD,2004-06-30,2004-06-30,FY,275041000.0,139265000.0,135776000.0,0.49365730927389007,0.0,91725000.0,5242000.0,363000.0,116912000.0,0.0,3674000.0,7285000.0,26149000.0,0.0950730981926331,18864000.0,0.06858613806668824,627000.0,16017000.0,0.058234954061394485,16017000.0,0.0,0.0,0.2641,0.2341,27177000.0,27177000.0,,,1620591433,16:17:13,20210509
17,2003-06-30,ECL.AX,AUD,2003-06-30,2003-06-30,FY,195621000.0,101718000.0,93903000.0,0.4800251506740074,0.0,60575000.0,4952000.0,264000.0,80350000.0,0.0,1884000.0,5678000.0,19231000.0,0.0983074414301123,13553000.0,0.06928192780938652,264000.0,10780000.0,0.05510655808936668,10780000.0,0.0,0.0,0.1829,0.1723,27023000.0,27023000.0,,,1620591433,16:17:13,20210509
18,2002-06-30,ECL.AX,AUD,2002-06-30,2002-06-30,FY,129895000.0,69196000.0,60699000.0,0.46729281342622886,0.0,40151000.0,2940000.0,-3895000.0,47338000.0,0.0,1506000.0,4247000.0,17608000.0,0.13555564109473037,13361000.0,0.10286000230955772,-3895000.0,7793000.0,0.059994611031987374,7793000.0,0.0,0.0,0.102,0.101,28898919.0,28898919.0,,,1620591433,16:17:13,20210509
19,2001-06-30,ECL.AX,AUD,2001-06-30,2001-06-30,FY,127618000.0,66263000.0,127618000.0,1.0,0.0,0.0,0.0,-112807000.0,3847000.0,0.0,1927000.0,3847000.0,127618000.0,1.0,123771000.0,0.9698553495588397,-112807000.0,9037000.0,0.07081289473271796,9037000.0,6609000.0,0.05178736541867135,0.1729,0.1729,38222886.0,38222886.0,,,1620591433,16:17:13,20210509
20,2000-06-30,ECL.AX,AUD,2000-06-30,2000-06-30,FY,0.0,0.0,0.0,0.0,0.0,0.0,0.0,0.0,0.0,0.0,1864000.0,0.0,9415000.0,0.0,0.0,0.0,0.0,7551000.0,0.0,7551000.0,0.0,0.0,0.1601,0.1601,23515797.0,23515797.0,,,1620591433,16:17:13,20210509
21,1999-06-30,ECL.AX,AUD,1999-06-30,1999-06-30,FY,0.0,0.0,0.0,0.0,0.0,0.0,0.0,0.0,0.0,0.0,1254000.0,0.0,5648000.0,0.0,0.0,0.0,0.0,4394000.0,0.0,4394000.0,0.0,0.0,0.1427,0.1427,10950110.0,10950110.0,,,1620591433,16:17:13,20210509
22,1998-06-30,ECL.AX,AUD,1998-06-30,1998-06-30,FY,0.0,0.0,0.0,0.0,0.0,0.0,0.0,0.0,0.0,0.0,1252358.0,0.0,4319823.0,0.0,0.0,0.0,0.0,3067465.0,0.0,3067465.0,0.0,0.0,0.12,0.12,10542000.0,10542000.0,,,1620591433,16:17:13,20210509
23,1997-06-30,ECL.AX,AUD,1997-06-30,1997-06-30,FY,40804000.0,0.0,40804000.0,1.0,0.0,0.0,0.0,-40804000.0,2116186.0,0.0,1309307.0,1194413.0,41998413.0,1.0292719586315067,40804000.0,1.0,-40804000.0,1639064.0,0.040169199098127634,1639064.0,0.0,0.0,0.11,0.11,10309091.0,10309091.0,,,1620591433,16:17:13,20210509
24,1996-06-30,ECL.AX,AUD,1996-06-30,1996-06-30,FY,30655076.0,0.0,30655076.0,1.0,0.0,0.0,0.0,-29976131.0,678945.0,0.0,1155409.0,678945.0,30655076.0,1.0,29976131.0,0.9778521181940635,-29976131.0,1395851.0,0.04553409034118852,1395851.0,1000658.0,0.032642489615749115,0.1021,0.1021,9762517.0,9762517.0,,,1620591433,16:17:13,20210509
25,1995-06-30,ECL.AX,AUD,1995-06-30,1995-06-30,FY,26291000.0,0.0,26291000.0,1.0,0.0,0.0,0.0,-25125000.0,1166000.0,0.0,1008000.0,1166000.0,26291000.0,1.0,25125000.0,0.9556502225096041,-25125000.0,1683000.0,0.06401430147198661,1683000.0,1319000.0,0.05016925944239473,0.1353,0.128,10304687.0,10304688.0,,,1620591433,16:17:13,20210509
26,1994-06-30,ECL.AX,AUD,1994-06-30,1994-06-30,FY,23099000.0,0.0,23099000.0,1.0,0.0,0.0,0.0,-22266000.0,833000.0,0.0,369000.0,833000.0,23099000.0,1.0,22266000.0,0.963937832806615,-22266000.0,894000.0,0.03870297415472531,894000.0,894000.0,0.03870297415472531,0.0917,0.0916,9759825.0,9759825.0,,,1620591433,16:17:13,20210509
27,1993-06-30,ECL.AX,AUD,1993-06-30,1993-06-30,FY,15035000.0,0.0,15035000.0,1.0,0.0,0.0,0.0,-14534000.0,501000.0,0.0,493000.0,501000.0,15035000.0,1.0,14534000.0,0.9666777519122048,-14534000.0,632000.0,0.04203525108081144,632000.0,632000.0,0.04203525108081144,0.2156,0.2156,2931354.0,2931354.0,,,1620591433,16:17:13,20210509
