,date,symbol,reportedCurrency,fillingDate,acceptedDate,period,revenue,costOfRevenue,grossProfit,grossProfitRatio,researchAndDevelopmentExpenses,generalAndAdministrativeExpenses,sellingAndMarketingExpenses,otherExpenses,operatingExpenses,costAndExpenses,interestExpense,depreciationAndAmortization,ebitda,ebitdaratio,operatingIncome,operatingIncomeRatio,totalOtherIncomeExpensesNet,incomeBeforeTax,incomeBeforeTaxRatio,incomeTaxExpense,netIncome,netIncomeRatio,eps,epsdiluted,weightedAverageShsOut,weightedAverageShsOutDil,link,finalLink,timestamp,est_time,est_date
0,2020-06-30,NGTF,USD,2020-10-13,2020-10-13 16:22:06,FY,241673.0,472131.0,-230458.0,-0.9535943195971416,0.0,1089778.0,403639.0,2559476000000.0,1993417.0,2465548.0,2151181.0,500000.0,-1723875.0,-7.133088925945389,-2223875.0,-9.20200022344242,-37007.0,-4412063.0,-18.256333971937288,0.0,-4412063.0,-18.256333971937288,-75146597.21666905,-75146597.21666905,58712.745,58712.745,https://www.sec.gov/Archives/edgar/data/1593001/000121390020031078/0001213900-20-031078-index.htm,https://www.sec.gov/Archives/edgar/data/1593001/000121390020031078/f10k2020_nightfoodholdings.htm,1620595672,17:27:52,20210509
1,2019-06-30,NGTF,USD,2019-10-15,2019-10-15,FY,352172.0,190251.0,161921.0,0.459778176572811,0.0,1341174.0,732297.0,-779.0,2073471.0,2263722.0,1973387.0,0.0,-1912329.0,-5.430099496836773,-1911550.0,-5.427887509512398,-713406.0,-4598343.0,-13.057094260758948,0.0,-4598343.0,-13.057094260758948,-0.09,-0.09,47827114.0,47827114.0,https://www.sec.gov/Archives/edgar/data/1593001/000121390019020355/0001213900-19-020355-index.htm,https://www.sec.gov/Archives/edgar/data/1593001/000121390019020355/f10k2019_nightfoodholdings.htm,1620595672,17:27:52,20210509
2,2018-06-30,NGTF,USD,2018-06-30,2018-06-30,FY,196742.0,116158.0,80584.0,0.40959225788087955,0.0,1729280.0,189352.0,-10115.0,1918632.0,2034790.0,3303001.0,0.0,-1848163.0,-9.393840664423458,-1838048.0,-9.342428154639071,-98444.0,-5239493.0,-26.631288692805807,0.0,-5239493.0,-26.631288692805807,-0.15,-0.15,35544034.0,35544034.0,,,1620595672,17:27:52,20210509
3,2017-06-30,NGTF,USD,2017-10-03,2017-10-03,FY,21644.0,31798.0,-10154.0,-0.4691369432637221,0.0,689341.0,12319.0,0.0,701660.0,733458.0,6215.0,0.0,-711814.0,-32.887359083348734,-711814.0,-32.887359083348734,-197388.0,-915417.0,-42.294261689151725,0.0,-915417.0,-42.294261689151725,-0.03,-0.03,29020192.0,29020192.0,https://www.sec.gov/Archives/edgar/data/1593001/000121390017010242/0001213900-17-010242-index.htm,https://www.sec.gov/Archives/edgar/data/1593001/000121390017010242/f10k2017_nightfoodholdings.htm,1620595672,17:27:52,20210509
4,2016-06-30,NGTF,USD,2016-09-28,2016-09-28,FY,24918.0,104712.0,-79794.0,-3.202263424030821,0.0,527785.0,110751.0,0.0,638536.0,743248.0,8267.0,0.0,-718329.0,-28.827714904888033,-718330.0,-28.827755036519786,0.0,-726596.0,-29.159483104583032,0.0,-726596.0,-29.159483104583032,-0.03,-0.03,27524987.0,27524987.0,https://www.sec.gov/Archives/edgar/data/1593001/000121390016017109/0001213900-16-017109-index.htm,https://www.sec.gov/Archives/edgar/data/1593001/000121390016017109/f10k2016_nightfoodholding.htm,1620595672,17:27:52,20210509
5,2015-06-30,NGTF,USD,2015-09-30,2015-09-30,FY,68409.0,75835.0,-7426.0,-0.1085529681767019,0.0,262870.0,86200.0,0.0,349070.0,424905.0,10637.0,0.0,-356497.0,-5.211258752503325,-356496.0,-5.2112441345437,0.0,-367134.0,-5.36674998903653,0.0,-367134.0,-5.36674998903653,-0.01,-0.01,25558832.0,25558832.0,https://www.sec.gov/Archives/edgar/data/1593001/000121390015007382/0001213900-15-007382-index.htm,https://www.sec.gov/Archives/edgar/data/1593001/000121390015007382/f10k2015_nightfoodholdings.htm,1620595672,17:27:52,20210509
6,2014-06-30,NGTF,USD,2014-09-29,2014-09-29,FY,2575.0,16734.0,-14159.0,-5.4986407766990295,0.0,1090995.0,26891.0,0.0,1117886.0,1134620.0,12280.0,0.0,-1132045.0,-439.62912621359226,-1132045.0,-439.62912621359226,0.0,-1144325.0,-444.3980582524272,0.0,-1144325.0,-444.3980582524272,-0.049,-0.049,23172482.0,23172482.0,https://www.sec.gov/Archives/edgar/data/1593001/000146970914000412/0001469709-14-000412-index.htm,https://www.sec.gov/Archives/edgar/data/1593001/000146970914000412/nightfood10k_063014apg.htm,1620595672,17:27:52,20210509
