,date,symbol,reportedCurrency,fillingDate,acceptedDate,period,revenue,costOfRevenue,grossProfit,grossProfitRatio,researchAndDevelopmentExpenses,generalAndAdministrativeExpenses,sellingAndMarketingExpenses,otherExpenses,operatingExpenses,costAndExpenses,interestExpense,depreciationAndAmortization,ebitda,ebitdaratio,operatingIncome,operatingIncomeRatio,totalOtherIncomeExpensesNet,incomeBeforeTax,incomeBeforeTaxRatio,incomeTaxExpense,netIncome,netIncomeRatio,eps,epsdiluted,weightedAverageShsOut,weightedAverageShsOutDil,link,finalLink,timestamp,est_time,est_date
0,2020-08-31,FC,USD,2020-11-16,2020-11-16 12:24:56,FY,198456000.0,53086000.0,145370000.0,0.7325049381223042,0.0,129406000.0,0.0,0.0,140676000.0,193762000,2318000.0,11270000.0,15964000.0,0.08044100455516588,4694000.0,0.02365259805700004,-1636000.0,796000.0,0.004010964647075422,10231000.0,-9435000.0,-0.0475420244285887,-0.68,-0.68,13892000,13892000,https://www.sec.gov/Archives/edgar/data/886206/000088620620000029/0000886206-20-000029-index.htm,https://www.sec.gov/Archives/edgar/data/886206/000088620620000029/form10k_11132020.htm,1620591964,16:26:04,20210509
1,2019-08-31,FC,USD,2019-11-14 00:00:00,2019-11-14 13:59:09,FY,225356000.0,66042000.0,159314000.0,0.7069436802215162,0.0,145319000.0,0.0,258000.0,156659000.0,222701000,2358000.0,11340000.0,13995000.0,0.062101741244963524,2655000.0,0.011781359271552565,258000.0,592000.0,0.002626954685031683,1615000.0,-1023000.0,-0.004539484193897656,-0.07,-0.07,13948000,13948000,https://www.sec.gov/Archives/edgar/data/886206/000088620619000036/0000886206-19-000036-index.html,https://www.sec.gov/Archives/edgar/data/886206/000088620619000036/form10k_111419.htm,1620591964,16:26:04,20210509
2,2018-08-31,FC,USD,2018-11-14 00:00:00,2018-11-14 13:41:39,FY,209758000.0,61469000.0,148289000.0,0.7069527741492577,0.0,141126000.0,0.0,418000.0,151655000.0,213124000,2676000.0,10529000.0,7163000.0,0.03414887632414497,-3366000.0,-0.01604706375918916,418000.0,-5520000.0,-0.026316040389401118,367000.0,-5887000.0,-0.028065675683406593,-0.43,-0.43,13849000,13849000,https://www.sec.gov/Archives/edgar/data/886206/000088620618000026/0000886206-18-000026-index.html,https://www.sec.gov/Archives/edgar/data/886206/000088620618000026/form10k_111418.htm,1620591964,16:26:04,20210509
3,2017-08-31,FC,USD,2017-11-14 00:00:00,2017-11-14 13:02:49,FY,185256000.0,62589000.0,122667000.0,0.6621485943775101,0.0,121148000.0,0.0,0.0,130065000.0,192654000,2408000.0,7417000.0,19000.0,0.00010256078075743835,-7398000.0,-0.03993392926544889,-1482000.0,-10909000.0,-0.058886081962257635,-3737000.0,-7172000.0,-0.03871399576801831,-0.52,-0.52,13819000,13819000,https://www.sec.gov/Archives/edgar/data/886206/000088620617000037/0000886206-17-000037-index.html,https://www.sec.gov/Archives/edgar/data/886206/000088620617000037/form10k_08312017.htm,1620591964,16:26:04,20210509
4,2016-08-31,FC,USD,2016-11-14 00:00:00,2016-11-14 15:46:55,FY,200055000.0,64901000.0,135154000.0,0.6755842143410562,0.0,113589000.0,0.0,0.0,120529000.0,185430000,2263000.0,6940000.0,21565000.0,0.10779535627702382,14625000.0,0.07310489615355777,-776000.0,11911000.0,0.05953862687760866,4895000.0,7016000.0,0.03507035565219565,0.46948608137044967,0.46537543114884583,14944000,15076000,https://www.sec.gov/Archives/edgar/data/886206/000088620616000075/0000886206-16-000075-index.html,https://www.sec.gov/Archives/edgar/data/886206/000088620616000075/form10k_111116.htm,1620591964,16:26:04,20210509
5,2015-08-31,FC,USD,2015-11-13 00:00:00,2015-11-12 19:49:53,FY,209941000.0,71852000.0,138089000.0,0.6577514635064137,0.0,108802000.0,0.0,-363000.0,116671000.0,188523000,2137000.0,7869000.0,29287000.0,0.13950109792751297,21418000.0,0.10201913871039958,-2252000.0,17412000.0,0.08293758722688756,6296000.0,11116000.0,0.052948209258791755,0.663958905746028,0.6568575311705962,16742000,16923000,https://www.sec.gov/Archives/edgar/data/886206/000088620615000031/0000886206-15-000031-index.html,https://www.sec.gov/Archives/edgar/data/886206/000088620615000031/form10k_083115.htm,1620591964,16:26:04,20210509
6,2014-08-31,FC,USD,2014-11-14 00:00:00,2014-11-14 11:50:33,FY,205165000.0,66899000.0,138266000.0,0.6739258645480467,0.0,106164000.0,0.0,-1196000.0,113501000.0,180400000,2237000.0,7337000.0,32102000.0,0.15646918334023835,24765000.0,0.12070772305217752,-1196000.0,21759000.0,0.1060561011868496,3692000.0,18067000.0,0.0880608290887822,1.08,1.07,16720000,16947000,https://www.sec.gov/Archives/edgar/data/886206/000088620614000024/0000886206-14-000024-index.html,https://www.sec.gov/Archives/edgar/data/886206/000088620614000024/form10k_111414.htm,1620591964,16:26:04,20210509
7,2013-08-31,FC,USD,2013-11-14 00:00:00,2013-11-14 17:02:34,FY,190924000.0,61935000.0,128989000.0,0.6756039052188305,0.0,101176000.0,0.0,-498000.0,107375000.0,169310000,2332000.0,6199000.0,27813000.0,0.14567576627349102,21614000.0,0.11320734952127548,-498000.0,19398000.0,0.10160063690264189,5079000.0,14319000.0,0.07499842869414007,0.83,0.8,17348000,17971000,https://www.sec.gov/Archives/edgar/data/886206/000088620613000032/0000886206-13-000032-index.html,https://www.sec.gov/Archives/edgar/data/886206/000088620613000032/form10k_08312013.htm,1620591964,16:26:04,20210509
8,2012-08-31,FC,USD,2012-11-14 00:00:00,2012-11-14 15:24:48,FY,170456000.0,57773000.0,112683000.0,0.6610679588867509,0.0,89462000.0,0.0,0.0,95103000.0,152876000,2482000.0,5641000.0,23221000.0,0.1362287041817243,17580000.0,0.10313511991364341,-1369000.0,13747000.0,0.08064837846717042,5906000.0,7841000.0,0.046000140798798515,0.44,0.43,17772000,18360000,https://www.sec.gov/Archives/edgar/data/886206/000088620612000034/0000886206-12-000034-index.html,https://www.sec.gov/Archives/edgar/data/886206/000088620612000034/form10k_111312.htm,1620591964,16:26:04,20210509
9,2011-08-31,FC,USD,2011-11-14 00:00:00,2011-11-14 13:38:12,FY,160804000.0,57330000.0,103474000.0,0.6434790179348773,0.0,85255000.0,0.0,0.0,92362000.0,149692000,2687000.0,7107000.0,18219000.0,0.11329942041242755,11112000.0,0.06910275863784483,0.0,8446000.0,0.052523569065446134,3639000.0,4807000.0,0.029893534986691873,0.28,0.27,17106000,17547000,https://www.sec.gov/Archives/edgar/data/886206/000088620611000036/0000886206-11-000036-index.html,https://www.sec.gov/Archives/edgar/data/886206/000088620611000036/form10k_11112011.htm,1620591964,16:26:04,20210509
10,2010-08-31,FC,USD,2010-11-12 00:00:00,2010-11-12 15:46:38,FY,136874000.0,47803000.0,89071000.0,0.6507517863144205,0.0,77604000.0,0.0,0.0,85033000.0,132836000,2892000.0,7429000.0,11467000.0,0.0837777810248842,4038000.0,0.02950158539971068,0.0,1180000.0,0.008621067551178457,2484000.0,-518000.0,-0.003784502535178339,-0.04,-0.04,13525000,13525000,https://www.sec.gov/Archives/edgar/data/886206/000088620610000031/0000886206-10-000031-index.html,https://www.sec.gov/Archives/edgar/data/886206/000088620610000031/form10k_111210.htm,1620591964,16:26:04,20210509
11,2009-08-31,FC,USD,2009-11-16 00:00:00,2009-11-16 17:17:02,FY,130118000.0,49705000.0,80413000.0,0.618000584085215,0.0,77943000.0,0.0,0.0,86236000.0,135941000,3049000.0,8293000.0,2470000.0,0.018982769486158717,-5823000.0,-0.04475168693032478,-5616000.0,-14461000.0,-0.11113758280944988,-3629000.0,-10832000.0,-0.08324751379517054,-0.81,-0.81,13406000,13406000,https://www.sec.gov/Archives/edgar/data/886206/000088620609000034/0000886206-09-000034-index.html,https://www.sec.gov/Archives/edgar/data/886206/000088620609000034/form10k_111609.htm,1620591964,16:26:04,20210509
12,2008-08-31,FC,USD,2008-11-14 00:00:00,2008-11-14 17:27:36,FY,260092000.0,98303000.0,161789000.0,0.6220452762868524,0.0,141318000.0,0.0,0.0,142965000.0,241268000,0.0,9295000.0,28119000.0,0.10811174507481967,18824000.0,0.07237439060024914,5584000.0,13834000.0,0.0531888716300386,7986000.0,5848000.0,0.022484351690940128,0.3,0.29,19577000,19922000,https://www.sec.gov/Archives/edgar/data/886206/000088620608000060/0000886206-08-000060-index.html,https://www.sec.gov/Archives/edgar/data/886206/000088620608000060/form10k_111408.htm,1620591964,16:26:04,20210509
13,2007-08-31,FC,USD,2007-11-14 00:00:00,2007-11-14 16:33:46,FY,284125000.0,109748000.0,174377000.0,0.6137333919929608,0.0,149220000.0,0.0,0.0,156293000.0,266041000,3136000.0,8300000.0,26384000.0,0.09286053673559173,18084000.0,0.06364804223493181,1227000.0,15665000.0,0.055134183897932246,8036000.0,7629000.0,0.026850857897052355,0.28,0.27,19593000,19888000,https://www.sec.gov/Archives/edgar/data/886206/000088620607000030/0000886206-07-000030-index.html,https://www.sec.gov/Archives/edgar/data/886206/000088620607000030/form10k_111407.htm,1620591964,16:26:04,20210509
14,2006-08-31,FC,USD,2006-11-14,2006-11-14 14:35:06,FY,278623000.0,111238000.0,167385000.0,0.6007580135164721,0.0,144747000.0,0.0,0.0,153339000.0,264577000,0.0,8592000.0,22638000.0,0.08124957379685094,14046000.0,0.050412205740373195,873000.0,13631000.0,0.04892273789313876,-14942000.0,28573000.0,0.10255075855187834,1.2,1.18,20134000,20554000,https://www.sec.gov/Archives/edgar/data/886206/000088620606000040/form10k_111406.htm,https://www.sec.gov/Archives/edgar/data/886206/000088620606000040/form10k_111406.htm,1620591964,16:26:04,20210509
15,2005-11-29,FC,USD,2005-11-29,2005-11-29 13:45:32,FY,0.0,0.0,0.0,0.0,0.0,148305000.0,0.0,0.0,148305000.0,148305000,786000.0,13939000.0,22882000.0,0.0,8943000.0,0.0,0.0,9101000.0,0.0,1085000.0,10186000.0,0.0,0.5106,0.5106,19949000,19949000,https://www.sec.gov/Archives/edgar/data/886206/000088620605000054/0000886206-05-000054-index.htm,https://www.sec.gov/Archives/edgar/data/886206/000088620605000054/form10k_112905.htm,1620591964,16:26:04,20210509
16,2005-08-31,FC,USD,2005-08-31,2005-08-31,FY,283542000.0,114847000.0,168695000.0,0.5949559500885231,0.0,148305000.0,0.0,0.0,159752000.0,274599000,0.0,11947000.0,20890000.0,0.07367515218204006,8943000.0,0.03154030090780202,500000.0,9101000.0,0.03209753757820711,-1085000.0,10186000.0,0.03592413116928004,-0.34,-0.34,19949000,19949000,,,1620591964,16:26:04,20210509
17,2004-08-31,FC,USD,2004-11-29,2004-11-29 17:16:09,FY,275434000.0,120294000.0,155140000.0,0.563256533325588,0.0,148257000.0,0.0,0.0,164204000.0,284498000,0.0,15947000.0,6883000.0,0.024989652693567243,-9064000.0,-0.032908065090003415,0.0,-8801000.0,-0.031953208391120924,1349000.0,-10150000.0,-0.03685093343595925,-0.5143407317320361,-0.5088484483882288,19734000,19947000,https://www.sec.gov/Archives/edgar/data/886206/000088620604000052/fy2004_10k.htm,https://www.sec.gov/Archives/edgar/data/886206/000088620604000052/fy2004_10k.htm,1620591964,16:26:04,20210509
18,2003-08-31,FC,USD,2003-08-31,2003-08-31,FY,307160000.0,137601000.0,169559000.0,0.5520217476233885,0.0,186443000.0,0.0,0.0,217224000.0,354825000,248000.0,30781000.0,-16884000.0,-0.054968094804010936,-47665000.0,-0.15517971089985674,-542000.0,-47790000.0,-0.15558666493032947,-2537000.0,-45253000.0,-0.14732712592785518,-2.69,-2.69,20041000,20041000,,,1620591964,16:26:04,20210509
19,2002-08-31,FC,USD,2002-08-31,2002-08-31,FY,332998000.0,149369000.0,183629000.0,0.5514417504009033,0.0,241685000.0,0.0,0.0,306202000.0,455571000,0.0,38009000.0,-84564000.0,-0.25394747115598293,-122573000.0,-0.3680892978336206,-26442000.0,-122179000.0,-0.36690610754418945,-25713000.0,-100585000.0,-0.3020588712244518,-5.49,-5.49,19895000,19895000,,,1620591964,16:26:04,20210509
20,2001-08-31,FC,USD,2001-11-29 00:00:00,2001-11-29 00:00:00,FY,525333000.0,226760000.0,298573000.0,0.5683499799174999,0.0,259987000.0,0.0,0.0,305866000.0,532626000,0.0,45879000.0,38586000.0,0.07345055421989481,-7293000.0,-0.013882623021968923,2088000.0,-10816000.0,-0.02058884555129794,267000.0,-11083000.0,-0.02109709460475546,-0.95,-0.95,20199000,20199000,https://www.sec.gov/Archives/edgar/data/886206/000088620601500016/0000886206-01-500016-index.html,https://www.sec.gov/Archives/edgar/data/886206/000088620601500016/fy01_10k.htm,1620591964,16:26:04,20210509
21,2000-08-31,FC,USD,2000-11-29 00:00:00,2000-11-29 00:00:00,FY,585199000.0,250865000.0,334334000.0,0.5713167657497706,0.0,269303000.0,0.0,0.0,317813000.0,568678000,0.0,48510000.0,65031000.0,0.11112630062594092,16521000.0,0.028231422131616765,-6455000.0,5553000.0,0.009489079783116512,9962000.0,-4409000.0,-0.0075341892245202055,-0.61,-0.61,20437000,20437000,https://www.sec.gov/Archives/edgar/data/886206/000089155400002524/0000891554-00-002524-index.html,https://www.sec.gov/Archives/edgar/data/886206/000089155400002524/0000891554-00-002524-0001.txt,1620591964,16:26:04,20210509
22,1999-08-31,FC,USD,1999-08-31,1999-08-31,FY,554900000.0,239100000.0,315800000.0,0.5691115516309245,0.0,235000000.0,0.0,0.0,278500000.0,517600000,0.0,43500000.0,80800000.0,0.14561182194990088,37300000.0,0.0672193187961795,-32800000.0,-4300000.0,-0.007749143989908091,4500000.0,-8800000.0,-0.015858713281672373,-0.51,-0.51,20881000,20881000,,,1620591964,16:26:04,20210509
23,1998-08-31,FC,USD,1998-08-31,1998-08-31,FY,546600000.0,208300000.0,338300000.0,0.6189169410903769,0.0,221300000.0,0.0,0.0,259900000.0,468200000,0.0,38600000.0,117000000.0,0.21405049396267836,78400000.0,0.14343212586900841,2000000.0,72000000.0,0.13172338090010977,29900000.0,40000000.0,0.07317965605561653,1.66,1.62,24091000,24726000,,,1620591964,16:26:04,20210509
24,1997-08-31,FC,USD,1997-08-31,1997-08-31,FY,433300000.0,172800000.0,260500000.0,0.6012000923147934,0.0,164100000.0,0.0,0.0,187700000.0,360500000,0.0,23600000.0,96400000.0,0.2224786522040157,72800000.0,0.1680129240710824,-4200000.0,66400000.0,0.15324255711977844,27500000.0,38900000.0,0.0897761366258943,1.76,1.76,22117000,22117000,,,1620591964,16:26:04,20210509
25,1996-08-31,FC,USD,1996-08-31,1996-08-31,FY,332000000.0,142700000.0,189300000.0,0.5701807228915663,0.0,116400000.0,0.0,0.0,132600000.0,275300000,600000.0,16200000.0,72900000.0,0.21957831325301205,56700000.0,0.17078313253012048,2200000.0,58200000.0,0.1753012048192771,24000000.0,34200000.0,0.10301204819277109,1.61,1.53,21242236,22352941,,,1620591964,16:26:04,20210509
26,1995-08-31,FC,USD,1995-08-31,1995-08-31,FY,277100000.0,108200000.0,168900000.0,0.6095272464814147,0.0,0.0,0.0,0.0,0.0,215400000,0.0,11700000.0,73400000.0,0.2648863226272104,61700000.0,0.22266329844821364,3000000.0,64200000.0,0.23168531216167448,25500000.0,38700000.0,0.13966077228437387,1.71,1.71,22631579,22631579,,,1620591964,16:26:04,20210509
27,1994-08-31,FC,USD,1994-08-31,1994-08-31,FY,215900000.0,84100000.0,131800000.0,0.6104678091709125,0.0,0.0,0.0,0.0,0.0,166300000,0.0,6300000.0,55900000.0,0.2589161648911533,49600000.0,0.22973598888374247,2300000.0,51000000.0,0.23622047244094488,20100000.0,30900000.0,0.14312181565539603,1.4,1.4,22071429,22071429,,,1620591964,16:26:04,20210509
28,1993-08-31,FC,USD,1993-08-31,1993-08-31,FY,165500000.0,66200000.0,99300000.0,0.6,0.0,0.0,0.0,0.0,0.0,127900000,0.0,4300000.0,41900000.0,0.25317220543806646,37600000.0,0.227190332326284,2200000.0,38700000.0,0.2338368580060423,15300000.0,23400000.0,0.14138972809667674,1.1,1.1,21272727,21272727,,,1620591964,16:26:04,20210509
29,1992-08-31,FC,USD,1992-08-31,1992-08-31,FY,120800000.0,49100000.0,71700000.0,0.5935430463576159,0.0,0.0,0.0,0.0,0.0,93000000,0.0,2700000.0,30500000.0,0.25248344370860926,27800000.0,0.23013245033112584,900000.0,27400000.0,0.22682119205298013,2900000.0,24500000.0,0.20281456953642385,0.93,0.93,17012987,17012987,,,1620591964,16:26:04,20210509
30,1991-08-31,FC,USD,1991-08-31,1991-08-31,FY,81900000.0,34100000.0,47800000.0,0.5836385836385837,0.0,0.0,0.0,0.0,0.0,64800000,0.0,1800000.0,18900000.0,0.23076923076923078,17100000.0,0.2087912087912088,700000.0,16600000.0,0.2026862026862027,5800000.0,10800000.0,0.13186813186813187,0.61,0.61,17704918,17704918,,,1620591964,16:26:04,20210509
