,date,symbol,reportedCurrency,fillingDate,acceptedDate,period,revenue,costOfRevenue,grossProfit,grossProfitRatio,researchAndDevelopmentExpenses,generalAndAdministrativeExpenses,sellingAndMarketingExpenses,otherExpenses,operatingExpenses,costAndExpenses,interestExpense,depreciationAndAmortization,ebitda,ebitdaratio,operatingIncome,operatingIncomeRatio,totalOtherIncomeExpensesNet,incomeBeforeTax,incomeBeforeTaxRatio,incomeTaxExpense,netIncome,netIncomeRatio,eps,epsdiluted,weightedAverageShsOut,weightedAverageShsOutDil,link,finalLink,timestamp,est_time,est_date
0,2019-12-31,CCRC,USD,2019-12-31,2019-12-31,FY,173409110,134504540,38904570.0,0.2243513619324844,0.0,26318770.0,0.0,0.0,24493369.0,160823310.0,-190810.0,3404910.0,15990710.0,0.09221378277069757,12585800.0,0.07257865518138003,3170500.0,15565500.0,0.08976172013108193,2391370.0,13056010.0,0.07529021975835064,0.71229,0.71229,18329600,18329600,,,1620590047,15:54:07,20210509
1,2018-12-31,CCRC,USD,2019-04-26,2019-04-26,FY,141433640,102567900,38865740.0,0.27479841429521296,0.0,21329910.0,0.0,-124370000.0,19620611.0,123897800.00000001,404958000.0,2635240.0,20171080.0,0.14261868675655948,17535840.0,0.12398634440858625,2137130.0,19268010.0,0.13623357215440401,2966880000.0,16092540.0,0.11378155861646494,0.87795,0.87795,18329600,18329600,https://www.sec.gov/Archives/edgar/data/1620664/000121390019007201/f20f2018_chinacustomer.htm,https://www.sec.gov/Archives/edgar/data/1620664/000121390019007201/f20f2018_chinacustomer.htm,1620590047,15:54:07,20210509
2,2017-12-31,CCRC,USD,2018-04-27,2018-04-27,FY,88971790,65562560,23409230.0,0.2631084526904539,0.0,14766520.0,0.0,14766524000.0,12881184.0,80329089.99999999,1609000.0,1852150.0,10494850.0,0.11795705133053971,8642700.0,0.09713977879954984,1729690.0,10370790.0,0.11656267677653782,1255654000.0,8773460.0,0.09860945812150121,0.47865,0.47865,18329600,18329600,https://www.sec.gov/Archives/edgar/data/1620664/000121390018005051/f20f2017_chinacustomer.htm,https://www.sec.gov/Archives/edgar/data/1620664/000121390018005051/f20f2017_chinacustomer.htm,1620590047,15:54:07,20210509
3,2016-12-31,CCRC,USD,2017-04-28,2017-04-28,FY,72731710,53098550,19633160.0,0.2699394803174571,0.0,11082110.0,0.0,-55003000.0,10280981.0,64180660.0,50383000.0,1542350.0,10093400.0,0.13877578294254322,8551050.0,0.11756976427475718,1225510.0,9726170.0,0.13372667850102796,1448923000.0,8277250.0,0.11380524395755304,0.45158,0.45158,18329600,18329600,https://www.sec.gov/Archives/edgar/data/1620664/000121390017004369/f20f2016_chinacustomer.htm,https://www.sec.gov/Archives/edgar/data/1620664/000121390017004369/f20f2016_chinacustomer.htm,1620590047,15:54:07,20210509
4,2015-12-31,CCRC,USD,2015-12-31,2015-12-31,FY,59350720,46891620,12459100.0,0.20992331685276944,0.0,7250330.0,0.0,0.0,6222750.0,54141950.0,-278360.0,1340960.0,6549730.0,0.11035636972896032,5208770.0,0.08776254104415246,1119470.0,6049880.0,0.10193439944789212,1275630.0,4774240.0,0.08044114713351413,0.29811,0.29811,16015080,16015080,,,1620590047,15:54:07,20210509
5,2014-12-31,CCRC,USD,2014-12-31,2014-12-31,FY,42673140,35188330,7484810.0,0.17539862311514925,0.0,5779600.0,0.0,0.0,4340414.0,40967930.0,-552890.0,1342260.0,3047470.0,0.07141424324528263,1705210.0,0.03995979672459069,1265650.0,2417960.0,0.05666234076048775,635860.0,1782100.0,0.041761632727284656,0.11433,0.11433,15586870,15586870,,,1620590047,15:54:07,20210509
6,2013-12-31,CCRC,USD,2013-12-31,2013-12-31,FY,28130305,23757669,4372636.0,0.15544218237235607,0.0,3085437.0,0.0,11106.0,371411.0,24129080.0,468823.0,1145348.0,5146573.0,0.18295475289016597,4001225.0,0.14223894835125322,11106.0,3543508.0,0.1259676352602647,594240.0,2949268.0,0.10484308648626454,0.160902,0.160902,18329600,18329600,,,1620590047,15:54:07,20210509
7,2012-12-31,CCRC,USD,2012-12-31,2012-12-31,FY,21780782,19436755,2344027.0,0.10761904691943568,0.0,2649439.0,0.0,-51649.0,1496456.0,20933211.0,517400.0,927892.0,1775463.0,0.08151511731764269,847571.0,0.038913708424242986,-51649.0,278522.0,0.012787511486043063,-35066.0,313588.0,0.014397462864280997,0.017108,0.017108,18329600,18329600,,,1620590047,15:54:07,20210509
