,date,symbol,reportedCurrency,fillingDate,acceptedDate,period,revenue,costOfRevenue,grossProfit,grossProfitRatio,researchAndDevelopmentExpenses,generalAndAdministrativeExpenses,sellingAndMarketingExpenses,otherExpenses,operatingExpenses,costAndExpenses,interestExpense,depreciationAndAmortization,ebitda,ebitdaratio,operatingIncome,operatingIncomeRatio,totalOtherIncomeExpensesNet,incomeBeforeTax,incomeBeforeTaxRatio,incomeTaxExpense,netIncome,netIncomeRatio,eps,epsdiluted,weightedAverageShsOut,weightedAverageShsOutDil,link,finalLink,timestamp,est_time,est_date
0,2020-12-31,ERA.AX,AUD,2020-12-31,2020-12-31,FY,254891000.0,85806000.0,169085000.0,0.663361986103864,0.0,110564000.0,0.0,-12517000.0,0.0,0.0,24949000.0,353000.0,46462000,0.1822818381190391,46109000.0,0.18089693241424765,-12517000.0,8643000.0,0.033908611916466255,-2817000.0,11460000.0,0.04496039483543946,0.022135300840429473,0.022135300840429473,517725062,517725062,,,1620591736,16:22:16,20210509
1,2019-12-31,ERA.AX,AUD,2019-12-31,2019-12-31,FY,209677000.0,54857000.0,154820000.0,0.7383737844398766,0.0,119767000.0,0.0,15662000.0,134098000.0,0.0,34580000.0,176000.0,20898000,0.09966758395055252,20722000.0,0.09882819765639532,12539000.0,6252000.0,0.029817290403811578,0.0,6252000.0,0.029817290403811578,0.012,0.012,517725062,517725062,,,1620591736,16:22:16,20210509
2,2018-12-31,ERA.AX,AUD,2018-12-31,2018-12-31,FY,201273000.0,49078000.0,152195000.0,0.7561620286874047,0.0,124158000.0,0.0,-6678000.0,589594000.0,0.0,22539000.0,4334000.0,-433065000,-2.1516298758402765,-437399000.0,-2.1731628186592338,-6678000.0,-456323000.0,-2.267184371475558,-21049000.0,-435274000.0,-2.162605019053723,-0.610721,-0.610721,712684185,712684185,,,1620591736,16:22:16,20210509
3,2017-12-31,ERA.AX,AUD,2017-12-31,2017-12-31,FY,211181000.0,93323000.0,117858000.0,0.5580899796856725,0.0,117980000.0,4890000.0,8513000.0,157393000.0,0.0,22072000.0,0.0,-21629000,-0.10241925173192665,-39535000.0,-0.1872090765741236,8682000.0,-43532000.0,-0.20613596867142403,0.0,-43532000.0,-0.20613596867142403,-0.061021,-0.061021,712684270,712684270,,,1620591736,16:22:16,20210509
4,2016-12-31,ERA.AX,AUD,2016-12-31,2016-12-31,FY,267765000.0,119913000.0,147852000.0,0.5521707467368775,0.0,130062000.0,5526000.0,15046000.0,199216000.0,0.0,19654000.0,37853000.0,-13511000,-0.050458424364648105,-51364000.0,-0.19182492110619387,-208763000.0,-271077000.0,-1.0123690549549045,0.0,-271077000.0,-1.0123690549549045,-0.380657,-0.380657,712130142,712130142,,,1620591736,16:22:16,20210509
5,2015-12-31,ERA.AX,AUD,2015-12-31,2015-12-31,FY,332777000.0,121249000.0,211528000.0,0.6356448913236191,1705000.0,143425000.0,5130000.0,-10918000.0,266870000.0,0.0,22031000.0,111933000.0,56591000,0.17005682484065907,-55342000.0,-0.16630356064271268,-10918000.0,-79798000.0,-0.23979421654741764,195695000.0,-275493000.0,-0.827860699507478,-0.386468,-0.386468,712847976,712847976,,,1620591736,16:22:16,20210509
6,2014-12-31,ERA.AX,AUD,2014-12-31,2014-12-31,FY,379166000.0,277109000.0,102057000.0,0.26916179193282097,22790000.0,224730000.0,2333000.0,6772000.0,365485000.0,0.0,29301000.0,119977000.0,-143451000,-0.37833297289313916,-263428000.0,-0.6947563863848552,8465000.0,-273602000.0,-0.7215889610355359,-85802000.0,-187800000.0,-0.4952975741495809,-0.263699,-0.263699,712175367,712175367,,,1620591736,16:22:16,20210509
7,2013-12-31,ERA.AX,AUD,2013-12-31,2013-12-31,FY,356139000.0,74319000.0,281820000.0,0.7913202429388525,28013000.0,172902000.0,10371000.0,-17475000.0,431557000.0,0.0,32402000.0,232169000.0,82432000,0.23146018829726595,-149737000.0,-0.4204453878962989,-17475000.0,-186541000.0,-0.5237870606701316,-50712000.0,-135829000.0,-0.38139322006295295,-0.190619,-0.190619,712684270,712684270,,,1620591736,16:22:16,20210509
8,2012-12-31,ERA.AX,AUD,2012-12-31,2012-12-31,FY,421886000.0,76277000.0,345609000.0,0.819199973452544,34493000.0,220056000.0,7228000.0,-19676000.0,483209000.0,0.0,29465000.0,243651000.0,106051000,0.25137359381444274,-137600000.0,-0.3261544587874449,-87720000.0,-254785000.0,-0.6039190681842962,-36026000.0,-218759000.0,-0.5185263317578682,-0.306923,-0.306923,712684270,712684270,,,1620591736,16:22:16,20210509
9,2011-12-31,ERA.AX,AUD,2011-12-31,2011-12-31,FY,666914000.0,465686000.0,201228000.0,0.30173005814842696,0.0,225028000.0,0.0,-15218000.0,365218000.0,0.0,27132000.0,125925000.0,-38065000,-0.05707632468354241,-163990000.0,-0.24589377341006485,-15218000.0,-206340000.0,-0.3093952143754667,-52741000.0,-153599000.0,-0.23031305385701906,-0.215536,-0.215536,712684270,712684270,,,1620591736,16:22:16,20210509
10,2010-12-31,ERA.AX,AUD,2010-12-31,2010-12-31,FY,572283000.0,178665000.0,393618000.0,0.6878030624708404,64775000.0,212342000.0,10778000.0,-24898000.0,306283000.0,0.0,15709000.0,60748000.0,148083000,0.25875834158973793,87335000.0,0.1526080627941071,-24898000.0,59427000.0,0.10384198027898785,12423000.0,47004000.0,0.08213418885411589,0.118321,0.118321,396562376,396562376,,,1620591736,16:22:16,20210509
11,2009-12-31,ERA.AX,AUD,2009-12-31,2009-12-31,FY,768297000.0,68522000.0,699775000.0,0.9108131360658703,35280000.0,179633000.0,13936000.0,-4793000.0,309411000.0,0.0,11191000.0,66602000.0,456966000,0.5947778007723575,390364000.0,0.5080899704150869,-4741000.0,382053000.0,0.49727253913525626,109479000.0,272574000.0,0.35477686363476624,0.687318,0.687318,396562376,396562376,,,1620591736,16:22:16,20210509
12,2008-12-31,ERA.AX,AUD,2008-12-31,2008-12-31,FY,684058000.0,60825000.0,623233000.0,0.9110821012253347,34229000.0,166519000.0,9166000.0,-4756000.0,256230000.0,0.0,56465000.0,47277000.0,414280000,0.6056211607787644,367003000.0,0.5365086001479407,-3357000.0,312569000.0,0.45693347640112386,90784000.0,221785000.0,0.32421958371950915,0.559282,0.559282,396562376,396562376,,,1620591736,16:22:16,20210509
13,2007-12-31,ERA.AX,AUD,2007-12-31,2007-12-31,FY,357080000.0,40831000.0,316249000.0,0.8856530749411896,20934000.0,117079000.0,9758000.0,-17312000.0,190987000.0,0.0,13871000.0,45644000.0,170906000,0.4786210373025653,125262000.0,0.3507953399798365,-17247000.0,98366000.0,0.2754732832978604,22277000.0,76089000.0,0.21308670325977372,0.19191,0.19191,396562376,396562376,,,1620591736,16:22:16,20210509
14,2006-12-31,ERA.AX,AUD,2006-12-31,2006-12-31,FY,312698000.0,74233000.0,238465000.0,0.7626048135901093,8236000.0,90716000.0,11314000.0,-15997000.0,153724000.0,0.0,10989000.0,33645000.0,118386000,0.3785953220039783,84741000.0,0.27099949472014534,-15997000.0,62247000.0,0.1990642728767053,18640000.0,43607000.0,0.1394540419190401,0.109952,0.109952,396562376,396562376,,,1620591736,16:22:16,20210509
15,2005-12-31,ERA.AX,AUD,2005-12-31,2005-12-31,FY,262036000.0,47055000.0,214981000.0,0.820425437726114,3478000.0,78468000.0,9229000.0,-13223000.0,136497000.0,0.0,9971000.0,47832000.0,126316000,0.4820559007159322,78484000.0,0.2995160970248363,-13223000.0,59182000.0,0.22585446274557694,18480000.0,40702000.0,0.1553298020119373,0.102448,0.102448,396562376,396562376,,,1620591736,16:22:16,20210509
16,2004-12-31,ERA.AX,AUD,2004-12-31,2004-12-31,FY,236270000.0,68435000.0,167835000.0,0.7103525627460109,3189000.0,45040000.0,7627000.0,-10400000.0,113186000.0,0.0,187000.0,40421000.0,95070000,0.4023786346129428,54649000.0,0.23129893765607146,-10400000.0,47649000.0,0.20167181614254878,47649000.0,38615000.0,0.16343589960638252,0.097639,0.097639,396562376,396562376,,,1620591736,16:22:16,20210509
17,2003-12-31,ERA.AX,AUD,2003-12-31,2003-12-31,FY,196216000.0,36281000.0,159935000.0,0.8150966282056509,2986000.0,36348000.0,8072000.0,-8990000.0,114668000.0,0.0,731000.0,44177000.0,89444000,0.4558445794430627,45267000.0,0.23069984099156032,-8990000.0,35546000.0,0.1811574998980715,35546000.0,19872000.0,0.1012761446569087,0.050022,0.050022,396562376,396562376,,,1620591736,16:22:16,20210509
18,2002-12-31,ERA.AX,AUD,2002-12-31,2002-12-31,FY,198703000.0,45111000.0,153592000.0,0.7729727281420009,3080000.0,39696000.0,8434000.0,-18765000.0,95614000.0,0.0,2802000.0,39050000.0,97028000,0.48830666874682316,57978000.0,0.2917822076163923,-18765000.0,36675000.0,0.18457194908984767,36675000.0,21185000.0,0.10661640740200198,0.053437,0.053437,396562376,396562376,,,1620591736,16:22:16,20210509
19,2001-12-31,ERA.AX,AUD,2001-12-31,2001-12-31,FY,162152000.0,0.0,162152000.0,1.0,0.0,0.0,0.0,0.0,145744000.0,0.0,0.0,39234000.0,55642000,0.3431471705560215,16408000.0,0.10118900784449159,0.0,16832000.0,0.10380383837387143,16832000.0,8054000.0,0.04966944595194632,0.020297,0.020297,396562376,396562376,,,1620591736,16:22:16,20210509
20,2001-06-30,ERA.AX,AUD,2001-06-30,2001-06-30,FY,0.0,0.0,0.0,0.0,0.0,0.0,0.0,0.0,0.0,0.0,5181000.0,0.0,26945000,0.0,0.0,0.0,0.0,21764000.0,0.0,21764000.0,13123000.0,0.0,0.032707,0.032707,396562376,396562376,,,1620591736,16:22:16,20210509
21,2000-06-30,ERA.AX,AUD,2000-06-30,2000-06-30,FY,0.0,0.0,0.0,0.0,0.0,0.0,0.0,0.0,0.0,0.0,4605000.0,0.0,48885000,0.0,0.0,0.0,0.0,44280000.0,0.0,44280000.0,34683000.0,0.0,0.086576,0.086576,396562376,396562376,,,1620591736,16:22:16,20210509
22,1999-06-30,ERA.AX,AUD,1999-06-30,1999-06-30,FY,0.0,0.0,0.0,0.0,0.0,0.0,0.0,0.0,0.0,0.0,3321000.0,0.0,46473000,0.0,0.0,0.0,2251000.0,43152000.0,0.0,43152000.0,21898000.0,0.0,0.052908,0.052908,396562376,396562376,,,1620591736,16:22:16,20210509
23,1998-06-30,ERA.AX,AUD,1998-06-30,1998-06-30,FY,0.0,0.0,0.0,0.0,0.0,0.0,0.0,0.0,0.0,0.0,3800000.0,0.0,51417000,0.0,0.0,0.0,0.0,47617000.0,0.0,47617000.0,0.0,0.0,0.067337,0.067337,297030890,297030890,,,1620591736,16:22:16,20210509
24,1997-06-30,ERA.AX,AUD,1997-06-30,1997-06-30,FY,241428000.0,2044000.0,241428000.0,1.0,2040000.0,0.0,0.0,-241428000.0,40803000.0,0.0,3761000.0,37418000.0,278846000,1.1549861656477294,241428000.0,1.0,0.0,71572000.0,0.29645277266928444,71572000.0,0.0,0.0,0.136097,0.101005,297030890,297030890,,,1620591736,16:22:16,20210509
25,1996-06-30,ERA.AX,AUD,1996-06-30,1996-06-30,FY,180350000.0,1737000.0,180350000.0,1.0,0.0,0.0,0.0,-146146000.0,34204000.0,0.0,5433000.0,34204000.0,180350000,1.0,146146000.0,0.8103465483781536,-146146000.0,58560000.0,0.32470196839478793,58560000.0,0.0,0.0,0.101005,0.101005,403235618,403235618,,,1620591736,16:22:16,20210509
26,1995-06-30,ERA.AX,AUD,1995-06-30,1995-06-30,FY,140034000.0,1107000.0,140034000.0,1.0,0.0,0.0,0.0,-123590000.0,16444000.0,0.0,6629000.0,16444000.0,140034000,1.0,123590000.0,0.8825713755230873,-123590000.0,35424000.0,0.25296713655255154,35424000.0,0.0,0.0,0.028859,0.028859,428501579,428501579,,,1620591736,16:22:16,20210509
27,1994-06-30,ERA.AX,AUD,1994-06-30,1994-06-30,FY,152178000.0,1154000.0,152178000.0,1.0,0.0,0.0,0.0,-137717000.0,14461000.0,0.0,7715000.0,14461000.0,152178000,1.0,137717000.0,0.9049731235789668,-137717000.0,44281000.0,0.2909816136366623,44281000.0,0.0,0.0,0.125054,0.125054,211963784,211963784,,,1620591736,16:22:16,20210509
28,1993-06-30,ERA.AX,AUD,1993-06-30,1993-06-30,FY,159504992.0,1571000.0,159504992.0,1.0,0.0,0.0,0.0,-144379992.0,15125000.0,0.0,11141000.0,15125000.0,159504992,1.0,144379992.0,0.9051753815955804,-144379992.0,72528000.0,0.45470677181062774,72528000.0,0.0,0.0,0.269348,0.269348,214183961,214183961,,,1620591736,16:22:16,20210509
29,1992-06-30,ERA.AX,AUD,1992-06-30,1992-06-30,FY,170459008.0,1763000.0,170459008.0,1.0,0.0,0.0,0.0,-141176008.0,29283000.0,0.0,4639000.0,29283000.0,170459008,1.0,141176008.0,0.8282108974845143,-141176008.0,69089000.0,0.40531152216959987,69089000.0,0.0,0.0,0.173152,0.173152,159830465,159830465,,,1620591736,16:22:16,20210509
30,1991-06-30,ERA.AX,AUD,1991-06-30,1991-06-30,FY,210407008.0,0.0,210407008.0,1.0,0.0,0.0,0.0,-180429008.0,29978000.0,0.0,4891000.0,29978000.0,210407008,1.0,180429008.0,0.8575237570033789,-180429008.0,101604000.0,0.48289266106573786,101604000.0,47326000.0,0.22492596824531624,0.09141145266790272,0.09141145266790272,517725062,517725062,,,1620591736,16:22:16,20210509
31,1990-06-30,ERA.AX,AUD,1990-06-30,1990-06-30,FY,206898000.0,0.0,206898000.0,1.0,0.0,0.0,0.0,-177327000.0,29571000.0,0.0,10374000.0,29571000.0,206898000,1.0,177327000.0,0.8570745004784966,-177327000.0,125830000.0,0.6081740761148006,125830000.0,0.0,0.0,0.0,0.0,517725062,517725062,,,1620591736,16:22:16,20210509
32,1989-06-30,ERA.AX,AUD,1989-06-30,1989-06-30,FY,177516000.0,0.0,177516000.0,1.0,0.0,0.0,0.0,-147300000.0,30216000.0,0.0,16514000.0,30216000.0,177516000,1.0,147300000.0,0.8297843574663692,-147300000.0,80630000.0,0.4542125780211361,80630000.0,-74902000.0,-0.4219450641068974,-0.1446752446378576,-0.1446752446378576,517725062,517725062,,,1620591736,16:22:16,20210509
