,date,symbol,reportedCurrency,fillingDate,acceptedDate,period,revenue,costOfRevenue,grossProfit,grossProfitRatio,researchAndDevelopmentExpenses,generalAndAdministrativeExpenses,sellingAndMarketingExpenses,otherExpenses,operatingExpenses,costAndExpenses,interestExpense,depreciationAndAmortization,ebitda,ebitdaratio,operatingIncome,operatingIncomeRatio,totalOtherIncomeExpensesNet,incomeBeforeTax,incomeBeforeTaxRatio,incomeTaxExpense,netIncome,netIncomeRatio,eps,epsdiluted,weightedAverageShsOut,weightedAverageShsOutDil,link,finalLink,timestamp,est_time,est_date
0,2020-06-30,8250.HK,HKD,2020-06-30,2020-06-30,FY,265349000.0,234412000.0,30937000.0,0.11658984959430788,0.0,48339000.0,0.0,6770000.0,45103000.0,279515000.0,7614000.0,24088000.0,9922000.0,0.03739226452709451,-14166000.0,-0.05338629503031856,0.0,-112037000.0,-0.42222506962528594,-10663000.0,-101204000.0,-0.38139959072768315,-0.0135,-0.0135,7492562000,7492562000,https://www1.hkexnews.hk/search/titlesearch.xhtml,https://www1.hkexnews.hk/search/titlesearch.xhtml,1620585859,14:44:19,20210509
1,2019-06-30,8250.HK,HKD,2019-06-30,2019-06-30,FY,316760000.0,253002000.0,63758000.0,0.2012817274908448,0.0,65201000.0,0.0,6318000.0,52207000.0,305209000.0,7063000.0,27921000.0,39472000.0,0.12461169339563076,11551000.0,0.036466094203813616,0.0,-20491000.0,-0.06468935471650461,9051000.0,-29989000.0,-0.09467420128804142,-0.004,-0.004,7492562000,7492562000,https://www1.hkexnews.hk/search/titlesearch.xhtml,https://www1.hkexnews.hk/search/titlesearch.xhtml,1620585859,14:44:19,20210509
2,2018-06-30,8250.HK,HKD,2018-06-30,2018-06-30,FY,298164000.0,238142000.0,60022000.0,0.20130532190338205,0.0,64711000.0,0.0,3261000.0,54305000.0,292447000.0,6854000.0,28635000.0,34352000.0,0.11521176265410982,5717000.0,0.019174011617767404,0.0,-92174000.0,-0.30913859486725426,-16841000.0,-75721000.0,-0.2539575535611274,-0.011,-0.011,6859806000,6859806000,https://www1.hkexnews.hk/search/titlesearch.xhtml,https://www1.hkexnews.hk/search/titlesearch.xhtml,1620585859,14:44:19,20210509
3,2017-06-30,8250.HK,HKD,2017-06-30,2017-06-30,FY,379293000.0,311255000.0,68038000.0,0.1793811116999259,0.0,34262000.0,913000.0,892000.0,68030000.0,379285000.0,8131000.0,8269000.0,8277000.0,0.021822179686943867,8000.0,2.1091873564763917e-05,0.0,-155735000.0,-0.41059286620106356,3855000.0,-140228000.0,-0.3697089057799643,-0.0204,-0.0204,6857681000,6857681000,https://www1.hkexnews.hk/search/titlesearch.xhtml,https://www1.hkexnews.hk/search/titlesearch.xhtml,1620585859,14:44:19,20210509
4,2016-06-30,8250.HK,HKD,2016-06-30,2016-06-30,FY,366627000.0,244110000.0,122517000.0,0.33417342421589247,0.0,50809000.0,548000.0,113207000.0,91528000.0,335638000.0,13473000.0,9573000.0,40562000.0,0.11063560512455438,30989000.0,0.08452459857020896,0.0,-142538000.0,-0.38878205915003533,-14233000.0,-130043000.0,-0.3547010994825804,-0.0216,-0.0216,6015465000,6015465000,https://www1.hkexnews.hk/search/titlesearch.xhtml,https://www1.hkexnews.hk/search/titlesearch.xhtml,1620585859,14:44:19,20210509
5,2015-06-30,8250.HK,HKD,2015-06-30,2015-06-30,FY,328507000.0,287801000.0,40706000.0,0.12391212363815687,0.0,52224000.0,118000.0,0.0,60959000.0,348760000.0,0.0,3949000.0,-16304000.0,-0.049630601478811716,-20253000.0,-0.06165165430264804,0.0,-73779000.0,-0.22458882154718166,2148000.0,-63856000.0,-0.1943824636917935,-0.0116,-0.0116,5483900000,5483900000,https://www1.hkexnews.hk/search/titlesearch.xhtml,https://www1.hkexnews.hk/search/titlesearch.xhtml,1620585859,14:44:19,20210509
6,2014-06-30,8250.HK,HKD,2014-06-30,2014-06-30,FY,272200000.0,250802000.0,21398000.0,0.07861131520940486,0.0,46171000.0,1542000.0,0.0,66651000.0,317453000.0,0.0,4112000.0,-41141000.0,-0.1511425422483468,-45253000.0,-0.16624908155767817,0.0,-2764000.0,-0.010154298310066128,792000.0,-3556000.0,-0.013063923585598824,-0.0007,-0.0007,5002749000,5002749000,https://www1.hkexnews.hk/search/titlesearch.xhtml,https://www1.hkexnews.hk/search/titlesearch.xhtml,1620585859,14:44:19,20210509
7,2013-06-30,8250.HK,HKD,2013-06-30,2013-06-30,FY,44202758.0,29880620.0,14322138.0,0.3240100538522958,0.0,26755765.0,3294021.0,0.0,33463711.0,63344331.0,4279952.0,1668619.0,-17472954.0,-0.39529103591228404,-19141573.0,-0.43304024151615156,0.0,-11628272.0,-0.2630666620395044,-409011.0,11682665.0,0.2642971961161337,0.004,0.004,2673461242,2673461242,https://www1.hkexnews.hk/search/titlesearch.xhtml,https://www1.hkexnews.hk/search/titlesearch.xhtml,1620585859,14:44:19,20210509
8,2012-06-30,8250.HK,HKD,2012-06-30,2012-06-30,FY,57245184.0,32085100.0,25160084.0,0.4395144227329237,0.0,34236269.0,6888529.0,0.0,46034717.0,78119817.0,0.0,2237670.0,-18636963.0,-0.32556385878679334,-20874633.0,-0.3646530859259706,0.0,-15243258.0,-0.2662801817529314,938015.0,-16181273.0,-0.2826661016584382,-0.013,-0.013,1220686649,1220686649,https://www1.hkexnews.hk/search/titlesearch.xhtml,https://www1.hkexnews.hk/search/titlesearch.xhtml,1620585859,14:44:19,20210509
9,2011-06-30,8250.HK,HKD,2011-06-30,2011-06-30,FY,41903291.0,22776507.0,19126784.0,0.45645064011798026,0.0,20629730.0,5155505.0,18039176.0,30885833.0,53662340.0,0.0,1375120.0,-10383929.0,-0.24780700398925706,-11759049.0,-0.28062351952260745,0.0,-844994.0,-0.02016533737171145,3598439.0,-4443433.0,-0.10604019144940191,-0.00572,-0.00572,798746007,798746007,https://www1.hkexnews.hk/search/titlesearch.xhtml,https://www1.hkexnews.hk/search/titlesearch.xhtml,1620585859,14:44:19,20210509
10,2010-06-30,8250.HK,HKD,2010-06-30,2010-06-30,FY,4704192.0,2280095.0,2424097.0,0.5153057103111438,0.0,12135193.0,0.0,22255748.0,28451857.0,30731952.0,0.0,761055.0,-25266705.0,-5.371104113097425,-26027760.0,-5.532886412799478,0.0,-1092356.0,-0.2322090594941703,363649.0,-1456005.0,-0.30951223929635524,-0.005536067389404373,-0.005535956692785355,263003482,263008741,https://www1.hkexnews.hk/search/titlesearch.xhtml,https://www1.hkexnews.hk/search/titlesearch.xhtml,1620585859,14:44:19,20210509
11,2009-06-30,8250.HK,HKD,2009-06-30,2009-06-30,FY,4889627.0,3148045.0,1741582.0,0.35617890689821535,0.0,11794512.0,62766.0,0.0,-324063749.0,-320915704.0,0.0,831354.0,326636685.0,66.80196362626434,325805331.0,66.6319396142078,0.0,312543957.0,63.91979531363026,125001.0,312418956.0,63.89423078692914,16.916187,-0.817207,18492532,18492532,https://www1.hkexnews.hk/search/titlesearch.xhtml,https://www1.hkexnews.hk/search/titlesearch.xhtml,1620585859,14:44:19,20210509
12,2008-06-30,8250.HK,HKD,2008-06-30,2008-06-30,FY,1597086.0,968459.0,628627.0,0.393608734908452,0.0,8114649.0,121380.0,0.0,5598420.0,6566879.0,0.0,780431.0,-4189362.0,-2.6231286230046473,-4969793.0,-3.1117879688382466,0.0,-360774850.0,-225.895693782301,150000.0,-360924850.0,-225.9896148360201,-2.188481,-2.188481,164917042,164917042,https://www1.hkexnews.hk/search/titlesearch.xhtml,https://www1.hkexnews.hk/search/titlesearch.xhtml,1620585859,14:44:19,20210509
13,2007-06-30,8250.HK,HKD,2007-06-30,2007-06-30,FY,1297939.0,1087647.0,210292.0,0.1620199408446776,0.0,5264743.0,137676.0,0.0,-9577094.0,-8489447.0,0.0,317689.0,10105075.0,7.7854775917820485,9787386.0,7.540713392540019,0.0,9787386.0,7.540713392540019,1391000.0,8396386.0,6.469014337345592,0.089672,0.089672,93634035,93634035,https://www1.hkexnews.hk/search/titlesearch.xhtml,https://www1.hkexnews.hk/search/titlesearch.xhtml,1620585859,14:44:19,20210509
14,2006-06-30,8250.HK,HKD,2006-06-30,2006-06-30,FY,1368404.0,1308230.0,60174.0,0.04397385567420148,0.0,4737887.0,510437.0,0.0,9630634.0,10938864.0,0.0,1138839.0,-8431621.0,-6.161645975896008,-9570460.0,-6.9938848468727075,0.0,-9570460.0,-6.9938848468727075,0.0,-9570460.0,-6.9938848468727075,-0.0012773281021898784,-0.0012773281021898784,7492562000,7492562000,https://www1.hkexnews.hk/search/titlesearch.xhtml,https://www1.hkexnews.hk/search/titlesearch.xhtml,1620585859,14:44:19,20210509
