,date,symbol,reportedCurrency,fillingDate,acceptedDate,period,revenue,costOfRevenue,grossProfit,grossProfitRatio,researchAndDevelopmentExpenses,generalAndAdministrativeExpenses,sellingAndMarketingExpenses,otherExpenses,operatingExpenses,costAndExpenses,interestExpense,depreciationAndAmortization,ebitda,ebitdaratio,operatingIncome,operatingIncomeRatio,totalOtherIncomeExpensesNet,incomeBeforeTax,incomeBeforeTaxRatio,incomeTaxExpense,netIncome,netIncomeRatio,eps,epsdiluted,weightedAverageShsOut,weightedAverageShsOutDil,link,finalLink,timestamp,est_time,est_date
0,2020-12-31,0709.HK,HKD,2020-12-31,2020-12-31,FY,3122000000,1386000000,1736000000,0.5560538116591929,0.0,81000000,1800000000.0,8000000.0,0.0,3261000000,41000000.0,23000000.0,-116000000,-0.037155669442664956,-139000000,-0.044522741832158874,0.0,-107000000,-0.03427290198590647,1000000.0,-112000000,-0.03587443946188341,-0.07095341352304833,-0.07095341352304833,1578500518,1578500518,https://www1.hkexnews.hk/search/titlesearch.xhtml,https://www1.hkexnews.hk/search/titlesearch.xhtml,1620584874,14:27:54,20210509
1,2019-12-31,0709.HK,HKD,2019-12-31,2019-12-31,FY,4852000000,2006000000,2846000000,0.5865622423742787,0.0,60000000,2300000000.0,12000000.0,0.0,4494000000,55000000.0,23000000.0,381000000,0.07852431986809563,358000000,0.07378400659521847,0.0,405000000,0.08347073371805441,116000000.0,230000000,0.04740313272877164,0.146,0.146,1578500518,1578500518,https://www1.hkexnews.hk/search/titlesearch.xhtml,https://www1.hkexnews.hk/search/titlesearch.xhtml,1620584874,14:27:54,20210509
2,2018-12-31,0709.HK,HKD,2018-12-31,2018-12-31,FY,5509000000,2259000000,3250000000,0.5899437284443637,0.0,89000000,2440000000.0,0.0,0.0,4884000000,5000000.0,7000000.0,632000000,0.11472136503902705,625000000,0.11345071700853149,0.0,684000000,0.12416046469413687,142000000.0,480000000,0.08713015066255218,0.305,0.304,1575281071,1578203881,https://www1.hkexnews.hk/search/titlesearch.xhtml,https://www1.hkexnews.hk/search/titlesearch.xhtml,1620584874,14:27:54,20210509
3,2017-12-31,0709.HK,HKD,2017-12-31,2017-12-31,FY,5412000000,2191000000,3221000000,0.5951589061345159,0.0,254000000,2390000000.0,15000000.0,0.0,4778000000,4000000.0,175000000.0,809000000,0.14948263118994826,634000000,0.1171470805617147,0.0,744000000,0.13747228381374724,175000000.0,500000000,0.09238728750923873,0.318,0.317,1570885493,1575634595,https://www1.hkexnews.hk/search/titlesearch.xhtml,https://www1.hkexnews.hk/search/titlesearch.xhtml,1620584874,14:27:54,20210509
4,2016-12-31,0709.HK,HKD,2016-12-31,2016-12-31,FY,5145000000,2090000000,3055000000,0.5937803692905733,0.0,273000000,2299000000.0,37000000.0,0.0,4629000000,1000000.0,185000000.0,701000000,0.13624878522837708,516000000,0.10029154518950437,0.0,610000000,0.1185617103984451,122000000.0,434000000,0.08435374149659863,0.2763343089744833,0.27624146732832555,1570561403,1571089251,https://www1.hkexnews.hk/search/titlesearch.xhtml,https://www1.hkexnews.hk/search/titlesearch.xhtml,1620584874,14:27:54,20210509
5,2015-12-31,0709.HK,HKD,2015-12-31,2015-12-31,FY,5381000000,2284000000,3097000000,0.5755435792603605,0.0,388000000,2242000000.0,16000000.0,0.0,4866000000,0.0,184000000.0,699000000,0.1299015052964133,515000000,0.09570711763612712,0.0,598000000,0.11113175989593012,118000000.0,426000000,0.07916744099609738,0.271,0.271,1570283230,1570283230,https://www1.hkexnews.hk/search/titlesearch.xhtml,https://www1.hkexnews.hk/search/titlesearch.xhtml,1620584874,14:27:54,20210509
6,2014-12-31,0709.HK,HKD,2014-12-31,2014-12-31,FY,5545000000,2331000000,3214000000,0.5796212804328224,0.0,389000000,2360000000.0,13000000.0,0.0,5028000000,1000000.0,197000000.0,714000000,0.12876465284039676,517000000,0.09323715058611362,0.0,596000000,0.10748422001803426,130000000.0,408000000,0.07357980162308386,0.26,0.259,1569176929,1569176929,https://www1.hkexnews.hk/search/titlesearch.xhtml,https://www1.hkexnews.hk/search/titlesearch.xhtml,1620584874,14:27:54,20210509
7,2013-12-31,0709.HK,HKD,2013-12-31,2013-12-31,FY,5848000000,2297000000,3551000000,0.6072161422708618,0.0,466000000,2370000000.0,12000000.0,0.0,5083000000,4000000.0,194000000.0,959000000,0.1639876880984952,765000000,0.1308139534883721,0.0,903000000,0.15441176470588236,173000000.0,663000000,0.11337209302325581,0.426,0.421,1556788852,1556788852,https://www1.hkexnews.hk/search/titlesearch.xhtml,https://www1.hkexnews.hk/search/titlesearch.xhtml,1620584874,14:27:54,20210509
8,2012-12-31,0709.HK,HKD,2012-12-31,2012-12-31,FY,5673000000,2342000000,3331000000,0.5871672836241847,0.0,447000000,2173000000.0,13000000.0,0.0,4909000000,2000000.0,150000000.0,914000000,0.1611140490040543,764000000,0.13467301251542393,0.0,1109000000,0.19548739643927376,221000000.0,826000000,0.14560197426405783,0.538,0.532,1534640315,1554583354,https://www1.hkexnews.hk/search/titlesearch.xhtml,https://www1.hkexnews.hk/search/titlesearch.xhtml,1620584874,14:27:54,20210509
9,2011-12-31,0709.HK,HKD,2011-12-31,2011-12-31,FY,5614000000,2331000000,3283000000,0.5847880299251871,0.0,480000000,2042000000.0,0.0,0.0,4705000000,2000000.0,134000000.0,1043000000,0.185785536159601,909000000,0.16191663697898112,0.0,1004000000,0.1788386177413609,225000000.0,728000000,0.12967581047381546,0.482,0.476,1509380622,1528355853,https://www1.hkexnews.hk/search/titlesearch.xhtml,https://www1.hkexnews.hk/search/titlesearch.xhtml,1620584874,14:27:54,20210509
10,2010-12-31,0709.HK,HKD,2010-12-31,2010-12-31,FY,4731000000,2000000000,2731000000,0.5772563939970408,0.0,200000000,1687000000.0,-13000000.0,0.0,4036000000,2000000.0,140000000.0,835000000,0.17649545550623547,695000000,0.1469034030860283,0.0,748000000,0.15810610864510674,181000000.0,537000000,0.11350665821179455,0.36,0.359,1492600776,1492600776,https://www1.hkexnews.hk/search/titlesearch.xhtml,https://www1.hkexnews.hk/search/titlesearch.xhtml,1620584874,14:27:54,20210509
11,2009-12-31,0709.HK,HKD,2009-12-31,2009-12-31,FY,4233000000,2058000000,2175000000,0.5138199858256556,0.0,169000000,1545000000.0,0.0,0.0,3913000000,1000000.0,146000000.0,466000000,0.11008740845735884,320000000,0.07559650366170564,0.0,363000000,0.08575478384124734,64000000.0,288000000,0.06803685329553508,0.193,0.193,1491646518,1491646518,https://www1.hkexnews.hk/search/titlesearch.xhtml,https://www1.hkexnews.hk/search/titlesearch.xhtml,1620584874,14:27:54,20210509
12,2008-12-31,0709.HK,HKD,2008-12-31,2008-12-31,FY,4710000000,2348000000,2362000000,0.5014861995753715,0.0,168000000,1680000000.0,0.0,0.0,4380000000,2000000.0,161000000.0,491000000,0.10424628450106158,330000000,0.07006369426751592,0.0,381000000,0.08089171974522293,82000000.0,311000000,0.06602972399150743,0.208,0.208,1491608376,1491608376,https://www1.hkexnews.hk/search/titlesearch.xhtml,https://www1.hkexnews.hk/search/titlesearch.xhtml,1620584874,14:27:54,20210509
13,2007-12-31,0709.HK,HKD,2007-12-31,2007-12-31,FY,4950000000,2593000000,2357000000,0.4761616161616162,0.0,192000000,1598000000.0,0.0,0.0,4566000000,2000000.0,136000000.0,520000000,0.10505050505050505,384000000,0.07757575757575758,0.0,417000000,0.08424242424242424,113000000.0,295000000,0.0595959595959596,0.198,0.198,1491322447,1491322447,https://www1.hkexnews.hk/search/titlesearch.xhtml,https://www1.hkexnews.hk/search/titlesearch.xhtml,1620584874,14:27:54,20210509
14,2006-12-31,0709.HK,HKD,2006-12-31,2006-12-31,FY,4372000000,2194000000,2178000000,0.49817017383348583,0.0,171000000,1449000000.0,31000000.0,0.0,4046000000,1000000.0,110000000.0,436000000,0.09972552607502287,326000000,0.07456541628545288,0.0,391000000,0.08943275388838061,173000000.0,205000000,0.046889295516925895,0.138,0.137,1490228540,1491830861,https://www1.hkexnews.hk/search/titlesearch.xhtml,https://www1.hkexnews.hk/search/titlesearch.xhtml,1620584874,14:27:54,20210509
15,2005-12-31,0709.HK,HKD,2005-12-31,2005-12-31,FY,4413000000,2170000000,2243000000,0.5082710174484477,0.0,167000000,0.0,0.0,0.0,2646000000,0.0,128000000.0,1895000000,0.42941309766598684,1767000000,0.4004078857919782,0.0,548000000,0.12417856333559936,117000000.0,431000000,0.09766598685701337,0.2756,0.2746,1473149492,1478514202,https://www1.hkexnews.hk/search/titlesearch.xhtml,https://www1.hkexnews.hk/search/titlesearch.xhtml,1620584874,14:27:54,20210509
16,2004-12-31,0709.HK,HKD,2004-12-31,2004-12-31,FY,4003000000,1968000000,2035000000,0.5083687234574069,0.0,172000000,0.0,0.0,0.0,2230000000,0.0,112000000.0,1885000000,0.4708968273794654,1773000000,0.44291781164126903,0.0,534000000,0.1333999500374719,110000000.0,393000000,0.09817636772420685,0.272,0.268,1444852941,1466417910,https://www1.hkexnews.hk/search/titlesearch.xhtml,https://www1.hkexnews.hk/search/titlesearch.xhtml,1620584874,14:27:54,20210509
17,2003-12-31,0709.HK,HKD,2003-12-31,2003-12-31,FY,3389000000,1755000000,1634000000,0.4821481262909413,0.0,141000000,0.0,0.0,0.0,3103000000,0.0,103000000.0,389000000,0.1147831218648569,286000000,0.08439067571555031,0.0,382000000,0.11271761581587489,89000000.0,266000000,0.07848922986131603,0.185,0.184,1437837838,1445652174,https://www1.hkexnews.hk/search/titlesearch.xhtml,https://www1.hkexnews.hk/search/titlesearch.xhtml,1620584874,14:27:54,20210509
18,2002-12-31,0709.HK,HKD,2002-12-31,2002-12-31,FY,3588000000,1911000000,1677000000,0.4673913043478261,0.0,155000000,0.0,0.0,0.0,3311000000,0.0,113000000.0,390000000,0.10869565217391304,277000000,0.07720178372352285,0.0,456000000,0.12709030100334448,91000000.0,341000000,0.09503901895206243,0.237,0.235,1438818565,1451063830,https://www1.hkexnews.hk/search/titlesearch.xhtml,https://www1.hkexnews.hk/search/titlesearch.xhtml,1620584874,14:27:54,20210509
19,2001-12-31,0709.HK,HKD,2001-12-31,2001-12-31,FY,3479000000,1935000000,1544000000,0.44380569129060077,0.0,137000000,0.0,0.0,0.0,3234000000,0.0,111000000.0,356000000,0.10232825524576028,245000000,0.07042253521126761,0.0,467000000,0.13423397528025294,79000000.0,377000000,0.10836447254958322,0.263,0.26,1433460076,1450000000,https://www1.hkexnews.hk/search/titlesearch.xhtml,https://www1.hkexnews.hk/search/titlesearch.xhtml,1620584874,14:27:54,20210509
