,date,symbol,reportedCurrency,fillingDate,acceptedDate,period,revenue,costOfRevenue,grossProfit,grossProfitRatio,researchAndDevelopmentExpenses,generalAndAdministrativeExpenses,sellingAndMarketingExpenses,otherExpenses,operatingExpenses,costAndExpenses,interestExpense,depreciationAndAmortization,ebitda,ebitdaratio,operatingIncome,operatingIncomeRatio,totalOtherIncomeExpensesNet,incomeBeforeTax,incomeBeforeTaxRatio,incomeTaxExpense,netIncome,netIncomeRatio,eps,epsdiluted,weightedAverageShsOut,weightedAverageShsOutDil,link,finalLink,timestamp,est_time,est_date
0,2019-12-31,DPL,USD,2020-02-28 00:00:00,2020-02-27 18:17:15,FY,763300000.0,16000000,763300000.0,1.0,0.0,0.0,0.0,526600000,526600000,615800000,82200000,58700000,206200000,0.27014280099567667,147500000.0,0.19323987947071924,-123400000.0,24100000,0.031573431154198875,-21800000.0,105400000,0.13808463251670378,0.9117647058823529,0.9117647058823529,115600000,115600000,https://www.sec.gov/Archives/edgar/data/27430/000078725020000005/0000787250-20-000005-index.html,https://www.sec.gov/Archives/edgar/data/27430/000078725020000005/dpl10k12312019q4.htm,1620591242,16:14:02,20210509
1,2018-12-31,DPL,USD,2019-02-27 00:00:00,2019-02-26 18:45:20,FY,775900000.0,322500000,453400000.0,0.5843536538213687,0.0,0.0,0.0,317900000,317900000,640400000,98000000,55700000,191200000,0.24642350818404435,135500000.0,0.1746359066890063,-103600000.0,31900000,0.041113545559994844,700000.0,70100000,0.09034669416161877,0.606401384083045,0.606401384083045,115600000,115600000,https://www.sec.gov/Archives/edgar/data/27430/000078725019000013/0000787250-19-000013-index.html,https://www.sec.gov/Archives/edgar/data/27430/000078725019000013/dpl10k12312018q4.htm,1620591242,16:14:02,20210509
2,2017-12-31,DPL,USD,2018-02-27 00:00:00,2018-02-26 18:59:23,FY,4200000.0,-683200000,687400000.0,163.66666666666666,0.0,0.0,0.0,693400000,693400000,10200000,110100000,110600000,104600000,24.904761904761905,-6000000.0,-1.4285714285714286,-113900000.0,-119900000,-28.547619047619047,-25300000.0,-94600000,-22.523809523809526,-0.8183391003460208,-0.8183391003460208,115600000,115600000,https://www.sec.gov/Archives/edgar/data/27430/000078725018000008/0000787250-18-000008-index.html,https://www.sec.gov/Archives/edgar/data/27430/000078725018000008/dpl10k12312017q4.htm,1620591242,16:14:02,20210509
3,2016-12-31,DPL,USD,2017-02-27 00:00:00,2017-02-24 17:53:33,FY,4600000.0,-736500000,741100000.0,161.1086956521739,0.0,0.0,0.0,1425000000,1425000000,688500000,106100000,138000000,-545900000,-118.67391304347827,-683900000.0,-148.67391304347825,-109400000.0,-793300000,-172.45652173913044,-278800000.0,-485200000,-105.47826086956522,-4.197231833910035,-4.197231833910035,115600000,115600000,https://www.sec.gov/Archives/edgar/data/27430/000078725017000009/0000787250-17-000009-index.html,https://www.sec.gov/Archives/edgar/data/27430/000078725017000009/dpl10k12312016q4.htm,1620591242,16:14:02,20210509
4,2015-12-31,DPL,USD,2016-02-24 00:00:00,2016-02-23 18:28:38,FY,6200000.0,-784200000,790400000.0,127.48387096774194,0.0,0.0,0.0,900300000,900300000,116100000,118300000,143600000,33700000,5.435483870967742,-109900000.0,-17.725806451612904,-121500000.0,-231400000,-37.32258064516129,20000000.0,-239000000,-38.54838709677419,-2.0674740484429064,-2.0674740484429064,115600000,115600000,https://www.sec.gov/Archives/edgar/data/27430/000078725016000035/0000787250-16-000035-index.html,https://www.sec.gov/Archives/edgar/data/27430/000078725016000035/dpl10k12312015q4.htm,1620591242,16:14:02,20210509
5,2014-12-31,DPL,USD,2015-02-26,2015-02-25 19:18:41,FY,487100000.0,-283900000,771000000.0,1.5828371997536441,0.0,0.0,0.0,582200000,582200000,298300000,33900000,109900000,298700000,0.6132211044959968,188800000.0,0.3876000821186615,-34100000.0,154700000,0.31759392321905155,39700000.0,114100000,0.23424348183124616,0.9870242214532872,0.9870242214532872,115600000,115600000,https://www.sec.gov/Archives/edgar/data/787250/000078725015000005/0000787250-15-000005-index.htm,https://www.sec.gov/Archives/edgar/data/787250/000078725015000005/c250-20141231x10k.htm,1620591242,16:14:02,20210509
6,2013-12-31,DPL,USD,2014-03-05,2014-03-04 17:39:15,FY,108100000.0,-699000000,807100000.0,7.466234967622571,0.0,0.0,0.0,664700000,664700000,-34300000,37200000,95300000,237700000,2.198889916743756,142400000.0,1.3172987974098058,-40200000.0,102200000,0.9454209065679926,18600000.0,82700000,0.7650323774283071,0.7153979238754326,0.7153979238754326,115600000,115600000,https://www.sec.gov/Archives/edgar/data/787250/000078725014000011/0000787250-14-000011-index.htm,https://www.sec.gov/Archives/edgar/data/787250/000078725014000011/c250-20131231x10k.htm,1620591242,16:14:02,20210509
7,2012-12-31,DPL,USD,2013-02-27 00:00:00,2013-02-26 19:23:18,FY,40000000.0,-827400000,867400000.0,21.685,0.0,0.0,0.0,682400000,682400000,-145000000,39100000,14200000,199200000,4.98,185000000.0,4.625,-38700000.0,146300000,3.6575,55100000.0,90300000,2.2575,0.7811418685121108,0.7811418685121108,115600000,115600000,https://www.sec.gov/Archives/edgar/data/27430/000078725013000009/0000787250-13-000009-index.html,https://www.sec.gov/Archives/edgar/data/27430/000078725013000009/c250-20121231x10k.htm,1620591242,16:14:02,20210509
8,2011-12-31,DPL,USD,2012-03-28 00:00:00,2012-03-28 09:59:03,FY,84000000.0,84000000,895500000.0,10.660714285714286,0.0,0.0,0.0,575600000,575600000,575600000,38200000,134900000,454800000,5.414285714285715,319900000.0,3.808333333333333,-22500000.0,297400000,3.5404761904761903,104200000.0,192300000,2.289285714285714,1.6634948096885813,1.6634948096885813,115600000,115600000,https://www.sec.gov/Archives/edgar/data/27430/000110465912021437/0001104659-12-021437-index.html,https://www.sec.gov/Archives/edgar/data/27430/000110465912021437/a12-1080_110k.htm,1620591242,16:14:02,20210509
9,2010-12-31,DPL,USD,2011-02-18,2011-02-17 17:36:30,FY,771000000.0,771000000,1111800000.0,1.442023346303502,0.0,0.0,0.0,607400000,607400000,607400000,70600000,139400000,643800000,0.8350194552529183,504400000.0,0.6542153047989624,-71100000.0,433300000,0.5619974059662776,143000000.0,276800000,0.3590142671854734,2.394463667820069,2.384151593453919,115600000,116100000,https://www.sec.gov/Archives/edgar/data/787250/000110465911008106/0001104659-11-008106-index.htm,https://www.sec.gov/Archives/edgar/data/787250/000110465911008106/a11-1286_110k.htm,1620591242,16:14:02,20210509
10,2009-12-31,DPL,USD,2010-02-12 00:00:00,2010-02-11 17:47:50,FY,590000000.0,590000000,998000000.0,1.6915254237288135,0.0,0.0,0.0,570000000,570000000,1160000000,83000000,145000000,573000000,0.9711864406779661,428000000.0,0.7254237288135593,-3000000.0,341000000,0.5779661016949152,112000000.0,229000000,0.38813559322033897,0.11290003712389866,0.11420005355932643,2028343000,2005253000,https://www.sec.gov/Archives/edgar/data/27430/000110465910006541/0001104659-10-006541-index.html,https://www.sec.gov/Archives/edgar/data/27430/000110465910006541/a09-35760_110k.htm,1620591242,16:14:02,20210509
11,2008-12-31,DPL,USD,2009-02-27 00:00:00,2009-02-26 19:40:49,FY,620000000.0,620000000,981000000.0,1.582258064516129,0.0,0.0,0.0,545000000,545000000,1165000000,90000000,137000000,572000000,0.9225806451612903,435000000.0,0.7016129032258065,-1000000.0,347000000,0.5596774193548387,102000000.0,244000000,0.3935483870967742,0.11020000397442638,0.11540004086296529,2214156000,2114384000,https://www.sec.gov/Archives/edgar/data/27430/000110465909012626/0001104659-09-012626-index.html,https://www.sec.gov/Archives/edgar/data/27430/000110465909012626/a09-1247_110k.htm,1620591242,16:14:02,20210509
12,2007-12-31,DPL,USD,2008-02-22,2008-02-22 06:01:20,FY,615000000.0,615000000,900000000.0,1.4634146341463414,0.0,0.0,0.0,530000000,530000000,1145000000,81000000,124000000,494000000,0.8032520325203252,370000000.0,0.6016260162601627,2000000.0,334000000,0.5430894308943089,122000000.0,221000000,0.359349593495935,0.10790004062119177,0.11780000756905026,2048192000,1876061000,https://www.sec.gov/Archives/edgar/data/787250/000110465908012185/0001104659-08-012185-index.htm,https://www.sec.gov/Archives/edgar/data/787250/000110465908012185/a08-2400_110k.htm,1620591242,16:14:02,20210509
13,2006-12-31,DPL,USD,2007-02-22,2007-02-21 21:33:22,FY,508000000.0,508000000,885000000.0,1.7421259842519685,0.0,0.0,0.0,604000000,604000000,1112000000,102000000,130000000,411000000,0.8090551181102362,281000000.0,0.5531496062992126,-1000000.0,195000000,0.3838582677165354,69000000.0,139000000,0.2736220472440945,0.11230000096949641,0.1219000980462659,1237756000,1140278000,https://www.sec.gov/Archives/edgar/data/787250/000110465907012836/0001104659-07-012836-index.htm,https://www.sec.gov/Archives/edgar/data/787250/000110465907012836/a07-4760_110k.htm,1620591242,16:14:02,20210509
14,2005-12-31,DPL,USD,2006-03-01,2006-02-28 19:23:56,FY,1284000000.0,336000000,948000000.0,0.7383177570093458,0.0,0.0,0.0,945000000,945000000,1281000000,137000000,147000000,486000000,0.37850467289719625,339000000.0,0.26401869158878505,15000000.0,204000000,0.1588785046728972,79000000.0,174000000,0.13551401869158877,0.1210000445057635,0.1291000391751843,1438016000,1347792000,https://www.sec.gov/Archives/edgar/data/787250/000110465906012780/0001104659-06-012780-index.htm,https://www.sec.gov/Archives/edgar/data/787250/000110465906012780/a06-2328_110k.htm,1620591242,16:14:02,20210509
15,2004-12-31,DPL,USD,2005-03-11,2005-03-11 17:26:17,FY,1199000000.0,10000000,1189000000.0,0.9916597164303587,0.0,0.0,0.0,863000000,863000000,873000000,160000000,144000000,480000000,0.40033361134278567,336000000.0,0.28023352793994993,-18000000.0,342000000,0.28523769808173477,125000000.0,217000000,0.18098415346121768,0.12010004278218114,0.12220002849456886,1806827000,1775777000,https://www.sec.gov/Archives/edgar/data/787250/000110465905010666/0001104659-05-010666-index.htm,https://www.sec.gov/Archives/edgar/data/787250/000110465905010666/a05-4474_110k.htm,1620591242,16:14:02,20210509
16,2003-12-31,DPL,USD,2004-11-05,2004-11-05 06:11:31,FY,1186000000.0,12000000,1174000000.0,0.9898819561551433,0.0,0.0,0.0,759000000,759000000,771000000,179000000,138000000,564000000,0.47554806070826305,426000000.0,0.3591905564924115,-4000000.0,137000000,0.11551433389544688,50000000.0,87000000,0.0733558178752108,0.73,0.73,119178082,119178082,https://www.sec.gov/Archives/edgar/data/787250/000120677404001595/0001206774-04-001595-index.htm,https://www.sec.gov/Archives/edgar/data/787250/000120677404001595/dpl908040.htm,1620591242,16:14:02,20210509
17,2002-12-31,DPL,USD,2003-02-20,2003-02-20 16:26:25,FY,12000000.0,12000000,0.0,0.0,0.0,0.0,0.0,759000000,759000000,771000000,154000000,134000000,560000000,46.666666666666664,426000000.0,35.5,-4000000.0,87000000,7.25,0.0,87000000,7.25,0.73,0.73,119178082,119178082,https://www.sec.gov/Archives/edgar/data/787250/000120677403000067/0001206774-03-000067-index.htm,https://www.sec.gov/Archives/edgar/data/787250/000120677403000067/d11872.htm,1620591242,16:14:02,20210509
