,date,symbol,reportedCurrency,fillingDate,acceptedDate,period,revenue,costOfRevenue,grossProfit,grossProfitRatio,researchAndDevelopmentExpenses,generalAndAdministrativeExpenses,sellingAndMarketingExpenses,otherExpenses,operatingExpenses,costAndExpenses,interestExpense,depreciationAndAmortization,ebitda,ebitdaratio,operatingIncome,operatingIncomeRatio,totalOtherIncomeExpensesNet,incomeBeforeTax,incomeBeforeTaxRatio,incomeTaxExpense,netIncome,netIncomeRatio,eps,epsdiluted,weightedAverageShsOut,weightedAverageShsOutDil,link,finalLink,timestamp,est_time,est_date
0,2020-12-31,ACRE,USD,2021-02-18,2021-02-17 21:51:06,FY,78688000.0,0.0,82696000.0,1.0,0.0,15544000.0,0.0,0.0,36000000.0,3732000.0,51949000.0,892000.0,79856000.0,0.9656573473928606,78964000.0,0.28202521350142334,0.0,22192000.0,0.28202521350142334,352000.0,21840000.0,0.277551850345669,0.7633886093331528,0.7633886093331528,33337445.0,33337445.0,https://www.sec.gov/Archives/edgar/data/1529377/000162828021002412/0001628280-21-002412-index.htm,https://www.sec.gov/Archives/edgar/data/1529377/000162828021002412/acre-20201231.htm,1620586135,14:48:55,20210509
1,2019-12-31,ACRE,USD,2020-02-20,2020-02-19 21:55:30,FY,77259000.0,0.0,0.0,0.0,0.0,14577000.0,0.0,0.0,40000000.0,0.0,62583000.0,667000.0,0.0,0.0,0.0,0.48545800489263385,0.0,37506000.0,0.48545800489263385,515000.0,36991000.0,0.47879211483451767,1.29,1.28,28609282.0,28846641.0,https://www.sec.gov/Archives/edgar/data/1529377/000152937720000021/0001529377-20-000021-index.htm,https://www.sec.gov/Archives/edgar/data/1529377/000152937720000021/acreq4-1910k.htm,1620586135,14:48:55,20210509
2,2018-12-31,ACRE,USD,2019-02-21,2019-02-21 06:06:33,FY,55282000.0,0.0,0.0,0.0,0.0,14295000.0,0.0,0.0,16000000.0,0.0,63002000.0,0.0,0.0,0.0,0.0,0.7062334937230925,0.0,39042000.0,0.7062334937230925,446000.0,38596000.0,0.6981657682428277,1.3528481930541991,1.3468422349289833,28529439.0,28656660.0,https://www.sec.gov/Archives/edgar/data/1529377/000152937719000006/0001529377-19-000006-index.htm,https://www.sec.gov/Archives/edgar/data/1529377/000152937719000006/acreq4-1810k.htm,1620586135,14:48:55,20210509
3,2017-12-31,ACRE,USD,2018-03-01,2018-03-01 06:07:37,FY,46348000.0,0.0,0.0,0.0,0.0,13296000.0,0.0,0.0,15000000.0,0.0,51193000.0,0.0,0.0,0.0,0.0,0.6604384223698972,0.0,30610000.0,0.6604384223698972,178000.0,30407000.0,0.6560585138517304,1.0677276124923043,1.06500853124126,28478237.0,28550945.0,https://www.sec.gov/Archives/edgar/data/1529377/000152937718000010/0001529377-18-000010-index.htm,https://www.sec.gov/Archives/edgar/data/1529377/000152937718000010/acreq4-1710k.htm,1620586135,14:48:55,20210509
4,2016-12-31,ACRE,USD,2017-03-07,2017-03-07 06:05:50,FY,45107000.0,0.0,0.0,0.0,0.0,12198000.0,0.0,0.0,14000000.0,0.0,36856000.0,167000.0,0.0,0.0,0.0,0.680182676746403,0.0,30681000.0,0.680182676746403,230000.0,40336000.0,0.8942292770523422,1.42,1.41,28461853.0,28523306.0,https://www.sec.gov/Archives/edgar/data/1529377/000152937717000004/0001529377-17-000004-index.htm,https://www.sec.gov/Archives/edgar/data/1529377/000152937717000004/acreq4-1610k.htm,1620586135,14:48:55,20210509
5,2015-12-31,ACRE,USD,2016-03-01,2016-03-01 06:37:15,FY,84315000.0,0.0,0.0,0.0,0.0,37069000.0,0.0,0.0,14000000.0,0.0,36342000.0,219000.0,0.0,0.0,0.0,0.5366542133665422,0.0,45248000.0,0.5366542133665422,1928000.0,34285000.0,0.4066298997805847,1.2029023892690371,1.1988781703395197,28501897.0,28597568.0,https://www.sec.gov/Archives/edgar/data/1529377/000104746916010605/0001047469-16-010605-index.htm,https://www.sec.gov/Archives/edgar/data/1529377/000104746916010605/a2227485z10-k.htm,1620586135,14:48:55,20210509
6,2014-12-31,ACRE,USD,2015-03-05,2015-03-05 06:01:56,FY,63779000.0,0.0,0.0,0.0,0.0,37817000.0,0.0,0.0,15000000.0,0.0,33637000.0,160000.0,0.0,0.0,0.0,0.3696044152463977,0.0,23573000.0,0.3696044152463977,-1043000.0,24396000.0,0.38250834914313486,0.86,0.85,28459309.0,28585022.0,https://www.sec.gov/Archives/edgar/data/1529377/000104746915001661/0001047469-15-001661-index.htm,https://www.sec.gov/Archives/edgar/data/1529377/000104746915001661/a2223308z10-k.htm,1620586135,14:48:55,20210509
7,2013-12-31,ACRE,USD,2014-03-17,2014-03-17 08:04:44,FY,33775000.0,0.0,0.0,0.0,0.0,17262000.0,0.0,0.0,24000000.0,0.0,15330000.0,38000.0,0.0,0.0,0.0,0.41279052553663953,0.0,13942000.0,0.41279052553663953,176000.0,13766000.0,0.40757957068837897,0.7249269333052476,0.7230743824295551,18989500.0,19038152.0,https://www.sec.gov/Archives/edgar/data/1529377/000104746914002459/0001047469-14-002459-index.htm,https://www.sec.gov/Archives/edgar/data/1529377/000104746914002459/a2218934z10-k.htm,1620586135,14:48:55,20210509
8,2012-12-31,ACRE,USD,2013-04-01,2013-04-01 08:24:54,FY,6623000.0,0.0,0.0,0.0,0.0,4569000.0,0.0,0.0,6000000.0,0.0,2655000.0,0.0,0.0,0.0,0.0,0.12985052091197344,0.0,860000.0,0.12985052091197344,0.0,860000.0,0.12985052091197344,0.13164529369605796,0.13095165767287636,6532706.0,6567309.0,https://www.sec.gov/Archives/edgar/data/1529377/000104746913003686/0001047469-13-003686-index.htm,https://www.sec.gov/Archives/edgar/data/1529377/000104746913003686/a2213435z10-k.htm,1620586135,14:48:55,20210509
