,date,symbol,reportedCurrency,fillingDate,acceptedDate,period,revenue,costOfRevenue,grossProfit,grossProfitRatio,researchAndDevelopmentExpenses,generalAndAdministrativeExpenses,sellingAndMarketingExpenses,otherExpenses,operatingExpenses,costAndExpenses,interestExpense,depreciationAndAmortization,ebitda,ebitdaratio,operatingIncome,operatingIncomeRatio,totalOtherIncomeExpensesNet,incomeBeforeTax,incomeBeforeTaxRatio,incomeTaxExpense,netIncome,netIncomeRatio,eps,epsdiluted,weightedAverageShsOut,weightedAverageShsOutDil,link,finalLink,timestamp,est_time,est_date
0,2020-06-30,OVT.AX,AUD,2020-06-30,2020-06-30,FY,539270000.0,215693000.0,323577000.0,0.6000278153800508,0.0,238362000.0,59666000.0,23308000.0,424243000.0,0.0,18660000.0,36966000.0,-63700000.0,-0.11812264728243736,-100666000.0,-0.18667086987965212,23809000.0,-95366000.0,-0.17684276892836612,13384000.0,-108750000.0,-0.20166150536836835,-0.20637435834179388,-0.20637435834179388,526955000,526955000,,,1620596261,17:37:41,20210509
1,2019-06-30,OVT.AX,AUD,2019-06-30,2019-06-30,FY,669236000.0,259263000.0,409973000.0,0.6125985452067731,0.0,315622000.0,68807000.0,10267000.0,481472000.0,0.0,9046000.0,28635000.0,-42864000.0,-0.06404915455833218,-71499000.0,-0.10683675116102541,10267000.0,-69791000.0,-0.10428458720092762,14460000.0,-84251000.0,-0.12589131487248145,-0.16,-0.16,526955000,526955000,,,1620596261,17:37:41,20210509
2,2018-06-30,OVT.AX,AUD,2018-06-30,2018-06-30,FY,743941000.0,274472000.0,469469000.0,0.6310567639100413,0.0,339027000.0,78355000.0,103000.0,502032000.0,0.0,7449000.0,31276000.0,-1287000.0,-0.0017299758986263696,-32563000.0,-0.043770944201220255,2064000.0,-37458000.0,-0.050350767063517134,6337000.0,-43795000.0,-0.0588689156801413,-0.086,-0.086,509460000,509460000,,,1620596261,17:37:41,20210509
3,2017-06-30,OVT.AX,AUD,2017-06-30,2017-06-30,FY,1051483000.0,688294000.0,363189000.0,0.3454064402372649,0.0,326506000.0,38840000.0,5486000.0,508260000.0,0.0,5087000.0,28549000.0,-116522000.0,-0.11081681777071051,-145071000.0,-0.13796799377640914,5486000.0,-144019000.0,-0.1369675020899054,-17592000.0,-126427000.0,-0.12023684643498754,-0.333,-0.333,379850000,379850000,,,1620596261,17:37:41,20210509
4,2016-06-30,OVT.AX,AUD,2016-06-30,2016-06-30,FY,815979000.0,481949000.0,334030000.0,0.4093610252224628,0.0,238205000.0,22420000.0,3353000.0,327148000.0,0.0,8266000.0,27914000.0,34796000.0,0.04264325429943663,6882000.0,0.008434040581926741,3353000.0,2753000.0,0.0033738613371177444,2568000.0,185000.0,0.00022672152101953604,0.0006,0.0006,322126000,322126000,,,1620596261,17:37:41,20210509
5,2015-06-30,OVT.AX,AUD,2015-06-30,2015-06-30,FY,811682000.0,456187000.0,355495000.0,0.43797324567995843,0.0,249666000.0,16396000.0,4017000.0,343237000.0,0.0,8837000.0,31747000.0,44005000.0,0.05421458157258631,12258000.0,0.015101973432945415,7656000.0,11576000.0,0.014261742899312785,3591000.0,7985000.0,0.009837596497150361,0.025,0.025,323781000,323781000,,,1620596261,17:37:41,20210509
6,2014-06-30,OVT.AX,AUD,2014-06-30,2014-06-30,FY,899218000.0,518923000.0,380295000.0,0.4229174682891134,0.0,262641000.0,17526000.0,4615000.0,369305000.0,0.0,12072000.0,34592000.0,45582000.0,0.05069071126245249,10990000.0,0.01222173043689072,8913000.0,8091000.0,0.008997818104174962,4689000.0,3402000.0,0.0037832872562604397,0.011,0.011,323781000,323781000,,,1620596261,17:37:41,20210509
7,2013-06-30,OVT.AX,AUD,2013-06-30,2013-06-30,FY,975810000.0,548360000.0,427450000.0,0.4380463409885121,0.0,323848000.0,22303000.0,11568000.0,514836000.0,0.0,13702000.0,37803000.0,-49583000.0,-0.0508121458070731,-87386000.0,-0.08955226939670632,32831000.0,-68002000.0,-0.0696877465900124,1741000.0,-69743000.0,-0.07147190539141841,-0.215,-0.215,323781000,323781000,,,1620596261,17:37:41,20210509
8,2012-06-30,OVT.AX,AUD,2012-06-30,2012-06-30,FY,1093890000.0,614495000.0,479395000.0,0.43824790426825366,0.0,319328000.0,26284000.0,7369000.0,495545000.0,0.0,17751000.0,43815000.0,27665000.0,0.025290477104644892,-16150000.0,-0.014763824516176215,7441000.0,-26145000.0,-0.023900940679593013,-1620000.0,-24525000.0,-0.02241998738447193,-0.075,-0.075,327039000,327039000,,,1620596261,17:37:41,20210509
9,2011-06-30,OVT.AX,AUD,2011-06-30,2011-06-30,FY,1194261000.0,673345000.0,520916000.0,0.43618271047953505,0.0,340255000.0,29785000.0,-15863000.0,501130000.0,0.0,14424000.0,43401000.0,63187000.0,0.05290887000412808,19786000.0,0.016567567725982845,-15863000.0,-9973000.0,-0.008350770895139338,1336000.0,-11309000.0,-0.009469454332009502,-0.034,-0.034,334405000,334405000,,,1620596261,17:37:41,20210509
10,2010-06-30,OVT.AX,AUD,2010-06-30,2010-06-30,FY,1212139000.0,690775000.0,521364000.0,0.43011898800385107,0.0,331286000.0,28276000.0,-21856000.0,453194000.0,0.0,15299000.0,40629000.0,108799000.0,0.08975785780343673,68170000.0,0.056239424686442725,-21856000.0,31366000.0,0.025876570261331416,10728000.0,20638000.0,0.017026100141980416,0.062,0.061,335349000,338327869,,,1620596261,17:37:41,20210509
11,2009-06-30,OVT.AX,AUD,2009-06-30,2009-06-30,FY,1345611000.0,766719000.0,578892000.0,0.4302075414068405,0.0,393945000.0,35843000.0,-30365000.0,559942000.0,0.0,28391000.0,41772000.0,60722000.0,0.045125968797817495,18950000.0,0.014082821855647732,-30365000.0,-39467000.0,-0.029330170457881215,-12297000.0,-27170000.0,-0.02019157096664638,-0.08,-0.08,337903000,337903000,,,1620596261,17:37:41,20210509
12,2008-06-30,OVT.AX,AUD,2008-06-30,2008-06-30,FY,1347253000.0,730168000.0,617085000.0,0.4580320103202591,0.0,381580000.0,26571000.0,-39970000.0,509056000.0,0.0,19143000.0,40829000.0,148858000.0,0.11049001189828488,108029000.0,0.08018464237971636,-39841000.0,49370000.0,0.0366449360290903,-29555000.0,78925000.0,0.05858216682390019,0.24,0.24,328404000,328404000,,,1620596261,17:37:41,20210509
13,2007-06-30,OVT.AX,AUD,2007-06-30,2007-06-30,FY,1293957000.0,662459000.0,631498000.0,0.4880363103256136,0.0,379661000.0,26955000.0,9047000.0,551822000.0,0.0,24531000.0,37027000.0,116703000.0,0.09019078686540588,79676000.0,0.06157546193575211,9908000.0,65277000.0,0.05044758056102328,18892000.0,46385000.0,0.035847404511896455,0.153,0.153,299749000,299749000,,,1620596261,17:37:41,20210509
14,2006-06-30,OVT.AX,AUD,2006-06-30,2006-06-30,FY,1251493000.0,286567000.0,964926000.0,0.771019893838799,0.0,385734000.0,31937000.0,1543000.0,572801000.0,0.0,26323000.0,33766000.0,425891000.0,0.3403063381097617,392125000.0,0.3133257637078274,-331823000.0,34218000.0,0.027341743022134362,592000.0,33240000.0,0.02656027640586084,0.112,0.111,297485000,299459459,,,1620596261,17:37:41,20210509
15,2005-06-30,OVT.AX,AUD,2005-06-30,2005-06-30,FY,1391892000.0,681628000.0,710264000.0,0.5102867176476336,0.0,406293000.0,47359000.0,-21949000.0,624714000.0,0.0,24344000.0,39943000.0,125493000.0,0.09016001241475632,85550000.0,0.06146310202228334,-21208000.0,41123000.0,0.029544677316918268,41123000.0,-604000.0,-0.00043394171386860477,0.12,0.118,293884000,293884000,,,1620596261,17:37:41,20210509
16,2004-06-30,OVT.AX,AUD,2004-06-30,2004-06-30,FY,1221579000.0,617888000.0,603691000.0,0.4941890782339906,0.0,362950000.0,25109000.0,912000.0,551020000.0,0.0,50338000.0,38867000.0,91538000.0,0.07493416307909681,52671000.0,0.04311714592343189,1128000.0,4093000.0,0.003350581501482917,4093000.0,17508000.0,0.014332269955524776,0.06,0.059,290727000,296745763,,,1620596261,17:37:41,20210509
17,2003-06-30,OVT.AX,AUD,2003-06-30,2003-06-30,FY,1260122000.0,624756000.0,635366000.0,0.5042099098341272,0.0,280196000.0,25437000.0,178844000.0,760169000.0,0.0,35630000.0,40605000.0,-84198000.0,-0.06681733990835807,-124803000.0,-0.09904041037296389,178813000.0,19623000.0,0.015572301729515079,19623000.0,15530000.0,0.012324203529499525,0.053,0.052,290421000,290421000,,,1620596261,17:37:41,20210509
18,2002-06-30,OVT.AX,AUD,2002-06-30,2002-06-30,FY,1364935000.0,660106000.0,704829000.0,0.5163828314168807,0.0,304343000.0,27856000.0,-25289000.0,446925000.0,0.0,61427000.0,44775000.0,302679000.0,0.22175341682937283,257904000.0,0.18894965694337093,-34223000.0,31888000.0,0.023362284650917442,31888000.0,27132000.0,0.019877869642144132,0.1,0.099,272783000,274060606,,,1620596261,17:37:41,20210509
19,2001-06-30,OVT.AX,AUD,2001-06-30,2001-06-30,FY,1360162000.0,381273000.0,978889000.0,0.7196855962745614,0.0,349091000.0,0.0,0.0,1416713000.0,0.0,47496000.0,51639000.0,-386185000.0,-0.2839257382576487,-437824000.0,-0.32189106885797425,-7500000.0,-491062000.0,-0.3610319947182762,-491062000.0,-198000.0,-0.0001455708952315974,-1.976,-1.976,253421502,253421502,,,1620596261,17:37:41,20210509
20,2000-06-30,OVT.AX,AUD,2000-06-30,2000-06-30,FY,0.0,0.0,0.0,0.0,0.0,0.0,0.0,0.0,0.0,0.0,41336000.0,0.0,68611000.0,0.0,0.0,0.0,-1357000.0,27275000.0,0.0,27275000.0,-3136000.0,0.0,-0.014,-0.014,253421502,253421502,,,1620596261,17:37:41,20210509
21,1999-06-30,OVT.AX,AUD,1999-06-30,1999-06-30,FY,0.0,0.0,0.0,0.0,0.0,0.0,0.0,0.0,0.0,0.0,33416000.0,0.0,117555000.0,0.0,0.0,0.0,0.0,84139000.0,0.0,84139000.0,-1551000.0,0.0,0.226,0.226,252652326,252652326,,,1620596261,17:37:41,20210509
22,1998-06-30,OVT.AX,AUD,1998-06-30,1998-06-30,FY,0.0,0.0,0.0,0.0,0.0,0.0,0.0,0.0,0.0,0.0,34231000.0,0.0,128639000.0,0.0,0.0,0.0,0.0,94408000.0,0.0,94408000.0,-5065000.0,0.0,0.23,0.23,252462000,252462000,,,1620596261,17:37:41,20210509
23,1997-06-30,OVT.AX,AUD,1997-06-30,1997-06-30,FY,0.0,0.0,0.0,0.0,0.0,0.0,0.0,0.0,0.0,0.0,38863000.0,0.0,105183000.0,0.0,0.0,0.0,0.0,66320000.0,0.0,66320000.0,-4976000.0,0.0,-0.019752,-0.019752,251918000,251918000,,,1620596261,17:37:41,20210509
24,1996-06-30,OVT.AX,AUD,1996-06-30,1996-06-30,FY,0.0,0.0,0.0,0.0,0.0,0.0,0.0,0.0,0.0,0.0,27385000.0,0.0,111566000.0,0.0,0.0,0.0,0.0,84181000.0,0.0,84181000.0,-1374000.0,0.0,0.258,0.256,226726562,226726562,,,1620596261,17:37:41,20210509
25,1995-06-30,OVT.AX,AUD,1995-06-30,1995-06-30,FY,0.0,0.0,0.0,0.0,0.0,0.0,0.0,0.0,0.0,0.0,24853000.0,0.0,110518000.0,0.0,0.0,0.0,0.0,85665000.0,0.0,85665000.0,-1217000.0,0.0,0.302,0.302,213387417,213387417,,,1620596261,17:37:41,20210509
26,1994-06-30,OVT.AX,AUD,1994-06-30,1994-06-30,FY,0.0,0.0,0.0,0.0,0.0,0.0,0.0,0.0,0.0,0.0,19995000.0,0.0,107470000.0,0.0,0.0,0.0,0.0,87475000.0,0.0,87475000.0,-360000.0,0.0,0.31,0.31,204751613,204751613,,,1620596261,17:37:41,20210509
27,1993-06-30,OVT.AX,AUD,1993-06-30,1993-06-30,FY,0.0,0.0,0.0,0.0,0.0,0.0,0.0,0.0,0.0,0.0,18715000.0,0.0,103510000.0,0.0,0.0,0.0,0.0,84795000.0,0.0,84795000.0,-32000.0,0.0,0.289,0.289,204844291,204844291,,,1620596261,17:37:41,20210509
28,1992-06-30,OVT.AX,AUD,1992-06-30,1992-06-30,FY,0.0,0.0,0.0,0.0,0.0,0.0,0.0,0.0,0.0,0.0,18641000.0,0.0,76942000.0,0.0,0.0,0.0,0.0,58301000.0,0.0,58301000.0,0.0,0.0,0.27,0.27,204508000,204508000,,,1620596261,17:37:41,20210509
