,date,symbol,reportedCurrency,fillingDate,acceptedDate,period,revenue,costOfRevenue,grossProfit,grossProfitRatio,researchAndDevelopmentExpenses,generalAndAdministrativeExpenses,sellingAndMarketingExpenses,otherExpenses,operatingExpenses,costAndExpenses,interestExpense,depreciationAndAmortization,ebitda,ebitdaratio,operatingIncome,operatingIncomeRatio,totalOtherIncomeExpensesNet,incomeBeforeTax,incomeBeforeTaxRatio,incomeTaxExpense,netIncome,netIncomeRatio,eps,epsdiluted,weightedAverageShsOut,weightedAverageShsOutDil,link,finalLink,timestamp,est_time,est_date
0,2020-12-31,ISDR,USD,2021-03-04,2021-03-04 17:21:40,FY,18526000.0,5415000.0,13111000.0,0.7077080859332829,825000.0,5029000.0,3812000.0,1576.0,10417000.0,15832000.0,0.0,751000.0,3445000.0,0.18595487423081075,2694000.0,0.1454172514304221,80000.0,2830000.0,0.15275828565259636,724000.0,2106000.0,0.11367807405808053,0.5485803594686116,0.5485803594686116,3755.0,3755.0,https://www.sec.gov/Archives/edgar/data/843006/000165495421002389/0001654954-21-002389-index.htm,https://www.sec.gov/Archives/edgar/data/843006/000165495421002389/isdr_10k.htm,1620593769,16:56:09,20210509
1,2019-12-31,ISDR,USD,2020-02-27 00:00:00,2020-02-27 17:12:30,FY,16295000.0,5080000.0,11215000.0,0.6882479288125192,1219000.0,5086000.0,3551000.0,0.0,10741000.0,15821000.0,0.0,885000.0,1359000.0,0.08339981589444614,474000.0,0.02908867750843817,0.0,795000.0,0.04878797177048174,109000.0,686000.0,0.04209880331389997,0.17869236780411565,0.17767417767417767,3839000.0,3861000.0,https://www.sec.gov/Archives/edgar/data/843006/000165495420001999/0001654954-20-001999-index.html,https://www.sec.gov/Archives/edgar/data/843006/000165495420001999/isdr_10k.htm,1620593769,16:56:09,20210509
2,2018-12-31,ISDR,USD,2019-02-28 00:00:00,2019-02-28 17:17:19,FY,14232000.0,4103000.0,10129000.0,0.7117060146149522,1276000.0,4085000.0,3002000.0,0.0,8966000.0,13069000.0,0.0,603000.0,1766000.0,0.12408656548622822,1163000.0,0.08171725688589095,0.0,1210000.0,0.08501967397414277,373000.0,837000.0,0.058811129848229345,0.25,0.24,3415000.0,3463000.0,https://www.sec.gov/Archives/edgar/data/843006/000165495419002109/0001654954-19-002109-index.html,https://www.sec.gov/Archives/edgar/data/843006/000165495419002109/isdr_10k.htm,1620593769,16:56:09,20210509
3,2017-12-31,ISDR,USD,2018-03-01 00:00:00,2018-03-01 16:56:41,FY,12628000.0,3395000.0,9233000.0,0.7311529933481153,763000.0,3384000.0,2604000.0,0.0,7205000.0,10600000.0,0.0,454000.0,2482000.0,0.19654735508394044,2028000.0,0.1605955020589167,-24000.0,2002000.0,0.15853658536585366,131000.0,1871000.0,0.14816281279695914,0.63,0.62,2947000.0,3033000.0,https://www.sec.gov/Archives/edgar/data/843006/000165495418002057/0001654954-18-002057-index.html,https://www.sec.gov/Archives/edgar/data/843006/000165495418002057/isdr_10k.htm,1620593769,16:56:09,20210509
4,2016-12-31,ISDR,USD,2017-03-14 00:00:00,2017-03-14 16:06:25,FY,12058866.0,3024339.0,9034527.0,0.7492020393957441,403623.0,3185308.0,2600851.0,0.0,7099214.0,10123553.0,0.0,909432.0,2844745.0,0.2359048520814478,1935313.0,0.16048880549796307,80165.0,2019558.0,0.16747495162480452,464350.0,1555208.0,0.12896801407362848,0.55,0.54,2819720.0,2903255.0,https://www.sec.gov/Archives/edgar/data/843006/000165495417001989/0001654954-17-001989-index.html,https://www.sec.gov/Archives/edgar/data/843006/000165495417001989/isdr_10k.htm,1620593769,16:56:09,20210509
5,2015-12-31,ISDR,USD,2016-03-03 00:00:00,2016-03-03 17:16:34,FY,11619883.0,3447992.0,8171891.0,0.7032679244704959,326584.0,3241404.0,2343330.0,0.0,6990655.0,10438647.0,0.0,1079337.0,2260573.0,0.19454352509401343,1181236.0,0.10165644524992205,-547000.0,12097.0,0.0010410603962191357,-132487.0,144584.0,0.012442810310568531,0.058143294443523987,0.05612837506288937,2486684.0,2575952.0,https://www.sec.gov/Archives/edgar/data/843006/000165495416000153/0001654954-16-000153-index.html,https://www.sec.gov/Archives/edgar/data/843006/000165495416000153/isdr_10k.htm,1620593769,16:56:09,20210509
6,2014-12-31,ISDR,USD,2015-03-04,2015-03-04 17:03:38,FY,13629684.0,4065655.0,9564029.0,0.7017058502603583,0.0,4227412.0,2705322.0,0.0,8091376.0,12157031.0,0.0,1158642.0,2631295.0,0.19305619998233267,1472653.0,0.10804747931059884,0.0,-237349.0,-0.01741412346757269,-279475.0,42126.0,0.003090753974927078,0.020224288638036315,0.01982477433236216,2082941.0,2124917.0,https://www.sec.gov/Archives/edgar/data/843006/000135448815000966/isdr_10k.htm,https://www.sec.gov/Archives/edgar/data/843006/000135448815000966/isdr_10k.htm,1620593769,16:56:09,20210509
7,2013-12-31,ISDR,USD,2014-03-06,2014-03-06 08:57:21,FY,8842229.0,2577891.0,6264338.0,0.7084568834396847,0.0,2481560.0,1588374.0,0.0,4564113.0,7142004.0,0.0,494179.0,2194404.0,0.24817316990998536,1700225.0,0.19228466034978284,0.0,1184577.0,0.13396814310056887,556000.0,628577.0,0.07108807066634443,0.32,0.31,1964303.0,2027668.0,https://www.sec.gov/Archives/edgar/data/843006/000135448814001022/isdr_10k.htm,https://www.sec.gov/Archives/edgar/data/843006/000135448814001022/isdr_10k.htm,1620593769,16:56:09,20210509
8,2012-12-31,ISDR,USD,2013-02-28 00:00:00,2013-02-28 16:23:02,FY,4305566.0,1501158.0,2804408.0,0.6513447941571445,0.0,1309166.0,799760.0,0.0,2247275.0,3748433.0,0.0,138349.0,695482.0,0.16153091138307948,557133.0,0.129398318362789,0.0,556732.0,0.12930518310484615,251000.0,305732.0,0.07100855032764565,0.16,0.15,1910825.0,2038213.0,https://www.sec.gov/Archives/edgar/data/843006/000135448813000935/0001354488-13-000935-index.html,https://www.sec.gov/Archives/edgar/data/843006/000135448813000935/isdr_10k.htm,1620593769,16:56:09,20210509
9,2011-12-31,ISDR,USD,2012-03-01 00:00:00,2012-03-01 14:29:44,FY,3228099.0,1391967.0,1836132.0,0.5687966818861503,0.0,965159.0,361641.0,0.0,1381504.0,2773471.0,0.0,54704.0,509332.0,0.15778078677264853,454628.0,0.14083459026504452,-206263.0,261076.0,0.08087608217715751,21800.0,239276.0,0.07412288160926911,0.13615890934480682,0.1351782237844886,1757329.0,1770078.0,https://www.sec.gov/Archives/edgar/data/843006/000135448812000920/0001354488-12-000920-index.html,https://www.sec.gov/Archives/edgar/data/843006/000135448812000920/isdr_10k.htm,1620593769,16:56:09,20210509
10,2010-12-31,ISDR,USD,2011-03-01,2011-03-01 16:07:32,FY,3860513.0,2509416.0,1351097.0,0.3499786168314936,0.0,742173.0,337848.0,0.0,1119193.0,3628609.0,19298.0,39172.0,271076.0,0.07021761097553615,231904.0,0.06007077297758096,-4000.0,208606.0,0.05403582373637908,-220800.0,429406.0,0.11123029504109946,0.24668454060960218,0.24393369686179764,1740709.0,1760339.0,https://www.sec.gov/Archives/edgar/data/843006/000135448811000682/isdr_10k.htm,https://www.sec.gov/Archives/edgar/data/843006/000135448811000682/isdr_10k.htm,1620593769,16:56:09,20210509
11,2009-12-31,ISDR,USD,2010-03-16 00:00:00,2010-03-16 17:29:04,FY,1885232.0,786633.0,1098599.0,0.5827394188089318,0.0,537604.0,247887.0,0.0,823737.0,1610370.0,688.0,38246.0,313108.0,0.16608459860643146,274862.0,0.14579744031503816,0.0,0.0,0.0,0.0,274174.0,0.1454324984935541,0.16113939056263668,0.16110965838810426,1701471.0,1701785.0,https://www.sec.gov/Archives/edgar/data/843006/000135448810000836/0001354488-10-000836-index.html,https://www.sec.gov/Archives/edgar/data/843006/000135448810000836/isdr_10k.htm,1620593769,16:56:09,20210509
12,2008-12-31,ISDR,USD,2009-03-20 00:00:00,2009-03-19 19:32:21,FY,1425331.0,745175.0,680156.0,0.4771916137374406,0.0,1226243.0,287198.0,0.0,1548632.0,2293807.0,8886.0,35191.0,-833285.0,-0.5846256062626857,-868476.0,-0.6093153099174858,-85681.0,0.0,0.0,0.0,-963043.0,-0.6756627057153742,-0.5,-0.5,1783410.0,1783410.0,https://www.sec.gov/Archives/edgar/data/843006/000111650209000420/0001116502-09-000420-index.html,https://www.sec.gov/Archives/edgar/data/843006/000111650209000420/isdr_10k.htm,1620593769,16:56:09,20210509
13,2007-12-31,ISDR,USD,2008-04-01 00:00:00,2008-04-01 17:23:50,FY,640150.0,264572.0,375578.0,0.5867031164570804,0.0,0.0,0.0,0.0,623118.0,887690.0,0.0,26584.0,-220956.0,-0.3451628524564555,-247540.0,-0.3866906193860814,35717.0,0.0,0.0,0.0,-249171.0,-0.38923845973599935,-0.2,-0.2,1403961.0,1403961.0,https://www.sec.gov/Archives/edgar/data/843006/000135448808000513/0001354488-08-000513-index.html,https://www.sec.gov/Archives/edgar/data/843006/000135448808000513/isdr10ksb.htm,1620593769,16:56:09,20210509
14,2006-12-31,ISDR,USD,2007-11-07,2007-11-07,FY,48875.0,1175.0,47700.0,0.9759590792838875,0.0,0.0,0.0,0.0,305056.0,306231.0,0.0,1003.0,-256353.0,-5.245074168797954,-257356.0,-5.265595907928389,0.0,0.0,0.0,0.0,-262533.0,-5.371519181585677,-10.763519,-10.763519,24391.0,24391.0,https://www.sec.gov/Archives/edgar/data/843006/000135448807001877/dccn10ksb.htm,https://www.sec.gov/Archives/edgar/data/843006/000135448807001877/dccn10ksb.htm,1620593769,16:56:09,20210509
15,2005-12-31,ISDR,USD,2005-12-31,2005-12-31,FY,0.0,0.0,0.0,0.0,0.0,0.0,0.0,0.0,0.0,0.0,0.0,0.0,0.0,0.0,0.0,0.0,0.0,0.0,0.0,0.0,0.0,0.0,0.0,0.0,20000.0,20000.0,,,1620593769,16:56:09,20210509
16,2004-12-31,ISDR,USD,2007-11-07,2007-11-06 17:31:22,FY,0.0,0.0,0.0,0.0,0.0,0.0,0.0,-3712000.0,0.0,0.0,0.0,0.0,0.0,0.0,0.0,0.0,0.0,0.0,0.0,0.0,0.0,0.0,-0.16,-0.16,20000.0,20000.0,https://www.sec.gov/Archives/edgar/data/843006/000135448807001876/dccn10ksb2004.htm,https://www.sec.gov/Archives/edgar/data/843006/000135448807001876/dccn10ksb2004.htm,1620593769,16:56:09,20210509
17,2003-12-31,ISDR,USD,2007-11-06,2007-11-06 14:48:17,FY,0.0,0.0,0.0,0.0,0.0,0.0,0.0,0.0,0.0,0.0,0.0,0.0,0.0,0.0,0.0,0.0,0.0,0.0,0.0,0.0,0.0,0.0,0.0,0.0,20000.0,20000.0,https://www.sec.gov/Archives/edgar/data/843006/000135448807001869/dccn10ksb2003.htm,https://www.sec.gov/Archives/edgar/data/843006/000135448807001869/dccn10ksb2003.htm,1620593769,16:56:09,20210509
18,2002-12-31,ISDR,USD,2007-11-06,2007-11-06 14:42:52,FY,0.0,0.0,0.0,0.0,0.0,130000.0,0.0,-9418000.0,130000.0,130000.0,0.0,0.0,-130000.0,0.0,-130000.0,0.0,0.0,-130000.0,0.0,0.0,-130000.0,0.0,-6.5,-6.5,20000.0,20000.0,https://www.sec.gov/Archives/edgar/data/843006/000135448807001867/f10ksbdec02final.htm,https://www.sec.gov/Archives/edgar/data/843006/000135448807001867/f10ksbdec02final.htm,1620593769,16:56:09,20210509
19,2001-12-31,ISDR,USD,2001-12-31,2001-12-31,FY,0.0,0.0,0.0,0.0,0.0,390000.0,0.0,0.0,420000.0,420000.0,0.0,40000.0,-380000.0,0.0,-420000.0,0.0,0.0,-420000.0,0.0,0.0,-420000.0,0.0,-21.0,-21.0,20000.0,20000.0,,,1620593769,16:56:09,20210509
20,2000-12-31,ISDR,USD,2000-12-31,2000-12-31,FY,0.0,0.0,0.0,0.0,0.0,870000.0,0.0,0.0,880000.0,880000.0,-110000.0,20000.0,-860000.0,0.0,-880000.0,0.0,0.0,-990000.0,0.0,0.0,2080000.0,0.0,104.0,104.0,20000.0,20000.0,,,1620593769,16:56:09,20210509
21,1999-12-31,ISDR,USD,1999-12-31,1999-12-31,FY,0.0,0.0,0.0,0.0,0.0,1660000.0,0.0,0.0,1680000.0,1680000.0,0.0,20000.0,-1660000.0,0.0,-1680000.0,0.0,0.0,-1680000.0,0.0,0.0,-3570000.0,0.0,-178.5,-178.5,20000.0,20000.0,,,1620593769,16:56:09,20210509
22,1998-12-31,ISDR,USD,1998-12-31,1998-12-31,FY,2690000.0,2630000.0,70000.0,0.026022304832713755,280000.0,2960000.0,0.0,1600000.0,5180000.0,7810000.0,-190000.0,350000.0,-4770000.0,-1.7732342007434945,-5120000.0,-1.903345724907063,200000.0,-5110000.0,-1.899628252788104,-30000.0,-5090000.0,-1.8921933085501859,-254.5,-254.5,20000.0,20000.0,,,1620593769,16:56:09,20210509
23,1997-12-31,ISDR,USD,1997-12-31,1997-12-31,FY,6660000.0,4640000.0,2030000.0,0.3048048048048048,100000.0,1660000.0,0.0,0.0,2170000.0,6810000.0,-210000.0,410000.0,270000.0,0.04054054054054054,-140000.0,-0.021021021021021023,70000.0,-280000.0,-0.042042042042042045,0.0,3420000.0,0.5135135135135135,171.0,171.0,20000.0,20000.0,,,1620593769,16:56:09,20210509
24,1996-12-31,ISDR,USD,1996-12-31,1996-12-31,FY,10430000.0,6840000.0,3580000.0,0.3432406519654842,210000.0,1820000.0,0.0,0.0,2550000.000000001,9390000.0,-160000.0,520000.0,1560000.0,0.14956855225311602,1040000.0,0.09971236816874401,30000.0,910000.0,0.087248322147651,40000.0,770000.0,0.0738255033557047,38.5,38.5,20000.0,20000.0,,,1620593769,16:56:09,20210509
25,1995-12-31,ISDR,USD,1996-03-29 00:00:00,1996-03-29 00:00:00,FY,11040000.0,6810000.0,4230000.0,0.38315217391304346,500000.0,3200000.0,0.0,0.0,4690000.0,11500000.0,-150000.0,990000.0,520000.0,0.04710144927536232,-470000.0,-0.042572463768115944,10000.0,-600000.0,-0.05434782608695652,0.0,-600000.0,-0.05434782608695652,-30.0,-30.0,20000.0,20000.0,https://www.sec.gov/Archives/edgar/data/843006/000089056696000168/0000890566-96-000168-index.html,https://www.sec.gov/Archives/edgar/data/843006/0000890566-96-000168.txt,1620593769,16:56:09,20210509
