,date,symbol,reportedCurrency,fillingDate,acceptedDate,period,revenue,costOfRevenue,grossProfit,grossProfitRatio,researchAndDevelopmentExpenses,generalAndAdministrativeExpenses,sellingAndMarketingExpenses,otherExpenses,operatingExpenses,costAndExpenses,interestExpense,depreciationAndAmortization,ebitda,ebitdaratio,operatingIncome,operatingIncomeRatio,totalOtherIncomeExpensesNet,incomeBeforeTax,incomeBeforeTaxRatio,incomeTaxExpense,netIncome,netIncomeRatio,eps,epsdiluted,weightedAverageShsOut,weightedAverageShsOutDil,link,finalLink,timestamp,est_time,est_date
0,2020-12-31,CVV,USD,2021-03-31,2021-03-31 16:00:44,FY,16920219.0,14037813.0,2882406.0,0.17035275961853685,372648.0,6153925.0,580468.0,3599322.0,10706363.0,24744176.0,444337.0,1389145.0,-6213162.0,-0.3672034032183626,-7602307.0,-0.44930310890184105,603320.0,-7602307.0,-0.44930310890184105,-1527355.0,-6074952.0,-0.35903506922694084,-0.9148709953935317,-0.9148709953935317,6640228.0,6640228.0,https://www.sec.gov/Archives/edgar/data/766792/000143774921007832/0001437749-21-007832-index.htm,https://www.sec.gov/Archives/edgar/data/766792/000143774921007832/cvv20201231_10k.htm,1620590880,16:08:00,20210509
1,2019-12-31,CVV,USD,2020-03-30 00:00:00,2020-03-30 16:06:37,FY,19646652.0,16850077.0,2796575.0,0.14234359116250442,597456.0,6285496.0,898338.0,411230.0,7781290.0,24631367.0,482844.0,1042829.0,-3941886.0,-0.20063907071800324,-4984715.0,-0.25371829256201006,411230.0,-4913750.0,-0.25010622675049166,1413908.0,-6327658.0,-0.3220730941841898,-0.96,-0.96,6562141.0,6562141.0,https://www.sec.gov/Archives/edgar/data/766792/000143774920006524/0001437749-20-006524-index.html,https://www.sec.gov/Archives/edgar/data/766792/000143774920006524/cvv20191231_10k.htm,1620590880,16:08:00,20210509
2,2018-12-31,CVV,USD,2019-04-01 00:00:00,2019-04-01 16:02:19,FY,24334331.0,19156201.0,5178130.0,0.21279113857701698,606618.0,8205942.0,1620089.0,0.0,10432649.0,29588850.0,463017.0,1141161.0,-4113358.0,-0.16903517914669608,-5254519.0,-0.21593028384466373,0.0,-5557583.0,-0.22838445815502387,-356562.0,-5201021.0,-0.2137318260362284,-0.8,-0.8,6501250.0,6501250.0,https://www.sec.gov/Archives/edgar/data/766792/000143774919006233/0001437749-19-006233-index.html,https://www.sec.gov/Archives/edgar/data/766792/000143774919006233/cvv20181231_10k.htm,1620590880,16:08:00,20210509
3,2017-12-31,CVV,USD,2018-04-02 00:00:00,2018-04-02 16:06:18,FY,41128639.0,23528427.0,17600212.0,0.42793081482710865,437157.0,8539244.0,1404938.0,2244.0,10381339.0,33909766.0,106280.0,867277.0,8086150.0,0.1966063112372865,7218873.0,0.175519374711135,2244.0,7195355.0,0.17494755904760184,1933944.0,5261411.0,0.1279257259157056,0.83,0.82,6375848.0,6387464.0,https://www.sec.gov/Archives/edgar/data/766792/000143774918006052/0001437749-18-006052-index.html,https://www.sec.gov/Archives/edgar/data/766792/000143774918006052/cvv20171231_10k.htm,1620590880,16:08:00,20210509
4,2016-12-31,CVV,USD,2017-03-30 00:00:00,2017-03-30 16:08:36,FY,20955347.0,13850824.0,7104523.0,0.33903151305487805,433844.0,6926487.0,1097661.0,123006.0,8457992.0,22308816.0,79861.0,813657.0,-539812.0,-0.025760107909451463,-1353469.0,-0.06458824089145362,751911.0,-653186.0,-0.031170373843010094,-504061.0,-149124.0,-0.007116274428669685,-0.02,-0.02,6285815.0,6285815.0,https://www.sec.gov/Archives/edgar/data/766792/000143774917005623/0001437749-17-005623-index.html,https://www.sec.gov/Archives/edgar/data/766792/000143774917005623/cvv20161231_10k.htm,1620590880,16:08:00,20210509
5,2015-12-31,CVV,USD,2016-03-30 00:00:00,2016-03-30 16:35:12,FY,38965387.0,23819864.0,15145523.0,0.38869171246778583,605264.0,7745092.0,1208174.0,759.0,9558530.0,33378394.0,92101.0,826529.0,6413522.0,0.16459536254573834,5586993.0,0.1433834854508182,-994241.0,4525191.0,0.11613360852799948,1320195.0,3204996.0,0.08225238466128926,0.52,0.51,6175254.0,6283307.0,https://www.sec.gov/Archives/edgar/data/766792/000143774916028683/0001437749-16-028683-index.html,https://www.sec.gov/Archives/edgar/data/766792/000143774916028683/cvv20151231_10k.htm,1620590880,16:08:00,20210509
6,2014-12-31,CVV,USD,2015-03-31,2015-03-31 16:43:42,FY,27990463.0,16465084.0,11525379.0,0.4117609272844111,877788.0,8204514.0,1282101.0,130813.0,10364403.0,26829487.0,109418.0,797928.0,1958904.0,0.06998469442967056,1160976.0,0.04147755612331243,-4794187.0,-3709470.0,-0.13252621080258659,-1235940.0,-2473530.0,-0.0883704567516443,-0.4,-0.4,6129831.0,6129831.0,https://www.sec.gov/Archives/edgar/data/766792/000143774915006481/cvv20141231_10k.htm,https://www.sec.gov/Archives/edgar/data/766792/000143774915006481/cvv20141231_10k.htm,1620590880,16:08:00,20210509
7,2013-12-31,CVV,USD,2014-03-31,2014-03-31 16:45:53,FY,17883927.0,11173893.0,6710034.0,0.3751991383100591,1013157.0,6081783.0,1027296.0,-16846.0,8122236.0,19296129.0,163738.0,646422.0,-765780.0,-0.04281945458623265,-1412202.0,-0.07896487164144654,-410721.0,-1956730.0,-0.10941277047261488,-1396407.0,-560323.0,-0.03133109411596234,-0.09,-0.09,6071375.0,6071375.0,https://www.sec.gov/Archives/edgar/data/766792/000143774914005556/0001437749-14-005556-index.htm,https://www.sec.gov/Archives/edgar/data/766792/000143774914005556/cvv20131231_10k.htm,1620590880,16:08:00,20210509
8,2012-12-31,CVV,USD,2013-04-01 00:00:00,2013-04-01 16:21:09,FY,22157737.0,14169163.0,7988574.0,0.3605320344762644,0.0,5512840.0,1236699.0,28129.0,6749539.0,20918702.0,204874.0,515215.0,1754250.0,0.0791709911531128,1239035.0,0.05591884225361101,-665689.0,400092.0,0.018056537091310363,-35494.0,435586.0,0.019658415478078832,0.07250913301525504,0.07103215351918069,6007326.0,6132237.0,https://www.sec.gov/Archives/edgar/data/766792/000143774913003792/0001437749-13-003792-index.html,https://www.sec.gov/Archives/edgar/data/766792/000143774913003792/cvv_10k-123112.htm,1620590880,16:08:00,20210509
9,2011-12-31,CVV,USD,2012-03-27 00:00:00,2012-03-27 08:00:59,FY,30993885.0,19544888.0,11448997.0,0.3693953500827663,0.0,5484176.0,1207915.0,0.0,6692091.0,26236979.0,182969.0,597040.0,5353946.0,0.17274201023847124,4756906.0,0.15347885558715857,195567.0,4787640.0,0.15447047054604482,1008517.0,3779123.0,0.12193124546987252,0.69,0.67,5450565.0,5629907.0,https://www.sec.gov/Archives/edgar/data/766792/000143774912002795/0001437749-12-002795-index.html,https://www.sec.gov/Archives/edgar/data/766792/000143774912002795/cvv_10k-123111.htm,1620590880,16:08:00,20210509
10,2010-12-31,CVV,USD,2011-03-07,2011-03-07 16:30:02,FY,16257587.0,10377564.0,5880023.0,0.36167870422591003,0.0,3983376.0,951256.0,0.0,4934632.0,15312196.0,226559.0,588987.0,1534378.0,0.09437919661755462,945391.0,0.05815075755092069,14520.0,741567.0,0.04561359567074745,209795.0,531772.0,0.032709159114449146,0.1108167696815361,0.10949412205098766,4798660.0,4856626.0,https://www.sec.gov/Archives/edgar/data/766792/000100944811000009/0001009448-11-000009-index.htm,https://www.sec.gov/Archives/edgar/data/766792/000100944811000009/cvd10k.htm,1620590880,16:08:00,20210509
11,2009-12-31,CVV,USD,2010-03-31 00:00:00,2010-03-31 17:16:13,FY,10575019.0,5755501.0,4819518.0,0.4557455641450857,0.0,3817194.0,698820.0,0.0,4516014.0,10271515.0,248715.0,580238.0,883742.0,0.08356883330422385,303504.0,0.028700090278797608,43135.0,131388.0,0.012424374840366717,-47636.0,179024.0,0.016928953035450812,0.037604166907350085,0.03723532921913839,4760749.0,4807907.0,https://www.sec.gov/Archives/edgar/data/766792/000100944810000014/0001009448-10-000014-index.html,https://www.sec.gov/Archives/edgar/data/766792/000100944810000014/cvdform10k123109.htm,1620590880,16:08:00,20210509
12,2008-12-31,CVV,USD,2009-03-31 00:00:00,2009-03-31 16:07:18,FY,18146741.0,12773343.0,5373398.0,0.29610815517783606,0.0,4145930.0,766755.0,0.0,4912685.0,17686028.0,229000.0,522925.0,983638.0,0.05420466407714752,460713.0,0.025388195048356064,-62567.0,276344.0,0.01522829911993564,-355437.0,631781.0,0.03481512189984968,0.13335862115112765,0.13245526146025102,4737459.0,4769769.0,https://www.sec.gov/Archives/edgar/data/766792/000100944809000030/0001009448-09-000030-index.html,https://www.sec.gov/Archives/edgar/data/766792/000100944809000030/cvd10k1231.htm,1620590880,16:08:00,20210509
13,2007-12-31,CVV,USD,2007-12-31,2007-12-31,FY,13577772.0,8906785.0,4670987.0,0.3440171922168085,0.0,4181727.0,0.0,0.0,4181727.0,13088512.0,216655.0,436171.0,925431.0,0.06815779496076381,489260.0,0.03603389422064238,562974.0,886745.0,0.06530857934571298,109659.0,777086.0,0.05723221748015801,0.21,0.2,3667833.0,3825271.0,,,1620590880,16:08:00,20210509
14,2006-12-31,CVV,USD,2006-12-31,2006-12-31,FY,13355778.0,8671839.0,4683939.0,0.3507050656277755,0.0,3680824.0,0.0,0.0,3680824.0,12352663.0,223509.0,358050.0,1361165.0,0.1019158150127982,1003115.0,0.0751071933061481,116441.0,896913.0,0.06715542890874646,292587.0,604326.0,0.04524828130566411,0.19068862357640484,0.18517539120946533,3169177.0,3263533.0,,,1620590880,16:08:00,20210509
15,2005-12-31,CVV,USD,2005-12-31,2005-12-31,FY,11225316.0,7355679.0,3869637.0,0.3447241039806808,0.0,3247069.0,0.0,0.0,3247069.0,10602748.0,219255.0,350143.0,972711.0,0.08665332895750998,622568.0,0.055461066753042854,51405.0,455481.0,0.04057622965803368,64570.0,390911.0,0.0348240530600653,0.13,0.12,3097698.0,3220097.0,,,1620590880,16:08:00,20210509
16,2004-12-31,CVV,USD,2004-12-31,2004-12-31,FY,9873592.0,6548946.0,3324646.0,0.33672102310891516,0.0,2942995.0,0.0,0.0,2942995.0,9491941.0,212547.0,356884.0,738535.0,0.07479901944500036,381651.0,0.03865371386624037,26001.0,195857.0,0.01983644857919995,125133.0,70724.0,0.007162945359702933,0.02327136323253595,0.023161663327322734,3039100.0,3053494.0,,,1620590880,16:08:00,20210509
17,2003-12-31,CVV,USD,2003-12-31,2003-12-31,FY,9787939.0,7483997.0,2303942.0,0.23538581513431991,0.0,2904447.0,0.0,0.0,2904447.0,10388444.0,208944.0,351579.0,-248926.0,-0.025431911661893274,-600505.0,-0.06135152660841062,310042.0,-498164.0,-0.0508956992886858,-161214.0,-336950.0,-0.034425020425648344,-0.11,-0.11,3039100.0,3039100.0,,,1620590880,16:08:00,20210509
18,2002-12-31,CVV,USD,2002-12-31,2002-12-31,FY,9241808.0,6205283.0,3036525.0,0.32856395631677265,0.0,3370090.0,0.0,0.0,3370090.0,9575373.0,139343.0,294721.0,-38844.0,-0.0042030736842834215,-333565.0,-0.03609304586288743,546027.0,98340.0,0.010640775051808044,-69862.0,168202.0,0.0182001184183874,0.06,0.05,3036530.0,3124733.0,,,1620590880,16:08:00,20210509
19,2001-12-31,CVV,USD,2001-12-31,2001-12-31,FY,10839993.0,6940080.0,3899913.0,0.35977080428003966,0.0,2825523.0,0.0,0.0,2825523.0,9765603.0,64674.0,265671.0,1340061.0,0.12362194329830287,1074390.0,0.09911353263789008,44634.0,1106994.0,0.10212128365765549,232852.0,874142.0,0.08064045797815553,0.29,0.27,3014744.0,3263395.0,,,1620590880,16:08:00,20210509
20,2000-12-31,CVV,USD,2000-12-31,2000-12-31,FY,9504181.0,5539825.0,3964356.0,0.41711705616717526,0.0,2292426.0,0.0,0.0,2292426.0,7832251.0,70492.0,269450.0,1941380.0,0.2042658909799803,1671930.0,0.17591521036899443,-1486.0,1374169.0,0.14458573547789125,445490.0,928679.0,0.09771268034562894,0.31,0.29,2963972.0,3183387.0,,,1620590880,16:08:00,20210509
21,1999-12-31,CVV,USD,1999-12-31,1999-12-31,FY,5295859.0,3220559.0,2075300.0,0.39187221563111857,0.0,1874164.0,0.0,0.0,2106912.0,5327471.0,0.0,232748.0,201136.0,0.03797986313457363,-31612.0,-0.0059691921556068615,-2745.0,-41802.0,-0.007893337039373593,-202343.0,160541.0,0.030314440018134926,0.06,0.05,2918750.0,2991083.0,,,1620590880,16:08:00,20210509
22,1998-12-31,CVV,USD,1998-12-31,1998-12-31,FY,3037259.0,2171796.0,865463.0,0.28494869881034185,0.0,800676.0,158467.0,0.0,959143.0,3130939.0,2389.0,148732.0,55052.0,0.018125553336083622,-93680.0,-0.030843599442787067,166313.0,156618.0,0.05156557277466294,72413.0,84205.0,0.02772401036592533,0.02884967880085653,0.028118853540193882,2918750.0,2994610.0,,,1620590880,16:08:00,20210509
23,1997-12-31,CVV,USD,1997-12-31,1997-12-31,FY,3793204.0,2440460.0,1352744.0,0.3566230553379149,0.0,709214.0,114061.0,0.0,823275.0,3263735.0,0.0,165418.0,694887.0,0.18319262554821727,529469.0,0.13958358158432818,1709.0,577019.0,0.1521191583684927,-56887.0,633906.0,0.16711624262760452,0.22,0.22,2918750.0,2918750.0,,,1620590880,16:08:00,20210509
24,1996-12-31,CVV,USD,1996-12-31,1996-12-31,FY,5017522.0,3012117.0,2005405.0,0.3996803601459047,0.0,676789.0,130674.0,0.0,807463.0,3819580.0,26924.0,313492.0,1511434.0,0.3012311655036092,1197942.0,0.23875171847776652,1278.0,1209401.0,0.24103551514074079,74264.0,1135137.0,0.22623458352549325,0.39,0.39,2918750.0,2918750.0,,,1620590880,16:08:00,20210509
