,date,symbol,reportedCurrency,fillingDate,acceptedDate,period,revenue,costOfRevenue,grossProfit,grossProfitRatio,researchAndDevelopmentExpenses,generalAndAdministrativeExpenses,sellingAndMarketingExpenses,otherExpenses,operatingExpenses,costAndExpenses,interestExpense,depreciationAndAmortization,ebitda,ebitdaratio,operatingIncome,operatingIncomeRatio,totalOtherIncomeExpensesNet,incomeBeforeTax,incomeBeforeTaxRatio,incomeTaxExpense,netIncome,netIncomeRatio,eps,epsdiluted,weightedAverageShsOut,weightedAverageShsOutDil,link,finalLink,timestamp,est_time,est_date
0,2020-12-31,HDSN,USD,2021-03-12,2021-03-12 17:11:39,FY,147605000.0,112195000.0,35410000.0,0.2398970224585888,0.0,26644000.0,0.0,1033000.0,29506000.0,141701000.0,12330000.0,2862000.0,8766000.0,0.05938823210595847,5904000.0,0.03999864503234985,1033000.0,-5393000.0,-0.03653670268622337,-185000.0,-5208000.0,-0.035283357609837064,-0.12,-0.12,42710381.0,42710381.0,https://www.sec.gov/Archives/edgar/data/925528/000110465921035666/0001104659-21-035666-index.htm,https://www.sec.gov/Archives/edgar/data/925528/000110465921035666/tm211088d1_10k.htm,1620593016,16:43:36,20210509
1,2019-12-31,HDSN,USD,2020-03-13 00:00:00,2020-03-13 16:16:32,FY,162059000.0,144894000.0,17165000.0,0.10591821497109077,0.0,30018000.0,0.0,9411000.0,32949000.0,177843000.0,18911000.0,2931000.0,-12853000.0,-0.07931062144033962,-15784000.0,-0.097396627154308,9411000.0,-25284000.0,-0.15601725297576807,656000.0,-25940000.0,-0.16006516145354469,-0.61,-0.61,42613478.0,42613478.0,https://www.sec.gov/Archives/edgar/data/925528/000110465920033130/0001104659-20-033130-index.html,https://www.sec.gov/Archives/edgar/data/925528/000110465920033130/tm205284-1_10k.htm,1620593016,16:43:36,20210509
2,2018-12-31,HDSN,USD,2019-03-15 00:00:00,2019-03-15 16:07:04,FY,166525000.0,173890000.0,-7365000.0,-0.04422759345443627,0.0,32270000.0,0.0,0.0,35243000.0,209133000.0,14755000.0,2973000.0,-39635000.0,-0.23801231046389432,-42608000.0,-0.2558654856628134,0.0,-57363000.0,-0.34447080018015314,-1704000.0,-55659000.0,-0.334238102387029,-1.31,-1.31,42484972.0,42484972.0,https://www.sec.gov/Archives/edgar/data/925528/000114420419014301/0001144204-19-014301-index.html,https://www.sec.gov/Archives/edgar/data/925528/000114420419014301/tv515003_10k.htm,1620593016,16:43:36,20210509
3,2017-12-31,HDSN,USD,2018-03-16 00:00:00,2018-03-16 16:07:01,FY,140380000.0,102396000.0,37984000.0,0.2705798546801539,0.0,21745000.0,0.0,28000.0,22852000.0,125248000.0,3156000.0,1107000.0,16239000.0,0.11567887163413591,15132000.0,0.10779313292491809,28000.0,12004000.0,0.08551075651802251,847000.0,11157000.0,0.07947713349479983,0.27,0.26,41764230.0,42766843.0,https://www.sec.gov/Archives/edgar/data/925528/000114420418015276/0001144204-18-015276-index.html,https://www.sec.gov/Archives/edgar/data/925528/000114420418015276/tv488247_10k.htm,1620593016,16:43:36,20210509
4,2016-12-31,HDSN,USD,2017-03-10 00:00:00,2017-03-10 15:23:33,FY,105481000.0,74395000.0,31086000.0,0.2947071036489984,0.0,7829000.0,4310000.0,-564000.0,12139000.0,86534000.0,1118000.0,2225000.0,21172000.0,0.20071861283074677,18947000.0,0.1796247665456338,-564000.0,17265000.0,0.1636787667921237,6628000.0,10637000.0,0.10084280581336923,0.31,0.3,34104476.0,35416910.0,https://www.sec.gov/Archives/edgar/data/925528/000114420417013954/0001144204-17-013954-index.html,https://www.sec.gov/Archives/edgar/data/925528/000114420417013954/v461172_10k.htm,1620593016,16:43:36,20210509
5,2015-12-31,HDSN,USD,2016-03-11 00:00:00,2016-03-11 12:57:07,FY,79722000.0,61233000.0,18489000.0,0.23191841649732822,0.0,6129000.0,4179000.0,302000.0,10308000.0,71541000.0,776000.0,2072000.0,10253000.0,0.12860941772659992,8181000.0,0.10261910137728607,302000.0,7707000.0,0.09667344020471137,2944000.0,4763000.0,0.05974511427209553,0.15,0.14,32546840.0,33936099.0,https://www.sec.gov/Archives/edgar/data/925528/000114420416087439/0001144204-16-087439-index.html,https://www.sec.gov/Archives/edgar/data/925528/000114420416087439/v433161_10k.htm,1620593016,16:43:36,20210509
6,2014-12-31,HDSN,USD,2015-03-16,2015-03-16 17:02:12,FY,55810000.0,49364000.0,6446000.0,0.11549901451352804,0.0,4708000.0,2723000.0,0.0,7431000.0,56795000.0,641000.0,979000.0,-6000.0,-0.00010750761512273786,-985000.0,-0.0176491668159828,0.0,-1626000.0,-0.02913456369826196,-906000.0,-720000.0,-0.012900913814728543,-0.02,-0.02,29122746.0,29122746.0,https://www.sec.gov/Archives/edgar/data/925528/000114420415016402/v403650_10k.htm,https://www.sec.gov/Archives/edgar/data/925528/000114420415016402/v403650_10k.htm,1620593016,16:43:36,20210509
7,2013-12-31,HDSN,USD,2014-02-28,2014-02-28 16:02:42,FY,58634000.0,59364000.0,-730000.0,-0.01245011426817205,0.0,4723000.0,3032000.0,0.0,7755000.0,67119000.0,933000.0,808000.0,-7677000.0,-0.130930859228434,-8485000.0,-0.14471125967868473,0.0,-9418000.0,-0.16062352901047175,-3576000.0,-5842000.0,-0.09963502404748098,-0.24,-0.24,24826101.0,24826101.0,https://www.sec.gov/Archives/edgar/data/925528/000114420414012491/v368894_10k.htm,https://www.sec.gov/Archives/edgar/data/925528/000114420414012491/v368894_10k.htm,1620593016,16:43:36,20210509
8,2012-12-31,HDSN,USD,2013-03-05 00:00:00,2013-03-05 17:14:48,FY,56447000.0,33905000.0,22542000.0,0.39934806101298564,0.0,4914000.0,2748000.0,9000.0,7662000.0,41567000.0,693000.0,556000.0,15436000.0,0.2734600598791787,14880000.0,0.26361011214059205,9000.0,14196000.0,0.25149255053412933,1395000.0,12801000.0,0.22677910252094885,0.54,0.49,23906706.0,26353960.0,https://www.sec.gov/Archives/edgar/data/925528/000114420413013020/0001144204-13-013020-index.html,https://www.sec.gov/Archives/edgar/data/925528/000114420413013020/v335526_10k.htm,1620593016,16:43:36,20210509
9,2011-12-31,HDSN,USD,2012-03-05 00:00:00,2012-03-05 16:18:40,FY,44322000.0,35637000.0,8685000.0,0.1959523487207256,0.0,4004000.0,2153000.0,0.0,6157000.0,41794000.0,881000.0,497000.0,3025000.0,0.06825053021073056,2528000.0,0.05703713731329814,21000.0,1668000.0,0.03763368079057804,634000.0,1034000.0,0.02332927214475881,0.04348042922332263,0.04168842642599516,23780814.0,24803047.0,https://www.sec.gov/Archives/edgar/data/925528/000114420412012900/0001144204-12-012900-index.html,https://www.sec.gov/Archives/edgar/data/925528/000114420412012900/v304170_10k.htm,1620593016,16:43:36,20210509
10,2010-12-31,HDSN,USD,2011-03-07,2011-03-07 16:50:54,FY,37273000.0,29241000.0,8032000.0,0.21549110616263784,0.0,3687000.0,2193000.0,0.0,5880000.0,35121000.0,1102000.0,540000.0,2692000.0,0.07222386177662114,2152000.0,0.05773616290612508,14000.0,1064000.0,0.028546132589273736,363000.0,701000.0,0.01880717945966249,0.03133132708551213,0.029548572837653567,22373773.0,23723650.0,https://www.sec.gov/Archives/edgar/data/925528/000101054111000006/k10_2010.htm,https://www.sec.gov/Archives/edgar/data/925528/000101054111000006/k10_2010.htm,1620593016,16:43:36,20210509
11,2009-12-31,HDSN,USD,2010-03-01 00:00:00,2010-03-01 16:27:16,FY,24167000.0,20356000.0,3811000.0,0.15769437662928787,0.0,3229000.0,1796000.0,0.0,5025000.0,25381000.0,1401000.0,524000.0,-690000.0,-0.028551330326478254,-1214000.0,-0.050233789878760295,1000.0,-2614000.0,-0.10816402532378863,-119000.0,-2495000.0,-0.10323995531096122,-0.12,-0.12,20054000.0,20054000.0,https://www.sec.gov/Archives/edgar/data/925528/000101054110000013/0001010541-10-000013-index.html,https://www.sec.gov/Archives/edgar/data/925528/000101054110000013/k10_2009sec.htm,1620593016,16:43:36,20210509
12,2008-12-31,HDSN,USD,2009-03-05 00:00:00,2009-03-05 16:36:18,FY,33167000.0,21857000.0,11310000.0,0.34100159797388974,0.0,3776000.0,2118000.0,0.0,5894000.0,27751000.0,1170000.0,547000.0,5963000.0,0.17978713781771039,5416000.0,0.1632948412578768,3000.0,4249000.0,0.12810926523351523,-2420000.0,6669000.0,0.2010733560466729,0.35,0.33,19271530.0,20306207.0,https://www.sec.gov/Archives/edgar/data/925528/000101054109000003/0001010541-09-000003-index.html,https://www.sec.gov/Archives/edgar/data/925528/000101054109000003/k10_2008main.htm,1620593016,16:43:36,20210509
13,2007-12-31,HDSN,USD,2008-03-12,2008-03-12 17:09:29,FY,26894000.0,20041000.0,6853000.0,0.2548152004164498,0.0,9207000.0,0.0,0.0,9207000.0,29248000.0,768000.0,561000.0,-1793000.0,-0.06666914553431992,-2354000.0,-0.0875288168364691,22000.0,-3100000.0,-0.11526734587640367,-1139000.0,-1961000.0,-0.07291589202052502,-0.09,-0.09,22214197.0,22214197.0,https://www.sec.gov/Archives/edgar/data/925528/000101054108000004/ksb10_2007main.htm,https://www.sec.gov/Archives/edgar/data/925528/000101054108000004/ksb10_2007main.htm,1620593016,16:43:36,20210509
14,2006-12-31,HDSN,USD,2007-03-14,2007-03-13 17:43:54,FY,23451000.0,16612000.0,6839000.0,0.29162935482495417,0.0,4657000.0,0.0,0.0,4657000.0,21269000.0,345000.0,565000.0,2747000.0,0.11713786192486461,2182000.0,0.0930450727047887,38000.0,1875000.0,0.07995394652680056,-233000.0,2108000.0,0.08988955694853099,0.08137974336195317,0.0802641008756783,25903252.0,26263298.0,https://www.sec.gov/Archives/edgar/data/925528/000101054107000007/ksb10_2006-main.htm,https://www.sec.gov/Archives/edgar/data/925528/000101054107000007/ksb10_2006-main.htm,1620593016,16:43:36,20210509
15,2005-12-31,HDSN,USD,2006-03-28,2006-03-28 16:30:22,FY,19223000.0,11720000.0,7503000.0,0.39031368672943867,0.0,4296000.0,0.0,0.0,4915000.0,16635000.0,303000.0,619000.0,3207000.0,0.16683139988555376,2588000.0,0.13463039067783383,9000.0,2294000.0,0.11933621182957915,24000.0,2270000.0,0.11808770743380326,0.09,0.088209,25590698.0,25734313.0,https://www.sec.gov/Archives/edgar/data/925528/000101054106000024/ksb10_2005-main.htm,https://www.sec.gov/Archives/edgar/data/925528/000101054106000024/ksb10_2005-main.htm,1620593016,16:43:36,20210509
16,2004-12-31,HDSN,USD,2006-03-28,2006-03-28 16:23:08,FY,14613000.0,9007000.0,5606000.0,0.3836310134811469,0.0,4471000.0,0.0,0.0,5204000.0,14211000.0,341000.0,733000.0,1135000.0,0.07767056730308629,402000.0,0.027509751591049066,203000.0,264000.0,0.018066105522479982,0.0,264000.0,0.018066105522479982,0.012343311248468892,0.012326187910680334,21388102.0,21417814.0,https://www.sec.gov/Archives/edgar/data/925528/000101054106000023/ksba10_2004-main.htm,https://www.sec.gov/Archives/edgar/data/925528/000101054106000023/ksba10_2004-main.htm,1620593016,16:43:36,20210509
17,2003-12-31,HDSN,USD,2003-12-31,2003-12-31,FY,17963000.0,13051000.0,4912000.0,0.27345098257529366,0.0,5214000.0,0.0,0.0,6445000.0,19496000.0,934000.0,881000.0,-652000.0,-0.0362968323776652,-1533000.0,-0.08534209207816067,-315000.0,-2432000.0,-0.13538941156822357,0.0,-2432000.0,-0.13538941156822357,-0.63,-0.63,5271086.0,5271086.0,,,1620593016,16:43:36,20210509
18,2002-12-31,HDSN,USD,2002-12-31,2002-12-31,FY,19963000.0,14505000.0,5458000.0,0.273405800731353,0.0,6769000.0,0.0,0.0,7911000.0,22416000.0,347000.0,1142000.0,-1311000.0,-0.06567149226068227,-2453000.0,-0.12287732304763813,278000.0,-2522000.0,-0.12633371737714771,0.0,-2522000.0,-0.12633371737714771,-0.64,-0.64,5162228.0,5162228.0,,,1620593016,16:43:36,20210509
19,2001-12-31,HDSN,USD,2001-12-31,2001-12-31,FY,20768000.0,14971000.0,5797000.0,0.2791313559322034,0.0,6797000.0,0.0,0.0,8017000.0,22988000.0,423000.0,1220000.0,-1000000.0,-0.04815100154083205,-2220000.0,-0.10689522342064715,244000.0,-2399000.0,-0.11551425269645609,0.0,-2399000.0,-0.11551425269645609,-0.61,-0.61,5103733.0,5103733.0,,,1620593016,16:43:36,20210509
20,2000-12-31,HDSN,USD,2000-12-31,2000-12-31,FY,15455000.0,10397000.0,5058000.0,0.32727272727272727,0.0,6175000.0,0.0,0.0,7465000.0,17862000.0,501000.0,1290000.0,-1117000.0,-0.07227434487220964,-2407000.0,-0.155742478162407,512000.0,0.0,0.0,0.0,-2396000.0,-0.155030734390165,-0.57,-0.57,5088570.0,5088570.0,,,1620593016,16:43:36,20210509
21,1999-12-31,HDSN,USD,1999-12-31,1999-12-31,FY,17900000.0,14100000.0,3800000.0,0.2122905027932961,0.0,6000000.0,0.0,0.0,7300000.0,21400000.0,0.0,1300000.0,-2200000.0,-0.12290502793296089,-3500000.0,-0.19553072625698323,100000.0,0.0,0.0,0.0,-4000000.0,-0.22346368715083798,-0.85,-0.85,5085820.0,5085820.0,,,1620593016,16:43:36,20210509
22,1998-12-31,HDSN,USD,1998-12-31,1998-12-31,FY,23300000.0,17600000.0,5700000.0,0.2446351931330472,0.0,6900000.0,0.0,0.0,8100000.0,25700000.0,400000.0,1200000.0,-1200000.0,-0.05150214592274678,-2400000.0,-0.10300429184549356,100000.0,0.0,0.0,0.0,-2700000.0,-0.11587982832618025,-0.5327209016005303,-0.5099999660000023,5068320.0,5294118.0,,,1620593016,16:43:36,20210509
23,1997-12-31,HDSN,USD,1997-12-31,1997-12-31,FY,23000000.0,18800000.0,4200000.0,0.1826086956521739,0.0,7600000.0,0.0,0.0,9100000.0,27900000.0,0.0,1500000.0,-3400000.0,-0.14782608695652175,-4900000.0,-0.21304347826086956,-8600000.0,-14300000.0,-0.6217391304347826,2000000.0,-16300000.0,-0.7086956521739131,-3.26,-3.26,5003343.0,5003343.0,,,1620593016,16:43:36,20210509
24,1996-12-31,HDSN,USD,1996-12-31,1996-12-31,FY,19600000.0,14100000.0,5500000.0,0.28061224489795916,0.0,5900000.0,0.0,0.0,7000000.0,21100000.0,500000.0,1100000.0,-400000.0,-0.02040816326530612,-1500000.0,-0.07653061224489796,-1100000.0,-3200000.0,-0.16326530612244897,-1100000.0,-2100000.0,-0.10714285714285714,-0.47,-0.47,4468085.0,4468085.0,,,1620593016,16:43:36,20210509
25,1995-12-31,HDSN,USD,1995-12-31,1995-12-31,FY,22000000.0,12600000.0,9400000.0,0.42727272727272725,0.0,0.0,0.0,0.0,0.0,18900000.0,300000.0,600000.0,3700000.0,0.16818181818181818,3100000.0,0.1409090909090909,100000.0,2900000.0,0.1318181818181818,1100000.0,1800000.0,0.08181818181818182,0.46,0.43,3461538.0,3461538.0,,,1620593016,16:43:36,20210509
26,1994-12-31,HDSN,USD,1994-12-31,1994-12-31,FY,1300000.0,300000.0,1000000.0,0.7692307692307693,0.0,0.0,0.0,0.0,0.0,1100000.0,100000.0,100000.0,300000.0,0.23076923076923078,200000.0,0.15384615384615385,0.0,0.0,0.0,0.0,0.0,0.0,0.02,0.02,2537000.0,2537000.0,,,1620593016,16:43:36,20210509
