,date,symbol,reportedCurrency,fillingDate,acceptedDate,period,revenue,costOfRevenue,grossProfit,grossProfitRatio,researchAndDevelopmentExpenses,generalAndAdministrativeExpenses,sellingAndMarketingExpenses,otherExpenses,operatingExpenses,costAndExpenses,interestExpense,depreciationAndAmortization,ebitda,ebitdaratio,operatingIncome,operatingIncomeRatio,totalOtherIncomeExpensesNet,incomeBeforeTax,incomeBeforeTaxRatio,incomeTaxExpense,netIncome,netIncomeRatio,eps,epsdiluted,weightedAverageShsOut,weightedAverageShsOutDil,link,finalLink,timestamp,est_time,est_date
0,2020-06-30,0513.HK,HKD,2020-06-30,2020-06-30,FY,420315000,328284000,92031000,0.218957210663431,0.0,111444000,18920000,0.0,0.0,453946000,7301000.0,8555000.0,-25076000.0,-0.05966001689209283,-33631000.0,-0.0800137991744287,0.0,-13673000,-0.03253036413166316,4209000.0,-15341000.0,-0.03649881636391754,-0.0022457312215478802,-0.0022457312215478802,6831182580,6831182580,https://www1.hkexnews.hk/search/titlesearch.xhtml,https://www1.hkexnews.hk/search/titlesearch.xhtml,1620584765,14:26:05,20210509
1,2019-06-30,0513.HK,HKD,2019-06-30,2019-06-30,FY,440967000,331922000,109045000,0.2472860780965469,0.0,101252000,18465000,0.0,0.0,449331000,5817000.0,6081000.0,-2283000.0,-0.005177258162175401,-8364000.0,-0.018967405724237867,0.0,26424000,0.059922851369830395,-22188000.0,43679000.0,0.09905276358548372,0.0064,0.0064,6831182580,6831182580,https://www1.hkexnews.hk/search/titlesearch.xhtml,https://www1.hkexnews.hk/search/titlesearch.xhtml,1620584765,14:26:05,20210509
2,2018-06-30,0513.HK,HKD,2018-06-30,2018-06-30,FY,391882000,314227000,77655000,0.1981591397410445,0.0,80930000,14662000,0.0,0.0,403943000,12308000.0,6191000.0,-5870000.0,-0.014978998780245074,-12061000.0,-0.030777121684588727,0.0,429833000,1.0968429272076798,75078000.0,354759000.0,0.9052699537105557,0.0519,0.0519,6831182580,6831182580,https://www1.hkexnews.hk/search/titlesearch.xhtml,https://www1.hkexnews.hk/search/titlesearch.xhtml,1620584765,14:26:05,20210509
3,2017-06-30,0513.HK,HKD,2017-06-30,2017-06-30,FY,627293000,515776000,111517000,0.17777497915647075,0.0,100526000,21874000,5789000.0,0.0,632549000,12239000.0,7673000.0,2417000.0,0.003853063879239845,-5256000.0,-0.008378859639753673,0.0,102549000,0.1634786296037099,4098000.0,98306000.0,0.15671464530928927,0.0144,0.0144,6831182580,6831182580,https://www1.hkexnews.hk/search/titlesearch.xhtml,https://www1.hkexnews.hk/search/titlesearch.xhtml,1620584765,14:26:05,20210509
4,2016-06-30,0513.HK,HKD,2016-06-30,2016-06-30,FY,552575000,465581000,86994000,0.1574338325114238,0.0,103583000,22855000,3167000.0,0.0,587297000,15955000.0,9793000.0,-24929000.0,-0.04511423788625978,-34722000.0,-0.06283671899742116,0.0,-186055000,-0.3367054246029951,-10363000.0,-175666000.0,-0.3179043568746324,-0.0257,-0.0257,6831182580,6831182580,https://www1.hkexnews.hk/search/titlesearch.xhtml,https://www1.hkexnews.hk/search/titlesearch.xhtml,1620584765,14:26:05,20210509
5,2015-06-30,0513.HK,HKD,2015-06-30,2015-06-30,FY,730900000,625582000,105318000,0.14409358325352306,0.0,103232000,25097000,0.0,0.0,711746000,13492000.0,11207000.0,30361000.0,0.041539198248734435,19154000.0,0.02620604733889725,0.0,65158000,0.0891476262142564,-76179000.0,141571000.0,0.19369407579696266,0.0223,0.0207,6347942351,6834986432,https://www1.hkexnews.hk/search/titlesearch.xhtml,https://www1.hkexnews.hk/search/titlesearch.xhtml,1620584765,14:26:05,20210509
6,2014-06-30,0513.HK,HKD,2014-06-30,2014-06-30,FY,868103000,753837000,114266000,0.1316272377816918,0.0,89853000,24467000,0.0,0.0,859134000,12195000.0,10450000.0,19419000.0,0.02236946537450049,8969000.0,0.010331723309330805,0.0,51971000,0.059867319891764,1232000.0,50580000.0,0.05826497546950074,0.0099,0.0075,5110656270,6821182586,https://www1.hkexnews.hk/search/titlesearch.xhtml,https://www1.hkexnews.hk/search/titlesearch.xhtml,1620584765,14:26:05,20210509
7,2013-06-30,0513.HK,HKD,2013-06-30,2013-06-30,FY,949215000,828895000,120320000,0.12675737319785296,0.0,94847000,17527000,76857000.0,0.0,941269000,12405000.0,9843000.0,17789000.0,0.018740748934645998,7946000.0,0.008371127721327623,0.0,87660000,0.09234999446911395,1303000.0,85847000.0,0.09043999515389033,0.0168,0.013,5110656270,6924772110,https://www1.hkexnews.hk/search/titlesearch.xhtml,https://www1.hkexnews.hk/search/titlesearch.xhtml,1620584765,14:26:05,20210509
8,2012-06-30,0513.HK,HKD,2012-06-30,2012-06-30,FY,955712000,821120000,134592000,0.1408290363624188,0.0,100937000,18521000,364797000.0,0.0,975917000,9434000.0,9378000.0,-10827000.0,-0.011328726645684056,-20205000.0,-0.021141306167548383,0.0,215020000,0.22498409562713453,2494000.0,214894000.0,0.22485225674680237,0.0472,0.0375,4551252566,5922267602,https://www1.hkexnews.hk/search/titlesearch.xhtml,https://www1.hkexnews.hk/search/titlesearch.xhtml,1620584765,14:26:05,20210509
9,2011-06-30,0513.HK,HKD,2011-06-30,2011-06-30,FY,973501000,859937000,113564000,0.11665524740087581,0.0,71258000,22061000,0.0,0.0,940353000,2346000.0,6952000.0,40100000.0,0.04119153447197281,33148000.0,0.034050298869749494,4585000.0,35387000,0.036350245146127225,5646000.0,33453000.0,0.03436360106461113,0.010693656069810672,0.0105608681336292,3128303340,3167637317,https://www1.hkexnews.hk/search/titlesearch.xhtml,https://www1.hkexnews.hk/search/titlesearch.xhtml,1620584765,14:26:05,20210509
10,2010-06-30,0513.HK,HKD,2010-06-30,2010-06-30,FY,1031708000,930948000,100760000,0.0976632923268987,0.0,72825000,18097000,0.0,0.0,1077457000,2231000.0,6920000.0,-38829000.0,-0.037635648846379016,-45749000.0,-0.044342973011743635,0.0,11189000,0.010845122844835941,7684000.0,3722000.0,0.0036076099051281954,0.0012190515259017302,0.001165099861742151,3053193340,3194575952,https://www1.hkexnews.hk/search/titlesearch.xhtml,https://www1.hkexnews.hk/search/titlesearch.xhtml,1620584765,14:26:05,20210509
11,2009-06-30,0513.HK,HKD,2009-06-30,2009-06-30,FY,1189622000,1061343000,128279000,0.10783173142393129,0.0,111890000,21465000,0.0,0.0,1212144000,12187000.0,8585000.0,-13937000.0,-0.011715486095583302,-22522000.0,-0.0189320641346579,0.0,71142000,0.05980218926684275,-64807000.0,135939000.0,0.11427075154965191,0.0445,0.0445,3053193340,3053193340,https://www1.hkexnews.hk/search/titlesearch.xhtml,https://www1.hkexnews.hk/search/titlesearch.xhtml,1620584765,14:26:05,20210509
12,2008-06-30,0513.HK,HKD,2008-06-30,2008-06-30,FY,1497682000,1337277000,160405000,0.10710217522811918,0.0,73143000,26676000,-22268000.0,0.0,1374341000,19733000.0,9026000.0,132367000.0,0.08838124515083977,123341000.0,0.08235459863976465,-681000.0,101073000,0.06748628881164359,13985000.0,87088000.0,0.05814852552143913,0.0298,0.031089071238275277,2801241611,2801241611,https://www1.hkexnews.hk/search/titlesearch.xhtml,https://www1.hkexnews.hk/search/titlesearch.xhtml,1620584765,14:26:05,20210509
13,2007-06-30,0513.HK,HKD,2007-06-30,2007-06-30,FY,1632180000,1474303000,157877000,0.09672768934798857,0.0,61884000,28397000,-15872000.0,0.0,1573279000,17636000.0,10324000.0,69225000.0,0.042412601551299486,58901000.0,0.03608731880062248,1764000.0,259794000,0.1591699444914164,52898000.0,206896000.0,0.12676052886323813,0.041,0.041,2780146341,2780146341,https://www1.hkexnews.hk/search/titlesearch.xhtml,https://www1.hkexnews.hk/search/titlesearch.xhtml,1620584765,14:26:05,20210509
14,2006-06-30,0513.HK,HKD,2006-06-30,2006-06-30,FY,1711670000,1557540000,154130000,0.09004656271360718,0.0,52055000,23939000,-15028000.0,0.0,1639563000,15610000.0,9766000.0,81873000.0,0.04783223401707105,72107000.0,0.04212669498209351,582000.0,71379000,0.04170137935466533,16324000.0,55055000.0,0.03216449432425643,0.0181,0.0181,2792099448,2792099448,https://www1.hkexnews.hk/search/titlesearch.xhtml,https://www1.hkexnews.hk/search/titlesearch.xhtml,1620584765,14:26:05,20210509
