,date,symbol,reportedCurrency,fillingDate,acceptedDate,period,revenue,costOfRevenue,grossProfit,grossProfitRatio,researchAndDevelopmentExpenses,generalAndAdministrativeExpenses,sellingAndMarketingExpenses,otherExpenses,operatingExpenses,costAndExpenses,interestExpense,depreciationAndAmortization,ebitda,ebitdaratio,operatingIncome,operatingIncomeRatio,totalOtherIncomeExpensesNet,incomeBeforeTax,incomeBeforeTaxRatio,incomeTaxExpense,netIncome,netIncomeRatio,eps,epsdiluted,weightedAverageShsOut,weightedAverageShsOutDil,link,finalLink,timestamp,est_time,est_date
0,2020-12-31,0626.HK,HKD,2020-12-31,2020-12-31,FY,1523211000,0.0,0.0,0.0,0.0,83875000.0,0.0,0.0,0.0,0.0,420312000,105398000.0,0.0,0.0,0.0,0.31531875754573724,0.0,480297000,0.31531875754573724,83300000,396997000,0.2606316524762492,0.36159088213119467,0.36159088213119467,1097917618,1097917618,https://www1.hkexnews.hk/search/titlesearch.xhtml,https://www1.hkexnews.hk/search/titlesearch.xhtml,1620584827,14:27:07,20210509
1,2019-12-31,0626.HK,HKD,2019-12-31,2019-12-31,FY,1666840000,0.0,0.0,0.0,0.0,86790000.0,0.0,0.0,0.0,0.0,595615000,101605000.0,0.0,0.0,0.0,0.3361924359866574,0.0,560379000,0.3361924359866574,94039000,466340000,0.27977490341004535,0.425,0.425,1097917618,1097917618,https://www1.hkexnews.hk/search/titlesearch.xhtml,https://www1.hkexnews.hk/search/titlesearch.xhtml,1620584827,14:27:07,20210509
2,2018-12-31,0626.HK,HKD,2018-12-31,2018-12-31,FY,1655172000,0.0,0.0,0.0,0.0,82556000.0,0.0,0.0,0.0,0.0,478913000,32349000.0,0.0,0.0,0.0,0.3759138023117839,0.0,622202000,0.3759138023117839,111724000,510478000,0.3084138687701339,0.465,0.465,1097917618,1097917618,https://www1.hkexnews.hk/search/titlesearch.xhtml,https://www1.hkexnews.hk/search/titlesearch.xhtml,1620584827,14:27:07,20210509
3,2017-12-31,0626.HK,HKD,2017-12-31,2017-12-31,FY,1615046000,0.0,0.0,0.0,0.0,82151000.0,0.0,0.0,0.0,0.0,386590000,29367000.0,0.0,0.0,0.0,0.38169191465753916,0.0,616450000,0.38169191465753916,112936000,503514000,0.3117644946335894,0.459,0.459,1097917618,1097917618,https://www1.hkexnews.hk/search/titlesearch.xhtml,https://www1.hkexnews.hk/search/titlesearch.xhtml,1620584827,14:27:07,20210509
4,2016-12-31,0626.HK,HKD,2016-12-31,2016-12-31,FY,1550507000,0.0,0.0,0.0,0.0,77147000.0,0.0,0.0,0.0,0.0,328863000,28537000.0,0.0,0.0,0.0,0.3196754351963583,0.0,495659000,0.3196754351963583,89098000,406561000,0.262211650769716,0.37,0.37,1097917618,1097917618,https://www1.hkexnews.hk/search/titlesearch.xhtml,https://www1.hkexnews.hk/search/titlesearch.xhtml,1620584827,14:27:07,20210509
5,2015-12-31,0626.HK,HKD,2015-12-31,2015-12-31,FY,1572042000,0.0,0.0,0.0,0.0,72296000.0,0.0,0.0,0.0,0.0,356220000,27004000.0,0.0,0.0,0.0,0.3220709115914206,0.0,506309000,0.3220709115914206,83354000,422955000,0.26904815520196024,0.385,0.385,1097917618,1097917618,https://www1.hkexnews.hk/search/titlesearch.xhtml,https://www1.hkexnews.hk/search/titlesearch.xhtml,1620584827,14:27:07,20210509
6,2014-12-31,0626.HK,HKD,2014-12-31,2014-12-31,FY,1472072000,0.0,0.0,0.0,0.0,70927000.0,0.0,0.0,0.0,0.0,389236000,28401000.0,0.0,0.0,0.0,0.3185448809569097,0.0,468921000,0.3185448809569097,84531000,384390000,0.26112173861061144,0.35,0.35,1097917618,1097917618,https://www1.hkexnews.hk/search/titlesearch.xhtml,https://www1.hkexnews.hk/search/titlesearch.xhtml,1620584827,14:27:07,20210509
7,2013-12-31,0626.HK,HKD,2013-12-31,2013-12-31,FY,1536732000,0.0,0.0,0.0,0.0,73496000.0,0.0,0.0,0.0,0.0,338703000,30689000.0,0.0,0.0,0.0,0.2937135427647762,0.0,451359000,0.2937135427647762,83598000,367761000,0.23931368644630294,0.335,0.335,1097917618,1097917618,https://www1.hkexnews.hk/search/titlesearch.xhtml,https://www1.hkexnews.hk/search/titlesearch.xhtml,1620584827,14:27:07,20210509
8,2012-12-31,0626.HK,HKD,2012-12-31,2012-12-31,FY,1516119000,0.0,0.0,0.0,0.0,70997000.0,0.0,0.0,0.0,0.0,404986000,31246000.0,0.0,0.0,0.0,0.30062218071272767,0.0,455779000,0.30062218071272767,74208000,381571000,0.2516761547081726,0.348,0.348,1097917618,1097917618,https://www1.hkexnews.hk/search/titlesearch.xhtml,https://www1.hkexnews.hk/search/titlesearch.xhtml,1620584827,14:27:07,20210509
9,2011-12-31,0626.HK,HKD,2011-12-31,2011-12-31,FY,1202387000,0.0,0.0,0.0,0.0,69122000.0,0.0,0.0,0.0,0.0,377220000,32014000.0,0.0,0.0,0.0,0.3894012493481716,0.0,468211000,0.3894012493481716,93342000,374869000,0.3117706695098999,0.341,0.341,1097917618,1097917618,https://www1.hkexnews.hk/search/titlesearch.xhtml,https://www1.hkexnews.hk/search/titlesearch.xhtml,1620584827,14:27:07,20210509
10,2010-12-31,0626.HK,HKD,2010-12-31,2010-12-31,FY,1521219000,0.0,0.0,0.0,0.0,67005000.0,0.0,0.0,0.0,0.0,286617000,31626000.0,0.0,0.0,0.0,0.35493114403646026,0.0,539928000,0.35493114403646026,89431000,450497000,0.29614210708648786,0.41,0.41,1097917618,1097917618,https://www1.hkexnews.hk/search/titlesearch.xhtml,https://www1.hkexnews.hk/search/titlesearch.xhtml,1620584827,14:27:07,20210509
11,2009-12-31,0626.HK,HKD,2009-12-31,2009-12-31,FY,903979000,0.0,0.0,0.0,0.0,56372000.0,0.0,0.0,0.0,0.0,308145000,30274000.0,0.0,0.0,0.0,0.34125682123146667,0.0,308489000,0.34125682123146667,33416000,275073000,0.3042913607506369,0.251,0.251,1097917618,1097917618,https://www1.hkexnews.hk/search/titlesearch.xhtml,https://www1.hkexnews.hk/search/titlesearch.xhtml,1620584827,14:27:07,20210509
12,2008-12-31,0626.HK,HKD,2008-12-31,2008-12-31,FY,1353860000,0.0,0.0,0.0,0.0,0.0,0.0,0.0,0.0,0.0,692465000,23851000.0,0.0,0.0,0.0,0.2868789978284313,0.0,388394000,0.2868789978284313,30207000,358187000,0.2645672373805268,0.327,0.327,1096354200,1096354200,https://www1.hkexnews.hk/search/titlesearch.xhtml,https://www1.hkexnews.hk/search/titlesearch.xhtml,1620584827,14:27:07,20210509
13,2007-12-31,0626.HK,HKD,2007-12-31,2007-12-31,FY,1216487000,0.0,0.0,0.0,0.0,0.0,0.0,0.0,0.0,0.0,918103000,18448000.0,0.0,0.0,0.0,0.6453879079677793,0.0,785106000,0.6453879079677793,119775000,665331000,0.546928162816372,0.608,0.608,1093896618,1093896618,https://www1.hkexnews.hk/search/titlesearch.xhtml,https://www1.hkexnews.hk/search/titlesearch.xhtml,1620584827,14:27:07,20210509
14,2006-12-31,0626.HK,HKD,2006-12-31,2006-12-31,FY,906641000,0.0,0.0,0.0,0.0,0.0,0.0,0.0,0.0,0.0,534372000,0.0,0.0,0.0,0.0,0.6574763329697201,0.0,596095000,0.6574763329697201,99458000,496637000,0.5477769039785317,0.5,0.5,992998391,992998391,https://www1.hkexnews.hk/search/titlesearch.xhtml,https://www1.hkexnews.hk/search/titlesearch.xhtml,1620584827,14:27:07,20210509
15,2005-12-31,0626.HK,HKD,2005-12-31,2005-12-31,FY,900227000,0.0,0.0,0.0,0.0,0.0,0.0,0.0,0.0,0.0,36613000,0.0,0.0,0.0,0.0,0.5886170932442595,0.0,529889000,0.5886170932442595,83592000,446297000,0.49576051373709074,0.623,0.623,716367576,716367576,https://www1.hkexnews.hk/search/titlesearch.xhtml,https://www1.hkexnews.hk/search/titlesearch.xhtml,1620584827,14:27:07,20210509
16,2004-12-31,0626.HK,HKD,2004-12-31,2004-12-31,FY,899678000,0.0,0.0,0.0,0.0,0.0,0.0,0.0,0.0,0.0,13367000,0.0,0.0,0.0,0.0,0.5481583410953697,0.0,493166000,0.5481583410953697,80277000,412889000,0.4589297504218176,0.583,0.583,708214408,708214408,https://www1.hkexnews.hk/search/titlesearch.xhtml,https://www1.hkexnews.hk/search/titlesearch.xhtml,1620584827,14:27:07,20210509
