,date,symbol,reportedCurrency,fillingDate,acceptedDate,period,revenue,costOfRevenue,grossProfit,grossProfitRatio,researchAndDevelopmentExpenses,generalAndAdministrativeExpenses,sellingAndMarketingExpenses,otherExpenses,operatingExpenses,costAndExpenses,interestExpense,depreciationAndAmortization,ebitda,ebitdaratio,operatingIncome,operatingIncomeRatio,totalOtherIncomeExpensesNet,incomeBeforeTax,incomeBeforeTaxRatio,incomeTaxExpense,netIncome,netIncomeRatio,eps,epsdiluted,weightedAverageShsOut,weightedAverageShsOutDil,link,finalLink,timestamp,est_time,est_date
0,2021-01-01,HCKT,USD,2021-03-12,2021-03-12 13:32:59,FY,239482000,166368000,73114000,0.30530060714375196,0.0,53984000.0,0.0,176856000.0,230840000.0,230840000.0,126000.0,3502000.0,12144000.0,0.05070944789169959,8642000.0,0.03608621942358925,0.0,8516000.0,0.03556008384763782,2871000.0,5473000.0,0.0228534921204934,0.18250633586768042,0.18250633586768042,29988000,29988000,https://www.sec.gov/Archives/edgar/data/1057379/000156459021012796/0001564590-21-012796-index.htm,https://www.sec.gov/Archives/edgar/data/1057379/000156459021012796/hckt-10k_20210101.htm,1620592993,16:43:13,20210509
1,2019-12-27,HCKT,USD,2020-03-05 00:00:00,2020-03-05 16:31:27,FY,282472000,185810000,96662000,0.3422002888781897,0.0,61006000.0,0.0,2931000.0,65323999.99999998,251133999.99999997,311000.0,4242000.0,35580000.0,0.12595938712509558,31338000.0,0.11094196946954034,0.0,31027000.0,0.1098409753887111,7744000.0,23277000.0,0.08240462771531337,0.71726,0.71726,32452590,32452590,https://www.sec.gov/Archives/edgar/data/1057379/000156459020008982/0001564590-20-008982-index.html,https://www.sec.gov/Archives/edgar/data/1057379/000156459020008982/hckt-10k_20191227.htm,1620592993,16:43:13,20210509
2,2018-12-28,HCKT,USD,2019-03-08 00:00:00,2019-03-08 17:31:25,FY,285887000,189189000,96698000,0.3382385348057099,0.0,61754000.0,0.0,3238000.0,63123999.99999999,252313000.0,638000.0,4834000.0,38408000.0,0.13434678736703662,33574000.0,0.1174380087237265,0.0,32936000.0,0.11520635775673606,5577000.0,23909000.0,0.08363094509369086,0.73952,0.73952,32330410,32330410,https://www.sec.gov/Archives/edgar/data/1057379/000156459019007043/0001564590-19-007043-index.html,https://www.sec.gov/Archives/edgar/data/1057379/000156459019007043/hckt-10k_20181228.htm,1620592993,16:43:13,20210509
3,2017-12-29,HCKT,USD,2018-03-09 00:00:00,2018-03-09 17:31:11,FY,276599000,183839000,92760000,0.33535913000408535,0.0,60803000.0,0.0,25940000.0,64056000.00000001,247895000.0,584000.0,4532000.0,33236000.0,0.12015950889193382,28704000.0,0.10377477865068203,0.0,28120000.0,0.10166341888437774,2884000.0,27354000.0,0.09889406686213616,0.84961,0.84961,32196130,32196130,https://www.sec.gov/Archives/edgar/data/1057379/000156459018005161/0001564590-18-005161-index.html,https://www.sec.gov/Archives/edgar/data/1057379/000156459018005161/hckt-10k_20171229.htm,1620592993,16:43:13,20210509
4,2016-12-30,HCKT,USD,2017-03-10 00:00:00,2017-03-10 17:18:09,FY,279787000,187291000,92496000,0.3305943449838627,0.0,58979000.0,0.0,31661000.0,58979000.00000001,246270000.0,387000.0,3585000.0,37102000.0,0.13260801967210772,33517000.0,0.11979470096895138,0.0,33130000.0,0.11841150589555627,12625000.0,21541000.0,0.07699071079070864,0.65643,0.65643,32815390,32815390,https://www.sec.gov/Archives/edgar/data/1057379/000156276217000031/0001562762-17-000031-index.html,https://www.sec.gov/Archives/edgar/data/1057379/000156276217000031/hckt-20161230x10k.htm,1620592993,16:43:13,20210509
5,2016-01-01,HCKT,USD,2016-03-16 00:00:00,2016-03-16 14:38:33,FY,260940000,175590000,85350000,0.3270866865946195,0.0,63425000.0,0.0,41722000.0,63424999.99999998,239014999.99999997,412000.0,4789000.0,26714000.0,0.1023760251398789,21925000.0,0.08402314708362076,0.0,21516000.0,0.08245573695102322,7707000.0,13809000.0,0.05292021154288342,0.43196,0.43196,31968000,31968000,https://www.sec.gov/Archives/edgar/data/1057379/000156276216000357/0001562762-16-000357-index.html,https://www.sec.gov/Archives/edgar/data/1057379/000156276216000357/hckt-20160101x10k.htm,1620592993,16:43:13,20210509
6,2015-01-02,HCKT,USD,2015-03-18,2015-03-18 17:24:39,FY,236737000,164388000,72349000,0.30560917811748906,0.0,59054000.0,0.0,26032000.0,59763000.00000001,224151000.0,626000.0,4569000.000000001,17155000.0,0.07246438030388153,12586000.0,0.05316448210461398,0.0,11966000.0,0.050545542099460584,2255000.0,9711000.0,0.041020203854910724,0.32499,0.32499,29881000,29881000,https://www.sec.gov/Archives/edgar/data/1057379/000156276215000087/hckt-20150102x10k.htm,https://www.sec.gov/Archives/edgar/data/1057379/000156276215000087/hckt-20150102x10k.htm,1620592993,16:43:13,20210509
7,2013-12-27,HCKT,USD,2014-03-12,2014-03-12 17:18:03,FY,223800000,153900000,69900000,0.31233243967828417,0.0,54200000.0,0.0,26274000.0,54199999.99999999,208100000.0,472000.0,2480000.0,18180000.0,0.08123324396782843,15700000.0,0.07015192135835567,0.0,15300000.0,0.06836461126005362,6398000.0,8700000.0,0.0388739946380697,0.27103,0.27103,32100000,32100000,https://www.sec.gov/Archives/edgar/data/1057379/000156276214000056/hckt-20131227x10k.htm,https://www.sec.gov/Archives/edgar/data/1057379/000156276214000056/hckt-20131227x10k.htm,1620592993,16:43:13,20210509
8,2012-12-28,HCKT,USD,2013-03-13 00:00:00,2013-03-13 17:05:52,FY,222700000,148900000,73800000,0.3313875168387966,0.0,57000000.0,0.0,158545000.0,56799999.99999998,205699999.99999997,630000.0,2630000.0,19730000.0,0.08859452177817692,17100000.0,0.07678491243825775,0.0,16400000.0,0.07364167040862146,-478000.0,16700000.0,0.07498877413560844,0.49851,0.49851,33500000,33500000,https://www.sec.gov/Archives/edgar/data/1057379/000119312513105417/0001193125-13-105417-index.html,https://www.sec.gov/Archives/edgar/data/1057379/000119312513105417/d443755d10k.htm,1620592993,16:43:13,20210509
9,2011-12-30,HCKT,USD,2012-02-24 00:00:00,2012-02-24 14:54:11,FY,209100000,138100000,71000000,0.3395504543280727,0.0,54100000.0,0.0,24682000.0,54099999.99999999,192200000.0,0.0,2820000.0,19720000.0,0.0943089430894309,16900000.0,0.08082257293161167,0.0,16900000.0,0.08082257293161167,-4495000.0,21800000.0,0.10425633668101388,0.52029,0.52029,41900000,41900000,https://www.sec.gov/Archives/edgar/data/1057379/000119312512077809/0001193125-12-077809-index.html,https://www.sec.gov/Archives/edgar/data/1057379/000119312512077809/d254654d10k.htm,1620592993,16:43:13,20210509
10,2010-12-31,HCKT,USD,2011-03-10,2011-03-10 17:15:36,FY,201348000,133141000,68207000,0.33875181278185035,0.0,0.0,0.0,0.0,55755000.0,188896000.0,0.0,3797000.0,16249000.0,0.08070107475614359,12452000.0,0.0618431769871069,1727000.0,14201000.0,0.07052963029183304,-26000.0,14227000.0,0.07065875995788386,0.35,0.34,40349000,42372000,https://www.sec.gov/Archives/edgar/data/1057379/000119312511062468/d10k.htm,https://www.sec.gov/Archives/edgar/data/1057379/000119312511062468/d10k.htm,1620592993,16:43:13,20210509
11,2010-01-01,HCKT,USD,2010-03-17 00:00:00,2010-03-17 16:30:45,FY,142700000,98100000,44600000,0.31254379817799577,0.0,44300000.0,0.0,103525000.0,51599999.99999999,149700000.0,0.0,2920000.0,-4080000.0,-0.02859145059565522,-7000000.0,-0.04905395935529082,0.0,-7000000.0,-0.04905395935529082,-212000.0,-6800000.0,-0.04765241765942537,-0.17801,-0.17801,38200000,38200000,https://www.sec.gov/Archives/edgar/data/1057379/000119312510059574/0001193125-10-059574-index.html,https://www.sec.gov/Archives/edgar/data/1057379/000119312510059574/d10k.htm,1620592993,16:43:13,20210509
12,2009-01-02,HCKT,USD,2009-03-18 00:00:00,2009-03-18 16:53:59,FY,192100000,115700000,76400000,0.39770952628839146,0.0,58500000.0,0.0,115728000.0,58499999.999999985,174200000.0,400000.0,2780000.0,20680000.0,0.10765226444560125,17900000.0,0.09318063508589276,0.0,18300000.0,0.0952628839146278,500000.0,17900000.0,0.09318063508589276,0.43133,0.43133,41500000,41500000,https://www.sec.gov/Archives/edgar/data/1057379/000119312509057747/0001193125-09-057747-index.html,https://www.sec.gov/Archives/edgar/data/1057379/000119312509057747/d10k.htm,1620592993,16:43:13,20210509
13,2007-12-28,HCKT,USD,2008-03-12 00:00:00,2008-03-11 18:03:24,FY,177000000,109900000,67100000,0.3790960451977401,0.0,60700000.0,0.0,104425000.0,58199999.99999999,168100000.0,94000.0,3440000.0,12340000.0,0.06971751412429379,8900000.0,0.05028248587570622,0.0,9300000.0,0.05254237288135593,278000.0,9000000.0,0.05084745762711865,0.2,0.2,45000000,45000000,https://www.sec.gov/Archives/edgar/data/1057379/000119312508053080/0001193125-08-053080-index.html,https://www.sec.gov/Archives/edgar/data/1057379/000119312508053080/d10k.htm,1620592993,16:43:13,20210509
14,2006-12-29,HCKT,USD,2007-03-14,2007-03-13 19:39:22,FY,180600000,115000000,65500000,0.36267995570321154,0.0,63500000.0,0.0,118144000.0,70199999.99999999,185200000.0,166000.0,5170000.0,570000.0,0.0031561461794019936,-4600000.0,-0.02547065337763012,0.0,-4100000.0,-0.022702104097452935,913000.0,-5000000.0,-0.02768549280177187,-0.11186,-0.11186,44700000,44700000,https://www.sec.gov/Archives/edgar/data/1057379/000119312507053722/d10k.htm,https://www.sec.gov/Archives/edgar/data/1057379/000119312507053722/d10k.htm,1620592993,16:43:13,20210509
15,2005-12-30,HCKT,USD,2006-03-16 00:00:00,2006-03-16 17:16:51,FY,163300000,101500000,61800000,0.3784445805266381,0.0,58300000.0,0.0,102928000.0,62300000.00000001,163800000.0,-1089000.0,4870000.0,4370000.0,0.02676056338028169,-500000.0,-0.003061849357011635,0.0,600000.0,0.003674219228413962,0.0,600000.0,0.003674219228413962,0.01325,0.01325,45300000,45300000,https://www.sec.gov/Archives/edgar/data/1057379/000119312506056874/0001193125-06-056874-index.html,https://www.sec.gov/Archives/edgar/data/1057379/000119312506056874/d10k.htm,1620592993,16:43:13,20210509
16,2004-12-31,HCKT,USD,2005-03-16 00:00:00,2005-03-16 16:34:07,FY,143547000,89982000,53565000,0.37315304395076176,0.0,0.0,0.0,0.0,50812000.0,140794000.0,0.0,5177000.0,7930000.0,0.05524323044020425,2753000.0,0.019178387566441652,-3749000.0,-194000.0,-0.0013514737333416929,324000.0,-148000.0,-0.001031021198631807,-0.00334932560876256,-0.00334932560876256,44188000,44188000,https://www.sec.gov/Archives/edgar/data/1057379/000120677405000369/0001206774-05-000369-index.html,https://www.sec.gov/Archives/edgar/data/1057379/000120677405000369/d16565.htm,1620592993,16:43:13,20210509
17,2004-01-02,HCKT,USD,2004-03-15 00:00:00,2004-03-15 12:46:46,FY,132400000,88000000,44400000,0.33534743202416917,0.0,45000000.0,0.0,93614000.0,49800000.00000001,137800000.0,-706000.0,4950000.0,-550000.0,-0.004154078549848943,-5500000.0,-0.04154078549848943,0.0,-4800000.0,-0.03625377643504532,400000.0,-5100000.0,-0.03851963746223565,-0.11308,-0.11308,45100000,45100000,https://www.sec.gov/Archives/edgar/data/1057379/000120677404000149/0001206774-04-000149-index.html,https://www.sec.gov/Archives/edgar/data/1057379/000120677404000149/d14149.htm,1620592993,16:43:13,20210509
18,2003-01-03,HCKT,USD,2003-03-31 00:00:00,2003-03-31 16:58:01,FY,176800000,125500000,51400000,0.2907239819004525,0.0,53400000.0,0.0,0.0,84300000.00000001,209800000.0,600000.0,5330000.0,-27570000.0,-0.15593891402714932,-32900000.0,-0.18608597285067874,0.0,-32400000.0,-0.1832579185520362,-3500000.0,-69000000.0,-0.3902714932126697,-1.49028,-1.49028,46300000,46300000,https://www.sec.gov/Archives/edgar/data/1057379/000120677403000226/0001206774-03-000226-index.html,https://www.sec.gov/Archives/edgar/data/1057379/000120677403000226/d12233.htm,1620592993,16:43:13,20210509
19,2002-12-31,HCKT,USD,2003-03-31 00:00:00,2003-03-31 16:58:01,FY,176847000,125471000,51376000,0.29051100668939817,0.0,0.0,0.0,0.0,73416000.0,198887000.0,0.0,20000000.0,-2040000.0,-0.011535395002459753,-22040000.0,-0.12462750286971223,-10886000.0,-32365000.0,-0.18301130355618134,-3508000.0,-68959000.0,-0.3899359333208932,-1.49,-1.49,46348000,46348000,https://www.sec.gov/Archives/edgar/data/1057379/000120677403000226/0001206774-03-000226-index.html,https://www.sec.gov/Archives/edgar/data/1057379/000120677403000226/d12233.htm,1620592993,16:43:13,20210509
20,2001-12-28,HCKT,USD,2001-12-28,2001-12-28,FY,250300000,162200000,88100000,0.35197762684778267,0.0,81900000.0,0.0,0.0,87600000.00000001,249800000.00000003,800000.0,12530000.0,13130000.0,0.05245705153815421,600000.0,0.0023971234518577705,0.0,1400000.0,0.005593288054334798,1800000.0,-8500000.0,-0.03395924890131842,-0.19318,-0.19318,44000000,44000000,,,1620592993,16:43:13,20210509
21,2000-12-29,HCKT,USD,2001-03-29 00:00:00,2001-03-29 00:00:00,FY,296700000,182900000,113900000,0.3838894506235254,0.0,93200000.0,0.0,0.0,94499999.99999997,277399999.99999994,-1800000.0,12590000.0,31890000.0,0.10748230535894843,19300000.0,0.06504887091338052,0.0,17500000.0,0.058982136838557464,8600000.0,7900000.0,0.026626221772834514,0.17517,0.17517,45100000,45100000,https://www.sec.gov/Archives/edgar/data/1057379/000095017001000419/0000950170-01-000419-index.html,https://www.sec.gov/Archives/edgar/data/1057379/000095017001000419/0000950170-01-000419-0001.txt,1620592993,16:43:13,20210509
22,1999-12-31,HCKT,USD,1999-12-31,1999-12-31,FY,260500000,144100000,116400000,0.4468330134357006,0.0,82700000.0,0.0,0.0,93100000.0,237200000.0,0.0,10400000.0,33700000.0,0.12936660268714012,23300000.0,0.08944337811900192,-12700000.0,10800000.0,0.04145873320537428,7600000.0,1100000.0,0.004222648752399232,0.03147108076612284,0.02552352165384253,34952724,43097501,,,1620592993,16:43:13,20210509
23,1999-01-01,HCKT,USD,1999-04-01 00:00:00,1999-04-01 00:00:00,FY,167500000,99100000,68500000,0.408955223880597,0.0,126500000.0,0.0,0.0,130100000.0,229200000.0,-600000.0,7630000.0,-54070000.0,-0.3228059701492537,-61700000.0,-0.36835820895522386,0.0,-62300000.0,-0.3719402985074627,-900000.0,-61400000.0,-0.36656716417910445,-2.47581,-2.47581,24800000,24800000,https://www.sec.gov/Archives/edgar/data/1057379/000095017099000530/0000950170-99-000530-index.html,https://www.sec.gov/Archives/edgar/data/1057379/0000950170-99-000530.txt,1620592993,16:43:13,20210509
