,date,symbol,reportedCurrency,fillingDate,acceptedDate,period,revenue,costOfRevenue,grossProfit,grossProfitRatio,researchAndDevelopmentExpenses,generalAndAdministrativeExpenses,sellingAndMarketingExpenses,otherExpenses,operatingExpenses,costAndExpenses,interestExpense,depreciationAndAmortization,ebitda,ebitdaratio,operatingIncome,operatingIncomeRatio,totalOtherIncomeExpensesNet,incomeBeforeTax,incomeBeforeTaxRatio,incomeTaxExpense,netIncome,netIncomeRatio,eps,epsdiluted,weightedAverageShsOut,weightedAverageShsOutDil,link,finalLink,timestamp,est_time,est_date
0,2020-03-31,0497.HK,HKD,2020-03-31,2020-03-31,FY,3709956000,2212520000,1497436000,0.40362635028555593,0.0,312579000,0.0,26032000.0,0.0,2522699000,333897000.0,33696000.0,1220953000,0.32910174675926074,1187257000,0.3200191592568753,0.0,1308997000,0.35283356460292253,65269000.0,1245343000,0.3356759487174511,0.1177,0.1177,9814897000,9814897000,https://www1.hkexnews.hk/search/titlesearch.xhtml,https://www1.hkexnews.hk/search/titlesearch.xhtml,1620584757,14:25:57,20210509
1,2019-03-31,0497.HK,HKD,2019-03-31,2019-03-31,FY,3439180000,2374504000,1064676000,0.30957263068522145,0.0,247065000,0.0,20299000.0,0.0,2618915000,326065000.0,23925000.0,844190000,0.2454625811966806,820265000,0.23850598107688462,0.0,737784000,0.2145232293744439,69556000.0,619552000,0.18014526718578266,0.0528,0.0528,10037090000,10037090000,https://www1.hkexnews.hk/search/titlesearch.xhtml,https://www1.hkexnews.hk/search/titlesearch.xhtml,1620584757,14:25:57,20210509
2,2018-03-31,0497.HK,HKD,2018-03-31,2018-03-31,FY,3969462000,3110302000,859160000,0.21644242972977196,0.0,223944000,0.0,13395000.0,0.0,3325338000,287989000.0,18542000.0,662666000,0.1669410111496218,644124000,0.16226984916343826,0.0,1109163000,0.2794240126243808,46761000.0,1058073000,0.26655325079318054,0.1006,0.1006,10037090000,10037090000,https://www1.hkexnews.hk/search/titlesearch.xhtml,https://www1.hkexnews.hk/search/titlesearch.xhtml,1620584757,14:25:57,20210509
3,2017-03-31,0497.HK,HKD,2017-03-31,2017-03-31,FY,1868279000,1266931000,601348000,0.32187269674390173,0.0,274506000,0.0,5843000.0,0.0,1531547000,243084000.0,37057000.0,373789000,0.20007129556131606,336732000,0.18023646361169826,0.0,1367148000,0.7317686491150411,21387000.0,1346734000,0.7208420155661975,0.1342,0.134176,10037090000,10037090000,https://www1.hkexnews.hk/search/titlesearch.xhtml,https://www1.hkexnews.hk/search/titlesearch.xhtml,1620584757,14:25:57,20210509
4,2016-03-31,0497.HK,HKD,2016-03-31,2016-03-31,FY,2201494000,1029524000,1171970000,0.532352120877913,0.0,214268000,0.0,71883000.0,0.0,1243792000,138609000.0,45595000.0,1003297000,0.45573460568141455,957702000,0.43502367028935807,0.0,1711216000,0.7772975988124429,53948000.0,1645022000,0.747229835738821,0.1583,0.1583,10391797000,10391797000,https://www1.hkexnews.hk/search/titlesearch.xhtml,https://www1.hkexnews.hk/search/titlesearch.xhtml,1620584757,14:25:57,20210509
5,2015-03-31,0497.HK,HKD,2015-03-31,2015-03-31,FY,745611000,385167000,360444000,0.483420979572458,0.0,152307000,0.0,-169000.0,0.0,515545000,122089000.0,35876000.0,265942000,0.3566766048247679,230066000,0.308560361904532,0.0,281361000,0.377356289003247,16308000.0,262936000,0.35264501194322506,0.0265,0.0265,9908854000,9908854000,https://www1.hkexnews.hk/search/titlesearch.xhtml,https://www1.hkexnews.hk/search/titlesearch.xhtml,1620584757,14:25:57,20210509
6,2014-03-31,0497.HK,HKD,2014-03-31,2014-03-31,FY,2578071000,1638518000,939553000,0.3644403121558716,0.0,178518000,0.0,0.0,0.0,1715190000,133290000.0,55442000.0,918323000,0.3562054730067558,862881000,0.3347002468124423,0.0,871302000,0.33796664250131203,52040000.0,815489000,0.316317510262518,0.0857,0.0857,9518120000,9518120000,https://www1.hkexnews.hk/search/titlesearch.xhtml,https://www1.hkexnews.hk/search/titlesearch.xhtml,1620584757,14:25:57,20210509
7,2013-03-31,0497.HK,HKD,2013-03-31,2013-03-31,FY,1162379000,424603000,737776000,0.6347120861612262,0.0,193635000,0.0,0.0,0.0,235099000,72464000.0,63207000.0,990487000,0.8521205217919456,927280000,0.797743248974732,0.0,985540000,0.8478645949384839,60519000.0,902671000,0.7765720130869536,0.1024,0.1019,8811168000,8857300000,https://www1.hkexnews.hk/search/titlesearch.xhtml,https://www1.hkexnews.hk/search/titlesearch.xhtml,1620584757,14:25:57,20210509
8,2012-03-31,0497.HK,HKD,2012-03-31,2012-03-31,FY,2745292000,1773100000,972192000,0.3541306352839698,0.0,98625000,0.0,47300000.0,0.0,1871725000,79953000.0,35463000.0,909030000,0.3311232466346021,873567000,0.31820549508030477,0.0,940417000,0.34255627452380294,84106000.0,857732000,0.31243743834899895,0.1051,0.0985,8163817000,8889212000,https://www1.hkexnews.hk/search/titlesearch.xhtml,https://www1.hkexnews.hk/search/titlesearch.xhtml,1620584757,14:25:57,20210509
9,2011-03-31,0497.HK,HKD,2011-03-31,2011-03-31,FY,2745292000,1773100000,972192000,0.3541306352839698,0.0,98625000,0.0,47300000.0,0.0,1854414000,79953000.0,10684000.0,901562000,0.3284029531284832,890878000,0.3245111995372441,0.0,940417000,0.34255627452380294,84106000.0,857732000,0.31243743834899895,0.1051,0.0985,8163817000,8889212000,https://www1.hkexnews.hk/search/titlesearch.xhtml,https://www1.hkexnews.hk/search/titlesearch.xhtml,1620584757,14:25:57,20210509
10,2010-03-31,0497.HK,HKD,2010-03-31,2010-03-31,FY,1447907000,1178959000,268948000,0.18574949910456956,0.0,81106000,0.0,379839000.0,0.0,1260065000,54951000.0,7203000.0,195045000,0.13470823747657826,187842000,0.12973347045079553,0.0,566750000,0.3914270737001755,21765000.0,546271000,0.37728320948790217,0.0732,0.0536,7463869000,8174429000,https://www1.hkexnews.hk/search/titlesearch.xhtml,https://www1.hkexnews.hk/search/titlesearch.xhtml,1620584757,14:25:57,20210509
11,2009-03-31,0497.HK,HKD,2009-03-31,2009-03-31,FY,669426000,459933000,209493000,0.312944223857454,0.0,50268000,0.0,25879000.0,0.0,510201000,113321000.0,4544000.0,163769000,0.2446409311858219,159225000,0.2378530263240448,0.0,80984000,0.12097528330241132,17861000.0,62373000,0.09317385342069176,0.01,0.0098,6256460000,6340247000,https://www1.hkexnews.hk/search/titlesearch.xhtml,https://www1.hkexnews.hk/search/titlesearch.xhtml,1620584757,14:25:57,20210509
12,2008-03-31,0497.HK,HKD,2008-03-31,2008-03-31,FY,402534000,194885000,207649000,0.5158545613538236,0.0,68822000,0.0,0.0,0.0,263707000,0.0,4178000.0,143005000,0.35526191576363736,138827000,0.3448826682963427,0.0,242573000,0.6026149343906353,-71213000.0,313786000,0.7795266983658523,0.0657,0.0589,4951507000,6009691000,https://www1.hkexnews.hk/search/titlesearch.xhtml,https://www1.hkexnews.hk/search/titlesearch.xhtml,1620584757,14:25:57,20210509
13,2007-03-31,0497.HK,HKD,2007-03-31,2007-03-31,FY,555363000,30160000,525203000,0.9456931772552367,0.0,51327000,0.0,0.0,0.0,81487000,0.0,3840000.0,477716000,0.8601869407936791,473876000,0.8532725442638418,0.0,321293000,0.5785279177763013,42681000.0,278612000,0.5016754807216182,0.056152,0.056152,4926693500,4926693500,https://www1.hkexnews.hk/search/titlesearch.xhtml,https://www1.hkexnews.hk/search/titlesearch.xhtml,1620584757,14:25:57,20210509
14,2006-03-31,0497.HK,HKD,2006-03-31,2006-03-31,FY,371638000,331812000,39826000,0.10716342247025332,0.0,28723000,0.0,0.0,0.0,335549000,18010000.0,3282000.0,39371000,0.1059391127925562,36089000,0.09710793837013437,0.0,159485000,0.42914072296159167,18146000.0,140283000,0.377472163772273,0.0644,0.0603,2178160000,2326335000,https://www1.hkexnews.hk/search/titlesearch.xhtml,https://www1.hkexnews.hk/search/titlesearch.xhtml,1620584757,14:25:57,20210509
15,2005-03-31,0497.HK,HKD,2005-03-31,2005-03-31,FY,368864000,313142000,55722000,0.1510638067146699,0.0,23740000,0.0,0.0,0.0,332956000,5361000.0,1560000.0,37468000,0.10157673288800208,35908000,0.09734753188166913,0.0,77344000,0.20968161707295913,5935000.0,72135000,0.19555988114860762,0.03742,0.03636,1917585000,1973950000,https://www1.hkexnews.hk/search/titlesearch.xhtml,https://www1.hkexnews.hk/search/titlesearch.xhtml,1620584757,14:25:57,20210509
16,2004-03-31,0497.HK,HKD,2004-03-31,2004-03-31,FY,415286000,356626000,58660000,0.14125205280216527,0.0,27677000,0.0,0.0,0.0,375012000,1911000.0,2296000.0,42570000,0.10250766941336814,40274000,0.0969789494468872,0.0,36059000,0.08682931762688846,5011000.0,30238000,0.07281247140524844,0.016,0.01592,1917240000,1924190000,https://www1.hkexnews.hk/search/titlesearch.xhtml,https://www1.hkexnews.hk/search/titlesearch.xhtml,1620584757,14:25:57,20210509
