,date,symbol,reportedCurrency,fillingDate,acceptedDate,period,revenue,costOfRevenue,grossProfit,grossProfitRatio,researchAndDevelopmentExpenses,generalAndAdministrativeExpenses,sellingAndMarketingExpenses,otherExpenses,operatingExpenses,costAndExpenses,interestExpense,depreciationAndAmortization,ebitda,ebitdaratio,operatingIncome,operatingIncomeRatio,totalOtherIncomeExpensesNet,incomeBeforeTax,incomeBeforeTaxRatio,incomeTaxExpense,netIncome,netIncomeRatio,eps,epsdiluted,weightedAverageShsOut,weightedAverageShsOutDil,link,finalLink,timestamp,est_time,est_date
0,2020-12-31,CLN.SW,CHF,2020-12-31,2020-12-31,FY,3860000000,2687000000,1173000000,0.3038860103626943,170000000,747000000,0.0,0.0,0.0,3604000000,72000000.0,269000000,525000000,0.13601036269430053,256000000,0.06632124352331606,0.0,212000000,0.054922279792746116,96000000,758000000.0,0.19637305699481866,2.3,2.29,329517644,331024767,https://www.six-group.com/en/products-services/the-swiss-stock-exchange.html,https://www.six-group.com/en/products-services/the-swiss-stock-exchange.html,1620590373,15:59:33,20210509
1,2019-12-31,CLN.SW,CHF,2019-12-31,2019-12-31,FY,4399000000,3024000000,1375000000,0.312571038872471,173000000,1070000000,0.0,0.0,1243000000.0,4267000000,96000000.0,330000000,462000000,0.10502386906115026,132000000,0.030006819731757218,0.0,71000000,0.016140031825414868,105000000,10000000.0,0.0022732439190725163,0.030340266360293085,0.030259252958050008,329594997,330477425,https://www.six-group.com/en/products-services/the-swiss-stock-exchange.html,https://www.six-group.com/en/products-services/the-swiss-stock-exchange.html,1620590373,15:59:33,20210509
2,2018-12-31,CLN.SW,CHF,2018-12-31,2018-12-31,FY,6623000000,4690000000,1933000000,0.29186169409633095,209000000,1308000000,0.0,0.0,1517000000.0,6207000000,88000000.0,325000000,741000000,0.11188283255322362,416000000,0.06281141476672203,0.0,465000000,0.07020987467914842,109000000,337000000.0,0.05088328552015703,1.0224081063310497,1.0198306894641334,329613975,330447008,https://www.six-group.com/en/products-services/the-swiss-stock-exchange.html,https://www.six-group.com/en/products-services/the-swiss-stock-exchange.html,1620590373,15:59:33,20210509
3,2017-12-31,CLN.SW,CHF,2017-12-31,2017-12-31,FY,6377000000,4475000000,1902000000,0.29825936960953425,211000000,1298000000,0.0,0.0,1509000000.0,5984000000,93000000.0,301000000,694000000,0.10882860279128116,393000000,0.0616277246354085,0.0,437000000,0.0685275207777952,135000000,277000000.0,0.0434373529872981,0.843712481731683,0.8393559648952852,328310895,330014930,https://www.six-group.com/en/products-services/the-swiss-stock-exchange.html,https://www.six-group.com/en/products-services/the-swiss-stock-exchange.html,1620590373,15:59:33,20210509
4,2016-12-31,CLN.SW,CHF,2016-12-31,2016-12-31,FY,5847000000,4077000000,1770000000,0.30271934325295025,206000000,1138000000,0.0,0.0,1344000000.0,5421000000,109000000.0,265000000,691000000,0.11818026338293142,426000000,0.0728578758337609,0.0,338000000,0.05780742260988541,75000000,253000000.0,0.04327005301864204,0.7815576176416126,0.7775648769630051,323712538,325374779,https://www.six-group.com/en/products-services/the-swiss-stock-exchange.html,https://www.six-group.com/en/products-services/the-swiss-stock-exchange.html,1620590373,15:59:33,20210509
5,2015-12-31,CLN.SW,CHF,2015-12-31,2015-12-31,FY,5807000000,4020000000,1787000000,0.3077320475288445,204000000,1064000000,0.0,0.0,1268000000.0,5288000000,104000000.0,257000000,776000000,0.1336318236610987,519000000,0.08937489237127605,0.0,300000000,0.051661787497847424,73000000,229000000.0,0.0394351644566902,0.7107323959228231,0.7059551528209173,322202845,324383212,https://www.six-group.com/en/products-services/the-swiss-stock-exchange.html,https://www.six-group.com/en/products-services/the-swiss-stock-exchange.html,1620590373,15:59:33,20210509
6,2014-12-31,CLN.SW,CHF,2014-12-31,2014-12-31,FY,6116000000,4344000000,1772000000,0.28973185088293,213000000,1049000000,0.0,0.0,1262000000.0,5606000000,129000000.0,282000000,792000000,0.12949640287769784,510000000,0.08338783518639634,0.0,379000000,0.06196860693263571,144000000,152000000.0,0.02485284499672989,0.48,0.47,319689210,321954898,https://www.six-group.com/en/products-services/the-swiss-stock-exchange.html,https://www.six-group.com/en/products-services/the-swiss-stock-exchange.html,1620590373,15:59:33,20210509
7,2013-12-31,CLN.SW,CHF,2013-12-31,2013-12-31,FY,6076000000,4332000000,1744000000,0.28703094140882157,199000000,1034000000,0.0,0.0,1233000000.0,5565000000,154000000.0,284000000,795000000,0.13084265964450295,511000000,0.08410138248847926,0.0,345000000,0.05678077682685977,22000000,-20000000.0,-0.0032916392363396972,-0.06397725787618823,-0.06360009339928116,312611085,314464947,https://www.six-group.com/en/products-services/the-swiss-stock-exchange.html,https://www.six-group.com/en/products-services/the-swiss-stock-exchange.html,1620590373,15:59:33,20210509
8,2012-12-31,CLN.SW,CHF,2012-12-31,2012-12-31,FY,6038000000,4293000000,1745000000,0.289002981119576,175000000,1114000000,0.0,0.0,1289000000.0,5582000000,155000000.0,316000000,772000000,0.12785690626035112,456000000,0.07552169592580324,0.0,246000000,0.04074196753892017,35000000,217000000.0,0.03593905266644584,0.77,0.72,281075365,319788873,https://www.six-group.com/en/products-services/the-swiss-stock-exchange.html,https://www.six-group.com/en/products-services/the-swiss-stock-exchange.html,1620590373,15:59:33,20210509
9,2011-12-31,CLN.SW,CHF,2011-12-31,2011-12-31,FY,7370000000,5402000000,1968000000,0.26702849389416555,176000000,1176000000,0.0,0.0,1352000000.0,6754000000,0.0,258000000,874000000,0.1185888738127544,616000000,0.08358208955223881,0.0,334000000,0.04531886024423338,83000000,227000000.0,0.03080054274084125,0.86,0.79,264586754,302103212,https://www.six-group.com/en/products-services/the-swiss-stock-exchange.html,https://www.six-group.com/en/products-services/the-swiss-stock-exchange.html,1620590373,15:59:33,20210509
10,2010-12-31,CLN.SW,CHF,2010-12-31,2010-12-31,FY,7120000000,5133000000,1987000000,0.2790730337078652,135000000,1177000000,0.0,-21000000.0,1311000000.0,6444000000,138000000.0,205000000,881000000,0.12373595505617978,676000000,0.0949438202247191,0.0,243000000,0.03412921348314607,52000000,191000000.0,0.026825842696629215,0.81,0.73,223544786,260975023,https://www.six-group.com/en/products-services/the-swiss-stock-exchange.html,https://www.six-group.com/en/products-services/the-swiss-stock-exchange.html,1620590373,15:59:33,20210509
11,2009-12-31,CLN.SW,CHF,2009-12-31,2009-12-31,FY,6614000000,4749000000,1865000000,0.28197762322346537,150000000,462000000,1008000000.0,-25000000.0,1612000000.0,6361000000,111000000.0,225000000,478000000,0.0722709404293922,253000000,0.03825219231932265,0.0,-121000000,-0.01829452676141518,73000000,-206000000.0,-0.031146053825219233,-0.9118867110904525,-0.9052913143512378,225905255,227551062,https://www.six-group.com/en/products-services/the-swiss-stock-exchange.html,https://www.six-group.com/en/products-services/the-swiss-stock-exchange.html,1620590373,15:59:33,20210509
12,2008-12-31,CLN.SW,CHF,2008-12-31,2008-12-31,FY,8071000000,5757000000,2314000000,0.28670548878701524,184000000,421000000,0.0,-20000000.0,1764000000.0,7521000000,155000000.0,253000000,803000000,0.09949200842522612,550000000,0.06814521125015488,0.0,91000000,0.011274934952298352,119000000,-37000000.0,-0.004584314211374055,-0.163331802075617,-0.16253502844013767,226532736,227643237,https://www.six-group.com/en/products-services/the-swiss-stock-exchange.html,https://www.six-group.com/en/products-services/the-swiss-stock-exchange.html,1620590373,15:59:33,20210509
13,2007-12-31,CLN.SW,CHF,2007-12-31,2007-12-31,FY,8533000000,6045000000,2488000000,0.2915738896050627,211000000,391000000,0.0,-37000000.0,1948000000.0,7993000000,102000000.0,273000000,813000000,0.09527715926403375,540000000,0.06328372202039143,0.0,207000000,0.02425876010781671,-99000000,5000000.0,0.0005859603890776984,0.01,-0.01,227153836,227153836,https://www.six-group.com/en/products-services/the-swiss-stock-exchange.html,https://www.six-group.com/en/products-services/the-swiss-stock-exchange.html,1620590373,15:59:33,20210509
14,2006-12-31,CLN.SW,CHF,2006-12-31,2006-12-31,FY,8100000000,5614000000,2486000000,0.30691358024691356,207000000,-934000000,1328000000.0,35000000.0,1990000000.0,7604000000,112000000.0,507000000,1003000000,0.12382716049382717,496000000,0.06123456790123457,0.0,275000000,0.033950617283950615,144000000,-85000000.0,-0.010493827160493827,-0.37,-0.38,226767254,227870768,https://www.six-group.com/en/products-services/the-swiss-stock-exchange.html,https://www.six-group.com/en/products-services/the-swiss-stock-exchange.html,1620590373,15:59:33,20210509
15,2005-12-31,CLN.SW,CHF,2005-12-31,2005-12-31,FY,7728000000,5373000000,2355000000,0.3047360248447205,197000000,-900000000,1274000000.0,23000000.0,1966000000.0,7339000000,132000000.0,342000000,731000000,0.09459109730848861,389000000,0.05033643892339545,0.0,351000000,0.045419254658385096,89000000,184000000.0,0.023809523809523808,0.8126069538698755,0.807211047925594,226431732,227945344,https://www.six-group.com/en/products-services/the-swiss-stock-exchange.html,https://www.six-group.com/en/products-services/the-swiss-stock-exchange.html,1620590373,15:59:33,20210509
16,2004-12-31,CLN.SW,CHF,2004-12-31,2004-12-31,FY,8530000000,5823000000,2707000000,0.3173505275498241,274000000,-701000000,1262000000.0,26000000.0,2263000000.0,8086000000,154000000.0,385000000,829000000,0.09718640093786636,444000000,0.05205158264947245,0.0,205000000,0.02403282532239156,141000000,152000000.0,0.017819460726846426,0.7217925947023938,0.7167126251564726,210586810,212079423,https://www.six-group.com/en/products-services/the-swiss-stock-exchange.html,https://www.six-group.com/en/products-services/the-swiss-stock-exchange.html,1620590373,15:59:33,20210509
17,2003-12-31,CLN.SW,CHF,2003-12-31,2003-12-31,FY,8516000000,5787000000,2729000000,0.3204556129638328,308000000,547000000,0.0,0.0,1910000000.0,7697000000,0.0,560000000,1379000000,0.16193048379520902,819000000,0.09617191169563175,0.0,284000000,0.03334899013621419,111000000,173000000.0,0.02031470173790512,1.08,1.08,149823102,149823102,https://www.six-group.com/en/products-services/the-swiss-stock-exchange.html,https://www.six-group.com/en/products-services/the-swiss-stock-exchange.html,1620590373,15:59:33,20210509
18,2002-12-31,CLN.SW,CHF,2002-12-31,2002-12-31,FY,9330000000,6275000000,3055000000,0.327438370846731,352000000,669000000,0.0,0.0,3157000000.0,9432000000,0.0,1395000000,1293000000,0.13858520900321544,-102000000,-0.010932475884244373,0.0,-450000000,-0.04823151125401929,189000000,-639000000.0,-0.0684887459807074,-4.3,-4.3,150890166,150890166,https://www.six-group.com/en/products-services/the-swiss-stock-exchange.html,https://www.six-group.com/en/products-services/the-swiss-stock-exchange.html,1620590373,15:59:33,20210509
