,date,symbol,reportedCurrency,fillingDate,acceptedDate,period,revenue,costOfRevenue,grossProfit,grossProfitRatio,researchAndDevelopmentExpenses,generalAndAdministrativeExpenses,sellingAndMarketingExpenses,otherExpenses,operatingExpenses,costAndExpenses,interestExpense,depreciationAndAmortization,ebitda,ebitdaratio,operatingIncome,operatingIncomeRatio,totalOtherIncomeExpensesNet,incomeBeforeTax,incomeBeforeTaxRatio,incomeTaxExpense,netIncome,netIncomeRatio,eps,epsdiluted,weightedAverageShsOut,weightedAverageShsOutDil,link,finalLink,timestamp,est_time,est_date
0,2019-12-31,0036.HK,HKD,2019-12-31,2019-12-31,FY,39733000.0,1187000.0,38546000.0,0.9701255883019153,0.0,7148000.0,0.0,915000.0,0.0,8335000.0,21897000.0,767000.0,32165000.0,0.8095286034278811,31398000.0,0.7902247502076359,0.0,-183703000.0,-4.623436438225153,1954000.0,-132314000.0,-3.330078272468729,-0.1368,-0.1368,1089118593,1089118593,https://www1.hkexnews.hk/search/titlesearch.xhtml,https://www1.hkexnews.hk/search/titlesearch.xhtml,1620584483,14:21:23,20210509
1,2018-12-31,0036.HK,HKD,2018-12-31,2018-12-31,FY,8547000.0,6648000.0,1899000.0,0.22218322218322217,0.0,7372000.0,13000.0,773000.0,0.0,14033000.0,0.0,507000.0,-4979000.0,-0.5825435825435825,-5486000.0,-0.6418626418626419,0.0,-122789000.0,-14.366327366327367,-15107000.0,-105995000.0,-12.401427401427402,-0.0973,-0.0973,1089118593,1089118593,https://www1.hkexnews.hk/search/titlesearch.xhtml,https://www1.hkexnews.hk/search/titlesearch.xhtml,1620584483,14:21:23,20210509
2,2017-12-31,0036.HK,HKD,2017-12-31,2017-12-31,FY,9139000.0,6726000.0,2413000.0,0.26403326403326405,0.0,8432000.0,49000.0,865000.0,0.0,15207000.0,0.0,1064000.0,-5004000.0,-0.547543494911916,-6068000.0,-0.6639676113360324,0.0,81769000.0,8.947258999890579,14963000.0,69450000.0,7.5992997045628625,0.0638,0.0638,1089118593,1089118593,https://www1.hkexnews.hk/search/titlesearch.xhtml,https://www1.hkexnews.hk/search/titlesearch.xhtml,1620584483,14:21:23,20210509
3,2016-12-31,0036.HK,HKD,2016-12-31,2016-12-31,FY,11683000.0,9342000.0,2341000.0,0.20037661559530942,0.0,9420000.0,102000.0,812000.0,0.0,18864000.0,0.0,1307000.0,-5874000.0,-0.502781819738081,-7181000.0,-0.6146537704356758,0.0,-66294000.0,-5.674398698964307,-11780000.0,-53887000.0,-4.612428314645211,-0.0495,-0.0495,1089118593,1089118593,https://www1.hkexnews.hk/search/titlesearch.xhtml,https://www1.hkexnews.hk/search/titlesearch.xhtml,1620584483,14:21:23,20210509
4,2015-12-31,0036.HK,HKD,2015-12-31,2015-12-31,FY,10970000.0,11834000.0,-864000.0,-0.0787602552415679,0.0,32730000.0,91000.0,2138000.0,0.0,44655000.0,1285000.0,1384000.0,-32301000.0,-2.9444849589790336,-33685000.0,-3.0706472196900636,0.0,74643000.0,6.804284412032817,12657000.0,69100000.0,6.298997265268915,0.0729,0.072861,948376042,948376042,https://www1.hkexnews.hk/search/titlesearch.xhtml,https://www1.hkexnews.hk/search/titlesearch.xhtml,1620584483,14:21:23,20210509
5,2014-12-31,0036.HK,HKD,2014-12-31,2014-12-31,FY,16747000.0,16337000.0,410000.0,0.024481996775541887,0.0,25153000.0,146000.0,375000.0,0.0,41636000.0,1372000.0,1477000.0,-23412000.0,-1.3979817280706992,-24889000.0,-1.4861766286499074,0.0,17658000.0,1.0543978025915088,0.0,25846000.0,1.5433211918552576,0.0514,0.051,503286466,506813232,https://www1.hkexnews.hk/search/titlesearch.xhtml,https://www1.hkexnews.hk/search/titlesearch.xhtml,1620584483,14:21:23,20210509
6,2013-12-31,0036.HK,HKD,2013-12-31,2013-12-31,FY,15931000.0,14570000.0,1361000.0,0.08543092084614902,0.0,22620000.0,129000.0,484000.0,0.0,37319000.0,38000.0,1547000.0,-19841000.0,-1.2454334316740945,-21388000.0,-1.3425397024668884,0.0,-12928000.0,-0.8114995919904588,0.0,-11012000.0,-0.6912309334002887,-0.0248,-0.0248,444611650,444611650,https://www1.hkexnews.hk/search/titlesearch.xhtml,https://www1.hkexnews.hk/search/titlesearch.xhtml,1620584483,14:21:23,20210509
7,2012-12-31,0036.HK,HKD,2012-12-31,2012-12-31,FY,17052000.0,17626000.0,-574000.0,-0.03366174055829228,0.0,17846000.0,110000.0,372000.0,0.0,35582000.0,39000.0,1393000.0,-17137000.0,-1.0049847525216984,-18530000.0,-1.086676049730237,0.0,-20325000.0,-1.191942294159043,0.0,-18981000.0,-1.113124560168895,-0.0557,-0.0557,340692622,340692622,https://www1.hkexnews.hk/search/titlesearch.xhtml,https://www1.hkexnews.hk/search/titlesearch.xhtml,1620584483,14:21:23,20210509
8,2011-12-31,0036.HK,HKD,2011-12-31,2011-12-31,FY,21635000.0,19620000.0,2015000.0,0.09313612202449734,0.0,18544000.0,97000.0,7078000.0,0.0,38261000.0,61000.0,2959000.0,-13667000.0,-0.6317078807487867,-16626000.0,-0.7684770048532471,0.0,-5819000.0,-0.2689623295585856,52000.0,2489000.0,0.11504506586549572,0.006768,0.006768,366900212,366900212,https://www1.hkexnews.hk/search/titlesearch.xhtml,https://www1.hkexnews.hk/search/titlesearch.xhtml,1620584483,14:21:23,20210509
9,2010-12-31,0036.HK,HKD,2010-12-31,2010-12-31,FY,29064000.0,26360000.0,2704000.0,0.09303605835397744,0.0,20577000.0,11795000.0,188121000.0,0.0,64606000.0,401000.0,3989000.0,-31553000.0,-1.0856385906963941,-35542000.0,-1.2228874208642995,0.0,147898000.0,5.088700798238371,333000.0,152060000.0,5.231902009358657,0.414349,0.413523,366900212,367568766,https://www1.hkexnews.hk/search/titlesearch.xhtml,https://www1.hkexnews.hk/search/titlesearch.xhtml,1620584483,14:21:23,20210509
10,2009-12-31,0036.HK,HKD,2009-12-31,2009-12-31,FY,21037000.0,19086000.0,1951000.0,0.09274136046014166,0.0,20931000.0,9392000.0,0.0,0.0,44438000.0,0.0,4478000.0,-18923000.0,-0.899510386461948,-23401000.0,-1.1123734372771783,0.0,-43453000.0,-2.0655511717450206,108000.0,-38700000.0,-1.8396159148167515,-0.105651,-0.105651,366900212,366900212,https://www1.hkexnews.hk/search/titlesearch.xhtml,https://www1.hkexnews.hk/search/titlesearch.xhtml,1620584483,14:21:23,20210509
11,2008-12-31,0036.HK,HKD,2008-12-31,2008-12-31,FY,22719773.0,24076515.0,-1356742.0,-0.0597163536801182,0.0,19343073.0,4815178.0,0.0,0.0,61463205.0,572230.0,2949506.0,-35793926.0,-1.5754526244606406,-38743432.0,-1.7052737278669114,0.0,-70499088.0,-3.102983819424604,-68668.0,-70430420.0,-3.0999614300723866,-0.2711808040466357,-0.2700026481416589,259717572,260850849,https://www1.hkexnews.hk/search/titlesearch.xhtml,https://www1.hkexnews.hk/search/titlesearch.xhtml,1620584483,14:21:23,20210509
12,2007-12-31,0036.HK,HKD,2007-12-31,2007-12-31,FY,28867707.0,25948543.0,2919164.0,0.10112212930524755,0.0,15590561.0,134019.0,0.0,0.0,41673123.0,0.0,2783411.0,-10022005.0,-0.3471701094929362,-12805416.0,-0.44358964846082166,0.0,96251925.0,3.334242134299063,-592093.0,96844018.0,3.354752699963319,0.361111,0.307047,269690197,317175971,https://www1.hkexnews.hk/search/titlesearch.xhtml,https://www1.hkexnews.hk/search/titlesearch.xhtml,1620584483,14:21:23,20210509
13,2006-12-31,0036.HK,HKD,2006-12-31,2006-12-31,FY,53485608.0,51928165.0,1557443.0,0.0291189173730623,0.0,15753085.0,0.0,0.0,0.0,67681250.0,0.0,3223671.0,-10971971.0,-0.20513875433555884,-14195642.0,-0.265410500708901,0.0,16562244.0,0.30965795508952615,371654.0,16190590.0,0.3027092820932315,0.060254,0.060254,264913212,264913212,https://www1.hkexnews.hk/search/titlesearch.xhtml,https://www1.hkexnews.hk/search/titlesearch.xhtml,1620584483,14:21:23,20210509
14,2005-12-31,0036.HK,HKD,2005-12-31,2005-12-31,FY,68897893.0,64643749.0,4254144.0,0.061745632772833854,0.0,15568983.0,0.0,0.0,0.0,80212732.0,0.0,3136740.0,-8178099.0,-0.1186988258116979,-11314839.0,-0.1642261977445377,0.0,15652729.0,0.22718733938641636,659254.0,14993475.0,0.2176187739151907,0.08329,0.08329,265207894,265207894,https://www1.hkexnews.hk/search/titlesearch.xhtml,https://www1.hkexnews.hk/search/titlesearch.xhtml,1620584483,14:21:23,20210509
15,2004-12-31,0036.HK,HKD,2004-12-31,2004-12-31,FY,73394521.0,65576647.0,7817874.0,0.10651849611498929,0.0,6158693.0,0.0,0.0,0.0,58256426.0,0.0,3714426.0,18852521.0,0.2568655090752619,15138095.0,0.2062564724688373,0.0,54603462.0,0.7439719103827928,1284569.0,52276198.0,0.7122629494373293,0.059278,0.059278,881875638,881875638,https://www1.hkexnews.hk/search/titlesearch.xhtml,https://www1.hkexnews.hk/search/titlesearch.xhtml,1620584483,14:21:23,20210509
16,2003-12-31,0036.HK,HKD,2003-12-31,2003-12-31,FY,84678252.0,71313072.0,13365180.0,0.15783485941585096,0.0,6301300.0,0.0,0.0,0.0,106552075.0,0.0,3857958.0,-18015865.0,-0.21275669459969485,-21873823.0,-0.25831689345689374,0.0,-85088750.0,-1.0048477382362593,-2691694.0,-84759908.0,-1.0009643089940023,-0.095879,-0.095879,884026319,884026319,https://www1.hkexnews.hk/search/titlesearch.xhtml,https://www1.hkexnews.hk/search/titlesearch.xhtml,1620584483,14:21:23,20210509
17,2002-12-31,0036.HK,HKD,2002-12-31,2002-12-31,FY,90124121.0,64699453.0,25424668.0,0.2821072507325758,0.0,23760040.0,0.0,0.0,0.0,152379456.0,0.0,7369344.0,-54885991.0,-0.6090044528700591,-62255335.0,-0.6907732836584337,0.0,-184694702.0,-2.0493370692625117,-5386729.0,-179241540.0,-1.98882982725568,-0.20289921078828066,-0.20289921078828066,883401859,883401859,https://www1.hkexnews.hk/search/titlesearch.xhtml,https://www1.hkexnews.hk/search/titlesearch.xhtml,1620584483,14:21:23,20210509
18,2001-12-31,0036.HK,HKD,2001-12-31,2001-12-31,FY,147196673.0,110678429.0,36518244.0,0.2480915040790358,0.0,37350598.0,0.0,0.0,0.0,194799045.0,0.0,0.0,-47602372.0,-0.32339298864451915,-47602372.0,-0.32339298864451915,0.0,-58187933.0,-0.39530739257945047,1031044.0,-56675320.0,-0.38503125678662586,-0.064156,-0.064156,883401859,883401859,https://www1.hkexnews.hk/search/titlesearch.xhtml,https://www1.hkexnews.hk/search/titlesearch.xhtml,1620584483,14:21:23,20210509
19,2000-12-31,0036.HK,HKD,2000-12-31,2000-12-31,FY,181934880.0,138909822.0,43025058.0,0.23648603280470462,0.0,46615348.0,0.0,0.0,0.0,200904009.0,0.0,0.0,-18969129.0,-0.10426328915049164,-18969129.0,-0.10426328915049164,0.0,-97236229.0,-0.5344562241171127,844331.0,-92743662.0,-0.5097629547451263,-0.111053,-0.111053,835127851,835127851,https://www1.hkexnews.hk/search/titlesearch.xhtml,https://www1.hkexnews.hk/search/titlesearch.xhtml,1620584483,14:21:23,20210509
20,1999-12-31,0036.HK,HKD,1999-12-31,1999-12-31,FY,94690954.0,66245658.0,28445296.0,0.30040140898781104,0.0,26232729.0,0.0,0.0,0.0,84392229.0,0.0,0.0,10298725.0,0.10876144515346207,10298725.0,0.10876144515346207,0.0,-95957437.0,-1.013374910131331,424235.0,-88401536.0,-0.9335795265089419,-0.111053,-0.111053,796028356,796028356,https://www1.hkexnews.hk/search/titlesearch.xhtml,https://www1.hkexnews.hk/search/titlesearch.xhtml,1620584483,14:21:23,20210509
