,date,symbol,reportedCurrency,fillingDate,acceptedDate,period,revenue,costOfRevenue,grossProfit,grossProfitRatio,researchAndDevelopmentExpenses,generalAndAdministrativeExpenses,sellingAndMarketingExpenses,otherExpenses,operatingExpenses,costAndExpenses,interestExpense,depreciationAndAmortization,ebitda,ebitdaratio,operatingIncome,operatingIncomeRatio,totalOtherIncomeExpensesNet,incomeBeforeTax,incomeBeforeTaxRatio,incomeTaxExpense,netIncome,netIncomeRatio,eps,epsdiluted,weightedAverageShsOut,weightedAverageShsOutDil,link,finalLink,timestamp,est_time,est_date
0,2019-06-30,IPTK,USD,2019-06-30,2019-06-30,FY,81670.0,30570.0,51100.0,0.6256887473980653,179640.0,420732.0,0.0,0.0,598203.0,669990.0,133102.0,0.0,-619478.0,-7.585135,-588320.0,-7.2036243418635975,-12840.0,-752580.0,-9.2148891881964,0.0,-752580.0,-9.2148891881964,-0.00438,-0.00438,171760750,171760750,,,1620593729,16:55:29,20210509
1,2018-06-30,IPTK,USD,2019-10-25,2019-10-25,FY,67810.0,16100.0,51710.0,0.7625718920513198,192000.0,477395.0,0.0,0.0,744630.0,979290.0,77476.0,0.0,-929394.0,-13.705855,-911480.0,-13.441675269134347,0.0,-1006870.0,-14.84839994101165,0.0,-1006870.0,-14.84839994101165,-0.00625,-0.00625,161095650,161095650,https://www.sec.gov/Archives/edgar/data/1067873/000139390519000298/0001393905-19-000298-index.htm,https://www.sec.gov/Archives/edgar/data/1067873/000139390519000298/iptk_10k.htm,1620593729,16:55:29,20210509
2,2017-06-30,IPTK,USD,2017-06-30,2017-06-30,FY,170650.0,60710.0,109940.0,0.6442426018165837,14300.0,495206.0,0.0,311376.0,697423.0,868129.9999999999,13380.0,0.0,-859590.0,-5.037152,-697480.0,-4.087196015235863,-145820.0,-872970.0,-5.11555815997656,0.0,-872970.0,-5.11555815997656,-0.00619,-0.00619,141102630,141102630,,,1620593729,16:55:29,20210509
3,2016-06-30,IPTK,USD,2016-10-13,2016-10-13,FY,164440.0,60820.0,103620.0,0.6301386523960107,34570.0,0.0,0.0,120000.0,437391.0,440240.00000000006,-36240.0,0.0,-370010.0,-2.250122,-275800.0,-1.677207492094381,-21740.0,-333770.0,-2.0297372901970325,0.0,-333770.0,-2.0297372901970325,-0.00297,-0.00297,112198340,112198340,https://www.sec.gov/Archives/edgar/data/1067873/000139390516001063/0001393905-16-001063-index.htm,https://www.sec.gov/Archives/edgar/data/1067873/000139390516001063/asiq_10k.htm,1620593729,16:55:29,20210509
4,2015-06-30,IPTK,USD,2015-09-28 00:00:00,2015-09-29 23:12:17,FY,33700.0,19740.0,13960.0,0.4142433234421365,0.0,0.0,0.0,60000.0,167380.0,187140.0,0.0,0.0,-153440.0,-4.553116,-153440.0,-4.553115727002967,0.0,-153440.0,-4.553115727002967,0.0,-153440.0,-4.553115727002967,-0.00175,-0.00175,87767900,87767900,https://www.sec.gov/Archives/edgar/data/1067873/000139390515000528/0001393905-15-000528-index.html,https://www.sec.gov/Archives/edgar/data/1067873/000139390515000528/asiq_10k.htm,1620593729,16:55:29,20210509
5,2014-06-30,IPTK,USD,2014-09-26 00:00:00,2014-09-26 16:57:59,FY,76237.0,30879.0,45358.0,0.5949604522738303,0.0,0.0,0.0,60000.0,114288.0,145167.0,0.0,0.0,-68930.0,-0.904154150872,-68930.0,-0.904154150871624,0.0,-68930.0,-0.904154150871624,0.0,-68930.0,-0.904154150871624,-0.00082,-0.00082,83595690,83595690,https://www.sec.gov/Archives/edgar/data/1067873/000139390514000541/0001393905-14-000541-index.html,https://www.sec.gov/Archives/edgar/data/1067873/000139390514000541/asiq_10k.htm,1620593729,16:55:29,20210509
6,2013-06-30,IPTK,USD,2013-09-20 00:00:00,2013-09-20 10:32:14,FY,7768.0,2717.0,5051.0,0.650231719876416,0.0,0.0,0.0,30000.0,68106.0,70823.0,0.0,0.0,-63055.0,-8.11727600412,-63055.0,-8.117276004119464,0.0,-63055.0,-8.117276004119464,0.0,-63055.0,-8.117276004119464,-0.00082,-0.00082,77277481,77277481,https://www.sec.gov/Archives/edgar/data/1067873/000139390513000536/0001393905-13-000536-index.html,https://www.sec.gov/Archives/edgar/data/1067873/000139390513000536/asiq_10k.htm,1620593729,16:55:29,20210509
7,2012-06-30,IPTK,USD,2012-06-30,2012-06-30,FY,0.0,0.0,0.0,0.0,0.0,0.0,0.0,0.0,120814.0,0.0,0.0,0.0,-120814.0,0.0,-120814.0,0.0,0.0,-120814.0,0.0,0.0,-120814.0,0.0,-0.00162,-0.00162,74361498,74361498,,,1620593729,16:55:29,20210509
