,date,symbol,reportedCurrency,fillingDate,acceptedDate,period,revenue,costOfRevenue,grossProfit,grossProfitRatio,researchAndDevelopmentExpenses,generalAndAdministrativeExpenses,sellingAndMarketingExpenses,otherExpenses,operatingExpenses,costAndExpenses,interestExpense,depreciationAndAmortization,ebitda,ebitdaratio,operatingIncome,operatingIncomeRatio,totalOtherIncomeExpensesNet,incomeBeforeTax,incomeBeforeTaxRatio,incomeTaxExpense,netIncome,netIncomeRatio,eps,epsdiluted,weightedAverageShsOut,weightedAverageShsOutDil,link,finalLink,timestamp,est_time,est_date
0,2020-12-31,SFPI.PA,EUR,2020-12-31,2020-12-31,FY,498811000.0,203341000.0,295470000.0,0.5923486049826487,0.0,72451000.0,0.0,0.0,0.0,470252000.0,930000.0,20163000.0,48722000.0,0.09767627418000004,28559000.0,0.05624374763186858,0.0,28055000.0,0.05624374763186858,10478000.0,17622000.0,0.035328010007798546,0.18125965461981866,0.18125965461981866,97219649.0,97219649.0,https://www.infogreffe.com/recherche-entreprise-dirigeants/resultats-entreprise-dirigeants.html?ga_cat=globale&ga_q=S.F.P.I#phrase=S.F.P.I,https://www.infogreffe.com/recherche-entreprise-dirigeants/resultats-entreprise-dirigeants.html?ga_cat=globale&ga_q=S.F.P.I#phrase=S.F.P.I,1620597797,18:03:17,20210509
1,2019-12-31,SFPI.PA,EUR,2019-12-31,2019-12-31,FY,562450000.0,232087000.0,330363000.0,0.5873642101520136,0.0,86048000.0,0.0,-3264000.0,299809000.0,531896000.0,980000.0,22106000.0,52660000.0,0.09362610009778646,30554000.0,0.05432305093786114,0.0,11493000.0,0.020433816339230155,7758000.0,3734000.0,0.0066388123388745664,0.04,0.04,97219649.0,97219649.0,https://www.infogreffe.com/recherche-entreprise-dirigeants/resultats-entreprise-dirigeants.html?ga_cat=globale&ga_q=S.F.P.I#phrase=S.F.P.I,https://www.infogreffe.com/recherche-entreprise-dirigeants/resultats-entreprise-dirigeants.html?ga_cat=globale&ga_q=S.F.P.I#phrase=S.F.P.I,1620597797,18:03:17,20210509
2,2018-12-31,SFPI.PA,EUR,2018-12-31,2018-12-31,FY,549805000.0,229105000.0,320700000.0,0.5832977146442829,0.0,87406000.0,0.0,-3336000.0,290330000.0,519435000.0,987000.0,15104000.0,45474000.0,0.08270932421494893,30370000.0,0.055237766117077876,0.0,26024000.0,0.04733314538791026,9747000.0,13657000.0,0.02483971589927338,0.15,0.15,97219649.0,97219649.0,https://www.infogreffe.com/recherche-entreprise-dirigeants/resultats-entreprise-dirigeants.html?ga_cat=globale&ga_q=S.F.P.I#phrase=S.F.P.I,https://www.infogreffe.com/recherche-entreprise-dirigeants/resultats-entreprise-dirigeants.html?ga_cat=globale&ga_q=S.F.P.I#phrase=S.F.P.I,1620597797,18:03:17,20210509
3,2017-12-31,SFPI.PA,EUR,2017-12-31,2017-12-31,FY,504498000.0,201003000.0,303495000.0,0.6015782024903964,0.0,81178000.0,0.0,-3297000.0,270596000.0,471599000.0,859000.0,13875000.0,46774000.0,0.09271394534765252,32899000.0,0.06521135861787361,0.0,33467000.0,0.0663372302764332,10342000.0,25212000.0,0.04997443002747286,0.29,0.29,87871609.0,87871609.0,https://www.infogreffe.com/recherche-entreprise-dirigeants/resultats-entreprise-dirigeants.html?ga_cat=globale&ga_q=S.F.P.I#phrase=S.F.P.I,https://www.infogreffe.com/recherche-entreprise-dirigeants/resultats-entreprise-dirigeants.html?ga_cat=globale&ga_q=S.F.P.I#phrase=S.F.P.I,1620597797,18:03:17,20210509
4,2016-12-31,SFPI.PA,EUR,2016-12-31,2016-12-31,FY,513392000.0,201483000.0,311909000.0,0.6075455012933587,0.0,85432000.0,0.0,-3811000.0,278933000.0,480416000.0,771000.0,13123000.0,46099000.0,0.08979298469785271,32976000.0,0.06423162028235734,0.0,31526000.0,0.06140726774082962,10784000.0,16833000.0,0.032787811263128366,0.19,0.19,87514729.0,87514729.0,https://www.infogreffe.com/recherche-entreprise-dirigeants/resultats-entreprise-dirigeants.html?ga_cat=globale&ga_q=S.F.P.I#phrase=S.F.P.I,https://www.infogreffe.com/recherche-entreprise-dirigeants/resultats-entreprise-dirigeants.html?ga_cat=globale&ga_q=S.F.P.I#phrase=S.F.P.I,1620597797,18:03:17,20210509
5,2015-12-31,SFPI.PA,EUR,2015-12-31,2015-12-31,FY,508882000.0,200319000.0,308563000.0,0.6063547148454848,0.0,85156000.0,0.0,-3803000.0,281311000.0,481630000.0,899000.0,12320000.0,39572000.0,0.0777626247342213,27252000.0,0.05355269001458098,0.0,14653000.0,0.028794494597961805,5917000.0,6780000.0,0.013323324464217638,0.08,0.08,87514729.0,87514729.0,https://www.infogreffe.com/recherche-entreprise-dirigeants/resultats-entreprise-dirigeants.html?ga_cat=globale&ga_q=S.F.P.I#phrase=S.F.P.I,https://www.infogreffe.com/recherche-entreprise-dirigeants/resultats-entreprise-dirigeants.html?ga_cat=globale&ga_q=S.F.P.I#phrase=S.F.P.I,1620597797,18:03:17,20210509
6,2014-06-30,SFPI.PA,EUR,2014-06-30,2014-06-30,FY,8750000.0,3834000.0,4916000.0,0.5618285714285715,0.0,1299000.0,0.0,0.0,4198000.0,8032000.0,0.0,-310000.0,408000.0,0.04662857142857143,718000.0,0.08205714285714286,0.0,713000.0,0.08148571428571429,151000.0,562000.0,0.06422857142857143,0.22,0.22,2516990.0,2516990.0,https://www.infogreffe.com/recherche-entreprise-dirigeants/resultats-entreprise-dirigeants.html?ga_cat=globale&ga_q=S.F.P.I#phrase=S.F.P.I,https://www.infogreffe.com/recherche-entreprise-dirigeants/resultats-entreprise-dirigeants.html?ga_cat=globale&ga_q=S.F.P.I#phrase=S.F.P.I,1620597797,18:03:17,20210509
7,2013-06-30,SFPI.PA,EUR,2013-06-30,2013-06-30,FY,11766000.0,5798000.0,5968000.0,0.5072242053374129,0.0,2335000.0,0.0,0.0,6621000.0,12419000.0,21000.0,-150000.0,-803000.0,-0.06824749277579466,-653000.0,-0.055498895121536634,0.0,-605000.0,-0.05141934387217406,42000.0,-647000.0,-0.05498895121536631,-0.26,-0.26,2516990.0,2516990.0,https://www.infogreffe.com/recherche-entreprise-dirigeants/resultats-entreprise-dirigeants.html?ga_cat=globale&ga_q=S.F.P.I#phrase=S.F.P.I,https://www.infogreffe.com/recherche-entreprise-dirigeants/resultats-entreprise-dirigeants.html?ga_cat=globale&ga_q=S.F.P.I#phrase=S.F.P.I,1620597797,18:03:17,20210509
8,2012-06-30,SFPI.PA,EUR,2012-06-30,2012-06-30,FY,15534000.0,8127000.0,7407000.0,0.4768250289687138,0.0,2386000.0,0.0,0.0,6348000.0,14475000.0,0.0,147000.0,1206000.0,0.0776361529548088,1059000.0,0.06817303978370028,0.0,1304000.0,0.08394489506888117,415000.0,889000.0,0.05722930346337067,0.35,0.35,2520176.0,2520176.0,https://www.infogreffe.com/recherche-entreprise-dirigeants/resultats-entreprise-dirigeants.html?ga_cat=globale&ga_q=S.F.P.I#phrase=S.F.P.I,https://www.infogreffe.com/recherche-entreprise-dirigeants/resultats-entreprise-dirigeants.html?ga_cat=globale&ga_q=S.F.P.I#phrase=S.F.P.I,1620597797,18:03:17,20210509
