,date,symbol,reportedCurrency,fillingDate,acceptedDate,period,revenue,costOfRevenue,grossProfit,grossProfitRatio,researchAndDevelopmentExpenses,generalAndAdministrativeExpenses,sellingAndMarketingExpenses,otherExpenses,operatingExpenses,costAndExpenses,interestExpense,depreciationAndAmortization,ebitda,ebitdaratio,operatingIncome,operatingIncomeRatio,totalOtherIncomeExpensesNet,incomeBeforeTax,incomeBeforeTaxRatio,incomeTaxExpense,netIncome,netIncomeRatio,eps,epsdiluted,weightedAverageShsOut,weightedAverageShsOutDil,link,finalLink,timestamp,est_time,est_date
0,2020-03-31,0526.HK,CNY,2020-03-31,2020-03-31,FY,1183976000.0,1107808000.0,76168000.0,0.0643323851159145,0.0,36912000.0,5970000.0,51000.0,0.0,1147684000.0,69343000.0,88016000.0,124308000.0,0.10499199308094083,36292000.0,0.030652648364493874,0.0,-112698000.0,-0.09518605106860274,-15850000.0,-154458000.0,-0.13045703629127617,-0.0196,-0.0196,7879636000,7879636000,https://www1.hkexnews.hk/search/titlesearch.xhtml,https://www1.hkexnews.hk/search/titlesearch.xhtml,1620584773,14:26:13,20210509
1,2019-03-31,0526.HK,CNY,2019-03-31,2019-03-31,FY,3960034000.0,3466682000.0,493352000.0,0.1245827687338038,0.0,140463000.0,87483000.0,-1267000.0,0.0,3686176000.0,37965000.0,59007000.0,332865000.0,0.08405609648806045,273858000.0,0.06915546684700181,0.0,278781000.0,0.07039863799149199,68081000.0,210700000.0,0.05320661388260808,0.0279,0.0167,7544020000,7544020000,https://www1.hkexnews.hk/search/titlesearch.xhtml,https://www1.hkexnews.hk/search/titlesearch.xhtml,1620584773,14:26:13,20210509
2,2018-03-31,0526.HK,CNY,2018-03-31,2018-03-31,FY,3885647000.0,3493974000.0,391673000.0,0.10079994399903028,0.0,136069000.0,80920000.0,5893000.0,0.0,3707953000.0,41380000.0,59725000.0,237419000.0,0.06110153598615623,177694000.0,0.045730865413147415,0.0,-899067000.0,-0.23138154340834358,39925000.0,-938992000.0,-0.24165653750842525,-0.1569,-0.1569,5984775000,5984775000,https://www1.hkexnews.hk/search/titlesearch.xhtml,https://www1.hkexnews.hk/search/titlesearch.xhtml,1620584773,14:26:13,20210509
3,2017-03-31,0526.HK,CNY,2017-03-31,2017-03-31,FY,1239692000.0,991097000.0,248595000.0,0.20052964768668347,0.0,128774000.0,72830000.0,856000.0,0.0,1186092000.0,46857000.0,55682000.0,109282000.0,0.08815254111505116,53600000.0,0.04323654585171156,0.0,-646436000.0,-0.5214488760111382,10322000.0,-656758000.0,-0.5297751376954921,-0.1385,-0.1385,4740836000,4740836000,https://www1.hkexnews.hk/search/titlesearch.xhtml,https://www1.hkexnews.hk/search/titlesearch.xhtml,1620584773,14:26:13,20210509
4,2016-03-31,0526.HK,CNY,2016-03-31,2016-03-31,FY,1085709000.0,833150000.0,252559000.0,0.23262126407720668,0.0,285531000.0,70004000.0,2385000.0,0.0,1185871000.0,59852000.0,56018000.0,-44144000.0,-0.040659145314260084,-100162000.0,-0.09225492282001899,0.0,-279808000.0,-0.25771914942217483,-304820000.0,24998000.0,0.023024585777588653,0.0055,0.0055,4509765000,4509765000,https://www1.hkexnews.hk/search/titlesearch.xhtml,https://www1.hkexnews.hk/search/titlesearch.xhtml,1620584773,14:26:13,20210509
5,2015-03-31,0526.HK,CNY,2015-03-31,2015-03-31,FY,1158809000.0,897992000.0,260817000.0,0.22507332959961476,0.0,113840000.0,81345000.0,874000.0,0.0,1089240000.0,75595000.0,51572000.0,121141000.0,0.10453922950201457,69569000.0,0.06003491515858092,0.0,100512000.0,0.08673733117364467,20202000.0,82212000.0,0.07094525499888248,0.0197,0.0061,4176964000,4613371000,https://www1.hkexnews.hk/search/titlesearch.xhtml,https://www1.hkexnews.hk/search/titlesearch.xhtml,1620584773,14:26:13,20210509
6,2014-03-31,0526.HK,CNY,2014-03-31,2014-03-31,FY,785097000.0,629925000.0,155172000.0,0.19764691496719514,0.0,108741000.0,51528000.0,13892000.0,0.0,785767000.0,53236000.0,32859000.0,32189000.0,0.041000029295743076,-670000.0,-0.0008533977330189773,0.0,1294724000.0,1.6491261589332273,333131000.0,963225000.0,1.2268866140107528,0.277,0.261,3473676000,4055852000,https://www1.hkexnews.hk/search/titlesearch.xhtml,https://www1.hkexnews.hk/search/titlesearch.xhtml,1620584773,14:26:13,20210509
7,2013-03-31,0526.HK,CNY,2013-03-31,2013-03-31,FY,301998000.0,240953000.0,61045000.0,0.202137100245697,0.0,62769000.0,19399000.0,806000.0,0.0,323121000.0,12942000.0,16753000.0,-4370000.0,-0.014470294505261624,-21123000.0,-0.06994417181570739,0.0,-29411000.0,-0.09738806217259717,2620000.0,-32031000.0,-0.10606361631533984,-0.0129,-0.0129,2476964000,2476964000,https://www1.hkexnews.hk/search/titlesearch.xhtml,https://www1.hkexnews.hk/search/titlesearch.xhtml,1620584773,14:26:13,20210509
8,2012-03-31,0526.HK,CNY,2012-03-31,2012-03-31,FY,393890000.0,297431000.0,96459000.0,0.24488816674706138,0.0,56995000.0,18884000.0,0.0,0.0,363675000.0,14378000.0,21757000.0,51972000.0,0.1319454670085557,30215000.0,0.07670923354235955,0.0,17692000.0,0.04491609332554774,7769000.0,9923000.0,0.02519231257457666,0.004,0.004,2476964000,2476964000,https://www1.hkexnews.hk/search/titlesearch.xhtml,https://www1.hkexnews.hk/search/titlesearch.xhtml,1620584773,14:26:13,20210509
9,2011-03-31,0526.HK,CNY,2011-03-31,2011-03-31,FY,386169524.308522,299530683.685436,86638840.623085,0.22435442252523982,0.0,49301917.26278199,19879220.177441,0.0,0.0,356723202.667136,10058154.736016,19255700.644691,48702022.286077,0.1261156544480904,29446321.641386,0.07625231870410488,0.0,19388166.90537,0.05020636193414433,8876083.199638,10512083.705731,0.027221422313306612,0.004387,0.004387,2402477000,2402477000,https://www1.hkexnews.hk/search/titlesearch.xhtml,https://www1.hkexnews.hk/search/titlesearch.xhtml,1620584773,14:26:13,20210509
10,2010-03-31,0526.HK,CNY,2010-03-31,2010-03-31,FY,252882136.707974,196974497.788676,55907638.919298,0.22108180374899172,0.0,35196279.896659,10035201.077199,0.0,0.0,238185030.936638,7232775.649166,11795191.159084,26492296.93042,0.10476144054814385,14697105.771336,0.05811840236191964,0.0,7464330.12217,0.029517032002896043,-165521.828611,7629851.950782,0.03017157340612352,0.00493,0.00493,1539464000,1539464000,https://www1.hkexnews.hk/search/titlesearch.xhtml,https://www1.hkexnews.hk/search/titlesearch.xhtml,1620584773,14:26:13,20210509
11,2009-03-31,0526.HK,CNY,2009-03-31,2009-03-31,FY,221870087.931853,179554236.062511,42315851.869342,0.1907235547783225,0.0,39153648.672571,9192082.019839,0.0,0.0,220342777.296937,11104747.589777,13393068.084931,14920378.719847,0.06724826613143889,1527310.634916,0.0068838059657014734,0.0,-9577436.954861,-0.04316686870292625,0.0,-9577436.954861,-0.04316686870292625,-0.00679,-0.00679,1410323000,1410323000,https://www1.hkexnews.hk/search/titlesearch.xhtml,https://www1.hkexnews.hk/search/titlesearch.xhtml,1620584773,14:26:13,20210509
12,2008-03-31,0526.HK,CNY,2008-03-31,2008-03-31,FY,194635885.315178,164094747.887402,30541137.427776,0.15691421640115383,0.0,40278473.486683,8461371.977896,0.0,0.0,212834593.351981,0.0,14409563.290578,-3789144.7462249994,-0.019467862979579316,-18198708.036803,-0.09350129862914769,0.0,-14690707.918598,-0.07547790015602224,-9011.04577,-14681696.872828,-0.07543160321671215,-0.010601,-0.010601,1384918340,1384918340,https://www1.hkexnews.hk/search/titlesearch.xhtml,https://www1.hkexnews.hk/search/titlesearch.xhtml,1620584773,14:26:13,20210509
13,2007-03-31,0526.HK,CNY,2007-03-31,2007-03-31,FY,216967606.30889,187521381.298648,29446225.010242,0.135717149261076,0.0,62403342.277755,8970962.310528,0.0,0.0,230670168.066366,0.0,17359741.192134,3657179.4346580002,0.016855877690107286,-13702561.757476,-0.06315487362647164,0.0,-22502526.218763,-0.10371375986296709,55351.904957,-22557878.12372,-0.10396887584962823,-0.622709,-0.622709,868733440,868733440,https://www1.hkexnews.hk/search/titlesearch.xhtml,https://www1.hkexnews.hk/search/titlesearch.xhtml,1620584773,14:26:13,20210509
14,2006-03-31,0526.HK,CNY,2006-03-31,2006-03-31,FY,241727930.706301,214872372.60393,26855558.102372,0.1110982831975733,0.0,86865564.734174,15901235.695746,0.0,0.0,305547866.795626,0.0,29138828.360556,-34681107.728768,-0.1434716610010015,-63819936.089324,-0.2640155645350934,0.0,-54274440.012217,-0.22452697068821703,-5723163.159604,-48551276.852613,-0.20085091826481036,-0.055919,-0.055919,868243993,868243993,https://www1.hkexnews.hk/search/titlesearch.xhtml,https://www1.hkexnews.hk/search/titlesearch.xhtml,1620584773,14:26:13,20210509
15,2005-03-31,0526.HK,CNY,2005-03-31,2005-03-31,FY,473141146.249316,395114193.160272,78026953.089044,0.16491263486082153,0.0,125173388.775574,37103740.787225,0.0,0.0,557391322.723071,0.0,0.0,-84250176.473756,-0.17806563039723752,-84250176.473756,-0.17806563039723752,0.0,-186731723.091775,-0.3946638853374612,0.0,-186731723.091775,-0.3946638853374612,-0.214905,-0.214905,868903704,868903704,https://www1.hkexnews.hk/search/titlesearch.xhtml,https://www1.hkexnews.hk/search/titlesearch.xhtml,1620584773,14:26:13,20210509
16,2004-03-31,0526.HK,CNY,2004-03-31,2004-03-31,FY,500043283.018335,375812034.088037,124231248.930298,0.24844099130863206,0.0,73371090.960878,44394172.593059,0.0,0.0,491129187.212848,0.0,0.0,8914095.805487,0.01782664842867242,8914095.805487,0.01782664842867242,0.0,1262821.388386,0.002525424160811488,-123202.086672,1386023.475058,0.002771807005769097,0.001593,0.001593,870000000,870000000,https://www1.hkexnews.hk/search/titlesearch.xhtml,https://www1.hkexnews.hk/search/titlesearch.xhtml,1620584773,14:26:13,20210509
17,2003-03-31,0526.HK,CNY,2003-03-31,2003-03-31,FY,555461953.672354,390817155.048966,164644798.623388,0.2964105777810045,0.0,0.0,46529844.14722,0.0,0.0,523190125.584752,0.0,39923506.226035,72195334.313637,0.1299735001404296,32271828.087602,0.05809907928750406,0.0,27435670.351563,0.04939252845343619,8212022.945242,19223647.406321,0.034608396271295847,0.02218,0.016343,866698565,866698565,https://www1.hkexnews.hk/search/titlesearch.xhtml,https://www1.hkexnews.hk/search/titlesearch.xhtml,1620584773,14:26:13,20210509
18,2002-03-31,0526.HK,CNY,2002-03-31,2002-03-31,FY,460847764.206585,314491293.901939,146356470.304647,0.3175809490073593,0.0,70759242.588984,34364110.83188,0.0,0.0,431135072.904913,0.0,46802523.951174,76515215.252846,0.1660314342298651,29712691.301672,0.06447398383895087,0.0,18889766.642733,0.04098916846272309,2257867.730024,16631898.912709,0.03608978974074699,0.019187,0.01431,866850829,1162222222,https://www1.hkexnews.hk/search/titlesearch.xhtml,https://www1.hkexnews.hk/search/titlesearch.xhtml,1620584773,14:26:13,20210509
19,2001-03-31,0526.HK,CNY,2001-03-31,2001-03-31,FY,428793318.844482,307152936.723468,121640382.121014,0.28368068431852467,0.0,85009184.48282501,31066817.47894,0.0,0.0,426353005.808363,0.0,45075825.633727,47516138.669847,0.11081361714752022,2440313.03612,0.005691117209326368,0.0,6208911.143593,0.01447996242181398,108128.553295,6022336.384967,0.01404484659694809,0.011873,0.010389,507232143,579693878,https://www1.hkexnews.hk/search/titlesearch.xhtml,https://www1.hkexnews.hk/search/titlesearch.xhtml,1620584773,14:26:13,20210509
