,date,symbol,reportedCurrency,fillingDate,acceptedDate,period,revenue,costOfRevenue,grossProfit,grossProfitRatio,researchAndDevelopmentExpenses,generalAndAdministrativeExpenses,sellingAndMarketingExpenses,otherExpenses,operatingExpenses,costAndExpenses,interestExpense,depreciationAndAmortization,ebitda,ebitdaratio,operatingIncome,operatingIncomeRatio,totalOtherIncomeExpensesNet,incomeBeforeTax,incomeBeforeTaxRatio,incomeTaxExpense,netIncome,netIncomeRatio,eps,epsdiluted,weightedAverageShsOut,weightedAverageShsOutDil,link,finalLink,timestamp,est_time,est_date
0,2020-12-31,ZURN.SW,USD,2020-12-31,2020-12-31,FY,58924000000,0.0,0.0,0.0,0.0,8006000000.0,0.0,0.0,0.0,53532000000,980000000,911000000,0.0,0.0,0.0,0.09155861788065983,957000000,5395000000,0.09155861788065983,1323000000,3834000000,0.06506686579322517,25.85,25.56,148304623,149966951,https://www.six-group.com/en/products-services/the-swiss-stock-exchange.html,https://www.six-group.com/en/products-services/the-swiss-stock-exchange.html,1620600184,18:43:04,20210509
1,2019-12-31,ZURN.SW,USD,2019-12-31,2019-12-31,FY,72088000000,0.0,0.0,0.0,0.0,8020000000.0,0.0,0.0,0.0,65984000000,991000000,967000000,0.0,0.0,0.0,0.08461879924536678,1129000000,6100000000,0.08461879924536678,1716000000,4147000000,0.05752691155254689,28.01,27.69,148033715,149773049,https://www.six-group.com/en/products-services/the-swiss-stock-exchange.html,https://www.six-group.com/en/products-services/the-swiss-stock-exchange.html,1620600184,18:43:04,20210509
2,2018-12-31,ZURN.SW,USD,2018-12-31,2018-12-31,FY,47203000000,0.0,0.0,0.0,0.0,7761000000.0,0.0,0.0,0.0,42093000000,835000000,898000000,0.0,0.0,0.0,0.10825583119716967,1080000000,5110000000,0.10825583119716967,1134000000,3716000000,0.07872380992733513,25.1,24.83,148048737,149668776,https://www.six-group.com/en/products-services/the-swiss-stock-exchange.html,https://www.six-group.com/en/products-services/the-swiss-stock-exchange.html,1620600184,18:43:04,20210509
3,2017-12-31,ZURN.SW,USD,2017-12-31,2017-12-31,FY,64046000000,0.0,0.0,0.0,0.0,7212000000.0,0.0,0.0,0.0,58918000000,957000000,936000000,0.0,0.0,0.0,0.0800206101864285,1183000000,5125000000,0.0800206101864285,1816000000,3004000000,0.04690378790244512,20.02,19.9,150001064,150975114,https://www.six-group.com/en/products-services/the-swiss-stock-exchange.html,https://www.six-group.com/en/products-services/the-swiss-stock-exchange.html,1620600184,18:43:04,20210509
4,2016-12-31,ZURN.SW,USD,2016-12-31,2016-12-31,FY,67334000000,0.0,0.0,0.0,0.0,7478000000.0,0.0,0.0,0.0,62013000000,898000000,781000000,0.0,0.0,0.0,0.07902397005970238,1187000000,5321000000,0.07902397005970238,1843000000,3211000000,0.04768764665696379,21.51,21.36,149285218,150297601,https://www.six-group.com/en/products-services/the-swiss-stock-exchange.html,https://www.six-group.com/en/products-services/the-swiss-stock-exchange.html,1620600184,18:43:04,20210509
5,2015-12-31,ZURN.SW,USD,2015-12-31,2015-12-31,FY,60558000000,0.0,0.0,0.0,0.0,8659000000.0,0.0,0.0,0.0,57217000000,898000000,1200000000,0.0,0.0,0.0,0.0551537369133723,1448000000,3340000000,0.0551537369133723,1294000000,1842000000,0.030417120776775983,12.36,12.33,148957967,149320137,https://www.six-group.com/en/products-services/the-swiss-stock-exchange.html,https://www.six-group.com/en/products-services/the-swiss-stock-exchange.html,1620600184,18:43:04,20210509
6,2014-12-31,ZURN.SW,USD,2014-12-31,2014-12-31,FY,72828000000,0.0,0.0,0.0,0.0,8910000000.0,0.0,0.0,0.0,66984000000,1048000000,1012000000,0.0,0.0,0.0,0.08024386225078267,1723000000,5844000000,0.08024386225078267,1670000000,3895000000,0.05348217718459933,26.31,26.08,148032821,149350549,https://www.six-group.com/en/products-services/the-swiss-stock-exchange.html,https://www.six-group.com/en/products-services/the-swiss-stock-exchange.html,1620600184,18:43:04,20210509
7,2013-12-31,ZURN.SW,USD,2013-12-31,2013-12-31,FY,72048000000,0.0,0.0,0.0,0.0,8804000000.0,0.0,0.0,0.0,66086000000,1096000000,1198000000,0.0,0.0,0.0,0.08272262935820564,1757000000,5960000000,0.08272262935820564,1701000000,4028000000,0.05590717299578059,27.33,27.22,147404623,147973499,https://www.six-group.com/en/products-services/the-swiss-stock-exchange.html,https://www.six-group.com/en/products-services/the-swiss-stock-exchange.html,1620600184,18:43:04,20210509
8,2012-12-31,ZURN.SW,USD,2012-12-31,2012-12-31,FY,70449000000,0.0,0.0,0.0,0.0,8661000000.0,0.0,0.0,0.0,64985000000,1045000000,1085000000,0.0,0.0,0.0,0.07753126375108234,1669000000,5462000000,0.07753126375108234,1496000000,3878000000,0.05504691336995557,26.44,26.31,146641273,147381143,https://www.six-group.com/en/products-services/the-swiss-stock-exchange.html,https://www.six-group.com/en/products-services/the-swiss-stock-exchange.html,1620600184,18:43:04,20210509
9,2011-12-31,ZURN.SW,USD,2011-12-31,2011-12-31,FY,52983000000,0.0,0.0,0.0,0.0,724000000.0,595000000.0,0.0,1438000000.0,48226000000,1065000000,996000000,0.0,0.0,0.0,0.08978351546722534,1494000000,4757000000,0.08978351546722534,965000000,3792000000,0.0715701262669158,25.81,25.61,145790012,146893848,https://www.six-group.com/en/products-services/the-swiss-stock-exchange.html,https://www.six-group.com/en/products-services/the-swiss-stock-exchange.html,1620600184,18:43:04,20210509
10,2010-12-31,ZURN.SW,USD,2010-12-31,2010-12-31,FY,67850000000,0.0,0.0,0.0,0.0,0.0,0.0,0.0,10801000000.0,62982000000,1085000000,1086000000,0.0,0.0,0.0,0.07174649963154016,1480000000,4868000000,0.07174649963154016,1355000000,3513000000,0.051775976418570374,23.63,23.44,144844915,145987835,https://www.six-group.com/en/products-services/the-swiss-stock-exchange.html,https://www.six-group.com/en/products-services/the-swiss-stock-exchange.html,1620600184,18:43:04,20210509
11,2009-12-31,ZURN.SW,USD,2009-12-31,2009-12-31,FY,70272000000,0.0,0.0,0.0,0.0,0.0,0.0,0.0,0.0,65741000000,1119000000,892000000,0.0,0.0,0.0,0.06447802823315119,1798000000,4531000000,0.06447802823315119,1295000000,3236000000,0.04604963570127504,22.51,22.35,141943376,142966726,https://www.six-group.com/en/products-services/the-swiss-stock-exchange.html,https://www.six-group.com/en/products-services/the-swiss-stock-exchange.html,1620600184,18:43:04,20210509
12,2008-12-31,ZURN.SW,USD,2008-12-31,2008-12-31,FY,32349000000,0.0,0.0,0.0,0.0,0.0,0.0,0.0,-21513000000.0,29686000000,1372000000,654000000,0.0,0.0,0.0,0.08232093727781384,1683000000,2663000000,0.08232093727781384,-452000000,3116000000,0.09632446134347275,21.8,21.63,137943218,138992643,https://www.six-group.com/en/products-services/the-swiss-stock-exchange.html,https://www.six-group.com/en/products-services/the-swiss-stock-exchange.html,1620600184,18:43:04,20210509
13,2007-12-31,ZURN.SW,USD,2007-12-31,2007-12-31,FY,55163000000,0.0,0.0,0.0,0.0,0.0,0.0,0.0,8543000000.0,47668000000,1642000000,302000000,0.0,0.0,0.0,0.135870057828617,1886000000,7495000000,0.135870057828617,1787000000,5708000000,0.10347515544839839,39.11,38.68,142685268,144257656,https://www.six-group.com/en/products-services/the-swiss-stock-exchange.html,https://www.six-group.com/en/products-services/the-swiss-stock-exchange.html,1620600184,18:43:04,20210509
14,2006-12-31,ZURN.SW,USD,2006-12-31,2006-12-31,FY,65000000000,0.0,0.0,0.0,0.0,0.0,0.0,0.0,12906000000.0,58267000000,1523000000,257000000,0.0,0.0,0.0,0.10358461538461539,1336000000,6733000000,0.10358461538461539,2108000000,4625000000,0.07115384615384615,31.07,30.89,144281666,145096156,https://www.six-group.com/en/products-services/the-swiss-stock-exchange.html,https://www.six-group.com/en/products-services/the-swiss-stock-exchange.html,1620600184,18:43:04,20210509
15,2005-12-31,ZURN.SW,USD,2005-12-31,2005-12-31,FY,67186000000,0.0,0.0,0.0,0.0,0.0,0.0,0.0,22741000000.0,61720000000,446000000,254000000,0.0,0.0,0.0,0.0813562349298961,1524000000,5466000000,0.0813562349298961,2136000000,3330000000,0.049563897240496535,22.04,21.8,143758294,145355821,https://www.six-group.com/en/products-services/the-swiss-stock-exchange.html,https://www.six-group.com/en/products-services/the-swiss-stock-exchange.html,1620600184,18:43:04,20210509
16,2004-12-31,ZURN.SW,USD,2004-12-31,2004-12-31,FY,59678000000,0.0,0.0,0.0,0.0,4035000000.0,0.0,0.0,16547000000.0,55892000000,362000000,448000000,0.0,0.0,0.0,0.06344046382251416,3826000000,3786000000,0.06344046382251416,1093000000,2587000000,0.043349307952679376,18.01,17.88,143577437,144644484,https://www.six-group.com/en/products-services/the-swiss-stock-exchange.html,https://www.six-group.com/en/products-services/the-swiss-stock-exchange.html,1620600184,18:43:04,20210509
17,2003-12-31,ZURN.SW,USD,2003-12-31,2003-12-31,FY,51621000000,0.0,0.0,0.0,0.0,4188000000.0,0.0,0.0,42806000000.0,47875000000,445000000,436000000,0.0,0.0,0.0,0.07256736599445962,4847000000,3746000000,0.07256736599445962,1520000000,2120000000,0.04106855737006257,14.92,14.81,142064985,143090281,https://www.six-group.com/en/products-services/the-swiss-stock-exchange.html,https://www.six-group.com/en/products-services/the-swiss-stock-exchange.html,1620600184,18:43:04,20210509
18,2002-12-31,ZURN.SW,USD,2002-12-31,2002-12-31,FY,40448000000,0.0,0.0,0.0,0.0,3766000000.0,0.0,0.0,4173000000.0,44025000000,1544000000,1344000000,0.0,0.0,0.0,-0.0884345332278481,3875000000,-3577000000,-0.0884345332278481,-262000000,-3430000000,-0.08480023734177215,-36.63,-36.63,142031292,142031292,https://www.six-group.com/en/products-services/the-swiss-stock-exchange.html,https://www.six-group.com/en/products-services/the-swiss-stock-exchange.html,1620600184,18:43:04,20210509
19,2001-12-31,ZURN.SW,USD,2001-12-31,2001-12-31,FY,38477000000,0.0,0.0,0.0,0.0,6939000000.0,0.0,0.0,371000000.0,38692000000,1565000000,392000000,0.0,0.0,0.0,-0.0055877537230033525,4410000000,-215000000,-0.0055877537230033525,84000000,-387000000,-0.010057956701406036,-4.63,-4.63,83585313,83585313,https://www.six-group.com/en/products-services/the-swiss-stock-exchange.html,https://www.six-group.com/en/products-services/the-swiss-stock-exchange.html,1620600184,18:43:04,20210509
20,2000-12-31,ZURN.SW,USD,2000-12-31,2000-12-31,FY,37431000000,0.0,0.0,0.0,0.0,0.0,0.0,0.0,9557000000.0,34262000000,1400000000,442000000,0.0,0.0,0.0,0.08466244556650904,4183000000,3169000000,0.08466244556650904,739000000,2328000000,0.0621944377654885,27.55,27.41,84500907,84932506,https://www.six-group.com/en/products-services/the-swiss-stock-exchange.html,https://www.six-group.com/en/products-services/the-swiss-stock-exchange.html,1620600184,18:43:04,20210509
21,1999-12-31,ZURN.SW,USD,1999-12-31,1999-12-31,FY,40048000000,0.0,0.0,0.0,0.0,0.0,0.0,0.0,12188000000.0,34871000000,1069000000,227000000,0.0,0.0,0.0,0.12926987614862165,5795000000,5177000000,0.12926987614862165,1860000000,3264000000,0.0815021973631642,38.54,38.41,84691230,84977870,https://www.six-group.com/en/products-services/the-swiss-stock-exchange.html,https://www.six-group.com/en/products-services/the-swiss-stock-exchange.html,1620600184,18:43:04,20210509
