,date,symbol,reportedCurrency,fillingDate,acceptedDate,period,revenue,costOfRevenue,grossProfit,grossProfitRatio,researchAndDevelopmentExpenses,generalAndAdministrativeExpenses,sellingAndMarketingExpenses,otherExpenses,operatingExpenses,costAndExpenses,interestExpense,depreciationAndAmortization,ebitda,ebitdaratio,operatingIncome,operatingIncomeRatio,totalOtherIncomeExpensesNet,incomeBeforeTax,incomeBeforeTaxRatio,incomeTaxExpense,netIncome,netIncomeRatio,eps,epsdiluted,weightedAverageShsOut,weightedAverageShsOutDil,link,finalLink,timestamp,est_time,est_date
0,2019-12-31,6828.HK,HKD,2019-12-31,2019-12-31,FY,2676129000,2451619000,224510000.0,0.08389356417422329,0.0,339250000,0.0,-9830000.0,239023000,2690642000,244162000.0,139292000.0,124779000.0,0.046626676068306123,-14513000.0,-0.005423131695071501,0.0,97038000.0,0.036260583850778495,23168000.0,-10871000.0,-0.004062210752919609,-0.0008,-0.0008,12986114715,12986114715,https://www1.hkexnews.hk/search/titlesearch.xhtml,https://www1.hkexnews.hk/search/titlesearch.xhtml,1620585727,14:42:07,20210509
1,2018-12-31,6828.HK,HKD,2018-12-31,2018-12-31,FY,2148480000,1950108000,198372000.0,0.09233132260947274,0.0,284814000,0.0,-2949000.0,272136000,2222244000,241764000.0,141631000.0,67867000.0,0.031588378760798334,-73764000.0,-0.034333109919571045,0.0,259188000.0,0.12063784629133155,-2328000.0,260657000.0,0.1213215854929997,0.0227,0.0209,11465470587,11655956088,https://www1.hkexnews.hk/search/titlesearch.xhtml,https://www1.hkexnews.hk/search/titlesearch.xhtml,1620585727,14:42:07,20210509
2,2017-12-31,6828.HK,HKD,2017-12-31,2017-12-31,FY,1451140000,1283566000,167574000.0,0.11547748666565597,0.0,180071000,0.0,-13269000.0,177684000,1461250000,165652000.0,69453000.0,59343000.0,0.04089405570792618,-10110000.0,-0.006966936339705335,0.0,-59842000.0,-0.04123792328789779,5791000.0,-12489000.0,-0.008606337086704247,-0.0013,-0.0032,9816522234,10312944234,https://www1.hkexnews.hk/search/titlesearch.xhtml,https://www1.hkexnews.hk/search/titlesearch.xhtml,1620585727,14:42:07,20210509
3,2016-12-31,6828.HK,HKD,2016-12-31,2016-12-31,FY,633776000,586621000,47155000.0,0.07440325919567797,0.0,123054000,0.0,-11368000.0,118530000,705151000,95743000.0,48239000.0,-23136000.0,-0.036505011234253114,-71375000.0,-0.11261865390926763,0.0,99504000.0,0.15700184292242053,378000.0,99876000.0,0.15758880109060613,0.0128,0.0127,7779977895,7839189004,https://www1.hkexnews.hk/search/titlesearch.xhtml,https://www1.hkexnews.hk/search/titlesearch.xhtml,1620585727,14:42:07,20210509
4,2015-12-31,6828.HK,HKD,2015-12-31,2015-12-31,FY,213123000,210390000,2733000.0,0.01282358074914486,0.0,103058000,8027000.0,-995000.0,111085000,321475000,32393000.0,45651000.0,-62701000.0,-0.29420100129971893,-108352000.0,-0.508401251859255,0.0,1904000.0,0.008933808176499016,-4999000.0,17160000.0,0.08051688461592602,0.0032689816004574327,0.0032683994030612853,5249341262,5250276323,https://www1.hkexnews.hk/search/titlesearch.xhtml,https://www1.hkexnews.hk/search/titlesearch.xhtml,1620585727,14:42:07,20210509
5,2014-12-31,6828.HK,HKD,2014-12-31,2014-12-31,FY,200430000,175661000,24769000.0,0.12357930449533502,0.0,64180000,6156000.0,-15105000.0,70336000,245997000,3156000.0,16639000.0,-28928000.0,-0.1443296911639974,-45567000.0,-0.22734620565783564,0.0,-70480000.0,-0.3516439654742304,-457000.0,-70763000.0,-0.3530559297510353,-0.0221,-0.0221,3202124237,3202124237,https://www1.hkexnews.hk/search/titlesearch.xhtml,https://www1.hkexnews.hk/search/titlesearch.xhtml,1620585727,14:42:07,20210509
6,2013-12-31,6828.HK,HKD,2013-12-31,2013-12-31,FY,154475000,134989000,19486000.0,0.1261433888978799,0.0,27607000,7821000.0,-2923000.0,35428000,170417000,961000.0,12044000.0,-3898000.0,-0.02523385661110212,-15942000.0,-0.10320116523709338,0.0,-60489000.0,-0.39157792523061985,-1920000.0,-58569000.0,-0.37914872956789125,-0.0291,-0.0291,2016041120,2016041120,https://www1.hkexnews.hk/search/titlesearch.xhtml,https://www1.hkexnews.hk/search/titlesearch.xhtml,1620585727,14:42:07,20210509
7,2012-12-31,6828.HK,HKD,2012-12-31,2012-12-31,FY,191874000,162413000,29461000.0,0.15354347123633216,0.0,26318000,10060000.0,-5556000.0,36378000,198791000,1443000.0,12210000.0,5293000.0,0.027585811522144742,-6917000.0,-0.03604969928182036,0.0,-13794000.0,-0.07189092842177679,940000.0,-14734000.0,-0.07678997675557918,-0.0088,-0.0088,1672729590,1672729590,https://www1.hkexnews.hk/search/titlesearch.xhtml,https://www1.hkexnews.hk/search/titlesearch.xhtml,1620585727,14:42:07,20210509
8,2011-12-31,6828.HK,HKD,2011-12-31,2011-12-31,FY,257859000,201707000,56152000.0,0.21776242054766365,0.0,27427000,12450000.0,0.0,49983000,251690000,1617000.0,13168000.0,19337000.0,0.0749905956355993,6169000.0,0.02392392741769727,0.0,4602000.0,0.017846962875059626,3460000.0,1142000.0,0.004428776967257299,0.0008,0.0008,1365107420,1365107420,https://www1.hkexnews.hk/search/titlesearch.xhtml,https://www1.hkexnews.hk/search/titlesearch.xhtml,1620585727,14:42:07,20210509
9,2010-12-31,6828.HK,HKD,2010-12-31,2010-12-31,FY,201677000,142233000,59444000.0,0.294748533546215,0.0,24962000,8800000.0,0.0,32651000,174884000,2051000.0,13712000.0,40505000.0,0.2008409486456066,26793000.0,0.13285104399609277,0.0,24742000.0,0.12268131715564988,2730000.0,22012000.0,0.10914482067860985,0.018,0.018,1222093730,1222093730,https://www1.hkexnews.hk/search/titlesearch.xhtml,https://www1.hkexnews.hk/search/titlesearch.xhtml,1620585727,14:42:07,20210509
10,2009-12-31,6828.HK,HKD,2009-12-31,2009-12-31,FY,212962000,152058000,60904000.0,0.2859852931508908,0.0,22896000,9996000.0,0.0,36654000,188712000,2613000.0,15064000.0,39314000.0,0.18460570430405424,24250000.0,0.11387008010818832,0.0,21637000.0,0.10160028549694311,2417000.0,19220000.0,0.09025084287337647,0.0162,0.0162,1188789130,1188789130,https://www1.hkexnews.hk/search/titlesearch.xhtml,https://www1.hkexnews.hk/search/titlesearch.xhtml,1620585727,14:42:07,20210509
11,2008-12-31,6828.HK,HKD,2008-12-31,2008-12-31,FY,264205000,200640000,63565000.0,0.24058969360912927,0.0,25171000,12946000.0,0.0,41496000,242136000,2217000.0,17016000.0,39085000.0,0.14793436914517136,22069000.0,0.083529834787381,0.0,19852000.0,0.07513862341742207,2193000.0,17659000.0,0.06683825060085918,0.0153,0.0153,1157775330,1157775330,https://www1.hkexnews.hk/search/titlesearch.xhtml,https://www1.hkexnews.hk/search/titlesearch.xhtml,1620585727,14:42:07,20210509
12,2007-12-31,6828.HK,HKD,2007-12-31,2007-12-31,FY,210894000,145526000,65368000.0,0.30995666069210126,0.0,21103000,0.0,0.0,35272000,180798000,0.0,13301000.0,43397000.0,0.2057763615844927,30096000.0,0.1427067626390509,0.0,28034000.0,0.13292933890959438,1408000.0,26626000.0,0.12625299913700722,0.0256,0.0256,1040078125,1040078125,https://www1.hkexnews.hk/search/titlesearch.xhtml,https://www1.hkexnews.hk/search/titlesearch.xhtml,1620585727,14:42:07,20210509
13,2006-12-31,6828.HK,HKD,2006-12-31,2006-12-31,FY,164512000,106109000,58403000.0,0.35500753744407704,0.0,17966000,0.0,0.0,30764000,136873000,0.0,0.0,27639000.0,0.16800598132659017,27639000.0,0.16800598132659017,0.0,27544000.0,0.1674285158529469,2893000.0,24651000.0,0.14984317253452636,0.0294,0.0213,838469388,1157323944,https://www1.hkexnews.hk/search/titlesearch.xhtml,https://www1.hkexnews.hk/search/titlesearch.xhtml,1620585727,14:42:07,20210509
14,2005-12-31,6828.HK,HKD,2005-12-31,2005-12-31,FY,157948000,114680000,43268000.0,0.2739382581609137,0.0,11504000,0.0,0.0,22179000,136859000,0.0,0.0,21089000.0,0.13351862638336667,21089000.0,0.13351862638336667,0.0,22475000.0,0.1422936662699116,1814000.0,20661000.0,0.13080887380656925,0.0247,0.0178,836477733,1160730337,https://www1.hkexnews.hk/search/titlesearch.xhtml,https://www1.hkexnews.hk/search/titlesearch.xhtml,1620585727,14:42:07,20210509
