,date,symbol,reportedCurrency,fillingDate,acceptedDate,period,revenue,costOfRevenue,grossProfit,grossProfitRatio,researchAndDevelopmentExpenses,generalAndAdministrativeExpenses,sellingAndMarketingExpenses,otherExpenses,operatingExpenses,costAndExpenses,interestExpense,depreciationAndAmortization,ebitda,ebitdaratio,operatingIncome,operatingIncomeRatio,totalOtherIncomeExpensesNet,incomeBeforeTax,incomeBeforeTaxRatio,incomeTaxExpense,netIncome,netIncomeRatio,eps,epsdiluted,weightedAverageShsOut,weightedAverageShsOutDil,link,finalLink,timestamp,est_time,est_date
0,2020-12-31,SOW.DE,EUR,2020-12-31,2020-12-31,FY,834846000,197221000,637625000,0.7637636162837218,143926000.0,3164000.0,45546000.0,0.0,0.0,693684000,3136000.0,6233000.0,147395000,0.1765535200504045,141162000,0.1690874724200631,0.0,133584000.0,0.16001034921410656,37479000.0,95706000.0,0.11463910709280514,1.29,1.29,73979889,73979889,https://www.bundesanzeiger.de/pub/de/suche;wwwsid=627BFD7A56A5CB624C47FDDEAB2FC509.web07-pub?0,https://www.bundesanzeiger.de/pub/de/suche;wwwsid=627BFD7A56A5CB624C47FDDEAB2FC509.web07-pub?0,1620598176,18:09:36,20210509
1,2019-12-31,SOW.DE,EUR,2019-12-31,2019-12-31,FY,890607000,203095000,687512000,0.771958899941276,131269000.0,1916000.0,44310000.0,-207000.0,472733000.0,675828000,3219000.0,13677000.0,228456000,0.2565171843473047,214779000,0.2411602423964779,0.0,215119000.0,0.24154200449805582,59802000.0,154974000.0,0.17400941155863361,2.09,2.09,73979889,73979889,https://www.bundesanzeiger.de/pub/de/suche;wwwsid=627BFD7A56A5CB624C47FDDEAB2FC509.web07-pub?0,https://www.bundesanzeiger.de/pub/de/suche;wwwsid=627BFD7A56A5CB624C47FDDEAB2FC509.web07-pub?0,1620598176,18:09:36,20210509
2,2018-12-31,SOW.DE,EUR,2018-12-31,2018-12-31,FY,865711000,194965000,670746000,0.7747920495407821,124423000.0,2617000.0,38328000.0,-883000.0,446248000.0,641213000,3710000.0,13277000.0,237775000,0.27465863319283224,224498000,0.2593221063380274,0.0,228870000.0,0.2643722905218947,63675000.0,164875000.0,0.19045039279852052,2.2286874622525565,2.228616246326551,73978520,73980884,https://www.bundesanzeiger.de/pub/de/suche;wwwsid=627BFD7A56A5CB624C47FDDEAB2FC509.web07-pub?0,https://www.bundesanzeiger.de/pub/de/suche;wwwsid=627BFD7A56A5CB624C47FDDEAB2FC509.web07-pub?0,1620598176,18:09:36,20210509
3,2017-12-31,SOW.DE,EUR,2017-12-31,2017-12-31,FY,878983000,213349000,665634000,0.7572774445012019,120644000.0,3575000.0,40557000.0,-712000.0,439208000.0,652557000,8588000.0,16628000.0,243054000,0.27651729328098495,226426000,0.2575999763362886,0.0,217055000.0,0.2469387917627531,76459000.0,140333000.0,0.1596538272071246,1.8800023615743717,1.8798822074620605,74645119,74649890,https://www.bundesanzeiger.de/pub/de/suche;wwwsid=627BFD7A56A5CB624C47FDDEAB2FC509.web07-pub?0,https://www.bundesanzeiger.de/pub/de/suche;wwwsid=627BFD7A56A5CB624C47FDDEAB2FC509.web07-pub?0,1620598176,18:09:36,20210509
4,2016-12-31,SOW.DE,EUR,2016-12-31,2016-12-31,FY,871833000,211856000,659977000,0.7569993335879692,112452000.0,79322000.0,245666000.0,-17610000.0,436676000.0,648532000,8251000.0,40162000.0,263463000,0.30219434226508973,223301000,0.25612818051163466,0.0,203968000.0,0.2339530621116659,63615000.0,140156000.0,0.16076014557833898,1.838554392204989,1.837997893166261,76231631,76254712,https://www.bundesanzeiger.de/pub/de/suche;wwwsid=627BFD7A56A5CB624C47FDDEAB2FC509.web07-pub?0,https://www.bundesanzeiger.de/pub/de/suche;wwwsid=627BFD7A56A5CB624C47FDDEAB2FC509.web07-pub?0,1620598176,18:09:36,20210509
5,2015-12-31,SOW.DE,EUR,2015-12-31,2015-12-31,FY,873057000,212158000,660899000,0.7569941023323792,106413000.0,69405000.0,268836000.0,-3849000.0,445978000.0,658136000,11673000.0,49432000.0,264353000,0.30279008128907964,214921000,0.24617063948860154,0.0,200518000.0,0.22967343483873331,60913000.0,139445000.0,0.1597203848087811,1.7779768083839158,1.776122081954141,78429032,78510932,https://www.bundesanzeiger.de/pub/de/suche;wwwsid=627BFD7A56A5CB624C47FDDEAB2FC509.web07-pub?0,https://www.bundesanzeiger.de/pub/de/suche;wwwsid=627BFD7A56A5CB624C47FDDEAB2FC509.web07-pub?0,1620598176,18:09:36,20210509
6,2014-12-31,SOW.DE,EUR,2014-12-31,2014-12-31,FY,857834000,236316000,621518000,0.7245201286029698,109064000.0,74062000.0,263049000.0,-1236000.0,448576000.0,684892000,0.0,50840000.0,223782000,0.26086865290953726,172942000,0.20160310736109782,0.0,158384000.0,0.1846324580280101,47833000.0,110358000.0,0.128647267420037,1.39,1.39,79228450,79228450,https://www.bundesanzeiger.de/pub/de/suche;wwwsid=627BFD7A56A5CB624C47FDDEAB2FC509.web07-pub?0,https://www.bundesanzeiger.de/pub/de/suche;wwwsid=627BFD7A56A5CB624C47FDDEAB2FC509.web07-pub?0,1620598176,18:09:36,20210509
7,2013-12-31,SOW.DE,EUR,2013-12-31,2013-12-31,FY,972692000,294610000,678082000,0.697118923564705,107924000.0,73151000.0,300067000.0,-494000.0,477076000.0,771686000,0.0,53297000.0,254303000,0.26144247099801377,201006000,0.2066491756897353,0.0,190012000.0,0.19534652284587517,56001000.0,133835000.0,0.13759237250846104,1.5989428996445685,1.598698287975523,83702176,83714983,https://www.bundesanzeiger.de/pub/de/suche;wwwsid=627BFD7A56A5CB624C47FDDEAB2FC509.web07-pub?0,https://www.bundesanzeiger.de/pub/de/suche;wwwsid=627BFD7A56A5CB624C47FDDEAB2FC509.web07-pub?0,1620598176,18:09:36,20210509
8,2012-12-31,SOW.DE,EUR,2012-12-31,2012-12-31,FY,1047334000,378394000,668940000,0.6387074228469619,101084000.0,75845000.0,246942000.0,-1668000.0,423434000.0,801828000,0.0,50989000.0,296495000,0.2830949821164977,245506000,0.23441041730718185,0.0,231497000.0,0.22103455058271765,66820000.0,164510000.0,0.15707501140992272,1.9,1.89,86784793,86990204,https://www.bundesanzeiger.de/pub/de/suche;wwwsid=627BFD7A56A5CB624C47FDDEAB2FC509.web07-pub?0,https://www.bundesanzeiger.de/pub/de/suche;wwwsid=627BFD7A56A5CB624C47FDDEAB2FC509.web07-pub?0,1620598176,18:09:36,20210509
9,2011-12-31,SOW.DE,EUR,2011-12-31,2011-12-31,FY,1098334000,442147000,656187000,0.5974384841041067,88038000.0,75110000.0,230227000.0,0.0,386991000.0,829138000,17220000.0,46276000.0,315472000,0.28722774675098833,269196000,0.24509484364501144,0.0,259294000.0,0.2360793711202603,82085000.0,177209000.0,0.16134345290230476,2.05,2.03,86195814,87249051,https://www.bundesanzeiger.de/pub/de/suche;wwwsid=627BFD7A56A5CB624C47FDDEAB2FC509.web07-pub?0,https://www.bundesanzeiger.de/pub/de/suche;wwwsid=627BFD7A56A5CB624C47FDDEAB2FC509.web07-pub?0,1620598176,18:09:36,20210509
10,2010-12-31,SOW.DE,EUR,2010-12-31,2010-12-31,FY,1119527000,442052000,677475000,0.6051439581180267,91987000.0,85267000.0,238902000.0,-14240000.0,408865000.0,850917000,0.0,46387000.0,314997000,0.2813661483823079,268610000,0.23993168543500962,0.0,254370000.0,0.22721202793679832,72666000.0,175632000.0,0.15688053972793867,2.06,2.05,85140456,85523259,https://www.bundesanzeiger.de/pub/de/suche;wwwsid=627BFD7A56A5CB624C47FDDEAB2FC509.web07-pub?0,https://www.bundesanzeiger.de/pub/de/suche;wwwsid=627BFD7A56A5CB624C47FDDEAB2FC509.web07-pub?0,1620598176,18:09:36,20210509
11,2009-12-31,SOW.DE,EUR,2009-12-31,2009-12-31,FY,847376000,300300000,547076000,0.645611865334869,82166000.0,263079000.0,0.0,0.0,328915000.0,629215000,0.0,38937000.0,257098000,0.3034048639564963,218161000,0.25745477804422123,0.0,209276000.0,0.2469694680991673,68481000.0,140795000.0,0.16615410396329375,1.64,1.636667,86045547,86068620,https://www.bundesanzeiger.de/pub/de/suche;wwwsid=627BFD7A56A5CB624C47FDDEAB2FC509.web07-pub?0,https://www.bundesanzeiger.de/pub/de/suche;wwwsid=627BFD7A56A5CB624C47FDDEAB2FC509.web07-pub?0,1620598176,18:09:36,20210509
12,2008-12-31,SOW.DE,EUR,2008-12-31,2008-12-31,FY,720610000,198260000,522350000,0.7248719834584588,76224000.0,234578000.0,0.0,-330407000.0,16517000.0,214777000,0.0,14483000.0,520316000,0.722049374835209,505833000,0.7019511247415384,0.0,175426000.0,0.24344097361957232,54781000.0,115860000.0,0.16078044989661536,1.35,1.346667,85797060,86013711,https://www.bundesanzeiger.de/pub/de/suche;wwwsid=627BFD7A56A5CB624C47FDDEAB2FC509.web07-pub?0,https://www.bundesanzeiger.de/pub/de/suche;wwwsid=627BFD7A56A5CB624C47FDDEAB2FC509.web07-pub?0,1620598176,18:09:36,20210509
13,2007-12-31,SOW.DE,EUR,2007-12-31,2007-12-31,FY,621259000,-181511000,181511000,0.2921663911508727,-65900000.0,0.0,-159208000.0,0.0,-225108000.0,-406619000,0.0,15140000.0,421759000,0.6788778915074067,406619000,0.6545080232238084,0.0,0.0,0.0,0.0,88375000.0,0.14225146034101718,1.036667,1.03,85618365,85618365,https://www.bundesanzeiger.de/pub/de/suche;wwwsid=627BFD7A56A5CB624C47FDDEAB2FC509.web07-pub?0,https://www.bundesanzeiger.de/pub/de/suche;wwwsid=627BFD7A56A5CB624C47FDDEAB2FC509.web07-pub?0,1620598176,18:09:36,20210509
14,2006-12-31,SOW.DE,EUR,2006-12-31,2006-12-31,FY,482967000,-149512000,149512000,0.3095698049763234,-44858000.0,0.0,-127246000.0,0.0,-172104000.0,-321616000,0.0,8215000.0,329831000,0.6829265767640439,321616000,0.6659171330546394,0.0,0.0,0.0,0.0,72920000.0,0.1509834005221889,0.866667,0.85,84338145,84338145,https://www.bundesanzeiger.de/pub/de/suche;wwwsid=627BFD7A56A5CB624C47FDDEAB2FC509.web07-pub?0,https://www.bundesanzeiger.de/pub/de/suche;wwwsid=627BFD7A56A5CB624C47FDDEAB2FC509.web07-pub?0,1620598176,18:09:36,20210509
15,2005-12-31,SOW.DE,EUR,2005-12-31,2005-12-31,FY,438033000,-143501000,143501000,0.3276031714505528,-43193000.0,0.0,-109093000.0,0.0,-152286000.0,-295787000,0.0,7937000.0,303724000,0.6933815488787375,295787000,0.6752619094908374,0.0,0.0,0.0,0.0,61625000.0,0.14068574742085643,0.746667,0.743333,84108027,84108027,https://www.bundesanzeiger.de/pub/de/suche;wwwsid=627BFD7A56A5CB624C47FDDEAB2FC509.web07-pub?0,https://www.bundesanzeiger.de/pub/de/suche;wwwsid=627BFD7A56A5CB624C47FDDEAB2FC509.web07-pub?0,1620598176,18:09:36,20210509
16,2004-12-31,SOW.DE,EUR,2004-12-31,2004-12-31,FY,411371000,-137402000,137402000,0.3340099326398798,-49004000.0,0.0,-89095000.0,0.0,-138099000.0,-275501000,0.0,11152000.0,286653000,0.6968235485729427,275501000,0.6697141995911233,0.0,0.0,0.0,0.0,77125000.0,0.187482831799033,0.943333,0.943333,81800256,81800256,https://www.bundesanzeiger.de/pub/de/suche;wwwsid=627BFD7A56A5CB624C47FDDEAB2FC509.web07-pub?0,https://www.bundesanzeiger.de/pub/de/suche;wwwsid=627BFD7A56A5CB624C47FDDEAB2FC509.web07-pub?0,1620598176,18:09:36,20210509
17,2003-12-31,SOW.DE,EUR,2003-12-31,2003-12-31,FY,424549000,35706000,388843000,0.9158966338396746,0.0,222491000.0,0.0,4136000.0,66719000.0,102425000,3992000.0,29335000.0,351459000,0.827840838160024,322124000,0.7587439847932748,0.0,670000.0,0.0015781452788724035,0.0,3355000.0,0.007902503597935692,0.04,0.04,83050000,83050000,https://www.bundesanzeiger.de/pub/de/suche;wwwsid=627BFD7A56A5CB624C47FDDEAB2FC509.web07-pub?0,https://www.bundesanzeiger.de/pub/de/suche;wwwsid=627BFD7A56A5CB624C47FDDEAB2FC509.web07-pub?0,1620598176,18:09:36,20210509
18,2002-12-31,SOW.DE,EUR,2002-12-31,2002-12-31,FY,475509000,41434000,434075000,0.9128638995266125,0.0,257974000.0,0.0,53855000.0,84982000.0,126416000,3712000.0,31986000.0,381079000,0.8014128018607429,349093000,0.7341459362493664,0.0,50660000.0,0.1065384672004105,0.0,33511000.0,0.07047395527739748,0.41,0.41,81763415,81763415,https://www.bundesanzeiger.de/pub/de/suche;wwwsid=627BFD7A56A5CB624C47FDDEAB2FC509.web07-pub?0,https://www.bundesanzeiger.de/pub/de/suche;wwwsid=627BFD7A56A5CB624C47FDDEAB2FC509.web07-pub?0,1620598176,18:09:36,20210509
