,date,symbol,reportedCurrency,fillingDate,acceptedDate,period,revenue,costOfRevenue,grossProfit,grossProfitRatio,researchAndDevelopmentExpenses,generalAndAdministrativeExpenses,sellingAndMarketingExpenses,otherExpenses,operatingExpenses,costAndExpenses,interestExpense,depreciationAndAmortization,ebitda,ebitdaratio,operatingIncome,operatingIncomeRatio,totalOtherIncomeExpensesNet,incomeBeforeTax,incomeBeforeTaxRatio,incomeTaxExpense,netIncome,netIncomeRatio,eps,epsdiluted,weightedAverageShsOut,weightedAverageShsOutDil,link,finalLink,timestamp,est_time,est_date
0,2019-12-28,CUO,USD,2020-03-23 00:00:00,2020-03-23 17:26:52,FY,113276000,88723000,24553000,0.21675376955400968,0.0,0.0,32162000.0,0.0,47398000.00000001,120885000.0,371000.0,1962000.0,-20883000.0,-0.18435502666054593,-22845000.0,-0.20167555351530775,80000.0,-22774000.0,-0.20104876584625164,-5396000.0,-13899000.0,-0.12270030721423779,-8.12332,-8.12332,1711000.0,1711000.0,https://www.sec.gov/Archives/edgar/data/24104/000155837020003027/0001558370-20-003027-index.html,https://www.sec.gov/Archives/edgar/data/24104/000155837020003027/cuo-20191228x10k.htm,1620590841,16:07:21,20210509
1,2018-12-29,CUO,USD,2019-03-28 00:00:00,2019-03-28 16:40:19,FY,100887000,78033000,22854000,0.22653067293110113,0.0,-3550000.0,26229000.0,0.0,31617999.999999996,162405000.0,539000.0,2633000.0,-6131000.0,-0.060770961570866415,-8764000.0,-0.08686946782043276,25000.0,-9202000.0,-0.09121095879548406,-2185000.0,-5856000.0,-0.05804513961164471,-3.4508,-3.4508,1697000.0,1697000.0,https://www.sec.gov/Archives/edgar/data/24104/000155837019002552/0001558370-19-002552-index.html,https://www.sec.gov/Archives/edgar/data/24104/000155837019002552/cuo-20181229x10k.htm,1620590841,16:07:21,20210509
2,2017-12-30,CUO,USD,2018-03-29 00:00:00,2018-03-29 17:01:58,FY,152810000,124715000,28095000,0.1838557686015313,0.0,0.0,22643000.0,0.0,25079000.000000007,147358000.0,366000.0,2554000.0,5570000.0,0.03645049407761272,3016000.0,0.01973692821150448,110000.0,2839000.0,0.018578627053203324,1021000.0,1818000.0,0.011897127151364439,1.08214,1.08214,1680000.0,1680000.0,https://www.sec.gov/Archives/edgar/data/24104/000155837018002558/0001558370-18-002558-index.html,https://www.sec.gov/Archives/edgar/data/24104/000155837018002558/cuo-20171230x10k.htm,1620590841,16:07:21,20210509
3,2016-12-31,CUO,USD,2017-03-31 00:00:00,2017-03-31 14:30:24,FY,151592000,120161000,31431000,0.2073394374373318,0.0,0.0,22809000.0,0.0,25590000.000000004,142970000.0,367000.0,2436000.0,8277000.0,0.05460050662304079,5841000.0,0.03853105704786532,54000.0,5834000.0,0.03848488046862631,2148000.0,3686000.0,0.024315267296427252,2.20851,2.20851,1669000.0,1669000.0,https://www.sec.gov/Archives/edgar/data/24104/000155837017002353/0001558370-17-002353-index.html,https://www.sec.gov/Archives/edgar/data/24104/000155837017002353/cuo-20161231x10k.htm,1620590841,16:07:21,20210509
4,2016-01-02,CUO,USD,2016-04-01 00:00:00,2016-04-01 14:06:07,FY,136835000,111257000,25578000,0.1869258596119414,0.0,0.0,20866000.0,0.0,23061999.99999998,132123000.0,0.0,2421000.0,4937000.0,0.036079950305112,2516000.0,0.018387108561406074,76000.0,2194000.0,0.016033909452990828,781000.0,1413000.0,0.01032630540431907,0.85069,0.85069,1661000.0,1661000.0,https://www.sec.gov/Archives/edgar/data/24104/000155837016004498/0001558370-16-004498-index.html,https://www.sec.gov/Archives/edgar/data/24104/000155837016004498/cuo-20160102x10k.htm,1620590841,16:07:21,20210509
5,2015-01-03,CUO,USD,2015-04-03 00:00:00,2015-04-03 13:26:07,FY,131876000,113043000,18833000,0.14280839576571933,0.0,0.0,18976000.0,0.0,27424000.000000007,132019000.0,0.0,2791000.0,-5800000.0,-0.043980709151020654,-8591000.0,-0.06514452970972733,62000.0,-8943000.0,-0.06781370378234099,-3484000.0,-5459000.0,-0.041394946768176163,-3.31049,-3.31049,1649000.0,1649000.0,https://www.sec.gov/Archives/edgar/data/24104/000110465915025740/0001104659-15-025740-index.html,https://www.sec.gov/Archives/edgar/data/24104/000110465915025740/a15-1801_110k.htm,1620590841,16:07:21,20210509
6,2013-12-28,CUO,USD,2014-03-28,2014-03-28 16:05:59,FY,121500000,101100000,20500000,0.16872427983539096,0.0,39000.0,17861000.0,0.0,21500000.0,118946000.0,0.0,3030000.0,1930000.0,0.01588477366255144,-1100000.0,-0.00905349794238683,100000.0,-1400000.0,-0.011522633744855968,-526000.0,-900000.0,-0.007407407407407408,-0.5625,-0.5625,1600000.0,1600000.0,https://www.sec.gov/Archives/edgar/data/24104/000110465914024040/a14-2900_110k.htm,https://www.sec.gov/Archives/edgar/data/24104/000110465914024040/a14-2900_110k.htm,1620590841,16:07:21,20210509
7,2012-12-29,CUO,USD,2013-03-29 00:00:00,2013-03-29 13:12:44,FY,113200000,94900000,18300000,0.16166077738515902,0.0,-46000.0,18446000.0,0.0,12599999.999999994,113393000.0,0.0,3630000.0,9330000.0,0.08242049469964664,5700000.0,0.05035335689045936,0.0,5100000.0,0.045053003533568906,1717000.0,3400000.0,0.030035335689045935,2.125,2.125,1600000.0,1600000.0,https://www.sec.gov/Archives/edgar/data/24104/000110465913025853/0001104659-13-025853-index.html,https://www.sec.gov/Archives/edgar/data/24104/000110465913025853/a12-29169_110k.htm,1620590841,16:07:21,20210509
8,2011-12-31,CUO,USD,2012-03-30 00:00:00,2012-03-30 14:08:38,FY,107200000,86900000,20300000,0.18936567164179105,0.0,3000.0,18597000.0,0.0,22599999.999999993,105501000.0,0.0,4400000.0,2100000.0,0.01958955223880597,-2300000.0,-0.021455223880597014,0.0,-3000000.0,-0.027985074626865673,-1154000.0,-1900000.0,-0.017723880597014924,-1.1875,-1.1875,1600000.0,1600000.0,https://www.sec.gov/Archives/edgar/data/24104/000110465912022780/0001104659-12-022780-index.html,https://www.sec.gov/Archives/edgar/data/24104/000110465912022780/a12-1441_110k.htm,1620590841,16:07:21,20210509
9,2011-01-01,CUO,USD,2011-04-15,2011-04-15 17:09:34,FY,114300000,91000000,23300000,0.20384951881014873,0.0,-24000.0,18524000.0,0.0,22799999.999999996,109531000.0,812000.0,4590000.0,4990000.0,0.0436570428696413,400000.0,0.003499562554680665,0.0,-600000.0,-0.005249343832020997,0.0,-400000.0,-0.003499562554680665,-0.25,-0.25,1600000.0,1600000.0,https://www.sec.gov/Archives/edgar/data/24104/000110465911020423/a11-9222_110k.htm,https://www.sec.gov/Archives/edgar/data/24104/000110465911020423/a11-9222_110k.htm,1620590841,16:07:21,20210509
10,2010-01-02,CUO,USD,2010-04-19,2010-04-19 17:28:19,FY,113500000,93800000,19700000,0.173568281938326,0.0,40000.0,18060000.0,0.0,20299999.999999996,111813000.0,956000.0,4960000.0,4360000.0,0.03841409691629956,-600000.0,-0.0052863436123348016,0.0,-1600000.0,-0.014096916299559472,762000.0,-1400000.0,-0.012334801762114538,-0.875,-0.875,1600000.0,1600000.0,https://www.sec.gov/Archives/edgar/data/24104/000110465910020469/a10-6993_210k.htm,https://www.sec.gov/Archives/edgar/data/24104/000110465910020469/a10-6993_210k.htm,1620590841,16:07:21,20210509
11,2009-01-03,CUO,USD,2009-04-20,2009-04-20 17:22:03,FY,157900000,133900000,23900000,0.1513616212792907,0.0,-41000.0,19441000.0,0.0,23000000.0,153373000.0,1292000.0,5140000.0,6040000.0,0.03825205826472451,900000.0,0.005699810006333122,100000.0,-300000.0,-0.0018999366687777073,-251000.0,0.0,0.0,-0.66,-0.66,1600000.0,1600000.0,https://www.sec.gov/Archives/edgar/data/24104/000110465909025028/a09-1656_310k.htm,https://www.sec.gov/Archives/edgar/data/24104/000110465909025028/a09-1656_310k.htm,1620590841,16:07:21,20210509
12,2007-12-29,CUO,USD,2008-03-28,2008-03-28 17:27:06,FY,168400000,142800000,25600000,0.15201900237529692,0.0,20900000.0,0.0,0.0,26199999.99999999,0.0,0.0,5280000.0,4680000.0,0.027790973871733966,-600000.0,-0.0035629453681710215,300000.0,-1500000.0,-0.008907363420427554,0.0,-600000.0,-0.0035629453681710215,-0.375,-0.375,1600000.0,1600000.0,https://www.sec.gov/Archives/edgar/data/24104/000110465908020842/a08-2981_110k.htm,https://www.sec.gov/Archives/edgar/data/24104/000110465908020842/a08-2981_110k.htm,1620590841,16:07:21,20210509
13,2006-12-30,CUO,USD,2007-03-30,2007-03-30 12:54:41,FY,158800000,130400000,28400000,0.17884130982367757,0.0,-11000.0,19711000.0,0.0,24500000.0,150121000.0,808000.0,5010000.0,8810000.0,0.05547858942065491,3800000.0,0.02392947103274559,100000.0,3200000.0,0.020151133501259445,1115000.0,2000000.0,0.012594458438287154,1.25,1.25,1600000.0,1600000.0,https://www.sec.gov/Archives/edgar/data/24104/000110465907024031/a07-9068_110k.htm,https://www.sec.gov/Archives/edgar/data/24104/000110465907024031/a07-9068_110k.htm,1620590841,16:07:21,20210509
14,2005-12-31,CUO,USD,2006-06-30,2006-06-30 15:39:01,FY,139000000,114100000,24900000,0.17913669064748203,0.0,5000.0,17095000.0,0.0,20800000.00000001,131160000.0,565000.0,4730000.0,8830000.0,0.06352517985611511,4100000.0,0.029496402877697843,100000.0,3600000.0,0.025899280575539568,800000.0,2800000.0,0.02014388489208633,1.75,1.75,1600000.0,1600000.0,https://www.sec.gov/Archives/edgar/data/24104/000110465906044902/a06-14766_110k.htm,https://www.sec.gov/Archives/edgar/data/24104/000110465906044902/a06-14766_110k.htm,1620590841,16:07:21,20210509
15,2005-01-01,CUO,USD,2005-04-13,2005-04-13 12:49:53,FY,126900000,103300000,23600000,0.18597320724980299,0.0,1000.0,15699000.0,134000.0,20100000.00000001,119019000.0,516000.0,5030000.0,8530000.0,0.06721828211189913,3500000.0,0.027580772261623327,100000.0,3100000.0,0.02442868400315209,750000.0,2400000.0,0.018912529550827423,1.41176,1.41176,1700000.0,1700000.0,https://www.sec.gov/Archives/edgar/data/24104/000110465905016256/a05-2027_210k.htm,https://www.sec.gov/Archives/edgar/data/24104/000110465905016256/a05-2027_210k.htm,1620590841,16:07:21,20210509
16,2004-01-03,CUO,USD,2004-04-01,2004-04-01 11:37:28,FY,120200000,93700000,26500000,0.22046589018302828,0.0,17000.0,16783000.0,512000.0,22899999.99999999,110496000.0,670000.0,6060000.0,9660000.0,0.08036605657237937,3600000.0,0.029950083194675542,500000.0,3400000.0,0.028286189683860232,1100000.0,2300000.0,0.01913477537437604,1.27778,1.27778,1800000.0,1800000.0,https://www.sec.gov/Archives/edgar/data/24104/000110465904009165/a04-4071_110k.htm,https://www.sec.gov/Archives/edgar/data/24104/000110465904009165/a04-4071_110k.htm,1620590841,16:07:21,20210509
17,2002-12-28,CUO,USD,2003-03-28,2003-03-28 12:28:29,FY,128300000,100500000,27800000,0.2166796570537802,0.0,-33000.0,16033000.0,236000.0,22099999.999999993,116510000.0,922000.0,6080000.0,11780000.0,0.09181605611847234,5700000.0,0.044427123928293066,200000.0,5000000.0,0.03897116134060795,1750000.0,3300000.0,0.025720966484801246,1.83333,1.83333,1800000.0,1800000.0,https://www.sec.gov/Archives/edgar/data/24104/000110465903005227/j8343_10k.htm,https://www.sec.gov/Archives/edgar/data/24104/000110465903005227/j8343_10k.htm,1620590841,16:07:21,20210509
18,2001-12-29,CUO,USD,2002-03-29 00:00:00,2002-03-29 00:00:00,FY,124400000,92900000,31500000,0.2532154340836013,0.0,42000.0,15958000.0,871000.0,22399999.99999999,108877000.0,937000.0,6390000.0,15590000.0,0.12532154340836013,9200000.0,0.07395498392282958,900000.0,9100000.0,0.07315112540192927,2650000.0,6400000.0,0.05144694533762058,3.55556,3.55556,1800000.0,1800000.0,https://www.sec.gov/Archives/edgar/data/24104/000091205702012598/0000912057-02-012598-index.html,https://www.sec.gov/Archives/edgar/data/24104/000091205702012598/a2075170z10-k.htm,1620590841,16:07:21,20210509
19,2000-12-30,CUO,USD,2001-03-30 00:00:00,2001-03-30 00:00:00,FY,110300000,81500000,28800000,0.2611060743427017,0.0,15200000.0,0.0,0.0,20599999.999999993,0.0,0.0,5420000.0,13620000.0,0.12348141432456936,8200000.0,0.0743427017225748,700000.0,8300000.0,0.07524932003626474,0.0,5300000.0,0.04805077062556664,2.78947,2.78947,1900000.0,1900000.0,https://www.sec.gov/Archives/edgar/data/24104/000091205701008751/0000912057-01-008751-index.html,https://www.sec.gov/Archives/edgar/data/24104/000091205701008751/a2043382z10-k.txt,1620590841,16:07:21,20210509
20,2000-01-01,CUO,USD,2000-01-01,2000-01-01,FY,118600000,86200000,32400000,0.27318718381112983,0.0,16100000.0,0.0,0.0,21099999.999999993,0.0,0.0,5000000.0,16300000.0,0.13743676222596965,11300000.0,0.09527824620573355,-100000.0,10700000.0,0.09021922428330523,0.0,6900000.0,0.0581787521079258,3.28571,3.28571,2100000.0,2100000.0,,,1620590841,16:07:21,20210509
21,1999-01-02,CUO,USD,1999-04-02 00:00:00,1999-04-02 00:00:00,FY,108700000,81900000,26900000,0.24747010119595217,0.0,15100000.0,0.0,0.0,19000000.0,0.0,0.0,3990000.0,11790000.0,0.10846366145354186,7800000.0,0.07175712971481141,300000.0,7000000.0,0.06439742410303588,0.0,4600000.0,0.04231830726770929,2.09091,2.09091,2200000.0,2200000.0,https://www.sec.gov/Archives/edgar/data/24104/000104746999013497/0001047469-99-013497-index.html,https://www.sec.gov/Archives/edgar/data/24104/0001047469-99-013497.txt,1620590841,16:07:21,20210509
22,1998-01-03,CUO,USD,1998-03-31 00:00:00,1998-03-31 00:00:00,FY,98000000,74500000,23500000,0.23979591836734693,0.0,14500000.0,0.0,0.0,18000000.0,0.0,0.0,3490000.0,9090000.0,0.09275510204081633,5600000.0,0.05714285714285714,400000.0,4800000.0,0.04897959183673469,0.0,3100000.0,0.03163265306122449,1.40909,1.40909,2200000.0,2200000.0,https://www.sec.gov/Archives/edgar/data/24104/000002410498000002/0000024104-98-000002-index.html,https://www.sec.gov/Archives/edgar/data/24104/0000024104-98-000002.txt,1620590841,16:07:21,20210509
23,1996-12-28,CUO,USD,1997-03-26 00:00:00,1997-03-26 00:00:00,FY,92800000,70100000,22700000,0.24461206896551724,0.0,14500000.0,0.0,0.0,17100000.00000001,0.0,0.0,2610000.0,8210000.0,0.0884698275862069,5600000.0,0.0603448275862069,300000.0,3500000.0,0.03771551724137931,0.0,2400000.0,0.02586206896551724,1.09091,1.09091,2200000.0,2200000.0,https://www.sec.gov/Archives/edgar/data/24104/000002410497000002/0000024104-97-000002-index.html,https://www.sec.gov/Archives/edgar/data/24104/0000024104-97-000002.txt,1620590841,16:07:21,20210509
24,1995-12-31,CUO,USD,1996-03-29 00:00:00,1996-03-29 00:00:00,FY,75600000,58500000,17100000,0.2261904761904762,0.0,12800000.0,0.0,0.0,15099999.999999994,0.0,0.0,2280000.0,4280000.0,0.056613756613756616,2000000.0,0.026455026455026454,600000.0,900000.0,0.011904761904761904,0.0,700000.0,0.009259259259259259,0.30435,0.30435,2300000.0,2300000.0,https://www.sec.gov/Archives/edgar/data/24104/000002410496000002/0000024104-96-000002-index.html,https://www.sec.gov/Archives/edgar/data/24104/0000024104-96-000002.txt,1620590841,16:07:21,20210509
25,1994-12-31,CUO,USD,1995-03-31 00:00:00,1995-03-31 00:00:00,FY,75300000,57200000,18100000,0.2403718459495352,0.0,11800000.0,0.0,0.0,14099999.999999994,0.0,0.0,2310000.0,6310000.0,0.08379814077025233,4000000.0,0.05312084993359894,-400000.0,2800000.0,0.03718459495351926,0.0,1400000.0,0.01859229747675963,0.6087,0.6087,2300000.0,2300000.0,https://www.sec.gov/Archives/edgar/data/24104/000091205795001991/0000912057-95-001991-index.html,https://www.sec.gov/Archives/edgar/data/24104/0000912057-95-001991.txt,1620590841,16:07:21,20210509
