,date,symbol,reportedCurrency,fillingDate,acceptedDate,period,revenue,costOfRevenue,grossProfit,grossProfitRatio,researchAndDevelopmentExpenses,generalAndAdministrativeExpenses,sellingAndMarketingExpenses,otherExpenses,operatingExpenses,costAndExpenses,interestExpense,depreciationAndAmortization,ebitda,ebitdaratio,operatingIncome,operatingIncomeRatio,totalOtherIncomeExpensesNet,incomeBeforeTax,incomeBeforeTaxRatio,incomeTaxExpense,netIncome,netIncomeRatio,eps,epsdiluted,weightedAverageShsOut,weightedAverageShsOutDil,link,finalLink,timestamp,est_time,est_date
0,2020-12-31,JAR.L,USD,2020-12-31,2020-12-31,FY,32647000000,24349000000,8298000000,0.25417343094311884,0.0,2213000000,4367000000,0.0,0.0,29852000000,637000000,0.0,-41000000,-0.0012558581186632768,2795000000,0.08561276686985021,0.0,-678000000.0,-0.020767604986675653,486000000,-394000000,-0.01206849021349588,-1.07,-1.07,368000000,368000000,https://find-and-update.company-information.service.gov.uk/search/companies?q=Jardine+Matheson+Holdings+Ltd,https://find-and-update.company-information.service.gov.uk/search/companies?q=Jardine+Matheson+Holdings+Ltd,1620593864,16:57:44,20210509
1,2019-12-31,JAR.L,USD,2019-12-31,2019-12-31,FY,40922000000,30727000000,10195000000,0.24913249596793902,0.0,2341000000,4457000000,0.0,4628000000.0,35355000000,648000000,2406000000.0,7973000000,0.19483407458091,5567000000,0.13603929426714237,0.0,5431000000.0,0.13271589853868335,957000000,2838000000,0.06935144909828454,7.56,7.56,375000000,375000000,https://find-and-update.company-information.service.gov.uk/search/companies?q=Jardine+Matheson+Holdings+Ltd,https://find-and-update.company-information.service.gov.uk/search/companies?q=Jardine+Matheson+Holdings+Ltd,1620593864,16:57:44,20210509
2,2018-12-31,JAR.L,USD,2018-12-31,2018-12-31,FY,42527000000,32140000000,10387000000,0.2442448326945235,0.0,2216000000,4682000000,0.0,7290000000.0,39430000000,404000000,1111000000.0,4208000000,0.09894890304982717,3097000000,0.07282432337103487,0.0,5467000000.0,0.12855362475603735,964000000,1732000000,0.040727067510052437,4.53,4.52,376000000,376000000,https://find-and-update.company-information.service.gov.uk/search/companies?q=Jardine+Matheson+Holdings+Ltd,https://find-and-update.company-information.service.gov.uk/search/companies?q=Jardine+Matheson+Holdings+Ltd,1620593864,16:57:44,20210509
3,2017-12-31,JAR.L,USD,2017-12-31,2017-12-31,FY,39456000000,30050000000,9406000000,0.23839213300892134,0.0,2002000000,4476000000,0.0,5822000000.0,35872000000,233000000,981000000.0,4565000000,0.115698499594485,3584000000,0.0908353609083536,0.0,9322000000.0,0.2362631792376318,829000000,3785000000,0.09592964314679643,10.066489361702128,10.039787798408488,376000000,377000000,https://find-and-update.company-information.service.gov.uk/search/companies?q=Jardine+Matheson+Holdings+Ltd,https://find-and-update.company-information.service.gov.uk/search/companies?q=Jardine+Matheson+Holdings+Ltd,1620593864,16:57:44,20210509
4,2016-12-31,JAR.L,USD,2016-12-31,2016-12-31,FY,37051000000,28232000000,8819000000,0.23802326522900866,0.0,1873000000,4157000000,0.0,5580000000.0,33812000000,208000000,945000000.0,4184000000,0.11292542711397803,3239000000,0.08742004264392324,0.0,6346000000.0,0.17127742840948962,659000000,2503000000,0.06755553156460015,6.69,6.68,374000000,375000000,https://find-and-update.company-information.service.gov.uk/search/companies?q=Jardine+Matheson+Holdings+Ltd,https://find-and-update.company-information.service.gov.uk/search/companies?q=Jardine+Matheson+Holdings+Ltd,1620593864,16:57:44,20210509
5,2015-12-31,JAR.L,USD,2015-12-31,2015-12-31,FY,37007000000,28375000000,8632000000,0.23325316831950713,0.0,1751000000,4190000000,0.0,5896000000.0,34271000000,202000000,944000000.0,3680000000,0.09944064636420137,2736000000,0.07393195881860189,0.0,4591000000.0,0.12405761072229578,609000000,1797000000,0.04855838084686681,4.81769436997319,4.804812834224599,373000000,374000000,https://find-and-update.company-information.service.gov.uk/search/companies?q=Jardine+Matheson+Holdings+Ltd,https://find-and-update.company-information.service.gov.uk/search/companies?q=Jardine+Matheson+Holdings+Ltd,1620593864,16:57:44,20210509
6,2014-12-31,JAR.L,USD,2014-12-31,2014-12-31,FY,39921000000,30575000000,9346000000,0.23411237193457077,0.0,1844000000,4129000000,0.0,5729000000.0,36304000000,210000000,1007000000.0,4624000000,0.11582876180456401,3617000000,0.09060394278700433,0.0,4910000000.0,0.12299291099922346,840000000,1710000000,0.042834598331705116,4.14,4.13,370000000,371000000,https://find-and-update.company-information.service.gov.uk/search/companies?q=Jardine+Matheson+Holdings+Ltd,https://find-and-update.company-information.service.gov.uk/search/companies?q=Jardine+Matheson+Holdings+Ltd,1620593864,16:57:44,20210509
7,2013-12-31,JAR.L,USD,2013-12-31,2013-12-31,FY,39465000000,30663000000,8802000000,0.22303306727480046,0.0,1738000000,3848000000,0.0,5232000000.0,35895000000,222000000,1039000000.0,4609000000,0.11678702647915874,3570000000,0.09045990117825922,0.0,4829000000.0,0.1223615862156341,844000000,1566000000,0.03968072976054732,4.09,4.07,368000000,369000000,https://find-and-update.company-information.service.gov.uk/search/companies?q=Jardine+Matheson+Holdings+Ltd,https://find-and-update.company-information.service.gov.uk/search/companies?q=Jardine+Matheson+Holdings+Ltd,1620593864,16:57:44,20210509
8,2012-12-31,JAR.L,USD,2012-12-31,2012-12-31,FY,39593000000,30728000000,8865000000,0.22390321521481069,0.0,1742000000,3714000000,0.0,5022000000.0,35750000000,237000000,1026000000.0,4869000000,0.12297628368651024,3843000000,0.09706261207789256,0.0,5337000000.0,0.13479655494658146,881000000,1688000000,0.04263379890384664,4.06,4.04,365000000,366000000,https://find-and-update.company-information.service.gov.uk/search/companies?q=Jardine+Matheson+Holdings+Ltd,https://find-and-update.company-information.service.gov.uk/search/companies?q=Jardine+Matheson+Holdings+Ltd,1620593864,16:57:44,20210509
9,2011-12-31,JAR.L,USD,2011-12-31,2011-12-31,FY,37967000000,29368000000,8599000000,0.2264861590328443,0.0,1645000000,3428000000,0.0,4625000000.0,33993000000,251000000,914000000.0,4888000000,0.12874338241104116,3974000000,0.10466984486527774,0.0,9488000000.0,0.24990123001553982,873000000,3449000000,0.09084204704085126,9.53,9.46,362000000,363000000,https://find-and-update.company-information.service.gov.uk/search/companies?q=Jardine+Matheson+Holdings+Ltd,https://find-and-update.company-information.service.gov.uk/search/companies?q=Jardine+Matheson+Holdings+Ltd,1620593864,16:57:44,20210509
10,2010-12-31,JAR.L,USD,2010-12-31,2010-12-31,FY,30053000000,22614000000,7439000000,0.247529364788873,0.0,1343000000,3018000000,0.0,3607000000.0,26221000000,210000000,762000000.0,4594000000,0.15286327488104348,3832000000,0.12750806907796228,0.0,8631000000.0,0.2871926263600972,847000000,3084000000,0.10261870695105314,8.58,8.34,359000000,360000000,https://find-and-update.company-information.service.gov.uk/search/companies?q=Jardine+Matheson+Holdings+Ltd,https://find-and-update.company-information.service.gov.uk/search/companies?q=Jardine+Matheson+Holdings+Ltd,1620593864,16:57:44,20210509
11,2009-12-31,JAR.L,USD,2009-12-31,2009-12-31,FY,22501000000,16746000000,5755000000,0.2557664103817608,0.0,1107000000,2488000000,0.0,3283000000.0,20029000000,153000000,598000000.0,3070000000,0.1364383805164215,2472000000,0.10986178392071463,0.0,4844000000.0,0.21527932091907026,909000000,1604000000,0.07128572063463846,4.51,4.44,356000000,357000000,https://find-and-update.company-information.service.gov.uk/search/companies?q=Jardine+Matheson+Holdings+Ltd,https://find-and-update.company-information.service.gov.uk/search/companies?q=Jardine+Matheson+Holdings+Ltd,1620593864,16:57:44,20210509
12,2008-12-31,JAR.L,USD,2008-12-31,2008-12-31,FY,22362000000,17070000000,5292000000,0.23665146230211967,0.0,1089000000,2475000000,0.0,3595000000.0,20665000000,136000000,520000000.0,2217000000,0.09914140059028709,1697000000,0.07588766657722923,0.0,2117000000.0,0.09466952866469905,474000000,666000000,0.02978266702441642,1.89,1.88,353000000,354000000,https://find-and-update.company-information.service.gov.uk/search/companies?q=Jardine+Matheson+Holdings+Ltd,https://find-and-update.company-information.service.gov.uk/search/companies?q=Jardine+Matheson+Holdings+Ltd,1620593864,16:57:44,20210509
13,2007-12-31,JAR.L,USD,2007-12-31,2007-12-31,FY,19445000000,14845000000,4600000000,0.2365646695808691,0.0,981000000,2227000000,0.0,2819000000.0,17664000000,208000000,479000000.0,2260000000,0.11622525070712265,1781000000,0.09159166880946258,0.0,3339000000.0,0.1717150938544613,455000000,1828000000,0.09400874260735408,5.16,5.03,354000000,355000000,https://find-and-update.company-information.service.gov.uk/search/companies?q=Jardine+Matheson+Holdings+Ltd,https://find-and-update.company-information.service.gov.uk/search/companies?q=Jardine+Matheson+Holdings+Ltd,1620593864,16:57:44,20210509
14,2006-12-31,JAR.L,USD,2006-12-31,2006-12-31,FY,16281000000,12507000000,3774000000,0.23180394324672932,0.0,854000000,1995000000,0.0,2465000000.0,14972000000,229000000,403000000.0,1712000000,0.10515324611510349,1309000000,0.0804004668017935,0.0,2364000000.0,0.14519992629445366,310000000,1348000000,0.08279589705792027,3.83,3.75,352000000,353000000,https://find-and-update.company-information.service.gov.uk/search/companies?q=Jardine+Matheson+Holdings+Ltd,https://find-and-update.company-information.service.gov.uk/search/companies?q=Jardine+Matheson+Holdings+Ltd,1620593864,16:57:44,20210509
15,2005-12-31,JAR.L,USD,2005-12-31,2005-12-31,FY,11929000000,9131000000,2798000000,0.23455444714561152,0.0,695000000,1593000000,0.0,1988000000.0,11119000000,170000000,249000000.0,1059000000,0.08877525358370358,810000000,0.0679017520328611,0.0,1993000000.0,0.16707184173023723,173000000,1245000000,0.10436750775421243,3.59,3.55,347000000,350000000,https://find-and-update.company-information.service.gov.uk/search/companies?q=Jardine+Matheson+Holdings+Ltd,https://find-and-update.company-information.service.gov.uk/search/companies?q=Jardine+Matheson+Holdings+Ltd,1620593864,16:57:44,20210509
16,2004-12-31,JAR.L,USD,2004-12-31,2004-12-31,FY,8970000000,6871000000,2099000000,0.23400222965440357,0.0,442000000,1305000000,0.0,1615000000.0,8486000000,120000000,161000000.0,645000000,0.07190635451505016,484000000,0.05395763656633222,0.0,1483000000.0,0.1653288740245262,100000000,947000000,0.10557413600891861,2.6945,2.6662,352000000,355000000,https://find-and-update.company-information.service.gov.uk/search/companies?q=Jardine+Matheson+Holdings+Ltd,https://find-and-update.company-information.service.gov.uk/search/companies?q=Jardine+Matheson+Holdings+Ltd,1620593864,16:57:44,20210509
17,2003-12-31,JAR.L,USD,2003-12-31,2003-12-31,FY,8452000000,6496000000,1956000000,0.23142451490771415,0.0,445000000,1280000000,0.0,1674000000.0,8170000000,129000000,172000000.0,454000000,0.05371509701845717,282000000,0.03336488405111216,0.0,244000000.0,0.028868906767628964,63000000,66000000,0.007808802650260294,0.1804,0.1758,367000000,369000000,https://find-and-update.company-information.service.gov.uk/search/companies?q=Jardine+Matheson+Holdings+Ltd,https://find-and-update.company-information.service.gov.uk/search/companies?q=Jardine+Matheson+Holdings+Ltd,1620593864,16:57:44,20210509
18,2002-12-31,JAR.L,USD,2002-12-31,2002-12-31,FY,7398000000,5499000000,1899000000,0.25669099756691,0.0,463000000,1242000000,0.0,1628000000.0,7127000000,127000000,165000000.0,436000000,0.05893484725601514,271000000,0.03663152203298189,0.0,366000000.0,0.0494728304947283,130000000,74000000,0.010002703433360368,0.196,0.1947,375000000,378000000,https://find-and-update.company-information.service.gov.uk/search/companies?q=Jardine+Matheson+Holdings+Ltd,https://find-and-update.company-information.service.gov.uk/search/companies?q=Jardine+Matheson+Holdings+Ltd,1620593864,16:57:44,20210509
19,2001-12-31,JAR.L,USD,2001-12-31,2001-12-31,FY,9413000000,7077000000,2336000000,0.24816742802507172,0.0,557000000,1654000000,0.0,2131000000.0,9208000000,185000000,200000000.0,405000000,0.043025602889620734,205000000,0.021778391586104322,0.0,9000000.0,0.0009561245086582386,103000000,-42000000,-0.004461914373738446,-0.10852713178294573,-0.1076923076923077,387000000,390000000,https://find-and-update.company-information.service.gov.uk/search/companies?q=Jardine+Matheson+Holdings+Ltd,https://find-and-update.company-information.service.gov.uk/search/companies?q=Jardine+Matheson+Holdings+Ltd,1620593864,16:57:44,20210509
20,2000-12-31,JAR.L,USD,2000-12-31,2000-12-31,FY,10362100000,7819000000,2543100000,0.24542322502195502,0.0,611300000,1829300000,0.0,2439700000.0,10258700000,171700000,242600000.0,346000000,0.03339091496897347,103400000,0.009978672276855078,0.0,1052100000.0,0.10153347294467338,111300000,930800000,0.08982735159861419,1.6814,1.6762,553600000,555300000,https://find-and-update.company-information.service.gov.uk/search/companies?q=Jardine+Matheson+Holdings+Ltd,https://find-and-update.company-information.service.gov.uk/search/companies?q=Jardine+Matheson+Holdings+Ltd,1620593864,16:57:44,20210509
21,1999-12-31,JAR.L,USD,1999-12-31,1999-12-31,FY,10674800000,8039700000,2635100000,0.24685240004496573,0.0,652200000,1847600000,0.0,2472800000.0,10512500000,141800000,236800000.0,399100000,0.03738711732304118,162300000,0.015204031925656687,0.0,386800000.0,0.03623487091093042,92200000,207400000,0.019428935436729494,0.3426,0.3422,605400000,606100000,https://find-and-update.company-information.service.gov.uk/search/companies?q=Jardine+Matheson+Holdings+Ltd,https://find-and-update.company-information.service.gov.uk/search/companies?q=Jardine+Matheson+Holdings+Ltd,1620593864,16:57:44,20210509
