,date,symbol,reportedCurrency,fillingDate,acceptedDate,period,revenue,costOfRevenue,grossProfit,grossProfitRatio,researchAndDevelopmentExpenses,generalAndAdministrativeExpenses,sellingAndMarketingExpenses,otherExpenses,operatingExpenses,costAndExpenses,interestExpense,depreciationAndAmortization,ebitda,ebitdaratio,operatingIncome,operatingIncomeRatio,totalOtherIncomeExpensesNet,incomeBeforeTax,incomeBeforeTaxRatio,incomeTaxExpense,netIncome,netIncomeRatio,eps,epsdiluted,weightedAverageShsOut,weightedAverageShsOutDil,link,finalLink,timestamp,est_time,est_date
0,2020-06-30,AMH.AX,AUD,2020-06-30,2020-06-30,FY,7491000.0,0.0,0.0,0.0,0.0,958000.0,0.0,54000.0,0.0,0.0,98000.0,0.0,0.0,0.0,0.0,0.8793218528901349,0.0,6587000.0,0.8793218528901349,624000.0,5963000.0,0.7960218929381925,0.022109929307848497,0.022109929307848497,269697832.0,269697832.0,,,1620587887,15:18:07,20210509
1,2019-06-30,AMH.AX,AUD,2019-06-30,2019-06-30,FY,8089000.0,0.0,0.0,0.0,0.0,940000.0,0.0,10000.0,0.0,0.0,63000.0,0.0,0.0,0.0,0.0,0.885029051798739,0.0,7159000.0,0.885029051798739,144000.0,7015000.0,0.8672270985288664,0.026,0.026,269697832.0,269697832.0,,,1620587887,15:18:07,20210509
2,2018-06-30,AMH.AX,AUD,2018-06-30,2018-06-30,FY,7966000.0,0.0,0.0,0.0,0.0,1724000.0,0.0,0.0,0.0,0.0,59000.0,0.0,0.0,0.0,0.0,0.78358021591765,0.0,6242000.0,0.78358021591765,-5000.0,6247000.0,0.7842078835048958,0.0239,0.0239,260968824.0,260968824.0,,,1620587887,15:18:07,20210509
3,2017-06-30,AMH.AX,AUD,2017-06-30,2017-06-30,FY,7438000.0,0.0,0.0,0.0,0.0,1647000.0,0.0,6000.0,0.0,0.0,50000.0,0.0,0.0,0.0,0.0,0.7793761763915031,0.0,5797000.0,0.7793761763915031,414000.0,5383000.0,0.7237160527023393,0.0209,0.0209,257473533.0,257473533.0,,,1620587887,15:18:07,20210509
4,2016-06-30,AMH.AX,AUD,2016-06-30,2016-06-30,FY,10302000.0,0.0,0.0,0.0,0.0,1474000.0,0.0,14000.0,0.0,0.0,73000.0,0.0,0.0,0.0,0.0,0.858279945641623,0.0,8842000.0,0.858279945641623,1155000.0,7687000.0,0.7461657930498933,0.031,0.031,248177004.0,248177004.0,,,1620587887,15:18:07,20210509
5,2015-06-30,AMH.AX,AUD,2015-06-30,2015-06-30,FY,8817000.0,0.0,0.0,0.0,0.0,1485000.0,0.0,23000.0,0.0,0.0,65000.0,0.0,0.0,0.0,0.0,0.834183962799138,0.0,7355000.0,0.834183962799138,375000.0,6980000.0,0.7916524895089032,0.0293,0.0293,237898108.0,237898108.0,,,1620587887,15:18:07,20210509
6,2014-06-30,AMH.AX,AUD,2014-06-30,2014-06-30,FY,7773000.0,0.0,0.0,0.0,0.0,1369000.0,0.0,10000.0,0.0,0.0,73000.0,0.0,0.0,0.0,0.0,0.8251640293323041,0.0,6414000.0,0.8251640293323041,135000.0,6279000.0,0.8077962176765727,0.0281,0.0281,223689722.0,223689722.0,,,1620587887,15:18:07,20210509
7,2013-06-30,AMH.AX,AUD,2013-06-30,2013-06-30,FY,9485000.0,0.0,0.0,0.0,0.0,1380000.0,0.0,11000.0,0.0,0.0,73000.0,0.0,0.0,0.0,0.0,0.8556668423827095,0.0,8116000.0,0.8556668423827095,532000.0,7584000.0,0.7995782814971006,0.0363,0.0363,209088358.0,209088358.0,,,1620587887,15:18:07,20210509
8,2012-06-30,AMH.AX,AUD,2012-06-30,2012-06-30,FY,11581000.0,0.0,0.0,0.0,0.0,1334000.0,0.0,7000.0,0.0,0.0,73000.0,0.0,0.0,0.0,0.0,0.8854157672049046,0.0,10254000.0,0.8854157672049046,1332000.0,8922000.0,0.77039979276401,0.0427,0.0427,209088358.0,209088358.0,,,1620587887,15:18:07,20210509
9,2011-06-30,AMH.AX,AUD,2011-06-30,2011-06-30,FY,10410000.0,0.0,0.0,0.0,0.0,1239000.0,0.0,20000.0,0.0,0.0,88000.0,0.0,0.0,0.0,0.0,0.8829010566762728,0.0,9191000.0,0.8829010566762728,822000.0,8369000.0,0.803938520653218,0.0413,0.0413,202822338.0,202822338.0,,,1620587887,15:18:07,20210509
10,2010-06-30,AMH.AX,AUD,2010-06-30,2010-06-30,FY,8980000.0,0.0,0.0,0.0,0.0,1177000.0,0.0,54000.0,0.0,0.0,14000.0,0.0,0.0,0.0,0.0,0.8749443207126949,0.0,7857000.0,0.8749443207126949,859000.0,6998000.0,0.7792873051224944,0.0373,0.0373,187526146.0,187526146.0,,,1620587887,15:18:07,20210509
11,2009-06-30,AMH.AX,AUD,2009-06-30,2009-06-30,FY,11261000.0,0.0,0.0,0.0,0.0,1169000.0,0.0,0.0,0.0,0.0,27000.0,0.0,0.0,0.0,0.0,0.25104342420744163,0.0,2827000.0,0.25104342420744163,-1809000.0,4636000.0,0.41168635112334606,0.0263,0.0263,176470330.0,176470330.0,,,1620587887,15:18:07,20210509
12,2008-06-30,AMH.AX,AUD,2008-06-30,2008-06-30,FY,14993000.0,0.0,0.0,0.0,0.0,1177000.0,0.0,3000.0,0.0,0.0,37000.0,0.0,0.0,0.0,0.0,0.921496698459281,0.0,13816000.0,0.921496698459281,-34000.0,13850000.0,0.9237644233975856,0.0803,0.0803,172552526.0,172552526.0,,,1620587887,15:18:07,20210509
13,2007-06-30,AMH.AX,AUD,2007-06-30,2007-06-30,FY,10677000.0,0.0,0.0,0.0,0.0,952000.0,0.0,0.0,0.0,0.0,115000.0,0.0,0.0,0.0,0.0,0.9108363772595298,0.0,9725000.0,0.9108363772595298,429000.0,9296000.0,0.8706565514657676,0.0729,0.0729,127478915.0,127478915.0,,,1620587887,15:18:07,20210509
14,2006-06-30,AMH.AX,AUD,2006-06-30,2006-06-30,FY,3913000.0,0.0,0.0,0.0,0.0,789000.0,0.0,0.0,0.0,0.0,53000.0,0.0,0.0,0.0,0.0,0.798364426271403,0.0,3124000.0,0.798364426271403,-211000.0,3335000.0,0.8522872476360849,0.0379,0.0197,87975481.0,87975481.0,,,1620587887,15:18:07,20210509
15,2005-06-30,AMH.AX,AUD,2005-06-30,2005-06-30,FY,3623000.0,0.0,0.0,0.0,0.0,705000.0,0.0,0.0,0.0,0.0,0.0,0.0,0.0,0.0,0.0,0.7849848192105989,0.0,2844000.0,0.7849848192105989,2844000.0,2682000.0,0.7402704940656915,0.031,0.031,87486668.0,87486668.0,,,1620587887,15:18:07,20210509
16,2004-06-30,AMH.AX,AUD,2004-06-30,2004-06-30,FY,1458000.0,0.0,0.0,0.0,0.0,697000.0,0.0,0.0,0.0,0.0,0.0,0.0,0.0,0.0,0.0,0.48010973936899864,0.0,700000.0,0.48010973936899864,700000.0,613000.0,0.4204389574759945,0.015,0.015,41372948.0,41372948.0,,,1620587887,15:18:07,20210509
17,2003-06-30,AMH.AX,AUD,2003-06-30,2003-06-30,FY,1057000.0,0.0,0.0,0.0,0.0,795000.0,0.0,0.0,0.0,0.0,0.0,0.0,0.0,0.0,0.0,0.1693472090823084,0.0,179000.0,0.1693472090823084,179000.0,-731000.0,-0.6915799432355724,-0.128,-0.128,5987108.0,5987108.0,,,1620587887,15:18:07,20210509
18,2002-06-30,AMH.AX,AUD,2002-06-30,2002-06-30,FY,5041000.0,0.0,0.0,0.0,0.0,664000.0,0.0,0.0,0.0,0.0,0.0,0.0,0.0,0.0,0.0,-3.5742908153144217,0.0,-18018000.0,-3.5742908153144217,-18018000.0,-20608000.0,-4.088077762348741,-3.376,-3.376,6104595.0,6104595.0,,,1620587887,15:18:07,20210509
19,2001-06-30,AMH.AX,AUD,2001-06-30,2001-06-30,FY,-3000.0,0.0,0.0,0.0,0.0,0.0,0.0,0.0,0.0,0.0,3000.0,0.0,0.0,0.0,0.0,-3833.3333333333335,0.0,11500000.0,-3833.3333333333335,11500000.0,8783000.0,-2927.6666666666665,1.3936,1.3936,6304780.0,6304780.0,,,1620587887,15:18:07,20210509
20,2000-06-30,AMH.AX,AUD,2000-06-30,2000-06-30,FY,-22000.0,0.0,0.0,0.0,0.0,0.0,0.0,0.0,0.0,0.0,22000.0,0.0,0.0,0.0,0.0,-389.04545454545456,0.0,8559000.0,-389.04545454545456,8559000.0,7124000.0,-323.8181818181818,1.2752,1.2752,5585599.0,5585599.0,,,1620587887,15:18:07,20210509
21,1999-06-30,AMH.AX,AUD,1999-06-30,1999-06-30,FY,0.0,0.0,0.0,0.0,0.0,0.0,0.0,0.0,0.0,0.0,0.0,0.0,0.0,0.0,0.0,0.0,0.0,6283000.0,0.0,6283000.0,0.0,0.0,0.72324,0.72324,6852482.0,6852482.0,,,1620587887,15:18:07,20210509
22,1998-06-30,AMH.AX,AUD,1998-06-30,1998-06-30,FY,0.0,0.0,0.0,0.0,0.0,0.0,0.0,0.0,0.0,0.0,0.0,0.0,0.0,0.0,0.0,0.0,0.0,3360000.0,0.0,3360000.0,0.0,0.0,0.404424,0.404424,6852362.0,6852362.0,,,1620587887,15:18:07,20210509
