,date,symbol,reportedCurrency,fillingDate,acceptedDate,period,revenue,costOfRevenue,grossProfit,grossProfitRatio,researchAndDevelopmentExpenses,generalAndAdministrativeExpenses,sellingAndMarketingExpenses,otherExpenses,operatingExpenses,costAndExpenses,interestExpense,depreciationAndAmortization,ebitda,ebitdaratio,operatingIncome,operatingIncomeRatio,totalOtherIncomeExpensesNet,incomeBeforeTax,incomeBeforeTaxRatio,incomeTaxExpense,netIncome,netIncomeRatio,eps,epsdiluted,weightedAverageShsOut,weightedAverageShsOutDil,link,finalLink,timestamp,est_time,est_date
0,2020-12-31,CERC,USD,2021-03-08,2021-03-08 16:40:27,FY,6698615.0,300199.0,6398416.0,0.9551849150906568,32192335.0,17417000.0,2341231.0,409853.0,53691649.0,53991848,0.0,1741083.0,-45552150,-6.800234078238561,-47293233,-7.060150941649878,-19931702.0,-67176062,-10.028350935230641,-2792961.0,-63499772,-9.479537486480414,-0.86,-0.86,73837209.0,73837209.0,https://www.sec.gov/Archives/edgar/data/1534120/000162828021004162/0001628280-21-004162-index.htm,https://www.sec.gov/Archives/edgar/data/1534120/000162828021004162/cerc-20201231.htm,1620590135,15:55:35,20210509
1,2019-12-31,CERC,USD,2020-03-11,2020-02-27 06:29:09,FY,6750351.0,-566523.0,7316874.0,1.083924969234933,11764133.0,10123320.0,1484044.0,-24399.0,24710493.0,24143970,0.0,1338996.0,-16054623,-2.3783389930390286,-17393619,-2.576698456124726,1281856.0,-15990437,-2.3688304504462065,280316.0,-16072547,-2.3809942623724307,-0.28,-0.28,57403571.0,57403571.0,https://www.sec.gov/Archives/edgar/data/1534120/000162828020003395/0001628280-20-003395-index.htm,https://www.sec.gov/Archives/edgar/data/1534120/000162828020003395/cerc10-k20191231.htm,1620590135,15:55:35,20210509
2,2018-12-31,CERC,USD,2019-03-18,2019-03-18 16:30:02,FY,18326801.0,7478262.0,10848539.0,0.5919494078644713,5786635.0,10676881.0,8522461.0,13657.0,29518425.0,36996687,0.0,4532448.0,-14137438,-0.7714078414448872,-18669886,-1.0187203975205492,-20605213.0,-40086720,-2.1873277283907866,-33910.0,-40052810,-2.185477432749993,-1.2,-1.2,34773613.0,34773613.0,https://www.sec.gov/Archives/edgar/data/1534120/000162828019003078/0001628280-19-003078-index.htm,https://www.sec.gov/Archives/edgar/data/1534120/000162828019003078/cerc10-k20181231.htm,1620590135,15:55:35,20210509
3,2017-12-31,CERC,USD,2018-04-02,2018-02-22 06:38:39,FY,27813137.0,635648.0,27177489.0,0.977145763888482,4372578.0,7941584.0,973345.0,0.0,13287507.0,13923155,0.0,425476.0,14315458,0.5147013082343067,13889982,0.4994036451192111,-29624.0,13836342,0.4974750600768263,1966519.0,11869823,0.4267703783287732,0.6447484940932933,0.632895239239834,18410005.0,18754799.0,https://www.sec.gov/Archives/edgar/data/1534120/000162828018003890/0001628280-18-003890-index.htm,https://www.sec.gov/Archives/edgar/data/1534120/000162828018003890/cerc10-k20171231.htm,1620590135,15:55:35,20210509
4,2016-12-31,CERC,USD,2017-03-14,2017-02-28 06:32:58,FY,1152987.0,0.0,0.0,0.0,10149879.0,7083155.0,0.0,0.0,17233034.0,17233034,0.0,26856.0,-16053191,-13.92313269794022,-16080047,-13.946425241568205,72625.0,-16471603,-14.286026642104378,0.0,-16471603,-14.286026642104378,-1.87,-1.87,8830396.0,8830396.0,https://www.sec.gov/Archives/edgar/data/1534120/000162828017002566/0001628280-17-002566-index.htm,https://www.sec.gov/Archives/edgar/data/1534120/000162828017002566/cerc10-k20161231.htm,1620590135,15:55:35,20210509
5,2015-12-31,CERC,USD,2016-03-23,2016-02-26 06:39:31,FY,0.0,0.0,0.0,0.0,6587183.0,4422764.0,0.0,0.0,11009947.0,11009947,0.0,23508.0,-10986439,0.0,-11009947,0.0,1313049.0,-10490103,0.0,0.0,-10490103,0.0,-4.71,-4.71,2226023.0,2226023.0,https://www.sec.gov/Archives/edgar/data/1534120/000155837016004299/0001558370-16-004299-index.htm,https://www.sec.gov/Archives/edgar/data/1534120/000155837016004299/cerc-20151231x10k.htm,1620590135,15:55:35,20210509
6,2014-12-31,CERC,USD,2014-12-31,2014-12-31,FY,0.0,0.0,0.0,0.0,12240535.0,4875030.0,0.0,0.0,0.0,17115565,0.0,28943.0,-19352783,0.0,-17115565,0.0,2266161.0,-16055591,0.0,0.0,-16055591,0.0,-1.01,-1.01,3501768.0,3501768.0,,,1620590135,15:55:35,20210509
7,2013-12-31,CERC,USD,2013-12-31,2013-12-31,FY,0.0,0.0,0.0,0.0,8914084.0,4020364.0,0.0,0.0,0.0,12934448,0.0,20032.0,-12793301,0.0,-12934448,0.0,-121115.0,-13045008,0.0,0.0,-13045008,0.0,-2.835112,-2.835112,4630143.0,4630143.0,,,1620590135,15:55:35,20210509
