,date,symbol,reportedCurrency,fillingDate,acceptedDate,period,revenue,costOfRevenue,grossProfit,grossProfitRatio,researchAndDevelopmentExpenses,generalAndAdministrativeExpenses,sellingAndMarketingExpenses,otherExpenses,operatingExpenses,costAndExpenses,interestExpense,depreciationAndAmortization,ebitda,ebitdaratio,operatingIncome,operatingIncomeRatio,totalOtherIncomeExpensesNet,incomeBeforeTax,incomeBeforeTaxRatio,incomeTaxExpense,netIncome,netIncomeRatio,eps,epsdiluted,weightedAverageShsOut,weightedAverageShsOutDil,link,finalLink,timestamp,est_time,est_date
0,2020-12-31,FLOW.AS,EUR,2020-12-31,2020-12-31,FY,1033054000,0.0,0.0,0.0,0.0,168200000,0.0,0.0,0.0,0.0,53860000,14285000.0,0.0,0.0,0.0,0.5536157838796423,0.0,571915000,0.5536157838796423,107402000.0,464513000,0.4496502602961704,10.26,9.81,45276693,47341730,,,1620592123,16:28:43,20210509
1,2019-12-31,FLOW.AS,EUR,2019-12-31,2019-12-31,FY,214511000,0.0,0.0,0.0,0.0,50542000,0.0,0.0,227532000.0,0.0,57787000,14625000.0,0.0,0.0,0.0,0.3043526905380144,0.0,65287000,0.3043526905380144,12150000.0,53137000,0.24771223853322208,1.1440092256183316,1.1440092256183316,46448052,46448052,,,1620592123,16:28:43,20210509
2,2018-12-31,FLOW.AS,EUR,2018-12-31,2018-12-31,FY,385067000,0.0,0.0,0.0,0.0,45930000,0.0,0.0,260273000.0,0.0,56329000,9037000.0,0.0,0.0,0.0,0.5036526111040416,0.0,193940000,0.5036526111040416,33007000.0,160933000,0.41793506065178265,3.46,3.46,46448052,46448052,,,1620592123,16:28:43,20210509
3,2017-12-31,FLOW.AS,EUR,2017-12-31,2017-12-31,FY,164371000,0.0,0.0,0.0,0.0,47221000,0.0,0.0,175113000.0,0.0,57184000,7175000.0,0.0,0.0,0.0,0.29466876760499117,0.0,48435000,0.29466876760499117,8840000.0,39595000,0.24088799119066015,0.0085,0.0085,46534500,46534500,,,1620592123,16:28:43,20210509
4,2016-12-31,FLOW.AS,EUR,2016-12-31,2016-12-31,FY,248363000,0.0,0.0,0.0,0.0,42266000,0.0,0.0,195003000.0,0.0,48503000,6312000.0,115953000.0,0.46686905859568456,109641000.0,0.4414546450155619,0.0,109442000,0.4406533984530707,17506000.0,91936000,0.37016785914165956,1.98,1.98,46534500,46534500,,,1620592123,16:28:43,20210509
5,2015-12-31,FLOW.AS,EUR,2015-12-31,2015-12-31,FY,303432000,0.0,0.0,0.0,0.0,35277000,0.0,0.0,245046000.0,0.0,38676000,6778000.0,121191000.0,0.3994008542276358,114413000.0,0.3770630652007699,0.0,115109000,0.3793568245933191,17818000.0,97291000,0.3206352658915342,2.09,2.09,46534500,46534500,,,1620592123,16:28:43,20210509
6,2014-12-31,FLOW.AS,EUR,2014-12-31,2014-12-31,FY,171386000,0.0,0.0,0.0,0.0,24049000,0.0,0.0,130996000.0,0.0,30103000,4684000.0,83023000.0,0.4844211312475932,78339000.0,0.45709101093438204,0.0,78339000,0.45709101093438204,10470000.0,67869000,0.39600084020865184,1.458466,1.458466,46534500,46534500,,,1620592123,16:28:43,20210509
7,2013-12-31,FLOW.AS,EUR,2013-12-31,2013-12-31,FY,141597000,0.0,0.0,0.0,0.0,22968000,0.0,0.0,112178000.0,0.0,25680000,4069000.0,65040000.0,0.4593317655035064,60971000.0,0.43059528097346694,0.0,60971000,0.43059528097346694,7370000.0,53601000,0.37854615563889066,1.151855,1.151855,46534500,46534500,,,1620592123,16:28:43,20210509
8,2012-12-31,FLOW.AS,EUR,2012-12-31,2012-12-31,FY,89855000,0.0,0.0,0.0,0.0,19798000,0.0,0.0,76667000.0,0.0,15417000,3322000.0,34967000.0,0.3891491847977297,31645000.0,0.3521785098213789,0.0,31645000,0.3521785098213789,3944000.0,27701000,0.3082855711980413,0.595279,0.595279,46534500,46534500,,,1620592123,16:28:43,20210509
