,date,symbol,reportedCurrency,fillingDate,acceptedDate,period,revenue,costOfRevenue,grossProfit,grossProfitRatio,researchAndDevelopmentExpenses,generalAndAdministrativeExpenses,sellingAndMarketingExpenses,otherExpenses,operatingExpenses,costAndExpenses,interestExpense,depreciationAndAmortization,ebitda,ebitdaratio,operatingIncome,operatingIncomeRatio,totalOtherIncomeExpensesNet,incomeBeforeTax,incomeBeforeTaxRatio,incomeTaxExpense,netIncome,netIncomeRatio,eps,epsdiluted,weightedAverageShsOut,weightedAverageShsOutDil,link,finalLink,timestamp,est_time,est_date
0,2020-12-31,CFP.TO,CAD,2020-12-31,2020-12-31,FY,5454400000,3538800000,1915600000,0.351202698738633,0.0,0.0,773200000.0,36100000.0,0.0,4711700000,51600000.0,380900000,1123600000,0.20599882663537694,742700000.0,0.1361652977412731,13600000.0,720100000.0,0.13202185391610444,160200000.0,544400000,0.0998093282487533,4.347569146633829,4.347569146633829,125219400,125219400,https://www.sedar.com/ModifyCompanyDocumentSearchForm.do?lang=EN&company_search=Canfor Corp&document_selection=0&industry_group=A&FromDate=13&FromMonth=05&FromYear=2000&ToDate=13&ToMonth=11&ToYear=2020&Variable=Issuer,https://www.sedar.com/ModifyCompanyDocumentSearchForm.do?lang=EN&company_search=Canfor Corp&document_selection=0&industry_group=A&FromDate=13&FromMonth=05&FromYear=2000&ToDate=13&ToMonth=11&ToYear=2020&Variable=Issuer,1620590170,15:56:10,20210509
1,2019-12-31,CFP.TO,CAD,2019-12-31,2019-12-31,FY,4658300000,3581500000,1076800000,0.23115728913981495,0.0,0.0,809000000.0,9600000.0,1349900000.0,4931400000,59700000.0,362200000,89100000,0.019127149389262178,-273100000.0,-0.058626537578086425,-34300000.0,-364900000.0,-0.07833329755490201,-95200000.0,-263000000,-0.056458364639460745,-2.1,-2.1,125219400,125219400,https://www.sedar.com/ModifyCompanyDocumentSearchForm.do?lang=EN&company_search=Canfor Corp&document_selection=0&industry_group=A&FromDate=13&FromMonth=05&FromYear=2000&ToDate=13&ToMonth=11&ToYear=2020&Variable=Issuer,https://www.sedar.com/ModifyCompanyDocumentSearchForm.do?lang=EN&company_search=Canfor Corp&document_selection=0&industry_group=A&FromDate=13&FromMonth=05&FromYear=2000&ToDate=13&ToMonth=11&ToYear=2020&Variable=Issuer,1620590170,15:56:10,20210509
2,2018-12-31,CFP.TO,CAD,2018-12-31,2018-12-31,FY,5044400000,3244500000,1799900000,0.3568115137578305,0.0,0.0,751700000.0,9900000.0,1191300000.0,4435800000,33300000.0,270500000,879100000,0.17427246055031323,608600000.0,0.12064864007612403,6200000.0,588800000.0,0.11672349536119261,149800000.0,354900000,0.0703552454206645,2.78,2.78,127742297,127742297,https://www.sedar.com/ModifyCompanyDocumentSearchForm.do?lang=EN&company_search=Canfor Corp&document_selection=0&industry_group=A&FromDate=13&FromMonth=05&FromYear=2000&ToDate=13&ToMonth=11&ToYear=2020&Variable=Issuer,https://www.sedar.com/ModifyCompanyDocumentSearchForm.do?lang=EN&company_search=Canfor Corp&document_selection=0&industry_group=A&FromDate=13&FromMonth=05&FromYear=2000&ToDate=13&ToMonth=11&ToYear=2020&Variable=Issuer,1620590170,15:56:10,20210509
3,2017-12-31,CFP.TO,CAD,2017-12-31,2017-12-31,FY,4658800000,3038100000,1620700000,0.34787928221859704,0.0,0.0,770700000.0,-3800000.0,1064900000.0,4103000000,32500000.0,249900000,805700000,0.1729415300077273,555800000.0,0.11930110758135141,1400000.0,526400000.0,0.1129904696488366,132800000.0,345400000,0.07413926332961278,2.63,2.63,131449999,131449999,https://www.sedar.com/ModifyCompanyDocumentSearchForm.do?lang=EN&company_search=Canfor Corp&document_selection=0&industry_group=A&FromDate=13&FromMonth=05&FromYear=2000&ToDate=13&ToMonth=11&ToYear=2020&Variable=Issuer,https://www.sedar.com/ModifyCompanyDocumentSearchForm.do?lang=EN&company_search=Canfor Corp&document_selection=0&industry_group=A&FromDate=13&FromMonth=05&FromYear=2000&ToDate=13&ToMonth=11&ToYear=2020&Variable=Issuer,1620590170,15:56:10,20210509
4,2016-12-31,CFP.TO,CAD,2016-12-31,2016-12-31,FY,4234900000,2947200000,1287700000,0.30406857304776974,0.0,0.0,739500000.0,-12500000.0,981800000.0,3929000000,33000000.0,242300000,548200000,0.12944815698127465,305900000.0,0.07223311058112353,-5300000.0,267800000.0,0.06323644005761647,63900000.0,150900000,0.03563248246711847,1.14,1.14,132804573,132804573,https://www.sedar.com/ModifyCompanyDocumentSearchForm.do?lang=EN&company_search=Canfor Corp&document_selection=0&industry_group=A&FromDate=13&FromMonth=05&FromYear=2000&ToDate=13&ToMonth=11&ToYear=2020&Variable=Issuer,https://www.sedar.com/ModifyCompanyDocumentSearchForm.do?lang=EN&company_search=Canfor Corp&document_selection=0&industry_group=A&FromDate=13&FromMonth=05&FromYear=2000&ToDate=13&ToMonth=11&ToYear=2020&Variable=Issuer,1620590170,15:56:10,20210509
5,2015-12-31,CFP.TO,CAD,2015-12-31,2015-12-31,FY,3925300000,2780800000,1144500000,0.2915700710773699,0.0,0.0,736700000.0,27700000.0,978800000.0,3759600000,25200000.0,214000000,379700000,0.09673146001579497,165700000.0,0.042213334012686926,-30400000.0,110400000.0,0.02812523883524826,18500000.0,24700000,0.006292512674190507,0.18,0.18,134068255,134068255,https://www.sedar.com/ModifyCompanyDocumentSearchForm.do?lang=EN&company_search=Canfor Corp&document_selection=0&industry_group=A&FromDate=13&FromMonth=05&FromYear=2000&ToDate=13&ToMonth=11&ToYear=2020&Variable=Issuer,https://www.sedar.com/ModifyCompanyDocumentSearchForm.do?lang=EN&company_search=Canfor Corp&document_selection=0&industry_group=A&FromDate=13&FromMonth=05&FromYear=2000&ToDate=13&ToMonth=11&ToYear=2020&Variable=Issuer,1620590170,15:56:10,20210509
6,2014-12-31,CFP.TO,CAD,2014-12-31,2014-12-31,FY,3347600000,2201900000,1145700000,0.3422451905842992,0.0,0.0,627100000.0,-4200000.0,809600000.0,3011500000,19500000.0,182500000,518600000,0.15491695543075637,336100000.0,0.10040028677261321,-19900000.0,298000000.0,0.08901899868562552,76200000.0,175200000,0.05233600191181742,1.28,1.28,137293281,137293281,https://www.sedar.com/ModifyCompanyDocumentSearchForm.do?lang=EN&company_search=Canfor Corp&document_selection=0&industry_group=A&FromDate=13&FromMonth=05&FromYear=2000&ToDate=13&ToMonth=11&ToYear=2020&Variable=Issuer,https://www.sedar.com/ModifyCompanyDocumentSearchForm.do?lang=EN&company_search=Canfor Corp&document_selection=0&industry_group=A&FromDate=13&FromMonth=05&FromYear=2000&ToDate=13&ToMonth=11&ToYear=2020&Variable=Issuer,1620590170,15:56:10,20210509
7,2013-12-31,CFP.TO,CAD,2013-12-31,2013-12-31,FY,3194900000,2036800000,1158100000,0.3624839588093524,0.0,0.0,608300000.0,1500000.0,803700000.0,2840500000,28700000.0,186200000,540600000,0.16920717393345644,354400000.0,0.11092678957087859,12200000.0,338700000.0,0.10601270775298131,88200000.0,228600000,0.07155153525931954,1.61,1.61,141959473,141959473,https://www.sedar.com/ModifyCompanyDocumentSearchForm.do?lang=EN&company_search=Canfor Corp&document_selection=0&industry_group=A&FromDate=13&FromMonth=05&FromYear=2000&ToDate=13&ToMonth=11&ToYear=2020&Variable=Issuer,https://www.sedar.com/ModifyCompanyDocumentSearchForm.do?lang=EN&company_search=Canfor Corp&document_selection=0&industry_group=A&FromDate=13&FromMonth=05&FromYear=2000&ToDate=13&ToMonth=11&ToYear=2020&Variable=Issuer,1620590170,15:56:10,20210509
8,2012-12-31,CFP.TO,CAD,2012-12-31,2012-12-31,FY,2714100000,1820200000,893900000,0.3293541137025165,0.0,0.0,565000000.0,-400000.0,797700000.0,2617900000,25000000.0,187200000,283400000,0.10441767068273092,96200000.0,0.035444530415238935,-15800000.0,55700000.0,0.020522456799675768,14300000.0,32100000,0.011827125013816735,0.22,0.22,142749096,142749096,https://www.sedar.com/ModifyCompanyDocumentSearchForm.do?lang=EN&company_search=Canfor Corp&document_selection=0&industry_group=A&FromDate=13&FromMonth=05&FromYear=2000&ToDate=13&ToMonth=11&ToYear=2020&Variable=Issuer,https://www.sedar.com/ModifyCompanyDocumentSearchForm.do?lang=EN&company_search=Canfor Corp&document_selection=0&industry_group=A&FromDate=13&FromMonth=05&FromYear=2000&ToDate=13&ToMonth=11&ToYear=2020&Variable=Issuer,1620590170,15:56:10,20210509
9,2011-12-31,CFP.TO,CAD,2011-12-31,2011-12-31,FY,2421400000,2097700000,323700000,0.13368299330965558,0.0,0.0,0.0,4400000.0,267800000.0,2365500000,22500000.0,169300000,225200000,0.09300404724539522,55900000.0,0.02308581812174775,-43100000.0,-9700000.0,-0.0040059469728256384,-20500000.0,-56600000,-0.023374907078549598,-0.4,-0.4,142698624,142698624,https://www.sedar.com/ModifyCompanyDocumentSearchForm.do?lang=EN&company_search=Canfor Corp&document_selection=0&industry_group=A&FromDate=13&FromMonth=05&FromYear=2000&ToDate=13&ToMonth=11&ToYear=2020&Variable=Issuer,https://www.sedar.com/ModifyCompanyDocumentSearchForm.do?lang=EN&company_search=Canfor Corp&document_selection=0&industry_group=A&FromDate=13&FromMonth=05&FromYear=2000&ToDate=13&ToMonth=11&ToYear=2020&Variable=Issuer,1620590170,15:56:10,20210509
10,2010-12-31,CFP.TO,CAD,2010-12-31,2010-12-31,FY,2430400000,1968900000,461500000,0.18988643844634628,0.0,0.0,0.0,22900000.0,259300000.0,2228200000,25500000.0,156000000,358200000,0.14738314680710993,202200000.0,0.08319618169848585,-10000000.0,166700000.0,0.06858953258722844,5400000.0,161300000,0.06636767610269914,1.1310256390119562,1.1310075018332244,142613920,142616207,https://www.sedar.com/ModifyCompanyDocumentSearchForm.do?lang=EN&company_search=Canfor Corp&document_selection=0&industry_group=A&FromDate=13&FromMonth=05&FromYear=2000&ToDate=13&ToMonth=11&ToYear=2020&Variable=Issuer,https://www.sedar.com/ModifyCompanyDocumentSearchForm.do?lang=EN&company_search=Canfor Corp&document_selection=0&industry_group=A&FromDate=13&FromMonth=05&FromYear=2000&ToDate=13&ToMonth=11&ToYear=2020&Variable=Issuer,1620590170,15:56:10,20210509
11,2009-12-31,CFP.TO,CAD,2009-12-31,2009-12-31,FY,2120400000,2043400000,77000000,0.0363139030371628,0.0,0.0,0.0,60400000.0,257500000.0,2300900000,33300000.0,155300000,-25200000,-0.011884550084889643,-180500000.0,-0.08512544802867383,75100000.0,-134700000.0,-0.06352574985851726,-71900000.0,-70500000,-0.03324844368986984,-0.5,-0.5,142589297,142589297,https://www.sedar.com/ModifyCompanyDocumentSearchForm.do?lang=EN&company_search=Canfor Corp&document_selection=0&industry_group=A&FromDate=13&FromMonth=05&FromYear=2000&ToDate=13&ToMonth=11&ToYear=2020&Variable=Issuer,https://www.sedar.com/ModifyCompanyDocumentSearchForm.do?lang=EN&company_search=Canfor Corp&document_selection=0&industry_group=A&FromDate=13&FromMonth=05&FromYear=2000&ToDate=13&ToMonth=11&ToYear=2020&Variable=Issuer,1620590170,15:56:10,20210509
12,2008-12-31,CFP.TO,CAD,2008-12-31,2008-12-31,FY,2611600000,2429300000,182300000,0.06980395160055139,0.0,0.0,0.0,-110000000.0,286900000.0,2716200000,38700000.0,171200000,66600000,0.025501608209526728,-104600000.0,-0.040052075356103535,-333100000.0,-463100000.0,-0.17732424567315055,-141900000.0,-345200000,-0.13217950681574514,-2.42,-2.42,142589312,142589312,https://www.sedar.com/ModifyCompanyDocumentSearchForm.do?lang=EN&company_search=Canfor Corp&document_selection=0&industry_group=A&FromDate=13&FromMonth=05&FromYear=2000&ToDate=13&ToMonth=11&ToYear=2020&Variable=Issuer,https://www.sedar.com/ModifyCompanyDocumentSearchForm.do?lang=EN&company_search=Canfor Corp&document_selection=0&industry_group=A&FromDate=13&FromMonth=05&FromYear=2000&ToDate=13&ToMonth=11&ToYear=2020&Variable=Issuer,1620590170,15:56:10,20210509
13,2007-12-31,CFP.TO,CAD,2007-12-31,2007-12-31,FY,3275600000,3148600000,127000000,0.03877152277445353,0.0,0.0,0.0,-247000000.0,358700000.0,3507300000,0.0,184100000,-47600000,-0.014531688850897546,-231700000.0,-0.07073513249481012,-268400000.0,-529300000.0,-0.1615887165710099,-234100000.0,-360600000,-0.11008670167297595,-2.53,-2.53,142529644,142529644,https://www.sedar.com/ModifyCompanyDocumentSearchForm.do?lang=EN&company_search=Canfor Corp&document_selection=0&industry_group=A&FromDate=13&FromMonth=05&FromYear=2000&ToDate=13&ToMonth=11&ToYear=2020&Variable=Issuer,https://www.sedar.com/ModifyCompanyDocumentSearchForm.do?lang=EN&company_search=Canfor Corp&document_selection=0&industry_group=A&FromDate=13&FromMonth=05&FromYear=2000&ToDate=13&ToMonth=11&ToYear=2020&Variable=Issuer,1620590170,15:56:10,20210509
14,2006-12-31,CFP.TO,CAD,2006-12-31,2006-12-31,FY,3842300000,3548100000,294200000,0.07656872185930302,0.0,0.0,0.0,692800000.0,-346800000.0,3201300000,0.0,182600000,823600000,0.21435077948104,641000000.0,0.16682716081513677,686300000.0,665800000.0,0.17328162819144782,169400000.0,471800000,0.12279103661869192,3.31,3.31,142537764,142537764,https://www.sedar.com/ModifyCompanyDocumentSearchForm.do?lang=EN&company_search=Canfor Corp&document_selection=0&industry_group=A&FromDate=13&FromMonth=05&FromYear=2000&ToDate=13&ToMonth=11&ToYear=2020&Variable=Issuer,https://www.sedar.com/ModifyCompanyDocumentSearchForm.do?lang=EN&company_search=Canfor Corp&document_selection=0&industry_group=A&FromDate=13&FromMonth=05&FromYear=2000&ToDate=13&ToMonth=11&ToYear=2020&Variable=Issuer,1620590170,15:56:10,20210509
15,2005-12-31,CFP.TO,CAD,2005-12-31,2005-12-31,FY,3787800000,3416500000,371300000,0.09802523892496964,0.0,0.0,0.0,14000000.0,229900000.0,3646400000,0.0,151600000,293000000,0.07735360895506627,141400000.0,0.037330376471830615,15000000.0,114200000.0,0.030149427108083847,12400000.0,96000000,0.025344527166165056,0.67,0.67,143283582,143283582,https://www.sedar.com/ModifyCompanyDocumentSearchForm.do?lang=EN&company_search=Canfor Corp&document_selection=0&industry_group=A&FromDate=13&FromMonth=05&FromYear=2000&ToDate=13&ToMonth=11&ToYear=2020&Variable=Issuer,https://www.sedar.com/ModifyCompanyDocumentSearchForm.do?lang=EN&company_search=Canfor Corp&document_selection=0&industry_group=A&FromDate=13&FromMonth=05&FromYear=2000&ToDate=13&ToMonth=11&ToYear=2020&Variable=Issuer,1620590170,15:56:10,20210509
16,2004-12-31,CFP.TO,CAD,2004-12-31,2004-12-31,FY,4341900000,3558700000,783200000,0.18038186047582855,0.0,0.0,0.0,44900000.0,248800000.0,3807500000,0.0,155200000,689600000,0.15882447776319122,534400000.0,0.1230797577097584,43300000.0,527300000.0,0.121444528892881,106400000.0,420900000,0.09693912803150695,3.45,3.22,122000000,130714286,https://www.sedar.com/ModifyCompanyDocumentSearchForm.do?lang=EN&company_search=Canfor Corp&document_selection=0&industry_group=A&FromDate=13&FromMonth=05&FromYear=2000&ToDate=13&ToMonth=11&ToYear=2020&Variable=Issuer,https://www.sedar.com/ModifyCompanyDocumentSearchForm.do?lang=EN&company_search=Canfor Corp&document_selection=0&industry_group=A&FromDate=13&FromMonth=05&FromYear=2000&ToDate=13&ToMonth=11&ToYear=2020&Variable=Issuer,1620590170,15:56:10,20210509
17,2003-12-31,CFP.TO,CAD,2003-12-31,2003-12-31,FY,2095500000,1932700000,162800000,0.07769028871391076,0.0,0.0,0.0,135800000.0,165600000.0,2098300000,0.0,109800000,107000000,0.051061799093295154,-2800000.0,-0.001336196611787163,135400000.0,82100000.0,0.03917919350990217,-3700000.0,153300000,0.07315676449534718,1.81,1.65,84696133,92909091,https://www.sedar.com/ModifyCompanyDocumentSearchForm.do?lang=EN&company_search=Canfor Corp&document_selection=0&industry_group=A&FromDate=13&FromMonth=05&FromYear=2000&ToDate=13&ToMonth=11&ToYear=2020&Variable=Issuer,https://www.sedar.com/ModifyCompanyDocumentSearchForm.do?lang=EN&company_search=Canfor Corp&document_selection=0&industry_group=A&FromDate=13&FromMonth=05&FromYear=2000&ToDate=13&ToMonth=11&ToYear=2020&Variable=Issuer,1620590170,15:56:10,20210509
18,2002-12-31,CFP.TO,CAD,2002-12-31,2002-12-31,FY,2112300000,1889800000,222500000,0.10533541637078067,0.0,0.0,0.0,21700000.0,167400000.0,2057200000,0.0,115100000,170200000,0.08057567580362637,55100000.0,0.026085309851820292,26700000.0,9900000.0,0.004686834256497656,-1600000.0,11500000,0.005444302419163945,0.07,0.07,81156010,81156010,https://www.sedar.com/ModifyCompanyDocumentSearchForm.do?lang=EN&company_search=Canfor Corp&document_selection=0&industry_group=A&FromDate=13&FromMonth=05&FromYear=2000&ToDate=13&ToMonth=11&ToYear=2020&Variable=Issuer,https://www.sedar.com/ModifyCompanyDocumentSearchForm.do?lang=EN&company_search=Canfor Corp&document_selection=0&industry_group=A&FromDate=13&FromMonth=05&FromYear=2000&ToDate=13&ToMonth=11&ToYear=2020&Variable=Issuer,1620590170,15:56:10,20210509
19,2001-12-31,CFP.TO,CAD,2001-12-31,2001-12-31,FY,1985661000,1759288000,226373000,0.11400385060692636,0.0,57857000.0,0.0,0.0,163870000.0,1923158000,0.0,106013000,168516000,0.08486645001337086,62503000.0,0.03147717561053977,9304000.0,7598000.0,0.0038264336158085393,-18772000.0,26370000,0.013280212483399735,0.27,0.27,97666667,97666667,https://www.sedar.com/ModifyCompanyDocumentSearchForm.do?lang=EN&company_search=Canfor Corp&document_selection=0&industry_group=A&FromDate=13&FromMonth=05&FromYear=2000&ToDate=13&ToMonth=11&ToYear=2020&Variable=Issuer,https://www.sedar.com/ModifyCompanyDocumentSearchForm.do?lang=EN&company_search=Canfor Corp&document_selection=0&industry_group=A&FromDate=13&FromMonth=05&FromYear=2000&ToDate=13&ToMonth=11&ToYear=2020&Variable=Issuer,1620590170,15:56:10,20210509
20,2000-12-31,CFP.TO,CAD,2000-12-31,2000-12-31,FY,2265891000,1822098000,443793000,0.19585805318967242,0.0,67508000.0,0.0,0.0,180199000.0,2002297000,0.0,112691000,376285000,0.1660649166266162,263594000.0,0.11633127983649699,6154000.0,209332000.0,0.09238396727821417,83756000.0,125576000,0.05542014156903399,1.5,1.36,83717333,92335294,https://www.sedar.com/ModifyCompanyDocumentSearchForm.do?lang=EN&company_search=Canfor Corp&document_selection=0&industry_group=A&FromDate=13&FromMonth=05&FromYear=2000&ToDate=13&ToMonth=11&ToYear=2020&Variable=Issuer,https://www.sedar.com/ModifyCompanyDocumentSearchForm.do?lang=EN&company_search=Canfor Corp&document_selection=0&industry_group=A&FromDate=13&FromMonth=05&FromYear=2000&ToDate=13&ToMonth=11&ToYear=2020&Variable=Issuer,1620590170,15:56:10,20210509
21,1999-12-31,CFP.TO,CAD,1999-12-31,1999-12-31,FY,1750300000,1414300000,336000000,0.1919670913557676,0.0,47900000.0,0.0,0.0,118100000.0,1532400000,0.0,70200000,288100000,0.16460035422499,217900000.0,0.12449294406673142,-1800000.0,182900000.0,0.10449637205050563,76000000.0,102500000,0.05856138947608981,1.68,1.68,61011905,61011905,https://www.sedar.com/ModifyCompanyDocumentSearchForm.do?lang=EN&company_search=Canfor Corp&document_selection=0&industry_group=A&FromDate=13&FromMonth=05&FromYear=2000&ToDate=13&ToMonth=11&ToYear=2020&Variable=Issuer,https://www.sedar.com/ModifyCompanyDocumentSearchForm.do?lang=EN&company_search=Canfor Corp&document_selection=0&industry_group=A&FromDate=13&FromMonth=05&FromYear=2000&ToDate=13&ToMonth=11&ToYear=2020&Variable=Issuer,1620590170,15:56:10,20210509
22,1998-12-31,CFP.TO,CAD,1998-12-31,1998-12-31,FY,1632300000,1452900000,179400000,0.10990626723028855,0.0,80600000.0,0.0,0.0,146300000.0,1599200000,0.0,65700000,98800000,0.06052808919928935,33100000.0,0.020278135146725478,-210000000.0,-216000000.0,-0.13232861606322366,-12300000.0,-203700000,-0.12479323653740121,-3.49,-3.49,58351174,58351174,https://www.sedar.com/ModifyCompanyDocumentSearchForm.do?lang=EN&company_search=Canfor Corp&document_selection=0&industry_group=A&FromDate=13&FromMonth=05&FromYear=2000&ToDate=13&ToMonth=11&ToYear=2020&Variable=Issuer,https://www.sedar.com/ModifyCompanyDocumentSearchForm.do?lang=EN&company_search=Canfor Corp&document_selection=0&industry_group=A&FromDate=13&FromMonth=05&FromYear=2000&ToDate=13&ToMonth=11&ToYear=2020&Variable=Issuer,1620590170,15:56:10,20210509
23,1997-12-31,CFP.TO,CAD,1997-12-31,1997-12-31,FY,1840600000,1579400000,261200000,0.14191024665869825,0.0,118200000.0,0.0,0.0,220800000.0,1800200000,0.0,102600000,143000000,0.07769205693795501,40400000.0,0.021949364337715962,-22800000.0,-34400000.0,-0.01868955775290666,-1500000.0,-32900000,-0.017874606106704334,-0.56,-0.56,58750000,58750000,https://www.sedar.com/ModifyCompanyDocumentSearchForm.do?lang=EN&company_search=Canfor Corp&document_selection=0&industry_group=A&FromDate=13&FromMonth=05&FromYear=2000&ToDate=13&ToMonth=11&ToYear=2020&Variable=Issuer,https://www.sedar.com/ModifyCompanyDocumentSearchForm.do?lang=EN&company_search=Canfor Corp&document_selection=0&industry_group=A&FromDate=13&FromMonth=05&FromYear=2000&ToDate=13&ToMonth=11&ToYear=2020&Variable=Issuer,1620590170,15:56:10,20210509
24,1996-12-31,CFP.TO,CAD,1996-12-31,1996-12-31,FY,1790900000,1548500000,242400000,0.13535094086772015,0.0,116300000.0,0.0,0.0,217700000.0,1766200000,0.0,101400000,126100000,0.07041152493159863,24700000.0,0.013791948182478083,3900000.0,-30600000.0,-0.01708638114914289,26300000.0,-56900000,-0.031771734881902956,-0.97,-0.97,58659794,58659794,https://www.sedar.com/ModifyCompanyDocumentSearchForm.do?lang=EN&company_search=Canfor Corp&document_selection=0&industry_group=A&FromDate=13&FromMonth=05&FromYear=2000&ToDate=13&ToMonth=11&ToYear=2020&Variable=Issuer,https://www.sedar.com/ModifyCompanyDocumentSearchForm.do?lang=EN&company_search=Canfor Corp&document_selection=0&industry_group=A&FromDate=13&FromMonth=05&FromYear=2000&ToDate=13&ToMonth=11&ToYear=2020&Variable=Issuer,1620590170,15:56:10,20210509
25,1995-12-31,CFP.TO,CAD,1995-12-31,1995-12-31,FY,1931700000,1533000000,398700000,0.2063985090852617,0.0,118400000.0,0.0,0.0,222800000.0,1755800000,0.0,104400000,280300000,0.14510534762126623,175900000.0,0.0910596883574054,-1100000.0,102500000.0,0.053062069679556866,56900000.0,45600000,0.023606150023295542,0.79,0.79,57721519,57721519,https://www.sedar.com/ModifyCompanyDocumentSearchForm.do?lang=EN&company_search=Canfor Corp&document_selection=0&industry_group=A&FromDate=13&FromMonth=05&FromYear=2000&ToDate=13&ToMonth=11&ToYear=2020&Variable=Issuer,https://www.sedar.com/ModifyCompanyDocumentSearchForm.do?lang=EN&company_search=Canfor Corp&document_selection=0&industry_group=A&FromDate=13&FromMonth=05&FromYear=2000&ToDate=13&ToMonth=11&ToYear=2020&Variable=Issuer,1620590170,15:56:10,20210509
26,1994-12-31,CFP.TO,CAD,1994-12-31,1994-12-31,FY,1406200000,1060000000,346200000,0.24619542028161,0.0,82800000.0,0.0,0.0,141000000.0,1201000000,0.0,58200000,263400000,0.1873133266960603,205200000.0,0.14592518845114494,59900000.0,232600000.0,0.16541032570046935,108100000.0,124500000,0.08853648129711279,2.18,2.18,56880734,56880734,https://www.sedar.com/ModifyCompanyDocumentSearchForm.do?lang=EN&company_search=Canfor Corp&document_selection=0&industry_group=A&FromDate=13&FromMonth=05&FromYear=2000&ToDate=13&ToMonth=11&ToYear=2020&Variable=Issuer,https://www.sedar.com/ModifyCompanyDocumentSearchForm.do?lang=EN&company_search=Canfor Corp&document_selection=0&industry_group=A&FromDate=13&FromMonth=05&FromYear=2000&ToDate=13&ToMonth=11&ToYear=2020&Variable=Issuer,1620590170,15:56:10,20210509
27,1993-12-31,CFP.TO,CAD,1993-12-31,1993-12-31,FY,1166600000,890500000,276100000,0.23667066689525115,0.0,74900000.0,0.0,0.0,128100000.0,1018600000,0.0,53200000,201200000,0.17246699811417796,148000000.0,0.12686439225098578,-24000000.0,98100000.0,0.08409051945825476,56800000.0,41300000,0.0354020229727413,0.69,0.69,56811594,56811594,https://www.sedar.com/ModifyCompanyDocumentSearchForm.do?lang=EN&company_search=Canfor Corp&document_selection=0&industry_group=A&FromDate=13&FromMonth=05&FromYear=2000&ToDate=13&ToMonth=11&ToYear=2020&Variable=Issuer,https://www.sedar.com/ModifyCompanyDocumentSearchForm.do?lang=EN&company_search=Canfor Corp&document_selection=0&industry_group=A&FromDate=13&FromMonth=05&FromYear=2000&ToDate=13&ToMonth=11&ToYear=2020&Variable=Issuer,1620590170,15:56:10,20210509
