,date,symbol,reportedCurrency,fillingDate,acceptedDate,period,revenue,costOfRevenue,grossProfit,grossProfitRatio,researchAndDevelopmentExpenses,generalAndAdministrativeExpenses,sellingAndMarketingExpenses,otherExpenses,operatingExpenses,costAndExpenses,interestExpense,depreciationAndAmortization,ebitda,ebitdaratio,operatingIncome,operatingIncomeRatio,totalOtherIncomeExpensesNet,incomeBeforeTax,incomeBeforeTaxRatio,incomeTaxExpense,netIncome,netIncomeRatio,eps,epsdiluted,weightedAverageShsOut,weightedAverageShsOutDil,link,finalLink,timestamp,est_time,est_date
0,2018-12-31,CFI.PA,EUR,2018-12-31,2018-12-31,FY,0.0,104000.0,-104000.0,0.0,0.0,0.0,0.0,0.0,-4000.0,100000.0,0.0,0.0,-100000.0,0.0,-100000.0,0.0,0.0,-100000.0,0.0,0.0,-100000.0,0.0,-0.12,-0.12,833333.0,833333.0,https://www.infogreffe.com/recherche-entreprise-dirigeants/resultats-entreprise-dirigeants.html?ga_cat=globale&ga_q=C.F.I#phrase=C.F.I,https://www.infogreffe.com/recherche-entreprise-dirigeants/resultats-entreprise-dirigeants.html?ga_cat=globale&ga_q=C.F.I#phrase=C.F.I,1620590164,15:56:04,20210509
1,2017-12-31,CFI.PA,EUR,2017-12-31,2017-12-31,FY,0.0,75000.0,0.0,0.0,0.0,0.0,0.0,0.0,85000.0,160000.0,0.0,0.0,-160000.0,0.0,-160000.0,0.0,0.0,-160000.0,0.0,0.0,-160000.0,0.0,-0.19,-0.19,842105.0,842105.0,https://www.infogreffe.com/recherche-entreprise-dirigeants/resultats-entreprise-dirigeants.html?ga_cat=globale&ga_q=C.F.I#phrase=C.F.I,https://www.infogreffe.com/recherche-entreprise-dirigeants/resultats-entreprise-dirigeants.html?ga_cat=globale&ga_q=C.F.I#phrase=C.F.I,1620590164,15:56:04,20210509
2,2016-12-31,CFI.PA,EUR,2016-12-31,2016-12-31,FY,0.0,45000.0,0.0,0.0,0.0,0.0,0.0,0.0,99000.0,144000.0,0.0,0.0,-145000.0,0.0,-144000.0,0.0,0.0,-143000.0,0.0,0.0,-143000.0,0.0,-0.17,-0.17,841176.0,841176.0,https://www.infogreffe.com/recherche-entreprise-dirigeants/resultats-entreprise-dirigeants.html?ga_cat=globale&ga_q=C.F.I#phrase=C.F.I,https://www.infogreffe.com/recherche-entreprise-dirigeants/resultats-entreprise-dirigeants.html?ga_cat=globale&ga_q=C.F.I#phrase=C.F.I,1620590164,15:56:04,20210509
3,2015-12-31,CFI.PA,EUR,2015-12-31,2015-12-31,FY,0.0,154000.0,-154000.0,0.0,0.0,0.0,0.0,0.0,116000.0,270000.0,0.0,33000.0,-237000.0,0.0,-270000.0,0.0,0.0,-268000.0,0.0,-10000.0,-258000.0,0.0,-0.3,-0.3,860000.0,860000.0,https://www.infogreffe.com/recherche-entreprise-dirigeants/resultats-entreprise-dirigeants.html?ga_cat=globale&ga_q=C.F.I#phrase=C.F.I,https://www.infogreffe.com/recherche-entreprise-dirigeants/resultats-entreprise-dirigeants.html?ga_cat=globale&ga_q=C.F.I#phrase=C.F.I,1620590164,15:56:04,20210509
4,2013-12-31,CFI.PA,EUR,2013-12-31,2013-12-31,FY,112000.0,404000.0,-292000.0,-2.607142857142857,0.0,0.0,0.0,0.0,281000.0,685000.0,0.0,-1000.0,-574000.0,-5.125,-573000.0,-5.116071428571429,0.0,2996000.0,26.75,0.0,2996000.0,26.75,3.51,3.51,853561.0,853561.0,https://www.infogreffe.com/recherche-entreprise-dirigeants/resultats-entreprise-dirigeants.html?ga_cat=globale&ga_q=C.F.I#phrase=C.F.I,https://www.infogreffe.com/recherche-entreprise-dirigeants/resultats-entreprise-dirigeants.html?ga_cat=globale&ga_q=C.F.I#phrase=C.F.I,1620590164,15:56:04,20210509
5,2012-12-31,CFI.PA,EUR,2012-12-31,2012-12-31,FY,2604000.0,0.0,2604000.0,1.0,0.0,334000.0,0.0,6000.0,161000.0,161000.0,732000.0,0.0,5304000.0,2.0368663594470044,2443000.0,0.9381720430107527,0.0,4572000.0,1.7557603686635945,0.0,1283000.0,0.4927035330261137,1.5040537942482544,1.5039057005410779,853028.0,853112.0,https://www.infogreffe.com/recherche-entreprise-dirigeants/resultats-entreprise-dirigeants.html?ga_cat=globale&ga_q=C.F.I#phrase=C.F.I,https://www.infogreffe.com/recherche-entreprise-dirigeants/resultats-entreprise-dirigeants.html?ga_cat=globale&ga_q=C.F.I#phrase=C.F.I,1620590164,15:56:04,20210509
6,2011-12-31,CFI.PA,EUR,2011-12-31,2011-12-31,FY,0.0,0.0,0.0,0.0,0.0,389000.0,0.0,0.0,548000.0,548000.0,1000.0,1000.0,-547000.0,0.0,-548000.0,0.0,0.0,0.0,0.0,0.0,16300000.0,0.0,9.7,9.7,853112.0,853112.0,https://www.infogreffe.com/recherche-entreprise-dirigeants/resultats-entreprise-dirigeants.html?ga_cat=globale&ga_q=C.F.I#phrase=C.F.I,https://www.infogreffe.com/recherche-entreprise-dirigeants/resultats-entreprise-dirigeants.html?ga_cat=globale&ga_q=C.F.I#phrase=C.F.I,1620590164,15:56:04,20210509
7,2010-12-31,CFI.PA,EUR,2010-12-31,2010-12-31,FY,13661.0,-12419.0,26080.0,1.9090842544469657,0.0,0.0,0.0,28.0,847.0,-11572.0,0.0,1.0,25234.0,1.847156137910841,25233.0,1.847082936827465,0.0,19951.0,1.4604348144352537,0.0,19951.0,1.4604348144352537,11.91,11.91,852283.0,852283.0,https://www.infogreffe.com/recherche-entreprise-dirigeants/resultats-entreprise-dirigeants.html?ga_cat=globale&ga_q=C.F.I#phrase=C.F.I,https://www.infogreffe.com/recherche-entreprise-dirigeants/resultats-entreprise-dirigeants.html?ga_cat=globale&ga_q=C.F.I#phrase=C.F.I,1620590164,15:56:04,20210509
8,2009-12-31,CFI.PA,EUR,2009-12-31,2009-12-31,FY,0.0,0.0,0.0,0.0,0.0,0.0,0.0,0.0,0.0,0.0,0.0,0.0,0.0,0.0,0.0,0.0,0.0,0.0,0.0,0.0,0.0,0.0,33.42,33.42,853415.0,853415.0,https://www.infogreffe.com/recherche-entreprise-dirigeants/resultats-entreprise-dirigeants.html?ga_cat=globale&ga_q=C.F.I#phrase=C.F.I,https://www.infogreffe.com/recherche-entreprise-dirigeants/resultats-entreprise-dirigeants.html?ga_cat=globale&ga_q=C.F.I#phrase=C.F.I,1620590164,15:56:04,20210509
