,date,symbol,reportedCurrency,fillingDate,acceptedDate,period,revenue,costOfRevenue,grossProfit,grossProfitRatio,researchAndDevelopmentExpenses,generalAndAdministrativeExpenses,sellingAndMarketingExpenses,otherExpenses,operatingExpenses,costAndExpenses,interestExpense,depreciationAndAmortization,ebitda,ebitdaratio,operatingIncome,operatingIncomeRatio,totalOtherIncomeExpensesNet,incomeBeforeTax,incomeBeforeTaxRatio,incomeTaxExpense,netIncome,netIncomeRatio,eps,epsdiluted,weightedAverageShsOut,weightedAverageShsOutDil,link,finalLink,timestamp,est_time,est_date
0,2020-09-30,BDXB,USD,2020-11-25,2020-11-25 14:21:41,FY,17117000000,9540000000,7577000000,0.44265934451130456,1096000000,-7000000.0,4325000000.0,29000000.0,5777000000,15317000000,528000000,2154000000,3954000000,0.23099842262078635,1800000000,0.10515861424315008,-292000000.0,985000000,0.05754513057194602,111000000,874000000,0.0510603493602851,0.0,0.0,0.0,0.0,https://www.sec.gov/Archives/edgar/data/10795/000001079520000055/0000010795-20-000055-index.htm,https://www.sec.gov/Archives/edgar/data/10795/000001079520000055/bdx-20200930.htm,1620589258,15:40:58,20210509
1,2019-09-30,BDXB,USD,2019-09-30,2019-09-30,FY,17290000000,9002000000,8288000000,0.47935222672064776,1062000000,2000000.0,4332000000.0,68000000.0,6050000000,15052000000,639000000,2253000000,4491000000,0.2597455176402545,2238000000,0.129438982070561,-435000000.0,1176000000,0.0680161943319838,-57000000,1233000000,0.0713128976286871,0.0,0.0,0.0,0.0,,,1620589258,15:40:58,20210509
2,2018-09-30,BDXB,USD,2018-11-21,2018-11-21,FY,15983000000,8721000000,7262000000,0.45435775511480947,1006000000,4015000000.0,0.0,51000000.0,5021000000,13742000000,706000000,1978000000,4219000000,0.2639679659638366,2241000000,0.1402114746918601,-427000000.0,1173000000,0.07339047738221861,862000000,311000000,0.019458174310204593,0.0,0.0,0.0,0.0,https://www.sec.gov/Archives/edgar/data/10795/000001079518000036/0000010795-18-000036-index.htm,https://www.sec.gov/Archives/edgar/data/10795/000001079518000036/bdx2018-09x3010xk.htm,1620589258,15:40:58,20210509
3,2017-09-30,BDXB,USD,2017-09-30,2017-09-30,FY,12093000000,6151000000,5942000000,0.49135863722814854,774000000,2925000000.0,0.0,3000000.0,4109000000,10260000000,521000000,1088000000,2921000000,0.24154469527826014,1833000000,0.15157529149094517,-411000000.0,976000000,0.08070784751509137,-124000000,1100000000,0.09096171338791036,0.0,0.0,0.0,0.0,,,1620589258,15:40:58,20210509
4,2016-09-30,BDXB,USD,2016-11-23,2016-11-23,FY,12483000000,6492000000,5991000000,0.4799327084835376,828000000,3005000000.0,0.0,11000000.0,3833000000,10325000000,388000000,1114000000,3272000000,0.26211647841063845,2158000000,0.17287511014980372,-717000000.0,1074000000,0.08603701033405431,97000000,976000000,0.07818633341344228,0.0,0.0,0.0,0.0,https://www.sec.gov/Archives/edgar/data/10795/000162828016021658/0001628280-16-021658-index.htm,https://www.sec.gov/Archives/edgar/data/10795/000162828016021658/bdx2016-09x3010xk.htm,1620589258,15:40:58,20210509
5,2015-09-30,BDXB,USD,2015-11-25,2015-11-25,FY,10282000000,5587000000,4695000000,0.45662322505349157,632000000,2563000000.0,0.0,21000000.0,3195000000,8782000000,371000000,891000000,2391000000,0.2325423069441743,1500000000,0.14588601439408674,-405000000.0,739000000,0.07187317642482008,44000000,695000000,0.06759385333592687,0.0,0.0,0.0,0.0,https://www.sec.gov/Archives/edgar/data/10795/000162828015008984/0001628280-15-008984-index.htm,https://www.sec.gov/Archives/edgar/data/10795/000162828015008984/bdx2015-09x3010xk.htm,1620589258,15:40:58,20210509
6,2014-09-30,BDXB,USD,2014-11-26,2014-11-26,FY,8446000000,4145000000,4301000000,0.5092351408950982,550000000,2145000000.0,0.0,5000000.0,2695000000,6840000000,135000000,562000000,2168000000,0.256689557186834,1606000000,0.19014918304522851,5000000.0,1522000000,0.18020364669666114,337000000,1185000000,0.14030310206014682,0.0,0.0,0.0,0.0,https://www.sec.gov/Archives/edgar/data/10795/000119312514426571/0001193125-14-426571-index.htm,https://www.sec.gov/Archives/edgar/data/10795/000119312514426571/d792595d10k.htm,1620589258,15:40:58,20210509
7,2013-09-30,BDXB,USD,2013-11-27,2013-11-27,FY,8054000000,3883000000,4171000000,0.5178793146262727,494000000,2422000000.0,0.0,9000000.0,2916000000,6799000000,138000000,546000000,1801000000,0.22361559473553513,1255000000,0.1558231934442513,9000000.0,1165000000,0.1446486218028309,236000000,1293000000,0.16054134591507327,0.0,0.0,0.0,0.0,https://www.sec.gov/Archives/edgar/data/10795/000119312513456802/0001193125-13-456802-index.htm,https://www.sec.gov/Archives/edgar/data/10795/000119312513456802/d573385d10k.htm,1620589258,15:40:58,20210509
8,2012-09-30,BDXB,USD,2012-09-30,2012-09-30,FY,7708382000,3755388000,3952994000,0.5128176055623606,471755000,1923354000.0,0.0,-1152000.0,2395109000,6150497000,134658000,510938000,2068823000,0.26838615418903733,1557885000,0.20210272402172078,-1152000.0,1472408000,0.19101388592314184,362880000,1169927000,0.1517733552903839,0.0,0.0,0.0,0.0,,,1620589258,15:40:58,20210509
9,2011-09-30,BDXB,USD,2011-09-30,2011-09-30,FY,7828904000,3737352000,4091552000,0.5226213017811944,476496000,1851774000.0,0.0,0.0,2328270000,6065622000,84019000,504089000,2267371000,0.2896153791130917,1763282000,0.225227183779492,-6209000.0,1716263000,0.21922136227497488,451411000,1270994000,0.1623463514177719,0.0,0.0,0.0,0.0,,,1620589258,15:40:58,20210509
10,2010-09-30,BDXB,USD,2010-09-30,2010-09-30,FY,7372333000,3543183000,3829150000,0.5193946068361264,430997000,1721356000.0,0.0,0.0,2152353000,5695536000,51263000,502113000,2178910000,0.29555230345672123,1676797000,0.22744455520389542,497000.0,1661160000,0.22532351699251785,484820000,1317610000,0.17872361435654086,0.0,0.0,0.0,0.0,,,1620589258,15:40:58,20210509
