,date,symbol,reportedCurrency,fillingDate,acceptedDate,period,revenue,costOfRevenue,grossProfit,grossProfitRatio,researchAndDevelopmentExpenses,generalAndAdministrativeExpenses,sellingAndMarketingExpenses,otherExpenses,operatingExpenses,costAndExpenses,interestExpense,depreciationAndAmortization,ebitda,ebitdaratio,operatingIncome,operatingIncomeRatio,totalOtherIncomeExpensesNet,incomeBeforeTax,incomeBeforeTaxRatio,incomeTaxExpense,netIncome,netIncomeRatio,eps,epsdiluted,weightedAverageShsOut,weightedAverageShsOutDil,link,finalLink,timestamp,est_time,est_date
0,2020-12-31,HMG,USD,2021-03-30,2021-03-30 08:58:31,FY,78317.0,0.0,78317.0,1.0,0.0,1121567.0,0.0,0.0,160900.0,160900.0,-30166.0,15398.0,-1143838.0,-14.605232580410384,-1159236.0,-14.801843788704879,-1159236.0,-1159236.0,-14.801843788704879,-23801.0,-1135435.0,-14.497937867895859,-1.1243355593580175,-1.1243355593580175,1009872.0,1009872.0,https://www.sec.gov/Archives/edgar/data/311817/000157587221000047/0001575872-21-000047-index.htm,https://www.sec.gov/Archives/edgar/data/311817/000157587221000047/hmg18_10k.htm,1620593140,16:45:40,20210509
1,2019-12-31,HMG,USD,2020-03-18,2020-03-18 15:26:01,FY,75387.0,139181.0,-63794.0,-0.8462201705864406,0.0,1126142.0,0.0,0.0,1141541.0,1280722.0,56300.0,15399.0,-1189936.0,-15.78436600474883,-1205335.0,-15.988631992253307,1088752.0,310269.0,4.11568307533129,29326.0,269870.0,3.579794924854418,0.27,0.27,1013292.0,1013292.0,https://www.sec.gov/Archives/edgar/data/311817/000157587220000062/0001575872-20-000062-index.htm,https://www.sec.gov/Archives/edgar/data/311817/000157587220000062/hmg10_10k.htm,1620593140,16:45:40,20210509
2,2018-12-31,HMG,USD,2019-03-28,2019-03-28 16:52:00,FY,72598.0,431614.0,-359016.0,-4.94526020000551,0.0,1154665.0,0.0,0.0,1170063.0,1601677.0,88822.0,15398.0,-1513681.0,-20.850174935948647,-1529079.0,-21.062274442822115,5321237.0,4089859.0,56.335697953111655,-38668.0,4121070.0,56.765613377779005,4.07,4.07,1011839.0,1011839.0,https://www.sec.gov/Archives/edgar/data/311817/000157587219000071/0001575872-19-000071-index.htm,https://www.sec.gov/Archives/edgar/data/311817/000157587219000071/hmg001_10k.htm,1620593140,16:45:40,20210509
3,2017-12-31,HMG,USD,2018-03-29,2018-03-29 16:16:20,FY,68321.0,199799.0,-131478.0,-1.924415626234979,0.0,1179406.0,0.0,0.0,1194804.0,1394603.0,68577.0,15398.0,-1310884.0,-19.18713133589965,-1326282.0,-19.41250859911301,628170.0,-294068.0,-4.304211003937296,10653.0,-314224.0,-4.599230104945771,-0.31,-0.31,1002392.0,1002392.0,https://www.sec.gov/Archives/edgar/data/311817/000157587218000051/0001575872-18-000051-index.htm,https://www.sec.gov/Archives/edgar/data/311817/000157587218000051/10k.htm,1620593140,16:45:40,20210509
4,2016-12-31,HMG,USD,2017-03-24,2017-03-24 16:34:06,FY,66030.0,103393.0,-37363.0,-0.5658488565803422,0.0,1278086.0,0.0,0.0,1293484.0,1396877.0,74688.0,15398.0,-1315449.0,-19.92199000454339,-1330847.0,-20.15518703619567,277071.0,-538337.0,-8.152915341511434,-112578.0,-431427.0,-6.533802816901408,-0.42,-0.42,1020084.0,1020084.0,https://www.sec.gov/Archives/edgar/data/311817/000157587217000037/0001575872-17-000037-index.htm,https://www.sec.gov/Archives/edgar/data/311817/000157587217000037/10k.htm,1620593140,16:45:40,20210509
5,2015-12-31,HMG,USD,2016-03-23,2016-03-23 14:51:09,FY,64800.0,114050.0,-49250.0,-0.7600308641975309,0.0,1656548.0,0.0,0.0,1671883.0,1785933.0,104939.0,15335.0,-1705798.0,-26.324043209876542,-1721133.0,-26.560694444444444,-29881.0,-1077936.0,-16.634814814814813,0.0,-1060339.0,-16.363256172839506,-1.02,-1.02,1040181.0,1040181.0,https://www.sec.gov/Archives/edgar/data/311817/000157587216000301/0001575872-16-000301-index.htm,https://www.sec.gov/Archives/edgar/data/311817/000157587216000301/10k.htm,1620593140,16:45:40,20210509
6,2014-12-31,HMG,USD,2015-03-31,2015-03-31 13:37:59,FY,76754.0,96039.0,-19285.0,-0.2512572634650963,0.0,1311394.0,0.0,0.0,1330829.0,1426868.0,91198.0,19435.0,-1330679.0,-17.33693358000886,-1350114.0,-17.590145139015558,768773.0,226944.0,2.9567709826197985,-8190.0,232873.0,3.0340177710607916,0.22,0.22,1049428.0,1049428.0,https://www.sec.gov/Archives/edgar/data/311817/000101905615000359/0001019056-15-000359-index.htm,https://www.sec.gov/Archives/edgar/data/311817/000101905615000359/hmg_10k14.htm,1620593140,16:45:40,20210509
7,2013-12-31,HMG,USD,2014-03-10,2014-03-10 15:06:43,FY,64142.0,73983.0,-9841.0,-0.15342521280907986,0.0,1626911.0,0.0,0.0,1643067.0,1717050.0,88427.0,16156.0,-1636752.0,-25.517632752330766,-1652908.0,-25.76951139658882,342928.0,-1166543.0,-18.18688223005207,0.0,15175987.0,236.59984097783044,15.11,15.08,1004599.0,1006067.0,https://www.sec.gov/Archives/edgar/data/311817/000101905614000356/0001019056-14-000356-index.htm,https://www.sec.gov/Archives/edgar/data/311817/000101905614000356/hmg_10k13.htm,1620593140,16:45:40,20210509
8,2012-12-31,HMG,USD,2013-03-22,2013-03-22 14:40:41,FY,8006279.0,4319091.0,3687188.0,0.4605370359938743,0.0,1633404.0,0.0,0.0,4377039.0,8696130.0,746949.0,678643.0,-11208.0,-0.0013999012525044406,-689851.0,-0.08616374722889372,493781.0,-799342.0,-0.09983938855990404,-66000.0,6311.0,0.0007882563173229411,0.01,0.01,1001593.0,1001593.0,https://www.sec.gov/Archives/edgar/data/311817/000101905613000421/0001019056-13-000421-index.htm,https://www.sec.gov/Archives/edgar/data/311817/000101905613000421/hmg_10k12.htm,1620593140,16:45:40,20210509
9,2011-12-31,HMG,USD,2012-03-30,2012-03-30 15:52:19,FY,9894064.0,7182398.0,2711666.0,0.27406998782300174,0.0,0.0,0.0,0.0,3070034.0,10252432.0,901992.0,1147525.0,789157.0,0.0797606524477707,-358368.0,-0.03622050554756873,-275899.0,-1303188.0,-0.13171412677338654,-152000.0,-940096.0,-0.09501616322675899,-0.93,-0.93,1010426.0,1010426.0,https://www.sec.gov/Archives/edgar/data/311817/000101905612000430/0001019056-12-000430-index.htm,https://www.sec.gov/Archives/edgar/data/311817/000101905612000430/hmg_10k11.htm,1620593140,16:45:40,20210509
10,2010-12-31,HMG,USD,2011-03-31,2011-03-31 16:16:08,FY,9643026.0,6850644.0,2792382.0,0.28957528477056893,0.0,1888690.0,0.0,0.0,2901037.0,9751681.0,1057990.0,1012347.0,903692.0,0.09371456636122312,-108655.0,-0.01126772861547817,-1596202.0,-2432742.0,-0.2522799378535327,-22000.0,-1334797.0,-0.1384209686876298,-1.31,-1.31,1019571.0,1019571.0,https://www.sec.gov/Archives/edgar/data/311817/000095015911000224/0000950159-11-000224-index.htm,https://www.sec.gov/Archives/edgar/data/311817/000095015911000224/hmg10k.htm,1620593140,16:45:40,20210509
11,2009-12-31,HMG,USD,2010-03-31,2010-03-31 13:12:50,FY,10267760.0,7422668.0,2845092.0,0.27708984238042184,0.0,1899847.0,0.0,0.0,3218176.0,10640844.0,1111944.0,1318329.0,945245.0,0.09205951444131924,-373084.0,-0.036335481156552156,856445.0,-213166.0,-0.020760711196989412,-92000.0,-85259.0,-0.008303563776325119,-0.08,-0.08,1021408.0,1021408.0,https://www.sec.gov/Archives/edgar/data/311817/000095015910000253/0000950159-10-000253-index.htm,https://www.sec.gov/Archives/edgar/data/311817/000095015910000253/hmg10k.htm,1620593140,16:45:40,20210509
12,2008-12-31,HMG,USD,2009-03-31,2009-03-31 11:59:25,FY,10933162.0,7975054.0,2958108.0,0.270562898455177,0.0,1760550.0,0.0,0.0,3145478.0,11120532.0,1332706.0,1384928.0,1197558.0,0.10953446038758047,-187370.0,-0.01713776856137319,-808288.0,-1747071.0,-0.1597955833820079,-130000.0,-1617071.0,-0.14790515314782676,-1.58,-1.58,1023919.0,1023919.0,https://www.sec.gov/Archives/edgar/data/311817/000095015909000931/0000950159-09-000931-index.htm,https://www.sec.gov/Archives/edgar/data/311817/000095015909000931/hmg10k.htm,1620593140,16:45:40,20210509
13,2007-12-31,HMG,USD,2008-03-14,2008-03-14 16:31:25,FY,10343862.0,1719911.0,8623951.0,0.8337264166904006,0.0,346884.0,0.0,0.0,9553415.0,11273326.0,1594246.0,1298047.0,368583.0,0.035633015985712106,-929464.0,-0.08985657387927255,841454.0,-599596.0,-0.05796635724645205,-157000.0,-442596.0,-0.04278827385748186,-0.43,-0.43,1023955.0,1023955.0,https://www.sec.gov/Archives/edgar/data/311817/000095015908000513/0000950159-08-000513-index.htm,https://www.sec.gov/Archives/edgar/data/311817/000095015908000513/hmg10ksb2007.htm,1620593140,16:45:40,20210509
14,2006-12-31,HMG,USD,2007-03-30,2007-03-30 11:03:15,FY,11340718.0,1810560.0,9530158.0,0.8403487327698299,0.0,327323.0,0.0,0.0,9296032.0,11106592.0,1671340.0,1156845.0,1390971.0,0.12265281616208075,234126.0,0.020644724610910877,788531.0,-648683.0,-0.05719946479579159,12000.0,-660683.0,-0.05825759885749738,-0.6411851992752392,-0.6398346284660619,1030409.0,1032584.0,https://www.sec.gov/Archives/edgar/data/311817/000095015907000446/0000950159-07-000446-index.htm,https://www.sec.gov/Archives/edgar/data/311817/000095015907000446/hmg10ksb.htm,1620593140,16:45:40,20210509
15,2005-12-31,HMG,USD,2006-03-31,2006-03-31 11:17:53,FY,9580743.0,1612851.0,7967892.0,0.8316570019673839,0.0,303757.0,0.0,0.0,7382806.0,8995657.0,1412034.0,927590.0,1512676.0,0.15788712837824792,585086.0,0.061068958847972435,119303.0,-707645.0,-0.07386118174759515,-305000.0,-402645.0,-0.04202649001230906,-0.37309097176278294,-0.3630497095295759,1079214.0,1109063.0,https://www.sec.gov/Archives/edgar/data/311817/000095015906000511/0000950159-06-000511-index.htm,https://www.sec.gov/Archives/edgar/data/311817/000095015906000511/hmg200510k.htm,1620593140,16:45:40,20210509
16,2004-12-31,HMG,USD,2004-12-31,2004-12-31,FY,5471665.0,537319.0,4934346.0,0.9017997264086891,0.0,288716.0,0.0,0.0,4348950.0,4886269.0,723410.0,617324.0,1202720.0,0.21980877849795263,585396.0,0.10698681297191988,2356566.0,2218552.0,0.4054619571921892,700000.0,1518552.0,0.27753014850141594,1.39,1.37,1089135.0,1112417.0,,,1620593140,16:45:40,20210509
17,2003-12-31,HMG,USD,2003-12-31,2003-12-31,FY,2161324.0,0.0,0.0,0.0,0.0,271422.0,0.0,0.0,2931549.0,2931549.0,488370.0,585432.0,-184793.0,-0.08549990653876975,-770225.0,-0.35636720824827745,1455630.0,503789.0,0.2330927709126443,323000.0,180789.0,0.08364733839072716,0.17,0.165105,1089135.0,1094993.0,,,1620593140,16:45:40,20210509
18,2002-12-31,HMG,USD,2002-12-31,2002-12-31,FY,2091033.0,0.0,0.0,0.0,0.0,209172.0,0.0,0.0,2510371.0,2510371.0,535596.0,603467.0,184129.0,0.08805647734875538,-419338.0,-0.2005410722834121,-1776010.0,-2433464.0,-1.1637616431687114,-869074.0,-1564390.0,-0.7481421861826189,-1.44,-1.44,1089135.0,1089135.0,,,1620593140,16:45:40,20210509
19,2001-12-31,HMG,USD,2001-12-31,2001-12-31,FY,653068.0,0.0,0.0,0.0,0.0,206632.0,0.0,0.0,2828834.0,2828834.0,704052.0,592589.0,-1583177.0,-2.4242146300232137,-2175766.0,-3.3316071220761083,2014041.0,-865777.0,-1.3257072770370006,-188000.0,-677777.0,-1.037835263709139,-0.62,-0.62,1093189.0,1093189.0,,,1620593140,16:45:40,20210509
20,2000-12-31,HMG,USD,2000-12-31,2000-12-31,FY,6808844.0,0.0,0.0,0.0,0.0,194852.0,0.0,0.0,3010714.0,3010714.0,874446.0,676377.0,4474507.0,0.6571610393776095,3798130.0,0.557823031339828,900963.0,3824647.0,0.5617175250306807,-126000.0,3950647.0,0.5802228689627784,3.71,3.68,1064864.0,1073545.0,,,1620593140,16:45:40,20210509
21,1999-12-31,HMG,USD,1999-12-31,1999-12-31,FY,5391140.0,0.0,0.0,0.0,0.0,233925.0,0.0,0.0,4231600.0,4231600.0,0.0,878261.0,2037801.0,0.3779907403628917,1159540.0,0.21508252428985336,4675726.0,5029069.0,0.932839622046543,465000.0,4564069.0,0.8465869927325204,4.159999890623918,4.153303163797284,1097132.0,1098901.0,,,1620593140,16:45:40,20210509
22,1998-12-31,HMG,USD,1998-12-31,1998-12-31,FY,4500000.0,0.0,0.0,0.0,0.0,500000.0,0.0,0.0,-3900000.0,-3900000.0,900000.0,1000000.0,9400000.0,2.088888888888889,8400000.0,1.8666666666666667,1500000.0,0.0,0.0,0.0,-900000.0,-0.2,-0.82,-0.82,1097561.0,1097561.0,,,1620593140,16:45:40,20210509
23,1997-12-31,HMG,USD,1997-12-31,1997-12-31,FY,5800000.0,0.0,0.0,0.0,0.0,1000000.0,0.0,0.0,-3500000.0,-3500000.0,0.0,1100000.0,10400000.0,1.793103448275862,9300000.0,1.603448275862069,0.0,0.0,0.0,0.0,500000.0,0.08620689655172414,0.47,0.47,1063830.0,1063830.0,,,1620593140,16:45:40,20210509
24,1996-12-31,HMG,USD,1996-12-31,1996-12-31,FY,9500000.0,0.0,0.0,0.0,0.0,0.0,0.0,0.0,-10700000.0,-10700000.0,1000000.0,1200000.0,21400000.0,2.2526315789473683,20200000.0,2.126315789473684,0.0,0.0,0.0,0.0,-2100000.0,-0.22105263157894736,-1.82,-1.82,1153846.0,1153846.0,,,1620593140,16:45:40,20210509
25,1995-12-31,HMG,USD,1995-12-31,1995-12-31,FY,9700000.0,0.0,0.0,0.0,0.0,0.0,0.0,0.0,-13800000.0,-13800000.0,800000.0,1300000.0,24800000.0,2.556701030927835,23500000.0,2.422680412371134,0.0,0.0,0.0,0.0,-3500000.0,-0.36082474226804123,-3.04,-3.04,1151316.0,1151316.0,,,1620593140,16:45:40,20210509
