,date,symbol,reportedCurrency,fillingDate,acceptedDate,period,revenue,costOfRevenue,grossProfit,grossProfitRatio,researchAndDevelopmentExpenses,generalAndAdministrativeExpenses,sellingAndMarketingExpenses,otherExpenses,operatingExpenses,costAndExpenses,interestExpense,depreciationAndAmortization,ebitda,ebitdaratio,operatingIncome,operatingIncomeRatio,totalOtherIncomeExpensesNet,incomeBeforeTax,incomeBeforeTaxRatio,incomeTaxExpense,netIncome,netIncomeRatio,eps,epsdiluted,weightedAverageShsOut,weightedAverageShsOutDil,link,finalLink,timestamp,est_time,est_date
0,2017-12-31,CVG,USD,2018-02-21 00:00:00,2018-02-21 16:31:40,FY,2792100000,1734900000,1057200000,0.37863973353389924,0.0,699000000,0.0,900000.0,833000000,2567900000,18300000.0,134000000,358200000,0.12829053400666166,224200000,0.08029798359657606,-26100000.0,179800000,0.06439597435621933,58400000.0,121400000,0.04347981805809247,1.3,1.22,93200000,99900000,https://www.sec.gov/Archives/edgar/data/1062047/000106204718000012/0001062047-18-000012-index.html,https://www.sec.gov/Archives/edgar/data/1062047/000106204718000012/cvg20171231-10k.htm,1620590860,16:07:40,20210509
1,2016-12-31,CVG,USD,2017-02-22 00:00:00,2017-02-22 16:21:19,FY,2913600000,1865900000,1047700000,0.3595895112575508,122200000.0,682300000,0.0,-900000.0,832600000,2698500000,18100000.0,150300000,365400000,0.12541186161449752,215100000,0.07382619439868204,-11100000.0,185900000,0.06380422844590884,52900000.0,143000000,0.04908017572762219,1.49,1.4,95800000,102500000,https://www.sec.gov/Archives/edgar/data/1062047/000106204717000014/0001062047-17-000014-index.html,https://www.sec.gov/Archives/edgar/data/1062047/000106204717000014/cvg20161231-10k.htm,1620590860,16:07:40,20210509
2,2015-12-31,CVG,USD,2016-02-23 00:00:00,2016-02-23 16:36:12,FY,2950600000,1877500000,1073100000,0.3636887412729614,7100000.0,684600000,0.0,800000.0,860200000,2737700000,18200000.0,168500000,381400000,0.12926184504846472,212900000,0.0721548159696333,-17700000.0,177000000,0.05998779909171016,8600000.0,169000000,0.057276486138412526,1.73,1.61,98100000,104700000,https://www.sec.gov/Archives/edgar/data/1062047/000106204716000032/0001062047-16-000032-index.html,https://www.sec.gov/Archives/edgar/data/1062047/000106204716000032/cvg20151231-10k.htm,1620590860,16:07:40,20210509
3,2014-12-31,CVG,USD,2015-02-18,2015-02-18 16:27:12,FY,2855500000,1814500000,1041000000,0.36455962178252493,7700000.0,677100000,0.0,-2200000.0,852400000,2666900000,19300000.0,167600000,356200000,0.12474172649273332,188600000,0.06604797758711259,-40000000.0,129300000,0.045281036596042726,12800000.0,120000000,0.042024163894239186,1.19,1.13,100700000,106200000,https://www.sec.gov/Archives/edgar/data/1062047/000106204715000006/0001062047-15-000006-index.htm,https://www.sec.gov/Archives/edgar/data/1062047/000106204715000006/cvg20141231-10k.htm,1620590860,16:07:40,20210509
4,2013-12-31,CVG,USD,2014-02-28,2014-02-28 09:29:50,FY,2046100000,1335100000,711000000,0.3474903474903475,8200000.0,467700000,0.0,5100000.0,566700000,1901800000,11500000.0,90800000,235100000,0.1149015199648111,144300000,0.0705244122965642,-1800000.0,131000000,0.06402424123943111,26100000.0,107300000,0.05244122965641953,1.04,0.98,103300000,109200000,https://www.sec.gov/Archives/edgar/data/1062047/000106204714000004/0001062047-14-000004-index.htm,https://www.sec.gov/Archives/edgar/data/1062047/000106204714000004/cvg20131231-10k.htm,1620590860,16:07:40,20210509
5,2012-12-31,CVG,USD,2013-02-21 00:00:00,2013-02-21 16:48:03,FY,2005000000,1289500000,715500000,0.35685785536159603,10800000.0,477200000,0.0,4300000.0,576700000,1866200000,13600000.0,88700000,227500000,0.11346633416458853,138800000,0.06922693266832917,-95900000.0,29300000,0.014613466334164589,1100000.0,100600000,0.050174563591022445,0.9,0.86,112200000,117100000,https://www.sec.gov/Archives/edgar/data/1062047/000106204713000002/0001062047-13-000002-index.html,https://www.sec.gov/Archives/edgar/data/1062047/000106204713000002/cvg20121231-10k.htm,1620590860,16:07:40,20210509
6,2011-12-31,CVG,USD,2012-02-23 00:00:00,2012-02-22 18:53:44,FY,2262000000,1420500000,841500000,0.3720159151193634,49300000.0,527400000,0.0,0.0,673200000,2093700000,16100000.0,96500000,264800000,0.11706454465075154,168300000,0.07440318302387268,295000000.0,447200000,0.19770114942528735,118900000.0,334800000,0.14801061007957558,2.79,2.72,120200000,122900000,https://www.sec.gov/Archives/edgar/data/1062047/000106204712000003/0001062047-12-000003-index.html,https://www.sec.gov/Archives/edgar/data/1062047/000106204712000003/cvg20111231-10k.htm,1620590860,16:07:40,20210509
7,2010-12-31,CVG,USD,2011-02-25,2011-02-24 18:20:02,FY,2203400000,1340900000,862500000,0.3914405010438413,56200000.0,575700000,0.0,0.0,739300000,2080200000,19500000.0,107400000,230600000,0.10465644004719978,123200000,0.05591358809113189,-161700000.0,-58000000,-0.026322955432513388,16700000.0,-53200000,-0.024144503948443315,-0.43,-0.43,123100000,123100000,https://www.sec.gov/Archives/edgar/data/1062047/000119312511045717/0001193125-11-045717-index.htm,https://www.sec.gov/Archives/edgar/data/1062047/000119312511045717/d10k.htm,1620590860,16:07:40,20210509
8,2009-12-31,CVG,USD,2010-02-26 00:00:00,2010-02-26 10:16:16,FY,2827200000,1925800000,901400000,0.31883135257498585,74200000.0,648800000,0.0,0.0,853600000,2779400000,28900000.0,130600000,178400000,0.06310130164119977,47800000,0.016907187323146576,-136500000.0,-117600000,-0.04159592529711375,-40300000.0,-77300000,-0.027341539332201473,-0.63,-0.63,122800000,122800000,https://www.sec.gov/Archives/edgar/data/1062047/000119312510041928/0001193125-10-041928-index.html,https://www.sec.gov/Archives/edgar/data/1062047/000119312510041928/d10k.htm,1620590860,16:07:40,20210509
9,2008-12-31,CVG,USD,2009-02-27 00:00:00,2009-02-27 08:46:23,FY,2785800000,1892900000,892900000,0.3205183430253428,54900000.0,593800000,0.0,0.0,781200000,2674100000,22600000.0,132500000,244200000,0.08765884126642257,111700000,0.04009620216813842,-253000000.0,-163900000,-0.058834087156292625,-71000000.0,-92900000,-0.03334769186589131,-0.7522267206477733,-0.7384737678855325,123500000,125800000,https://www.sec.gov/Archives/edgar/data/1062047/000119312509040111/0001193125-09-040111-index.html,https://www.sec.gov/Archives/edgar/data/1062047/000119312509040111/d10k.htm,1620590860,16:07:40,20210509
10,2007-12-31,CVG,USD,2008-02-28,2008-02-28 16:06:36,FY,2844300000,1837900000,1006400000,0.35383046795345074,73400000.0,554900000,0.0,0.0,758200000,2596100000,17500000.0,129900000,378100000,0.13293253173012692,248200000,0.08726224378581725,14900000.0,245600000,0.08634813486622367,76100000.0,169500000,0.05959286995042717,1.26,1.23,134100000,137700000,https://www.sec.gov/Archives/edgar/data/1062047/000119312508041742/0001193125-08-041742-index.htm,https://www.sec.gov/Archives/edgar/data/1062047/000119312508041742/d10k.htm,1620590860,16:07:40,20210509
11,2006-12-31,CVG,USD,2007-02-28,2007-02-28 16:35:34,FY,2789800000,1754800000,1035000000,0.37099433651157787,84900000.0,542000000,0.0,0.0,769600000,2524400000,22800000.0,142700000,408100000,0.14628288766219802,265400000,0.09513226754606065,2000000.0,244600000,0.08767653595239802,78400000.0,166200000,0.059574163022438884,1.2,1.17,138400000,141700000,https://www.sec.gov/Archives/edgar/data/1062047/000119312507042682/0001193125-07-042682-index.htm,https://www.sec.gov/Archives/edgar/data/1062047/000119312507042682/d10k.htm,1620590860,16:07:40,20210509
12,2005-12-31,CVG,USD,2006-03-06,2006-03-06 16:21:50,FY,2582100000,1583000000,999100000,0.38693311645559814,76900000.0,530100000,0.0,0.0,754300000,2337300000,21200000.0,147300000,392100000,0.1518531427907517,244800000,0.0948065528058557,-10200000.0,213400000,0.08264590836915689,90800000.0,122600000,0.047480732736919565,0.88,0.86,140000000,142900000,https://www.sec.gov/Archives/edgar/data/1062047/000119312506046129/0001193125-06-046129-index.htm,https://www.sec.gov/Archives/edgar/data/1062047/000119312506046129/d10k.htm,1620590860,16:07:40,20210509
13,2004-12-31,CVG,USD,2005-03-03 00:00:00,2005-03-03 16:34:42,FY,2487700000,1542000000,945700000,0.3801503396711822,77500000.0,511100000,0.0,0.0,729800000,2271800000,10300000.0,141200000,357100000,0.1435462475378864,215900000,0.08678699200064316,-32200000.0,173400000,0.06970293845720947,61900000.0,111500000,0.04482051694336134,0.79,0.77,141400000,145400000,https://www.sec.gov/Archives/edgar/data/1062047/000119312505041709/0001193125-05-041709-index.html,https://www.sec.gov/Archives/edgar/data/1062047/000119312505041709/d10k.htm,1620590860,16:07:40,20210509
14,2003-12-31,CVG,USD,2004-03-05 00:00:00,2004-03-05 17:00:54,FY,2288800000,1320900000,967900000,0.4228853547710591,94300000.0,458200000,0.0,0.0,676500000,1997400000,6900000.0,124000000,415400000,0.18149248514505417,291400000,0.12731562390772458,-12900000.0,271600000,0.11866480251660258,100000000.0,195700000,0.08550332051730164,1.18,1.15,145700000,148800000,https://www.sec.gov/Archives/edgar/data/1062047/000119312504035621/0001193125-04-035621-index.html,https://www.sec.gov/Archives/edgar/data/1062047/000119312504035621/d10k.htm,1620590860,16:07:40,20210509
15,2002-12-31,CVG,USD,2003-03-06,2003-03-06 17:29:53,FY,2286200000,1264900000,1021300000,0.4467238211879975,113700000.0,409500000,0.0,0.0,660300000,1925200000,11000000.0,137100000,498100000,0.21787245210392792,361000000,0.15790394541160002,-105600000.0,244400000,0.10690228326480623,98500000.0,145900000,0.0638176887411425,0.9,0.88,162900000,166100000,https://www.sec.gov/Archives/edgar/data/1062047/000102140803003816/0001021408-03-003816-index.htm,https://www.sec.gov/Archives/edgar/data/1062047/000102140803003816/d10k.htm,1620590860,16:07:40,20210509
16,2001-12-31,CVG,USD,2001-12-31,2001-12-31,FY,2320600000,1268700000,1051900000,0.45328794277342066,115900000.0,393300000,0.0,0.0,717300000,1986000000,20000000.0,176300000,510900000,0.22015857967766958,334600000,0.14418684822890632,-91500000.0,254900000,0.10984228216840472,116100000.0,138800000,0.05981211755580453,0.82,0.8,169400000,174400000,,,1620590860,16:07:40,20210509
17,2000-12-31,CVG,USD,2000-12-31,2000-12-31,FY,2162500000,1216400000,946100000,0.43750289017341043,94600000.0,362500000,0.0,0.0,617900000,1834300000,32900000.0,160800000,489000000,0.2261271676300578,328200000,0.15176878612716763,21700000.0,317000000,0.14658959537572255,122300000.0,194700000,0.09003468208092485,1.28,1.23,152700000,158000000,,,1620590860,16:07:40,20210509
18,1999-12-31,CVG,USD,1999-12-31,1999-12-31,FY,1762900000,996100000,766800000,0.43496511430030066,87200000.0,291300000,0.0,0.0,508800000,1504900000,32500000.0,130300000,388300000,0.22026206818310737,258000000,0.14634976459243293,-3000000.0,222500000,0.12621249078223382,85500000.0,137600000,0.07805320778263089,0.9,0.89,151600000,154500000,,,1620590860,16:07:40,20210509
19,1998-12-31,CVG,USD,1998-12-31,1998-12-31,FY,1447200000,826400000,620800000,0.42896627971254836,81900000.0,226000000,0.0,0.0,409200000,1235600000,33900000.0,101300000,312900000,0.2162106135986733,211600000,0.14621337755666114,-47100000.0,130600000,0.0902432283029298,49600000.0,81000000,0.055970149253731345,0.5676243868255081,0.5668299510146956,142700000,142900000,,,1620590860,16:07:40,20210509
20,1997-12-31,CVG,USD,1997-12-31,1997-12-31,FY,987500000,532300000,455200000,0.4609620253164557,76500000.0,158700000,0.0,0.0,296200000,828500000,5400000.0,61000000,220000000,0.22278481012658227,159000000,0.1610126582278481,-23000000.0,130600000,0.13225316455696204,44000000.0,86600000,0.08769620253164558,0.63,0.63,13700000,13700000,,,1620590860,16:07:40,20210509
