,date,symbol,reportedCurrency,fillingDate,acceptedDate,period,revenue,costOfRevenue,grossProfit,grossProfitRatio,researchAndDevelopmentExpenses,generalAndAdministrativeExpenses,sellingAndMarketingExpenses,otherExpenses,operatingExpenses,costAndExpenses,interestExpense,depreciationAndAmortization,ebitda,ebitdaratio,operatingIncome,operatingIncomeRatio,totalOtherIncomeExpensesNet,incomeBeforeTax,incomeBeforeTaxRatio,incomeTaxExpense,netIncome,netIncomeRatio,eps,epsdiluted,weightedAverageShsOut,weightedAverageShsOutDil,link,finalLink,timestamp,est_time,est_date
0,2020-08-31,API.AX,AUD,2020-08-31,2020-08-31,FY,4019525000,3545031000.0,474494000,0.11804728170617175,0.0,111444000.0,335588000.0,8962000.0,447032000.0,0.0,13323000.0,0.0,36112000.0,0.008984146136670378,27462000.0,0.006832150565054328,-28474000.0,-14647000,-0.0036439629060647715,-6710000.0,-8395000.0,-0.0020885552397360385,-0.017045131528721908,-0.017045131528721908,492516000,492516000,,,1620588620,15:30:20,20210509
1,2019-08-31,API.AX,AUD,2019-08-31,2019-08-31,FY,4010725000,3492420000.0,518305000,0.12922975272550474,0.0,92293000.0,359491000.0,21507000.0,451784000.0,0.0,20649000.0,0.0,94136000.0,0.02347106819839306,66521000.0,0.01658577937903995,21760000.0,73740000,0.01838570333293856,17163000.0,55109000.0,0.01374040852962993,0.112,0.111,492516000,496477477,,,1620588620,15:30:20,20210509
2,2018-08-31,API.AX,AUD,2018-08-31,2018-08-31,FY,4026302000,3529592000.0,496710000,0.12336630486237744,0.0,93049000.0,330154000.0,3000.0,423203000.0,0.0,12441000.0,28176000.0,101683000.0,0.025254687800368675,73507000.0,0.01825670304910064,3000.0,70027000,0.017392386363467023,21825000.0,48056000.0,0.011935518001381913,0.098,0.097,491975000,495422680,,,1620588620,15:30:20,20210509
3,2017-08-31,API.AX,AUD,2017-08-31,2017-08-31,FY,4061200000,3567817000.0,493383000,0.12148699891657638,0.0,87021000.0,323047000.0,-67000.0,410068000.0,0.0,12928000.0,28624000.0,111939000.0,0.027563035555993303,83315000.0,0.02051487245149217,-17000.0,76412000,0.01881512853343839,24041000.0,52371000.0,0.012895449620801733,0.107,0.106,489704000,494066038,,,1620588620,15:30:20,20210509
4,2016-08-31,API.AX,AUD,2016-08-31,2016-08-31,FY,3839987000,3362053000.0,477934000,0.12446240052375178,0.0,89840000.0,306584000.0,4316000.0,396424000.0,0.0,16727000.0,0.0,84331000.0,0.021961272264723813,81510000.0,0.021226634361001744,3184000.0,68909000,0.01794511283501741,17239000.0,51670000.0,0.013455774720070666,0.106,0.105,488911000,492095238,,,1620588620,15:30:20,20210509
5,2015-08-31,API.AX,AUD,2015-08-31,2015-08-31,FY,3457400000,3003613000.0,453787000,0.13125094001272633,0.0,86836000.0,298341000.0,111000.0,385177000.0,0.0,14807000.0,0.0,73916000.0,0.021379070978191705,68610000.0,0.019844391739457394,26000.0,59455000,0.017196448198067912,16329000.0,43126000.0,0.012473535026320356,0.088,0.087,488116000,495701149,,,1620588620,15:30:20,20210509
6,2014-08-31,API.AX,AUD,2014-08-31,2014-08-31,FY,3345946000,2914142000.0,431804000,0.12905288967604378,0.0,75060000.0,298250000.0,5545000.0,425310000.0,0.0,18881000.0,18245000.0,24739000.0,0.007393723628534352,6494000.0,0.0019408561883545042,-73458000.0,-85044000,-0.02541702705303672,5727000.0,-90771000.0,-0.027128650611815016,-0.186,-0.186,488116000,488116000,,,1620588620,15:30:20,20210509
7,2013-08-31,API.AX,AUD,2013-08-31,2013-08-31,FY,3186143000,2781892000.0,404251000,0.12687785827566433,0.0,71676000.0,293328000.0,-260000.0,365004000.0,0.0,22338000.0,18169000.0,57416000.0,0.01802053454600123,39247000.0,0.012318028412409613,682000.0,35028000,0.01099385683567875,10736000.0,24292000.0,0.007624265451990071,0.05,0.05,488116000,488116000,,,1620588620,15:30:20,20210509
8,2012-08-31,API.AX,AUD,2012-08-31,2012-08-31,FY,3215234000,2826212000.0,389022000,0.12099337093349971,0.0,68596000.0,284404000.0,15616000.0,353000000.0,0.0,27028000.0,20165000.0,56187000.0,0.01747524441455894,36022000.0,0.011203539151427237,16180000.0,43426000,0.013506326444669346,13143000.0,30283000.0,0.00941859908174646,0.062,0.062,488116000,488116000,,,1620588620,15:30:20,20210509
9,2011-08-31,API.AX,AUD,2011-08-31,2011-08-31,FY,3425890000,3056098000.0,369792000,0.1079404184022254,0.0,65557000.0,269049000.0,55633000.0,334606000.0,0.0,27604000.0,20239000.0,55425000.0,0.016178277761399226,35186000.0,0.010270615810782016,-40620000.0,-29977000,-0.008750135001415691,-6667000.0,-23310000.0,-0.006804071350802274,-0.048,-0.048,488115883,488115883,,,1620588620,15:30:20,20210509
10,2010-08-31,API.AX,AUD,2010-08-31,2010-08-31,FY,3713312000,3338186000.0,375126000,0.10102194482984463,0.0,63922000.0,265913000.0,108000.0,329835000.0,0.0,25898000.0,18546000.0,63837000.0,0.01719139140476211,45291000.0,0.012196928240880379,4347000.0,35668000,0.00960544118027249,13022000.0,22646000.0,0.006098598771123999,0.051,0.051,440943323,440943323,,,1620588620,15:30:20,20210509
11,2009-08-31,API.AX,AUD,2009-08-31,2009-08-31,FY,3549734000,3180802000.0,368932000,0.10393229464517623,0.0,70604000.0,254951000.0,6081000.0,325555000.0,0.0,25345000.0,16148000.0,59525000.0,0.01676886211755585,43377000.0,0.012219788863052838,5368000.0,27176000,0.007655784912334276,8578000.0,18598000.0,0.0052392658154103945,0.060941,0.060941,304047116,304047116,,,1620588620,15:30:20,20210509
12,2008-08-31,API.AX,AUD,2008-08-31,2008-08-31,FY,3238879000,2875540000.0,363339000,0.11218047972770825,0.0,71174000.0,254149000.0,11703000.0,325323000.0,0.0,31740000.0,0.0,52709000.0,0.01627384042441845,38016000.0,0.011737394326864325,9509000.0,20969000,0.00647415355744997,5756000.0,15213000.0,0.004696995472816367,0.049938,0.049938,304047116,304047116,,,1620588620,15:30:20,20210509
13,2007-04-30,API.AX,AUD,2007-04-30,2007-04-30,FY,2648989000,2321396000.0,327593000,0.12366718019591626,0.0,74524000.0,258508000.0,252000.0,333032000.0,0.0,23850000.0,0.0,-4254000.0,-0.0016058956832210327,-5439000.0,-0.002053236159153549,9968000.0,-15843000,-0.00598077228708764,-4358000.0,-11270000.0,-0.004254453302750596,-0.037242,-0.037242,304047116,304047116,,,1620588620,15:30:20,20210509
14,2006-04-30,API.AX,AUD,2006-04-30,2006-04-30,FY,2582144000,2231242000.0,350902000,0.13589559683735686,2207000.0,60658000.0,237998000.0,1789000.0,298656000.0,0.0,15569000.0,0.0,56622000.0,0.021928289049719923,52246000.0,0.02023357334060378,-12541000.0,26414000,0.01022948371585783,7775000.0,20561000.0,0.007962762727407922,0.061787,0.061787,304046578,304046578,,,1620588620,15:30:20,20210509
15,2005-04-30,API.AX,AUD,2005-04-30,2005-04-30,FY,3411241000,3040011000.0,371230000,0.10882549781736324,0.0,103021000.0,226528000.0,13335000.0,329549000.0,0.0,10338000.0,0.0,54255000.0,0.015904768968243523,41681000.0,0.012218720401167785,5000.0,43917000,0.012874200327681334,43917000.0,29721000.0,0.00871266498028137,0.104108,0.104108,286611337,286611337,,,1620588620,15:30:20,20210509
16,2004-04-30,API.AX,AUD,2004-04-30,2004-04-30,FY,2942170000,2680940000.0,261230000,0.08878820734355934,0.0,77648000.0,153029000.0,1576000.0,230677000.0,0.0,5164000.0,12882000.0,43435000.0,0.014762913087958887,30553000.0,0.01038451211180863,1677000.0,27380000,0.009306056414143303,27380000.0,0.0,0.0,0.069405,0.069405,266252535,266252535,,,1620588620,15:30:20,20210509
17,2003-04-30,API.AX,AUD,2003-04-30,2003-04-30,FY,2473191000,2253097000.0,220094000,0.08899191368559889,0.0,94419000.0,92926000.0,1695000.0,187345000.0,0.0,8798000.0,0.0,44888000.0,0.01814983153343191,32749000.0,0.013241597595980254,1929000.0,36090000,0.014592483961004226,36090000.0,23567000.0,0.009528985023801236,0.093104,0.093104,252860542,252860542,,,1620588620,15:30:20,20210509
18,2002-04-30,API.AX,AUD,2002-04-30,2002-04-30,FY,1907774000,1750091000.0,157683000,0.0826528718810509,0.0,51109000.0,61495000.0,243000.0,112604000.0,0.0,5477000.0,6818000.0,51897000.0,0.02720290768193717,45079000.0,0.02362910910831157,243000.0,50006000,0.02621170012800258,50006000.0,34657000.0,0.018166197882977752,0.148967,0.148967,232485165,232485165,,,1620588620,15:30:20,20210509
19,2001-04-30,API.AX,AUD,2001-04-30,2001-04-30,FY,1645457000,0.0,1645457000,1.0,0.0,0.0,0.0,-1639053000.0,6404000.0,0.0,4074000.0,6404000.0,1645457000.0,1.0,1639053000.0,0.9961080721039809,-1639053000.0,44538000,0.027067252441115144,44538000.0,28586000.0,0.017372681267271036,0.124421,0.124421,229266336,229266336,,,1620588620,15:30:20,20210509
20,2000-04-30,API.AX,AUD,2000-04-30,2000-04-30,FY,1237141000,0.0,1237141000,1.0,0.0,568000.0,0.0,-1233124000.0,4017000.0,0.0,1596000.0,4017000.0,1237141000.0,1.0,1233124000.0,0.9967529974352155,-122000.0,41301000,0.03338423025346343,41301000.0,26578000.0,0.021483404074394107,0.153199,0.153199,173254383,173254383,,,1620588620,15:30:20,20210509
21,1999-04-30,API.AX,AUD,1999-04-30,1999-04-30,FY,1162683016,0.0,1162683016,1.0,0.0,0.0,0.0,-1162683016.0,6689000.0,0.0,1934000.0,3639000.0,1166322016.0,1.0031298298417735,1162683016.0,1.0,-1162683016.0,37530000,0.032278789217301165,37530000.0,25970000.0,0.022336268477839365,0.152353,0.152353,170573096,170573096,,,1620588620,15:30:20,20210509
22,1998-04-30,API.AX,AUD,1998-04-30,1998-04-30,FY,1007355000,0.0,1007355000,1.0,0.0,0.0,0.0,-1007355000.0,5671000.0,0.0,940000.0,3578000.0,1010933000.0,1.0035518759523703,1007355000.0,1.0,-1007355000.0,29465000,0.029249867226548733,29465000.0,18645000.0,0.018508867281147163,0.110032,0.110032,169450063,169450063,,,1620588620,15:30:20,20210509
23,1997-04-30,API.AX,AUD,1997-04-30,1997-04-30,FY,868261000,0.0,868261000,1.0,0.0,0.0,0.0,-868261000.0,4733000.0,0.0,239000.0,3003000.0,871264000.0,1.0034586374373604,868261000.0,1.0,-868261000.0,26023000,0.02997140260820191,26023000.0,23940000.0,0.02757235439574045,0.147274,0.147274,162553976,162553976,,,1620588620,15:30:20,20210509
