,date,symbol,reportedCurrency,fillingDate,acceptedDate,period,revenue,costOfRevenue,grossProfit,grossProfitRatio,researchAndDevelopmentExpenses,generalAndAdministrativeExpenses,sellingAndMarketingExpenses,otherExpenses,operatingExpenses,costAndExpenses,interestExpense,depreciationAndAmortization,ebitda,ebitdaratio,operatingIncome,operatingIncomeRatio,totalOtherIncomeExpensesNet,incomeBeforeTax,incomeBeforeTaxRatio,incomeTaxExpense,netIncome,netIncomeRatio,eps,epsdiluted,weightedAverageShsOut,weightedAverageShsOutDil,link,finalLink,timestamp,est_time,est_date
0,2020-06-30,SAM.AX,AUD,2020-06-30,2020-06-30,FY,-130015.0,0.0,0.0,0.0,0.0,19000.0,0.0,0.0,0.0,0.0,35176.0,0.0,-259535.0,1.996192746990732,0.0,2.2667461446756145,0.0,-294711.0,2.2667461446756145,0.0,-294711.0,2.2667461446756145,-0.02294843079706184,-0.02294843079706184,12842316,12842316,,,1620597557,17:59:17,20210509
1,2019-06-30,SAM.AX,AUD,2019-06-30,2019-06-30,FY,-96502.0,0.0,0.0,0.0,0.0,70137.0,0.0,0.0,0.0,0.0,14218.0,0.0,-245984.0,2.549004165716773,0.0,2.696337899732648,0.0,-260202.0,2.696337899732648,0.0,-260202.0,2.696337899732648,-0.0203,-0.0203,12842316,12842316,,,1620597557,17:59:17,20210509
2,2018-06-30,SAM.AX,AUD,2018-06-30,2018-06-30,FY,-57287.0,0.0,0.0,0.0,0.0,0.0,0.0,0.0,0.0,0.0,26.0,0.0,-281986.0,4.922338401382513,0.0,4.922792256532896,0.0,-282012.0,4.922792256532896,0.0,-282012.0,4.922792256532896,-0.022,-0.022,12685852,12685852,,,1620597557,17:59:17,20210509
3,2017-06-30,SAM.AX,AUD,2017-06-30,2017-06-30,FY,406596.0,0.0,0.0,0.0,0.0,0.0,0.0,0.0,0.0,0.0,26.0,0.0,-254750.0,-0.6265433009670532,0.0,-0.6266072465051304,0.0,-254776.0,-0.6266072465051304,0.0,-254776.0,-0.6266072465051304,-0.016795,-0.016795,14428453,14428453,,,1620597557,17:59:17,20210509
4,2016-06-30,SAM.AX,AUD,2016-06-30,2016-06-30,FY,398225.0,0.0,0.0,0.0,0.0,0.0,0.0,0.0,0.0,0.0,0.0,0.0,0.0,0.0,0.0,0.7361089836147906,0.0,293137.0,0.7361089836147906,0.0,293137.0,0.7361089836147906,0.023916,0.023916,14428453,14428453,,,1620597557,17:59:17,20210509
5,2015-06-30,SAM.AX,AUD,2015-06-30,2015-06-30,FY,3304767.0,0.0,0.0,0.0,0.0,1929573.0,0.0,-804258.0,0.0,0.0,83555.0,0.0,-623454.0,-0.18865293680310896,0.0,-0.2139361110783302,0.0,-707009.0,-0.2139361110783302,843397.0,-1550406.0,-0.4691423026192164,-0.109362,-0.109362,14176779,14176779,,,1620597557,17:59:17,20210509
6,2014-06-30,SAM.AX,AUD,2014-06-30,2014-06-30,FY,3326977.0,0.0,0.0,0.0,0.0,2581383.0,2864.0,522480.0,0.0,0.0,109070.0,12655.0,425207.0,0.12780581290462784,0.0,0.09121854464277931,0.0,303482.0,0.09121854464277931,-563241.0,866723.0,0.260513673524043,0.061144,0.061144,14175558,14175558,,,1620597557,17:59:17,20210509
7,2013-06-30,SAM.AX,AUD,2013-06-30,2013-06-30,FY,2596173.0,0.0,0.0,0.0,0.0,2623133.0,4271.0,498069.0,0.0,0.0,93678.0,32219.0,-382506.0,-0.14733455744282065,0.0,-0.19582785892927781,0.0,-508403.0,-0.19582785892927781,0.0,-508403.0,-0.19582785892927781,-0.042491,-0.042491,11558541,11558541,,,1620597557,17:59:17,20210509
8,2012-06-30,SAM.AX,AUD,2012-06-30,2012-06-30,FY,2802280.0,0.0,0.0,0.0,0.0,2476279.0,8996.0,-205.0,0.0,0.0,103994.0,23607.0,-739978.0,-0.2640628345490101,0.0,-0.3609075467119631,0.0,-1011364.0,-0.3609075467119631,0.0,-1011364.0,-0.3609075467119631,-0.087536,-0.087536,11558541,11558541,,,1620597557,17:59:17,20210509
9,2011-06-30,SAM.AX,AUD,2011-06-30,2011-06-30,FY,3352178.0,0.0,0.0,0.0,0.0,4214337.0,79353.0,0.0,0.0,0.0,117603.0,40482.0,-1271347.0,-0.37925999156369383,0.0,-1.3900565542760557,0.0,-4659717.0,-1.3900565542760557,-280157.0,-4379560.0,-1.3064819350285097,-0.365702,-0.365702,11706786,11706786,,,1620597557,17:59:17,20210509
