,date,symbol,reportedCurrency,fillingDate,acceptedDate,period,revenue,costOfRevenue,grossProfit,grossProfitRatio,researchAndDevelopmentExpenses,generalAndAdministrativeExpenses,sellingAndMarketingExpenses,otherExpenses,operatingExpenses,costAndExpenses,interestExpense,depreciationAndAmortization,ebitda,ebitdaratio,operatingIncome,operatingIncomeRatio,totalOtherIncomeExpensesNet,incomeBeforeTax,incomeBeforeTaxRatio,incomeTaxExpense,netIncome,netIncomeRatio,eps,epsdiluted,weightedAverageShsOut,weightedAverageShsOutDil,link,finalLink,timestamp,est_time,est_date
0,2020-12-31,SACH,USD,2020-12-31,2020-12-31,FY,13048271.0,0.0,0.0,0.0,0.0,2362496.0,0.0,0.0,0.0,0.0,5547406.0,61865.0,0.0,0.0,0.0,0.6892763799893488,0.0,8993865.0,0.6892763799893488,0.0,8993865.0,0.6892763799893488,0.4632374562308974,0.4632374562308974,19415237.0,19415237.0,,,1620597527,17:58:47,20210509
1,2019-12-31,SACH,USD,2020-03-30 00:00:00,2020-03-30 07:19:14,FY,9707350.0,0.0,0.0,0.0,0.0,2012960.0,0.0,0.0,6000000.0,0.0,2938237.0,63566.0,0.0,0.0,0.0,0.6382803751796319,0.0,6196011.0,0.6382803751796319,0.0,6196011.0,0.6382803751796319,0.32,0.32,19415237.0,19415237.0,https://www.sec.gov/Archives/edgar/data/1682220/000110465920039904/0001104659-20-039904-index.html,https://www.sec.gov/Archives/edgar/data/1682220/000110465920039904/tm205279-1_10k.htm,1620597527,17:58:47,20210509
2,2018-12-31,SACH,USD,2019-03-29 00:00:00,2019-03-29 17:10:25,FY,10047479.0,0.0,0.0,0.0,0.0,1685118.0,0.0,-54242.0,2098364.0,0.0,1665891.0,32529.0,-152914.0,-0.015219141040254973,-185443.0,-0.0184566695785082,662236.0,7771785.0,0.7735059710002877,0.0,7771785.0,0.7735059710002877,0.5,0.5,15425772.0,15425772.0,https://www.sec.gov/Archives/edgar/data/1682220/000114420419017051/0001144204-19-017051-index.html,https://www.sec.gov/Archives/edgar/data/1682220/000114420419017051/tv516997_10k.htm,1620597527,17:58:47,20210509
3,2017-12-31,SACH,USD,2018-04-02 00:00:00,2018-04-02 16:01:52,FY,6332743.0,664134.0,5922070.0,0.93515085011345,0.0,988259.0,0.0,0.0,1061401.0,0.0,664134.0,28358.0,4889027.0,0.7720235923043143,4860669.0,0.7675455959605498,179.0,4860848.0,0.7675738617531139,0.0,4860848.0,0.7675738617531139,0.38,0.38,11956246.0,11956246.0,https://www.sec.gov/Archives/edgar/data/1682220/000114420418018601/0001144204-18-018601-index.html,https://www.sec.gov/Archives/edgar/data/1682220/000114420418018601/tv489455-10k.htm,1620597527,17:58:47,20210509
4,2016-12-31,SACH,USD,2016-12-31,2016-12-31,FY,3540393.0,0.0,0.0,0.0,0.0,350229.0,0.0,-17382.0,1000000.0,0.0,505135.0,0.0,3643729.0,1.029187720120337,3661111.0,1.0340973445603356,-87967.0,3050627.0,0.8616633803083443,0.0,3050627.0,0.8616633803083443,0.264507,0.264507,11533237.0,11533237.0,,,1620597527,17:58:47,20210509
5,2015-12-31,SACH,USD,2015-12-31,2015-12-31,FY,2559550.0,0.0,0.0,0.0,0.0,210407.0,0.0,-34897.0,0.0,0.0,221698.0,0.0,2534077.0,0.9900478599753862,2568974.0,1.0036818972084938,-5476.0,2306903.0,0.9012924146822684,0.0,2306903.0,0.9012924146822684,0.24,0.24,8533237.0,8533237.0,,,1620597527,17:58:47,20210509
6,2014-12-31,SACH,USD,2014-12-31,2014-12-31,FY,1546126.0,0.0,0.0,0.0,0.0,75895.0,0.0,-168.0,0.0,0.0,13281.0,0.0,1483093.0,0.9592316538238151,1483261.0,0.9593403124971703,-1418814.0,1469812.0,0.9506417976283951,0.0,1469812.0,0.9506417976283951,0.172246,0.172246,8533237.0,8533237.0,,,1620597527,17:58:47,20210509
