,date,symbol,reportedCurrency,fillingDate,acceptedDate,period,revenue,costOfRevenue,grossProfit,grossProfitRatio,researchAndDevelopmentExpenses,generalAndAdministrativeExpenses,sellingAndMarketingExpenses,otherExpenses,operatingExpenses,costAndExpenses,interestExpense,depreciationAndAmortization,ebitda,ebitdaratio,operatingIncome,operatingIncomeRatio,totalOtherIncomeExpensesNet,incomeBeforeTax,incomeBeforeTaxRatio,incomeTaxExpense,netIncome,netIncomeRatio,eps,epsdiluted,weightedAverageShsOut,weightedAverageShsOutDil,link,finalLink,timestamp,est_time,est_date
0,2020-12-31,HPP,USD,2021-02-22,2021-02-22 15:21:06,FY,804965000.0,299779000.0,505186000.0,0.6275875348617642,0.0,77882000.0,0.0,3363000.0,377564000.0,677343000.0,106938000.0,299682000.0,427304000.0,0.5308355021646904,127622000.0,0.1585435391600877,1196000.0,16430000.0,0.020410825315386384,0.0,2036000.0,0.002529302516258471,0.01329623735356237,0.013292504799844486,153196007,153196007,https://www.sec.gov/Archives/edgar/data/1482512/000148251221000058/0001482512-21-000058-index.htm,https://www.sec.gov/Archives/edgar/data/1482512/000148251221000058/hpp-20201231.htm,1620593209,16:46:49,20210509
1,2019-12-31,HPP,USD,2020-02-24 00:00:00,2020-02-24 16:14:58,FY,818182000.0,301522000.0,516660000.0,0.6314731930059571,0.0,71947000.0,0.0,1537000.0,354035000.0,655557000.0,99587000.0,282088000.0,444713000.0,0.543537990324891,162625000.0,0.19876384471914563,-4978000.0,55846000.0,0.0682562070541762,0.0,44029000.0,0.05381321026373105,0.2851537410905971,0.2811514877855518,154404427,156602408,https://www.sec.gov/Archives/edgar/data/1482512/000148251220000040/0001482512-20-000040-index.html,https://www.sec.gov/Archives/edgar/data/1482512/000148251220000040/hpp-20191231.htm,1620593209,16:46:49,20210509
2,2018-12-31,HPP,USD,2019-02-19 00:00:00,2019-02-15 18:52:10,FY,728418000.0,267710000.0,460708000.0,0.632477506047352,0.0,61027000.0,0.0,822000.0,312030000.0,579740000.0,77202000.0,251003000.0,399681000.0,0.5486973139049283,148678000.0,0.2041108264760069,44552000.0,111781000.0,0.1534572182455678,0.0,99371000.0,0.13642029713708337,0.6392668924769376,0.6382353420616057,155445247,155696486,https://www.sec.gov/Archives/edgar/data/1482512/000148251219000031/0001482512-19-000031-index.html,https://www.sec.gov/Archives/edgar/data/1482512/000148251219000031/hpp-20181231.htm,1620593209,16:46:49,20210509
3,2018-02-15,HPP,USD,2018-02-16 00:00:00,2018-02-15 20:47:25,FY,728139000.0,0.0,728139000.0,1.0,0.0,54459000.0,0.0,537077000.0,591536000.0,591536000.0,0.0,283570000.0,420173000.0,0.5770505356806873,136603000.0,0.18760566320441563,-2992000.0,94561000.0,0.12986668754180178,0.0,94561000.0,0.12986668754180178,0.00062,0.00062,153488730,153488730,https://www.sec.gov/Archives/edgar/data/1482512/000148251218000031/0001482512-18-000031-index.html,https://www.sec.gov/Archives/edgar/data/1482512/000148251218000031/a201710k.htm,1620593209,16:46:49,20210509
4,2017-12-31,HPP,USD,2018-02-16 00:00:00,2018-02-15 20:47:25,FY,728139000.0,253507000.0,474632000.0,0.6518425740140276,0.0,54459000.0,0.0,2992000.0,338029000.0,591536000.0,84005000.0,283570000.0,420173000.0,0.5770505356806873,136603000.0,0.18760566320441563,47898000.0,94561000.0,0.12986668754180178,0.0,69226000.0,0.09507250676038503,0.45101682709864105,0.44986180198134407,153488730,153882814,https://www.sec.gov/Archives/edgar/data/1482512/000148251218000031/0001482512-18-000031-index.html,https://www.sec.gov/Archives/edgar/data/1482512/000148251218000031/a201710k.htm,1620593209,16:46:49,20210509
5,2016-12-31,HPP,USD,2017-02-21 00:00:00,2017-02-17 20:07:14,FY,639639000.0,228745000.0,410894000.0,0.6423842198490086,0.0,52400000.0,0.0,1558000.0,321487000.0,550232000.0,76044000.0,269087000.0,358494000.0,0.5604630111672365,89407000.0,0.13977728062235104,30135000.0,43758000.0,0.06841046277665996,0.0,34468000.0,0.05388664543594121,0.26,0.25,106188902,110369055,https://www.sec.gov/Archives/edgar/data/1482512/000148251217000034/0001482512-17-000034-index.html,https://www.sec.gov/Archives/edgar/data/1482512/000148251217000034/a201610k.htm,1620593209,16:46:49,20210509
6,2015-12-31,HPP,USD,2016-02-26 00:00:00,2016-02-26 17:14:07,FY,520850000.0,189857000.0,330993000.0,0.6354862244408179,0.0,38534000.0,0.0,-62000.0,283605000.0,473462000.0,50667000.0,245071000.0,292459000.0,0.5615033118940194,47388000.0,0.09098204857444561,-12927000.0,-16082000.0,-0.030876451953537488,0.0,-19935000.0,-0.03827397523279255,-0.19,-0.19,85927216,85927216,https://www.sec.gov/Archives/edgar/data/1482512/000148251216000149/0001482512-16-000149-index.html,https://www.sec.gov/Archives/edgar/data/1482512/000148251216000149/a201510k.htm,1620593209,16:46:49,20210509
7,2014-12-31,HPP,USD,2015-03-02,2015-03-02 17:29:48,FY,253415000.0,104269000.0,149146000.0,0.5885444823708147,0.0,28253000.0,0.0,14000.0,100469000.0,204738000.0,25932000.0,72216000.0,120893000.0,0.47705542292287356,48677000.0,0.19208413077363218,911000.0,23686000.0,0.09346723753526824,0.0,23373000.0,0.0922321093857901,0.15,0.15,65792447,65792447,https://www.sec.gov/Archives/edgar/data/1482512/000148251215000009/a201410k.htm,https://www.sec.gov/Archives/edgar/data/1482512/000148251215000009/a201410k.htm,1620593209,16:46:49,20210509
8,2013-12-31,HPP,USD,2014-03-03,2014-03-03 17:30:03,FY,205558000.0,87583000.0,117975000.0,0.5739256073711556,0.0,19952000.0,0.0,99000.0,90015000.0,177598000.0,25470000.0,70063000.0,98023000.0,0.4768629778456689,27960000.0,0.13602000408643788,-1347000.0,1415000.0,0.006883701923544693,0.0,-2273000.0,-0.011057706340789461,-0.27,-0.27,55182647,55182647,https://www.sec.gov/Archives/edgar/data/1482512/000148251214000011/a201310k.htm,https://www.sec.gov/Archives/edgar/data/1482512/000148251214000011/a201310k.htm,1620593209,16:46:49,20210509
9,2012-12-31,HPP,USD,2013-03-14 00:00:00,2013-03-14 11:50:43,FY,166156000.0,77917000.0,88239000.0,0.5310611714292592,0.0,16497000.0,0.0,92000.0,73521000.0,151438000.0,19071000.0,57024000.0,71742000.0,0.43177495847276054,14718000.0,0.0885794073039794,-959000.0,-5006000.0,-0.030128313151496184,0.0,-4985000.0,-0.030001925900960544,-0.41,-0.41,41640691,41640691,https://www.sec.gov/Archives/edgar/data/1482512/000148251213000012/0001482512-13-000012-index.html,https://www.sec.gov/Archives/edgar/data/1482512/000148251213000012/hpp201210k.htm,1620593209,16:46:49,20210509
10,2011-12-31,HPP,USD,2012-03-14 00:00:00,2012-03-13 21:59:07,FY,142189000.0,67186000.0,75003000.0,0.5274880616644044,0.0,13038000.0,0.0,0.0,57698000.0,124884000.0,17480000.0,44660000.0,61965000.0,0.4357932048189382,17305000.0,0.1217042105929432,-2136000.0,0.0,0.0,0.0,-10434000.0,-0.07338120389059632,-0.35,-0.35,29392920,29392920,https://www.sec.gov/Archives/edgar/data/1482512/000148251212000020/0001482512-12-000020-index.html,https://www.sec.gov/Archives/edgar/data/1482512/000148251212000020/hpp201110k.htm,1620593209,16:46:49,20210509
11,2010-12-31,HPP,USD,2011-03-24,2011-03-23 20:11:20,FY,60640000.0,30027000.0,30613000.0,0.5048317941952507,0.0,4493000.0,0.0,0.0,20405000.0,50432000.0,8831000.0,15912000.0,26120000.0,0.43073878627968337,10208000.0,0.1683377308707124,-4465000.0,-2682000.0,-0.04422823218997361,0.0,-3250000.0,-0.05359498680738786,-0.14485,-0.14485,22436950,22436950,https://www.sec.gov/Archives/edgar/data/1482512/000144530511000462/hpp1231201010k.htm,https://www.sec.gov/Archives/edgar/data/1482512/000144530511000462/hpp1231201010k.htm,1620593209,16:46:49,20210509
12,2009-12-31,HPP,USD,2009-12-31,2009-12-31,FY,39337000.0,19088000.0,20249000.0,0.5147570989145079,0.0,0.0,0.0,0.0,0.0,31286000.0,8352000.0,9980000.0,18031000.0,0.45837252459516487,8051000.0,0.0,315000.0,0.0,0.0,0.0,31000.0,0.0007880621298014592,0.001527,0.001527,20297096,20297096,,,1620593209,16:46:49,20210509
13,2008-12-31,HPP,USD,2008-12-31,2008-12-31,FY,35588000.0,17340000.0,18248000.0,0.5127571091379116,0.0,0.0,0.0,0.0,0.0,26035000.0,10244000.0,6599000.0,16152000.0,0.45386085197257503,9553000.0,0.0,-856000.0,0.0,0.0,0.0,-1710000.0,-0.048049904462178265,-0.084249,-0.084249,20297096,20297096,,,1620593209,16:46:49,20210509
14,2007-12-31,HPP,USD,2007-12-31,2007-12-31,FY,6963000.0,4047000.0,2916000.0,0.4187850064627316,0.0,0.0,0.0,0.0,0.0,5406000.0,3860000.0,741000.0,2298000.0,0.3300301594140457,1557000.0,0.0,0.0,0.0,0.0,0.0,-2260000.0,-0.324572741634353,-0.111346,-0.111346,20297096,20297096,,,1620593209,16:46:49,20210509
