,date,symbol,reportedCurrency,fillingDate,acceptedDate,period,revenue,costOfRevenue,grossProfit,grossProfitRatio,researchAndDevelopmentExpenses,generalAndAdministrativeExpenses,sellingAndMarketingExpenses,otherExpenses,operatingExpenses,costAndExpenses,interestExpense,depreciationAndAmortization,ebitda,ebitdaratio,operatingIncome,operatingIncomeRatio,totalOtherIncomeExpensesNet,incomeBeforeTax,incomeBeforeTaxRatio,incomeTaxExpense,netIncome,netIncomeRatio,eps,epsdiluted,weightedAverageShsOut,weightedAverageShsOutDil,link,finalLink,timestamp,est_time,est_date
0,2020-12-31,NL,USD,2021-03-10,2021-03-10 16:45:11,FY,114537000,81689000,32848000,0.2867894217589076,0.0,30590000.0,0.0,-784000.0,30572000.0,112261000,1350000.0,3827000.0,6103000.0,0.05328409160358662,2276000.0,0.01987130796161939,10063000.0,13588000.0,0.1186341531557488,-2515000.0,14680000.0,0.12816819019181575,0.30143737166324436,0.30143737166324436,48776000,48776000,https://www.sec.gov/Archives/edgar/data/72162/000156459021012084/0001564590-21-012084-index.htm,https://www.sec.gov/Archives/edgar/data/72162/000156459021012084/nl-10k_20201231.htm,1620595719,17:28:39,20210509
1,2019-12-31,NL,USD,2020-03-11 00:00:00,2020-03-11 16:58:39,FY,124243000,85280000,38963000,0.3136031808633082,0.0,33888000.0,0.0,-1375000.0,26444000.0,111724000,681000.0,3685000.0,16204000.0,0.13042183463052245,12519000.0,0.10076221597997473,10104000.0,28614000.0,0.2303067376029233,579000.0,25844000.0,0.20801171897008283,0.53,0.53,48700000,48700000,https://www.sec.gov/Archives/edgar/data/72162/000156459020010117/0001564590-20-010117-index.html,https://www.sec.gov/Archives/edgar/data/72162/000156459020010117/nl-10k_20191231.htm,1620595719,17:28:39,20210509
2,2018-12-31,NL,USD,2019-03-11 00:00:00,2019-03-11 17:16:00,FY,118217000,79946000,38271000,0.3237351649931905,0.0,38879000.0,0.0,-115000.0,38235000.0,118181000,37000.0,3476000.0,3512000.0,0.029708079210265866,36000.0,0.0003045247299457777,-59442000.0,-54374000.0,-0.4599507685019921,-15361000.0,-41017000.0,-0.34696363467183233,-0.84,-0.84,48700000,48700000,https://www.sec.gov/Archives/edgar/data/72162/000156459019007207/0001564590-19-007207-index.html,https://www.sec.gov/Archives/edgar/data/72162/000156459019007207/nl-10k_20181231.htm,1620595719,17:28:39,20210509
3,2017-12-31,NL,USD,2018-03-12 00:00:00,2018-03-12 16:21:44,FY,112035000,77210000,34825000,0.31084036238675417,0.0,34503000.0,0.0,170000.0,34333000.0,111543000,30000.0,3734000.0,4226000.0,0.03772035524612844,492000.0,0.004391484803855938,108160000.0,112192000.0,1.0014013477931003,-5634000.0,116100000.0,1.0362833043245414,2.38,2.38,48700000,48700000,https://www.sec.gov/Archives/edgar/data/72162/000156459018005298/0001564590-18-005298-index.html,https://www.sec.gov/Archives/edgar/data/72162/000156459018005298/nl-10k_20171231.htm,1620595719,17:28:39,20210509
4,2016-12-31,NL,USD,2017-03-10 00:00:00,2017-03-10 16:21:45,FY,108920000,73753000,35167000,0.3228699963275799,0.0,36602000.0,0.0,9000.0,36593000.0,110346000,4000.0,3774000.0,2348000.0,0.02155710613294161,-1426000.0,-0.013092177745134043,13614000.0,13916000.0,0.12776349614395888,-2777000.0,15325000.0,0.14069959603378626,0.31,0.31,48700000,48700000,https://www.sec.gov/Archives/edgar/data/72162/000156459017003986/0001564590-17-003986-index.html,https://www.sec.gov/Archives/edgar/data/72162/000156459017003986/nl-10k_20161231.htm,1620595719,17:28:39,20210509
5,2015-12-31,NL,USD,2016-03-10 00:00:00,2016-03-10 16:39:25,FY,108994000,75593000,33401000,0.30644806136117586,0.0,36910000.0,0.0,120000.0,36790000.0,112383000,0.0,3609000.0,220000.0,0.002018459731728352,-3389000.0,-0.031093454685579024,-49110000.0,-51327000.0,-0.4709158302291869,-28611000.0,-23909000.0,-0.21936069875405986,-0.49,-0.49,48700000,48700000,https://www.sec.gov/Archives/edgar/data/72162/000156459016014434/0001564590-16-014434-index.html,https://www.sec.gov/Archives/edgar/data/72162/000156459016014434/nl-10k_20151231.htm,1620595719,17:28:39,20210509
6,2014-12-31,NL,USD,2015-03-12,2015-03-12 17:19:12,FY,103846000,71598000,32248000,0.3105367563507502,0.0,39964000.0,0.0,186000.0,39778000.0,111376000,0.0,3601000.0,-3929000.0,-0.037834870866475356,-7530000.0,-0.07251121853513857,40545000.0,34633000.0,0.33350345704215856,5003000.0,28499000.0,0.2744352213855132,0.59,0.59,48700000,48700000,https://www.sec.gov/Archives/edgar/data/72162/000156459015001611/nl-10k_20141231.htm,https://www.sec.gov/Archives/edgar/data/72162/000156459015001611/nl-10k_20141231.htm,1620595719,17:28:39,20210509
7,2013-12-31,NL,USD,2014-03-12,2014-03-12 17:16:02,FY,92045000,64471000,27574000,0.2995708620783312,0.0,105288000.0,0.0,29000.0,105259000.0,169730000,127000.0,3335000.0,-74350000.0,-0.807757075343582,-77685000.0,-0.8439893530338421,-21569000.0,-96454000.0,-1.0479004834591776,-41911000.0,-55333000.0,-0.6011516106252377,-1.14,-1.14,48700000,48700000,https://www.sec.gov/Archives/edgar/data/72162/000156459014000697/nl-10k_20131231.htm,https://www.sec.gov/Archives/edgar/data/72162/000156459014000697/nl-10k_20131231.htm,1620595719,17:28:39,20210509
8,2012-12-31,NL,USD,2013-03-12 00:00:00,2013-03-12 17:06:53,FY,83196000,58869000,24327000,0.29240588489831243,0.0,46705000.0,0.0,3612000.0,43093000.0,101962000,1023000.0,5826000.0,-12940000.0,-0.1555363238617241,-18766000.0,-0.22556372902543392,93711000.0,77122000.0,0.9269916822924179,19933000.0,74536000.0,0.8959084571373623,1.53,1.53,48667000,48667000,https://www.sec.gov/Archives/edgar/data/72162/000119312513103353/0001193125-13-103353-index.html,https://www.sec.gov/Archives/edgar/data/72162/000119312513103353/d440479d10k.htm,1620595719,17:28:39,20210509
9,2011-12-31,NL,USD,2012-03-06 00:00:00,2012-03-05 18:06:52,FY,138835000,103637000,35198000,0.25352396729931215,0.0,0.0,0.0,0.0,31524000.0,135161000,1623000.0,6829000.0,10503000.0,0.075650952569597,3674000.0,0.02646306767025606,102347000.0,107380000.0,0.7734360932041632,24725000.0,81657000.0,0.5881586055389492,1.68,1.68,48658000,48658000,https://www.sec.gov/Archives/edgar/data/72162/000119312512097061/0001193125-12-097061-index.html,https://www.sec.gov/Archives/edgar/data/72162/000119312512097061/d277035d10k.htm,1620595719,17:28:39,20210509
10,2010-12-31,NL,USD,2011-03-07,2011-03-04 17:42:54,FY,135264000,99274000,35990000,0.26607227348000945,0.0,54786000.0,0.0,0.0,49706000.0,148980000,1502000.0,7734000.0,-5982000.0,-0.044224627395315824,-13716000.0,-0.10140170333569908,124033000.0,111256000.0,0.8225100544121126,40479000.0,70381000.0,0.5203232197776201,1.4,1.4,48600000,48600000,https://www.sec.gov/Archives/edgar/data/72162/000005925511000068/nl201010k.htm,https://www.sec.gov/Archives/edgar/data/72162/000005925511000068/nl201010k.htm,1620595719,17:28:39,20210509
11,2009-12-31,NL,USD,2010-03-10 00:00:00,2010-03-09 17:52:32,FY,116125000,92345000,23780000,0.20477933261571582,0.0,45638000.0,0.0,0.0,34636000.0,126981000,1060000.0,8272000.0,-2584000.0,-0.022251883745963402,-10856000.0,-0.09348546824542518,-13196000.0,-22360000.0,-0.19255113024757803,-10347000.0,-11755000.0,-0.10122712594187298,-0.24,-0.24,48600000,48600000,https://www.sec.gov/Archives/edgar/data/72162/000005925510000029/0000059255-10-000029-index.html,https://www.sec.gov/Archives/edgar/data/72162/000005925510000029/nl10k2009.htm,1620595719,17:28:39,20210509
12,2008-12-31,NL,USD,2009-03-12 00:00:00,2009-03-11 18:39:52,FY,165502000,125749000,39753000,0.24019649309373906,0.0,0.0,0.0,0.0,977000.0,126726000,0.0,9420000.0,48196000.0,0.2912109823446242,38776000.0,0.234293241169291,52081000.0,47652000.0,0.287924013002864,14850000.0,33184000.0,0.20050512984737345,0.6828545559305292,0.6827281143915235,48596000,48605000,https://www.sec.gov/Archives/edgar/data/72162/000005925509000047/0000059255-09-000047-index.html,https://www.sec.gov/Archives/edgar/data/72162/000005925509000047/nl10k2008.htm,1620595719,17:28:39,20210509
13,2007-12-31,NL,USD,2008-03-12,2008-03-12 16:40:54,FY,177683000,132455000,45228000,0.25454320334528346,0.0,0.0,0.0,0.0,52847000.0,185302000,0.0,11375000.0,3756000.0,0.021138769606546492,-7619000.0,-0.04287973525885988,500000.0,-7418000.0,-0.04174850717288654,-8311000.0,-1731000.0,-0.009742068740397224,-0.04,-0.04,48590000,48590000,https://www.sec.gov/Archives/edgar/data/72162/000005925508000019/nl10k2007.htm,https://www.sec.gov/Archives/edgar/data/72162/000005925508000019/nl10k2007.htm,1620595719,17:28:39,20210509
14,2006-12-31,NL,USD,2006-12-31,2006-12-31,FY,190123000,143648000,46475000,0.24444701587919399,0.0,0.0,0.0,0.0,42600000.0,186248000,0.0,12220000.0,16095000.0,0.08465572287413937,3875000.0,0.020381542475134518,37349000.0,38438000.0,0.2021743818475408,8860000.0,26110000.0,0.1373321481356806,0.5375967715368144,0.5374197266589824,48568000,48584000,,,1620595719,17:28:39,20210509
15,2005-12-31,NL,USD,2005-12-31,2005-12-31,FY,186350000,142594000,43756000,0.23480547357123693,0.0,0.0,0.0,0.0,41141000.0,183735000,0.0,11334000.0,13949000.0,0.07485376978803326,2615000.0,0.014032734102495304,43037000.0,48181000.0,0.2585511134961095,14615000.0,32888000.0,0.17648510866648778,0.677530335180569,0.6768888797414946,48541000,48587000,,,1620595719,17:28:39,20210509
16,2004-12-31,NL,USD,2004-12-31,2004-12-31,FY,741687000,572541000,169146000,0.22805577015641368,0.0,0.0,0.0,0.0,103196000.0,675737000,0.0,36402000.0,102352000.0,0.13799891328821998,65950000.0,0.08891891053773357,19970000.0,69153000.0,0.09323744382738271,-291510000.0,211067000.0,0.284576917217101,4.366933565059069,4.359177182510998,48333000,48419000,,,1620595719,17:28:39,20210509
17,2003-12-31,NL,USD,2003-12-31,2003-12-31,FY,1008177000,739237000,268940000,0.2667587139956575,0.0,0.0,0.0,0.0,178119000.0,917356000,0.0,40095000.0,130916000.0,0.12985418235091656,90821000.0,0.09008438002453935,6159000.0,64251000.0,0.06372988076498472,-1455000.0,63662000.0,0.06314565795490276,1.334045807925232,1.3319803326707815,47721000,47795000,,,1620595719,17:28:39,20210509
18,2002-12-31,NL,USD,2002-12-31,2002-12-31,FY,897227000,671830000,225397000,0.25121513284820896,0.0,0.0,0.0,0.0,145535000.0,817365000,0.0,33221000.0,113083000.0,0.12603610903372278,79862000.0,0.08900980465367181,22039000.0,50110000.0,0.055849857393948245,12036000.0,36810000.0,0.041026406918204646,0.7584998969709458,0.7572204393976796,48530000,48612000,,,1620595719,17:28:39,20210509
19,2001-12-31,NL,USD,2001-12-31,2001-12-31,FY,835099000,578060000,257039000,0.30779464470679524,0.0,124512000.0,0.0,0.0,124512000.0,702572000,0.0,29599000.0,162126000.0,0.1941398564721069,132527000.0,0.15869615458765968,52334000.0,156332000.0,0.1872017569174433,34925000.0,121407000.0,0.14538036807612031,2.4412249658167777,2.435153241335045,49732000,49856000,,,1620595719,17:28:39,20210509
20,2000-12-31,NL,USD,2000-12-31,2000-12-31,FY,922319000,610449000,311870000,0.3381368051617716,0.0,137178000.0,0.0,0.0,137178000.0,747627000,0.0,29733000.0,204425000.0,0.22164240355018167,174692000.0,0.18940518410658352,92748000.0,233761000.0,0.2534491862359986,78420000.0,154609000.0,0.16763072212542515,3.07,3.05,50415000,50749000,,,1620595719,17:28:39,20210509
21,1999-12-31,NL,USD,1999-12-31,1999-12-31,FY,908400000,628600000,279800000,0.3080140907089388,0.0,134300000.0,0.0,0.0,168000000.0,796600000,0.0,33700000.0,145500000.0,0.16017173051519154,111800000.0,0.12307353588727434,23600000.0,95200000.0,0.10479964773227653,-64600000.0,159800000.0,0.1759136944077499,3.09,3.08,51774000,51867000,,,1620595719,17:28:39,20210509
22,1998-12-31,NL,USD,1998-12-31,1998-12-31,FY,894700000,583900000,310800000,0.3473790097239298,0.0,134000000.0,0.0,0.0,168500000.0,752400000,0.0,34500000.0,176800000.0,0.19760813680563316,142300000.0,0.15904772549457918,25500000.0,109700000.0,0.12261093103833687,19800000.0,366700000.0,0.4098580529786521,7.13,7.05,51460000,52000000,,,1620595719,17:28:39,20210509
23,1997-12-31,NL,USD,1997-12-31,1997-12-31,FY,837200000,615000000,222200000,0.2654085045389393,0.0,168600000.0,0.0,0.0,203500000.0,818500000,0.0,34900000.0,53600000.0,0.06402293358815098,18700000.0,0.022336359292881032,19400000.0,-27700000.0,-0.03308647873865265,2200000.0,-9500000.0,-0.011347348303870044,-0.19,-0.19,51152000,51152000,,,1620595719,17:28:39,20210509
24,1996-12-31,NL,USD,1996-12-31,1996-12-31,FY,986100000,698700000,287400000,0.29145117128080317,0.0,177500000.0,0.0,0.0,217200000.0,915900000,0.0,39700000.0,109900000.0,0.11144914308893622,70200000.0,0.07118953452996654,30500000.0,25600000.0,0.025960855896967852,14800000.0,10800000.0,0.010952236081533314,0.2103213242453749,0.2096191918015605,51350000,51522000,,,1620595719,17:28:39,20210509
25,1995-12-31,NL,USD,1995-12-31,1995-12-31,FY,1023900000,637200000,386700000,0.37767360093759156,0.0,189500000.0,0.0,0.0,228500000.0,865700000,0.0,39000000.0,197200000.0,0.19259693329426703,158200000.0,0.15450727610118176,22200000.0,98300000.0,0.09600546928410977,12700000.0,85600000.0,0.08360191424943843,1.66,1.66,51512000,51512000,,,1620595719,17:28:39,20210509
26,1994-12-31,NL,USD,1995-03-10 00:00:00,1995-03-10 00:00:00,FY,888000000,615100000,272900000,0.3073198198198198,0.0,212500000.0,0.0,0.0,247100000.0,862200000,0.0,34600000.0,60400000.0,0.06801801801801802,25800000.0,0.029054054054054056,44800000.0,-14300000.0,-0.016103603603603602,9700000.0,-24000000.0,-0.02702702702702703,-0.47,-0.47,51022000,51022000,https://www.sec.gov/Archives/edgar/data/72162/000007216295000004/0000072162-95-000004-index.html,https://www.sec.gov/Archives/edgar/data/72162/0000072162-95-000004.txt,1620595719,17:28:39,20210509
27,1993-12-31,NL,USD,1993-12-31,1993-12-31,FY,805300000,566100000,239200000,0.2970321619272321,0.0,0.0,0.0,0.0,0.0,798100000,0.0,46300000.0,53500000.0,0.06643486899292189,7200000.0,0.008940767415869862,22100000.0,-70500000.0,-0.0875450142803924,12700000.0,-109800000.0,-0.1363467030920154,-2.16,-2.16,50833333,50833333,,,1620595719,17:28:39,20210509
28,1992-12-31,NL,USD,1992-12-31,1992-12-31,FY,893500000,581200000,312300000,0.3495243424734191,0.0,0.0,0.0,0.0,0.0,832800000,0.0,47900000.0,108600000.0,0.12154448796866256,60700000.0,0.06793508673754896,14800000.0,-44100000.0,-0.0493564633463906,500000.0,-76400000.0,-0.0855064353665361,-1.5,-1.5,50933333,50933333,,,1620595719,17:28:39,20210509
29,1991-12-31,NL,USD,1991-12-31,1991-12-31,FY,840300000,534000000,306300000,0.36451267404498394,0.0,0.0,0.0,0.0,0.0,760100000,0.0,32600000.0,112800000.0,0.13423777222420563,80200000.0,0.09544210401047246,1200000.0,-20100000.0,-0.023920028561228133,3900000.0,-24000000.0,-0.028561228132809712,-0.4,-0.4,60000000,60000000,,,1620595719,17:28:39,20210509
30,1990-12-31,NL,USD,1990-12-31,1990-12-31,FY,906600000,477100000,429500000,0.47374806971100814,0.0,0.0,0.0,0.0,0.0,719100000,0.0,35500000.0,223000000.0,0.2459739686741672,187500000.0,0.20681667769688947,68600000.0,153600000.0,0.16942422236929186,60100000.0,93500000.0,0.10313258327818221,1.42,1.42,65845070,65845070,,,1620595719,17:28:39,20210509
31,1989-12-31,NL,USD,1989-12-31,1989-12-31,FY,1000900000,518600000,482300000,0.48186632031171944,0.0,0.0,0.0,0.0,0.0,755700000,0.0,26500000.0,271700000.0,0.2714556898791088,245200000.0,0.24497951843340993,79300000.0,276700000.0,0.2764511939254671,106400000.0,170300000.0,0.17014686781896293,2.57,2.57,55758755,55758755,,,1620595719,17:28:39,20210509
32,1988-12-31,NL,USD,1988-12-31,1988-12-31,FY,1007000000,690900000,316100000,0.3139026812313803,0.0,0.0,0.0,0.0,0.0,724100000,0.0,32000000.0,314900000.0,0.31271102284011915,282900000.0,0.28093346573982125,19900000.0,259500000.0,0.2576961271102284,125300000.0,155700000.0,0.15461767626613704,2.34,2.34,65972000,65972000,,,1620595719,17:28:39,20210509
33,1987-12-31,NL,USD,1987-12-31,1987-12-31,FY,859300000,626100000,233200000,0.2713836843942744,0.0,0.0,0.0,0.0,0.0,657000000,0.0,23900000.0,226200000.0,0.2632375189107413,202300000.0,0.23542418247410682,0.0,186200000.0,0.21668800186198067,98300000.0,-19900000.0,-0.023158384731758408,-0.33,-0.33,60460000,60460000,,,1620595719,17:28:39,20210509
