,date,symbol,reportedCurrency,fillingDate,acceptedDate,period,revenue,costOfRevenue,grossProfit,grossProfitRatio,researchAndDevelopmentExpenses,generalAndAdministrativeExpenses,sellingAndMarketingExpenses,otherExpenses,operatingExpenses,costAndExpenses,interestExpense,depreciationAndAmortization,ebitda,ebitdaratio,operatingIncome,operatingIncomeRatio,totalOtherIncomeExpensesNet,incomeBeforeTax,incomeBeforeTaxRatio,incomeTaxExpense,netIncome,netIncomeRatio,eps,epsdiluted,weightedAverageShsOut,weightedAverageShsOutDil,link,finalLink,timestamp,est_time,est_date
0,2020-12-31,DVEC.ME,RUB,2020-12-31,2020-12-31,FY,107723000000,51020000000.0,56703000000,0.5263778394586114,0.0,0.0,516000000.0,0.0,0.0,75836000000,977000000.0,2767000000.0,34654000000,0.32169545965114227,31887000000,0.2859463624295647,0.0,30803000000,0.2859463624295647,1139000000.0,1094000000,0.010155677060609155,0.06357984393414871,0.06357984393414871,17206711000,17206711000,http://www.cbr.ru/eng/search/?text=DVEC&category=Any&time=Any&dateFrom=&dateTo=,http://www.cbr.ru/eng/search/?text=DVEC&category=Any&time=Any&dateFrom=&dateTo=,1620591336,16:15:36,20210509
1,2019-12-31,DVEC.ME,RUB,2019-12-31,2019-12-31,FY,135350000000,68197000000.0,67153000000,0.4961433321019579,0.0,360000000.0,317000000.0,0.0,66599000000.0,134796000000,3797000000.0,4656000000.0,5210000000,0.03849279645363871,554000000,0.004093091983745844,0.0,-7616000000,-0.056268932397487995,1586000000.0,-9202000000,-0.06798670114517917,-0.53,-0.53,17206711000,17206711000,http://www.cbr.ru/eng/search/?text=DVEC&category=Any&time=Any&dateFrom=&dateTo=,http://www.cbr.ru/eng/search/?text=DVEC&category=Any&time=Any&dateFrom=&dateTo=,1620591336,16:15:36,20210509
2,2018-12-31,DVEC.ME,RUB,2018-12-31,2018-12-31,FY,124929000000,62196000000.0,62733000000,0.5021492207573902,0.0,442000000.0,435000000.0,0.0,59254000000.0,121450000000,2702000000.0,5503000000.0,8982000000,0.07189683740364528,3479000000,0.027847817560374293,0.0,-5493000000,-0.04396897437744639,983000000.0,-6476000000,-0.05183744366800343,-0.38,-0.38,17206711000,17206711000,http://www.cbr.ru/eng/search/?text=DVEC&category=Any&time=Any&dateFrom=&dateTo=,http://www.cbr.ru/eng/search/?text=DVEC&category=Any&time=Any&dateFrom=&dateTo=,1620591336,16:15:36,20210509
3,2017-12-31,DVEC.ME,RUB,2017-12-31,2017-12-31,FY,112152000000,55920000000.0,56232000000,0.5013909693986732,0.0,408000000.0,2031000000.0,0.0,50783000000.0,106703000000,3717000000.0,4642000000.0,10091000000,0.08997610385904843,5449000000,0.04858584777801555,0.0,-5865000000,-0.052295099507810826,96000000.0,-5961000000,-0.05315108067622512,-0.35,-0.35,17206711000,17206711000,http://www.cbr.ru/eng/search/?text=DVEC&category=Any&time=Any&dateFrom=&dateTo=,http://www.cbr.ru/eng/search/?text=DVEC&category=Any&time=Any&dateFrom=&dateTo=,1620591336,16:15:36,20210509
4,2016-12-31,DVEC.ME,RUB,2016-12-31,2016-12-31,FY,105103000000,70475000000.0,34628000000,0.3294672844733262,0.0,396000000.0,1666000000.0,0.0,25074000000.0,95549000000,7494000000.0,4595000000.0,14149000000,0.13462032482422004,9554000000,0.09090130633759265,0.0,3297000000,0.03136922828082928,675000000.0,2622000000,0.024946956794763234,0.15,0.15,17206711000,17206711000,http://www.cbr.ru/eng/search/?text=DVEC&category=Any&time=Any&dateFrom=&dateTo=,http://www.cbr.ru/eng/search/?text=DVEC&category=Any&time=Any&dateFrom=&dateTo=,1620591336,16:15:36,20210509
5,2015-12-31,DVEC.ME,RUB,2015-12-31,2015-12-31,FY,96586000000,67910000000.0,28676000000,0.296896030480608,0.0,351000000.0,496000000.0,0.0,27834000000.0,95744000000,7932000000.0,4784000000.0,5626000000,0.0582486074586379,842000000,0.008717619530780858,0.0,-10013000000,-0.10366926883813389,-51000000.0,-9962000000,-0.10314124200194645,-0.58,-0.58,17206711000,17206711000,http://www.cbr.ru/eng/search/?text=DVEC&category=Any&time=Any&dateFrom=&dateTo=,http://www.cbr.ru/eng/search/?text=DVEC&category=Any&time=Any&dateFrom=&dateTo=,1620591336,16:15:36,20210509
6,2014-12-31,DVEC.ME,RUB,2014-12-31,2014-12-31,FY,87576000000,60340000000.0,27236000000,0.3109984470631223,0.0,465000000.0,1051000000.0,0.0,25338000000.0,85678000000,5284000000.0,4407000000.0,6305000000,0.07199461039554216,1898000000,0.021672604366493105,0.0,-4560000000,-0.05206906001644286,-950000000.0,-3610000000,-0.04122133917968393,-0.21,-0.21,17206711000,17206711000,http://www.cbr.ru/eng/search/?text=DVEC&category=Any&time=Any&dateFrom=&dateTo=,http://www.cbr.ru/eng/search/?text=DVEC&category=Any&time=Any&dateFrom=&dateTo=,1620591336,16:15:36,20210509
7,2013-12-31,DVEC.ME,RUB,2013-12-31,2013-12-31,FY,78690000000,53579000000.0,25111000000,0.31911297496505275,0.0,386000000.0,451000000.0,0.0,19192000000.0,72771000000,4428000000.0,2171000000.0,8090000000,0.10280848900749777,5919000000,0.0752192146397255,0.0,1288000000,0.016368026432837718,-600000000.0,1888000000,0.023992883466768332,0.11,0.11,17206711000,17206711000,http://www.cbr.ru/eng/search/?text=DVEC&category=Any&time=Any&dateFrom=&dateTo=,http://www.cbr.ru/eng/search/?text=DVEC&category=Any&time=Any&dateFrom=&dateTo=,1620591336,16:15:36,20210509
8,2012-12-31,DVEC.ME,RUB,2012-12-31,2012-12-31,FY,73596000000,57878000000.0,15718000000,0.2135713897494429,0.0,0.0,0.0,0.0,12127000000.0,70005000000,3899000000.0,1962000000.0,5553000000,0.07545247024294799,3591000000,0.048793412685472035,0.0,-777000000,-0.01055763900211968,33000000.0,-810000000,-0.01100603293657264,-0.05,-0.05,17206711000,17206711000,http://www.cbr.ru/eng/search/?text=DVEC&category=Any&time=Any&dateFrom=&dateTo=,http://www.cbr.ru/eng/search/?text=DVEC&category=Any&time=Any&dateFrom=&dateTo=,1620591336,16:15:36,20210509
9,2011-12-31,DVEC.ME,RUB,2011-12-31,2011-12-31,FY,72282000000,0.0,72282000000,1.0,0.0,0.0,0.0,0.0,71026000000.0,71026000000,0.0,3944000000.0,5200000000,0.07194045543842174,1256000000,0.017376386928972636,0.0,-15676000000,-0.21687280374090367,-2519000000.0,-13157000000,-0.18202318696217593,-0.76,-0.76,17311842105,17311842105,http://www.cbr.ru/eng/search/?text=DVEC&category=Any&time=Any&dateFrom=&dateTo=,http://www.cbr.ru/eng/search/?text=DVEC&category=Any&time=Any&dateFrom=&dateTo=,1620591336,16:15:36,20210509
10,2010-12-31,DVEC.ME,RUB,2010-12-31,2010-12-31,FY,54888886000,33441764000.0,21447122000,0.3907370610509384,0.0,0.0,20033191000.0,-34377000.0,20033191000.0,53474955000,657121000.0,0.0,1516670000,0.02763164113041026,1413931000,0.02575987787400167,0.0,859549000,0.015659800419341723,534674000.0,304288000,0.005543708793798439,0.0177,0.0177,17223108000,17223108000,http://www.cbr.ru/eng/search/?text=DVEC&category=Any&time=Any&dateFrom=&dateTo=,http://www.cbr.ru/eng/search/?text=DVEC&category=Any&time=Any&dateFrom=&dateTo=,1620591336,16:15:36,20210509
11,2009-12-31,DVEC.ME,RUB,2009-12-31,2009-12-31,FY,47498713000,30964555000.0,16534158000,0.34809696843786064,0.0,0.0,17856603000.0,-1781199000.0,17856603000.0,48821158000,886226000.0,0.0,-3009193000,-0.06335314811582368,-1322445000,-0.02784170173200272,0.0,-3895419000,-0.08201104312026307,-1333000.0,-4180340000,-0.08800954249013021,-0.2427,-0.2427,17224309848,17224309848,http://www.cbr.ru/eng/search/?text=DVEC&category=Any&time=Any&dateFrom=&dateTo=,http://www.cbr.ru/eng/search/?text=DVEC&category=Any&time=Any&dateFrom=&dateTo=,1620591336,16:15:36,20210509
12,2008-12-31,DVEC.ME,RUB,2008-12-31,2008-12-31,FY,39969387000,25880803000.0,14088584000,0.35248436509671766,0.0,0.0,15114059000.0,1471267000.0,15114059000.0,40994862000,425667000.0,0.0,543983000,0.013609991066412903,-1025475000,-0.02565651056895118,0.0,118316000,0.002960165488652603,163498000.0,260135000,0.006508356007561487,0.0151,0.0151,17227483444,17227483444,http://www.cbr.ru/eng/search/?text=DVEC&category=Any&time=Any&dateFrom=&dateTo=,http://www.cbr.ru/eng/search/?text=DVEC&category=Any&time=Any&dateFrom=&dateTo=,1620591336,16:15:36,20210509
