,date,symbol,reportedCurrency,fillingDate,acceptedDate,period,revenue,costOfRevenue,grossProfit,grossProfitRatio,researchAndDevelopmentExpenses,generalAndAdministrativeExpenses,sellingAndMarketingExpenses,otherExpenses,operatingExpenses,costAndExpenses,interestExpense,depreciationAndAmortization,ebitda,ebitdaratio,operatingIncome,operatingIncomeRatio,totalOtherIncomeExpensesNet,incomeBeforeTax,incomeBeforeTaxRatio,incomeTaxExpense,netIncome,netIncomeRatio,eps,epsdiluted,weightedAverageShsOut,weightedAverageShsOutDil,link,finalLink,timestamp,est_time,est_date
0,2021-01-31,NFC.L,GBP,2021-01-31,2021-01-31,FY,323668000,56782000.0,266886000.0,0.8245671490539689,0.0,0.0,0.0,0.0,0.0,309980000.0,7442000.0,28003000.0,41691000.0,0.12880791428253643,13688000.0,-0.004034998825957463,0.0,-1306000.0,-0.004034998825957463,2643000.0,-4938000.0,-0.015256373815143913,-0.0579002112021009,-0.0579002112021009,85284663,85284663,https://find-and-update.company-information.service.gov.uk/search/companies?q=Next+Fifteen+Communications+Group+PLC,https://find-and-update.company-information.service.gov.uk/search/companies?q=Next+Fifteen+Communications+Group+PLC,1620595645,17:27:25,20210509
1,2020-01-31,NFC.L,GBP,2020-01-31,2020-01-31,FY,300711000,52242000.0,248469000.0,0.8262717359857139,0.0,0.0,0.0,0.0,229056000.0,281298000.0,2575000.0,26407000.0,45820000.0,0.1523722111928064,19413000.0,0.0645569999102128,0.0,5556000.0,0.018476211379031694,2717000.0,2262000.0,0.007522172451290441,0.027,0.025,85284663,90936482,https://find-and-update.company-information.service.gov.uk/search/companies?q=Next+Fifteen+Communications+Group+PLC,https://find-and-update.company-information.service.gov.uk/search/companies?q=Next+Fifteen+Communications+Group+PLC,1620595645,17:27:25,20210509
2,2019-01-31,NFC.L,GBP,2019-01-31,2019-01-31,FY,272413000,48320000.0,224093000.0,0.8226222683939459,0.0,0.0,0.0,0.0,203416000.0,251736000.0,1246000.0,13823000.0,34500000.0,0.12664593833627616,20677000.0,0.07590313237620819,0.0,18825000.0,0.06910463157044634,4299000.0,13887000.0,0.05097774335292368,0.175,0.163,79225075,85016204,https://find-and-update.company-information.service.gov.uk/search/companies?q=Next+Fifteen+Communications+Group+PLC,https://find-and-update.company-information.service.gov.uk/search/companies?q=Next+Fifteen+Communications+Group+PLC,1620595645,17:27:25,20210509
3,2018-01-31,NFC.L,GBP,2018-01-31,2018-01-31,FY,196811000,0.0,0.0,0.0,0.0,0.0,0.0,0.0,179586000.0,179586000.0,831000.0,11398000.0,28623000.0,0.1454339442409215,17225000.0,0.08752051460538283,0.0,13296000.0,0.0675571995467733,4000000.0,8632000.0,0.043859337130546565,0.116,0.105,74344883,82078212,https://find-and-update.company-information.service.gov.uk/search/companies?q=Next+Fifteen+Communications+Group+PLC,https://find-and-update.company-information.service.gov.uk/search/companies?q=Next+Fifteen+Communications+Group+PLC,1620595645,17:27:25,20210509
4,2017-01-31,NFC.L,GBP,2017-01-31,2017-01-31,FY,171013000,0.0,0.0,0.0,0.0,0.0,0.0,0.0,163099000.0,163099000.0,702000.0,9499000.0,17413000.0,0.10182266845210598,7914000.0,0.0462771836059247,0.0,2900000.0,0.016957775139901644,1232000.0,1138000.0,0.0066544648652441625,0.016,0.015,72306063,78289119,https://find-and-update.company-information.service.gov.uk/search/companies?q=Next+Fifteen+Communications+Group+PLC,https://find-and-update.company-information.service.gov.uk/search/companies?q=Next+Fifteen+Communications+Group+PLC,1620595645,17:27:25,20210509
5,2016-01-31,NFC.L,GBP,2016-01-31,2016-01-31,FY,129757000,0.0,0.0,0.0,0.0,0.0,0.0,0.0,121328000.0,121328000.0,471000.0,6144000.0,14573000.0,0.11230993318279553,8429000.0,0.06495988655717996,0.0,5578000.0,0.04298804688764383,1116000.0,3992000.0,0.030765199565341367,0.06,0.056,66298503,71637907,https://find-and-update.company-information.service.gov.uk/search/companies?q=Next+Fifteen+Communications+Group+PLC,https://find-and-update.company-information.service.gov.uk/search/companies?q=Next+Fifteen+Communications+Group+PLC,1620595645,17:27:25,20210509
6,2014-07-31,NFC.L,GBP,2014-07-31,2014-07-31,FY,101451000,0.0,0.0,0.0,0.0,0.0,0.0,0.0,93654000.0,93654000.0,508000.0,3282000.0,11079000.0,0.10920542922198893,7797000.0,0.07685483632492533,0.0,-953000.0,-0.009393697450000493,1977000.0,-3639000.0,-0.03586953307508058,-0.060377625462308196,-0.05425612783751609,60270671,67070765,https://find-and-update.company-information.service.gov.uk/search/companies?q=Next+Fifteen+Communications+Group+PLC,https://find-and-update.company-information.service.gov.uk/search/companies?q=Next+Fifteen+Communications+Group+PLC,1620595645,17:27:25,20210509
7,2013-07-31,NFC.L,GBP,2013-07-31,2013-07-31,FY,96069000,0.0,0.0,0.0,0.0,0.0,0.0,0.0,90588000.0,90588000.0,483000.0,3129000.0,8610000.0,0.08962308340879993,5481000.0,0.057052743340723855,0.0,2085000.0,0.021703150860319147,1364000.0,328000.0,0.0034142127012876163,0.0056,0.0049,59068925,66573894,https://find-and-update.company-information.service.gov.uk/search/companies?q=Next+Fifteen+Communications+Group+PLC,https://find-and-update.company-information.service.gov.uk/search/companies?q=Next+Fifteen+Communications+Group+PLC,1620595645,17:27:25,20210509
8,2012-07-31,NFC.L,GBP,2012-07-31,2012-07-31,FY,91583000,0.0,91583000.0,1.0,0.0,0.0,0.0,0.0,84945000.0,84945000.0,515000.0,2811000.0,9449000.0,0.10317416987868927,6638000.0,0.07248070056669906,0.0,5959000.0,0.06506666084316959,1652000.0,3906000.0,0.0426498367600974,0.0685,0.0604,57036925,64690881,https://find-and-update.company-information.service.gov.uk/search/companies?q=Next+Fifteen+Communications+Group+PLC,https://find-and-update.company-information.service.gov.uk/search/companies?q=Next+Fifteen+Communications+Group+PLC,1620595645,17:27:25,20210509
9,2011-07-31,NFC.L,GBP,2011-07-31,2011-07-31,FY,86035000,0.0,0.0,0.0,0.0,0.0,0.0,266000.0,78506000.0,78506000.0,479000.0,2695000.0,10224000.0,0.1188353577032603,7529000.0,0.08751089672807578,0.0,7527000.0,0.08748765037484744,2260000.0,4997000.0,0.05808101354100076,0.091,0.0782,54925003,63919332,https://find-and-update.company-information.service.gov.uk/search/companies?q=Next+Fifteen+Communications+Group+PLC,https://find-and-update.company-information.service.gov.uk/search/companies?q=Next+Fifteen+Communications+Group+PLC,1620595645,17:27:25,20210509
10,2010-07-31,NFC.L,GBP,2010-07-31,2010-07-31,FY,72328000,0.0,0.0,0.0,0.0,0.0,0.0,198000.0,65585000.0,65585000.0,448000.0,1822000.0,8565000.0,0.11841886959407145,6743000.0,0.09322807211591638,0.0,5304000.0,0.07333259595177524,1591000.0,3675000.0,0.050810197986948344,0.0675,0.0602,54444622,61078418,https://find-and-update.company-information.service.gov.uk/search/companies?q=Next+Fifteen+Communications+Group+PLC,https://find-and-update.company-information.service.gov.uk/search/companies?q=Next+Fifteen+Communications+Group+PLC,1620595645,17:27:25,20210509
11,2009-07-31,NFC.L,GBP,2009-07-31,2009-07-31,FY,65394000,0.0,0.0,0.0,0.0,0.0,0.0,63000.0,58167000.0,58167000.0,489000.0,1565000.0,8792000.0,0.13444658531363735,7227000.0,0.11051472612166253,0.0,3158000.0,0.04829189222252806,884000.0,1932000.0,0.029543994861913937,0.0367,0.0366,52585175,52719162,https://find-and-update.company-information.service.gov.uk/search/companies?q=Next+Fifteen+Communications+Group+PLC,https://find-and-update.company-information.service.gov.uk/search/companies?q=Next+Fifteen+Communications+Group+PLC,1620595645,17:27:25,20210509
12,2008-07-31,NFC.L,GBP,2008-07-31,2008-07-31,FY,63107000,0.0,0.0,0.0,0.0,0.0,0.0,71000.0,57181000.0,57181000.0,415000.0,1316000.0,7242000.0,0.11475747539892564,5926000.0,0.09390400431013993,0.0,5516000.0,0.0874071022232082,1655000.0,3663000.0,0.05804427401080704,0.0708,0.0699,51737491,52389811,https://find-and-update.company-information.service.gov.uk/search/companies?q=Next+Fifteen+Communications+Group+PLC,https://find-and-update.company-information.service.gov.uk/search/companies?q=Next+Fifteen+Communications+Group+PLC,1620595645,17:27:25,20210509
13,2007-07-31,NFC.L,GBP,2007-07-31,2007-07-31,FY,59268000,0.0,0.0,0.0,0.0,0.0,0.0,98000.0,53391000.0,53391000.0,426000.0,1465000.0,7342000.0,0.12387797799824526,5877000.0,0.09915974893703179,0.0,5122000.0,0.08642100290207194,1781000.0,3100000.0,0.05230478504420598,0.0633,0.0623,48954264,49773888,https://find-and-update.company-information.service.gov.uk/search/companies?q=Next+Fifteen+Communications+Group+PLC,https://find-and-update.company-information.service.gov.uk/search/companies?q=Next+Fifteen+Communications+Group+PLC,1620595645,17:27:25,20210509
14,2006-07-31,NFC.L,GBP,2006-07-31,2006-07-31,FY,56007000,0.0,0.0,0.0,0.0,0.0,0.0,-348000.0,51482000.0,51482000.0,312000.0,1449000.0,5974000.0,0.10666523827378721,4525000.0,0.08079347224454086,0.0,3003000.0,0.0536182977127859,1494000.0,1330000.0,0.023747031621047368,0.0286,0.0277,46457657,48002654,https://find-and-update.company-information.service.gov.uk/search/companies?q=Next+Fifteen+Communications+Group+PLC,https://find-and-update.company-information.service.gov.uk/search/companies?q=Next+Fifteen+Communications+Group+PLC,1620595645,17:27:25,20210509
15,2005-07-31,NFC.L,GBP,2005-07-31,2005-07-31,FY,48516000,0.0,0.0,0.0,0.0,0.0,0.0,90000.0,45416000.0,45416000.0,25000.0,1115000.0,4215000.0,0.0868785555280732,3100000.0,0.06389644653310249,0.0,3123000.0,0.0643705169428642,1332000.0,1608000.0,0.03314370516942864,0.0404,0.0389,39806952,41283959,https://find-and-update.company-information.service.gov.uk/search/companies?q=Next+Fifteen+Communications+Group+PLC,https://find-and-update.company-information.service.gov.uk/search/companies?q=Next+Fifteen+Communications+Group+PLC,1620595645,17:27:25,20210509
16,2004-07-31,NFC.L,GBP,2004-07-31,2004-07-31,FY,43111000,0.0,0.0,0.0,0.0,0.0,0.0,266000.0,41096000.0,41096000.0,54000.0,1277000.0,3292000.0,0.0763610215490246,2015000.0,0.046739811185080374,0.0,1927000.0,0.044698568810744355,821000.0,1043000.0,0.024193361323096192,0.0267,0.0251,39021121,41402417,https://find-and-update.company-information.service.gov.uk/search/companies?q=Next+Fifteen+Communications+Group+PLC,https://find-and-update.company-information.service.gov.uk/search/companies?q=Next+Fifteen+Communications+Group+PLC,1620595645,17:27:25,20210509
17,2003-07-31,NFC.L,GBP,2003-07-31,2003-07-31,FY,39740000,0.0,0.0,0.0,0.0,0.0,0.0,239000.0,37596000.0,37596000.0,55000.0,1687000.0,3831000.0,0.09640161046804227,2144000.0,0.053950679416205335,0.0,1628000.0,0.040966280825364874,692000.0,895000.0,0.022521389028686462,0.0233,0.0226,38416045,77931226,https://find-and-update.company-information.service.gov.uk/search/companies?q=Next+Fifteen+Communications+Group+PLC,https://find-and-update.company-information.service.gov.uk/search/companies?q=Next+Fifteen+Communications+Group+PLC,1620595645,17:27:25,20210509
18,2002-07-31,NFC.L,GBP,2002-07-31,2002-07-31,FY,40250000,0.0,0.0,0.0,0.0,0.0,0.0,27000.0,41143000.0,41143000.0,178000.0,1756000.0,863000.0,0.021440993788819876,-893000.0,-0.02218633540372671,0.0,4067000.0,0.10104347826086957,1614000.0,2381000.0,0.05915527950310559,0.05937,0.05781,40108105,81296192,https://find-and-update.company-information.service.gov.uk/search/companies?q=Next+Fifteen+Communications+Group+PLC,https://find-and-update.company-information.service.gov.uk/search/companies?q=Next+Fifteen+Communications+Group+PLC,1620595645,17:27:25,20210509
19,2001-07-31,NFC.L,GBP,2001-07-31,2001-07-31,FY,44792000,0.0,0.0,0.0,0.0,0.0,0.0,32000.0,42897000.0,42897000.0,264000.0,1681000.0,3576000.0,0.07983568494373995,1895000.0,0.04230666190391141,0.0,329000.0,0.007345061618146098,294000.0,17000.0,0.0003795320592963029,0.0004265462300840547,0.0003946421524247278,39855000,43077000,https://find-and-update.company-information.service.gov.uk/search/companies?q=Next+Fifteen+Communications+Group+PLC,https://find-and-update.company-information.service.gov.uk/search/companies?q=Next+Fifteen+Communications+Group+PLC,1620595645,17:27:25,20210509
20,2000-07-31,NFC.L,GBP,2000-07-31,2000-07-31,FY,36440000,0.0,0.0,0.0,0.0,0.0,0.0,21000.0,33453000.0,33453000.0,212000.0,1031000.0,4018000.0,0.11026344676180022,2987000.0,0.08197036223929748,0.0,2266000.0,0.062184412733260155,1078000.0,1119000.0,0.03070801317233809,0.029,0.027,38922000,41848000,https://find-and-update.company-information.service.gov.uk/search/companies?q=Next+Fifteen+Communications+Group+PLC,https://find-and-update.company-information.service.gov.uk/search/companies?q=Next+Fifteen+Communications+Group+PLC,1620595645,17:27:25,20210509
21,1999-07-31,NFC.L,GBP,1999-07-31,1999-07-31,FY,22771000,0.0,0.0,0.0,0.0,0.0,0.0,42000.0,21142000.0,21142000.0,111000.0,653000.0,2282000.0,0.1002151859821703,1629000.0,0.07153836019498484,0.0,1700000.0,0.07465636116112599,801000.0,853000.0,0.037459927100259104,0.0225,0.022,37690000,39164000,https://find-and-update.company-information.service.gov.uk/search/companies?q=Next+Fifteen+Communications+Group+PLC,https://find-and-update.company-information.service.gov.uk/search/companies?q=Next+Fifteen+Communications+Group+PLC,1620595645,17:27:25,20210509
22,1998-07-31,NFC.L,GBP,1998-07-31,1998-07-31,FY,16028000,0.0,0.0,0.0,0.0,0.0,0.0,13000.0,14709000.0,14709000.0,42000.0,452000.0,1771000.0,0.11049413526328924,1319000.0,0.0822934863988021,0.0,1354000.0,0.0844771649613177,539000.0,791000.0,0.04935113551285251,0.021,0.02,38118000,39512000,https://find-and-update.company-information.service.gov.uk/search/companies?q=Next+Fifteen+Communications+Group+PLC,https://find-and-update.company-information.service.gov.uk/search/companies?q=Next+Fifteen+Communications+Group+PLC,1620595645,17:27:25,20210509
23,1997-07-31,NFC.L,GBP,1997-07-31,1997-07-31,FY,10994000,0.0,0.0,0.0,0.0,0.0,0.0,0.0,9766000.0,9766000.0,43000.0,333000.0,1561000.0,0.14198653811169729,1228000.0,0.1116972894305985,0.0,1242000.0,0.11297071129707113,423000.0,798000.0,0.07258504638893942,0.021,0.0205,38200000,38804000,https://find-and-update.company-information.service.gov.uk/search/companies?q=Next+Fifteen+Communications+Group+PLC,https://find-and-update.company-information.service.gov.uk/search/companies?q=Next+Fifteen+Communications+Group+PLC,1620595645,17:27:25,20210509
