,date,symbol,reportedCurrency,fillingDate,acceptedDate,period,revenue,costOfRevenue,grossProfit,grossProfitRatio,researchAndDevelopmentExpenses,generalAndAdministrativeExpenses,sellingAndMarketingExpenses,otherExpenses,operatingExpenses,costAndExpenses,interestExpense,depreciationAndAmortization,ebitda,ebitdaratio,operatingIncome,operatingIncomeRatio,totalOtherIncomeExpensesNet,incomeBeforeTax,incomeBeforeTaxRatio,incomeTaxExpense,netIncome,netIncomeRatio,eps,epsdiluted,weightedAverageShsOut,weightedAverageShsOutDil,link,finalLink,timestamp,est_time,est_date
0,2020-12-31,UHT,USD,2021-02-25,2021-02-25 16:16:59,FY,24571000,0.0,24571000.0,1.0,0.0,4141000.0,0.0,22284000.0,22284000.0,22284000.0,-26004000.0,25581000.0,45028000,1.8325668470961702,19447000,0.7914614789792845,0.0,19447000.0,0.7914614789792845,0.0,19447000.0,0.7914614789792845,1.4150476606272284,1.4150476606272284,13743000.0,13743000.0,https://www.sec.gov/Archives/edgar/data/798783/000156459021008850/0001564590-21-008850-index.htm,https://www.sec.gov/Archives/edgar/data/798783/000156459021008850/uht-10k_20201231.htm,1620599251,18:27:31,20210509
1,2019-12-31,UHT,USD,2020-02-26,2020-02-26 16:34:54,FY,77163000,0.0,0.0,0.0,0.0,3974000.0,0.0,0.0,51413000.0,51413000.0,10533000.0,25870000.0,51620000,0.6689734717416378,25750000,0.3337091611264466,3747000.0,18964000.0,0.24576545753793916,0.0,18964000.0,0.24576545753793916,1.3810078648412467,1.378999418266434,13732000.0,13752000.0,https://www.sec.gov/Archives/edgar/data/798783/000156459020006816/0001564590-20-006816-index.htm,https://www.sec.gov/Archives/edgar/data/798783/000156459020006816/uht-10k_20191231.htm,1620599251,18:27:31,20210509
2,2018-12-31,UHT,USD,2019-02-27,2019-02-27 16:27:07,FY,76210000,0.0,0.0,0.0,0.0,3806000.0,0.0,0.0,49505000.0,49505000.0,9977000.0,24976000.0,51681000,0.6781393517911035,26705000,0.35041333158378163,7468000.0,24196000.0,0.31749114289463326,0.0,24196000.0,0.31749114289463326,1.76,1.76,13722000.0,13722000.0,https://www.sec.gov/Archives/edgar/data/798783/000156459019004923/0001564590-19-004923-index.htm,https://www.sec.gov/Archives/edgar/data/798783/000156459019004923/uht-10k_20181231.htm,1620599251,18:27:31,20210509
3,2017-12-31,UHT,USD,2018-02-28,2018-02-28 16:22:48,FY,72348000,0.0,0.0,0.0,0.0,3577000.0,0.0,0.0,48204000.0,48204000.0,10063000.0,25116000.0,49260000,0.6808757671255597,24144000,0.3337203516337701,31538000.0,45619000.0,0.6305495659866203,0.0,45619000.0,0.6305495659866203,3.35,3.35,13625000.0,13625000.0,https://www.sec.gov/Archives/edgar/data/798783/000156459018003812/0001564590-18-003812-index.htm,https://www.sec.gov/Archives/edgar/data/798783/000156459018003812/uht-10k_20171231.htm,1620599251,18:27:31,20210509
4,2016-12-31,UHT,USD,2017-02-28,2017-02-28 16:23:51,FY,67081000,0.0,0.0,0.0,0.0,3263000.0,0.0,0.0,44439000.0,44439000.0,9355000.0,22956000.0,45598000,0.6797453824480851,22642000,0.3375322371461368,3928000.0,17215000.0,0.25663004427483194,0.0,17215000.0,0.25663004427483194,1.27859477124183,1.2782150282150282,13464000.0,13468000.0,https://www.sec.gov/Archives/edgar/data/798783/000156459017002865/0001564590-17-002865-index.htm,https://www.sec.gov/Archives/edgar/data/798783/000156459017002865/uht-10k_20161231.htm,1620599251,18:27:31,20210509
5,2015-12-31,UHT,USD,2016-03-04,2016-03-04 06:05:23,FY,63950000,0.0,63950000.0,1.0,0.0,2810000.0,0.0,0.0,43070000.0,43070000.0,8224000.0,22108000.0,42988000,0.6722126661454261,20880000,0.32650508209538703,11035000.0,23691000.0,0.37046129788897575,0.0,23691000.0,0.37046129788897575,1.7822162040171519,1.7811442748665514,13293000.0,13301000.0,https://www.sec.gov/Archives/edgar/data/798783/000156459016014024/0001564590-16-014024-index.htm,https://www.sec.gov/Archives/edgar/data/798783/000156459016014024/uht-10k_20151231.htm,1620599251,18:27:31,20210509
6,2014-12-31,UHT,USD,2015-03-06,2015-03-05 17:40:47,FY,59786000,0.0,59786000.0,1.0,0.0,2545000.0,0.0,0.0,40312000.0,40312000.0,8376000.0,20885000.0,40359000,0.6750577058174154,19474000,0.32572843140534574,40453000.0,51551000.0,0.8622587227779078,0.0,51551000.0,0.8622587227779078,3.9878548773884117,3.9856966135766196,12927000.0,12934000.0,https://www.sec.gov/Archives/edgar/data/798783/000119312515079092/0001193125-15-079092-index.htm,https://www.sec.gov/Archives/edgar/data/798783/000119312515079092/d834449d10k.htm,1620599251,18:27:31,20210509
7,2013-12-31,UHT,USD,2014-03-07,2014-03-07 06:07:00,FY,54280000,0.0,54280000.0,1.0,0.0,2369000.0,0.0,0.0,35531000.0,35531000.0,7472000.0,18753000.0,37502000,0.6908990420044215,18749000,0.345412675018423,1892000.0,13169000.0,0.24261238025055268,0.0,13169000.0,0.24261238025055268,1.0378280400346758,1.0368474923234392,12689000.0,12701000.0,https://www.sec.gov/Archives/edgar/data/798783/000119312514087617/0001193125-14-087617-index.htm,https://www.sec.gov/Archives/edgar/data/798783/000119312514087617/d649900d10k.htm,1620599251,18:27:31,20210509
8,2012-12-31,UHT,USD,2013-03-13,2013-03-13 16:17:22,FY,53950000,0.0,53950000.0,1.0,0.0,2119000.0,0.0,0.0,36910000.0,36910000.0,7768000.0,20216000.0,37256000,0.6905653382761816,17040000,0.3158480074142725,10205000.0,19477000.0,0.3610194624652456,0.0,19477000.0,0.3610194624652456,1.5383461022036173,1.5373746941352908,12661000.0,12669000.0,https://www.sec.gov/Archives/edgar/data/798783/000119312513105230/0001193125-13-105230-index.htm,https://www.sec.gov/Archives/edgar/data/798783/000119312513105230/d444716d10k.htm,1620599251,18:27:31,20210509
9,2011-12-31,UHT,USD,2012-03-13,2012-03-13 10:41:36,FY,29494000,0.0,29494000.0,1.0,0.0,0.0,0.0,0.0,15413000.0,15413000.0,2402000.0,7306000.0,21387000,0.7251305350240727,14081000,0.47741913609547704,62115000.0,73794000.0,2.502000406862413,0.0,73794000.0,2.502000406862413,5.84,5.83,12644000.0,12649000.0,https://www.sec.gov/Archives/edgar/data/798783/000119312512111276/0001193125-12-111276-index.htm,https://www.sec.gov/Archives/edgar/data/798783/000119312512111276/d275437d10k.htm,1620599251,18:27:31,20210509
10,2010-12-31,UHT,USD,2011-03-11,2011-03-11 13:46:11,FY,28878000,0.0,28878000.0,1.0,0.0,1852000.0,0.0,0.0,13577000.0,13577000.0,1939000.0,6286000.0,21587000,0.7475240667636263,15301000,0.529849712583974,2948000.0,16310000.0,0.5647898053881848,0.0,16310000.0,0.5647898053881848,1.330451097153112,1.3301255912575436,12259000.0,12262000.0,https://www.sec.gov/Archives/edgar/data/798783/000119312511063597/0001193125-11-063597-index.htm,https://www.sec.gov/Archives/edgar/data/798783/000119312511063597/d10k.htm,1620599251,18:27:31,20210509
11,2009-12-31,UHT,USD,2010-03-09,2010-03-09 15:38:51,FY,31914000,0.0,31914000.0,1.0,0.0,1606000.0,0.0,0.0,13982000.0,13982000.0,2448000.0,6399000.0,24331000,0.7623926803283825,17932000,0.5618850661151845,3092000.0,0.0,0.0,0.0,18576000.0,0.5820642978003384,1.5621898915145909,1.5614020341262502,11891000.0,11897000.0,https://www.sec.gov/Archives/edgar/data/798783/000119312510051322/0001193125-10-051322-index.htm,https://www.sec.gov/Archives/edgar/data/798783/000119312510051322/d10k.htm,1620599251,18:27:31,20210509
12,2008-12-31,UHT,USD,2009-03-12,2009-03-12 12:27:51,FY,29184000,0.0,29184000.0,1.0,0.0,1567000.0,0.0,0.0,12617000.0,12617000.0,2391000.0,5904000.0,22471000,0.7699766995614035,16567000,0.5676740679824561,-2523000.0,0.0,0.0,0.0,11653000.0,0.39929413377192985,0.9832925491519703,0.9807271503113953,11851000.0,11882000.0,https://www.sec.gov/Archives/edgar/data/798783/000119312509051831/0001193125-09-051831-index.htm,https://www.sec.gov/Archives/edgar/data/798783/000119312509051831/d10k.htm,1620599251,18:27:31,20210509
13,2007-12-31,UHT,USD,2008-03-13,2008-03-13 16:23:52,FY,27960000,0.0,0.0,0.0,0.0,0.0,0.0,0.0,11116000.0,11116000.0,1749000.0,5209000.0,22053000,0.7887339055793992,16844000,0.6024320457796852,0.0,0.0,0.0,0.0,22191000.0,0.7936695278969957,1.8777288881367407,1.868715789473684,11818000.0,11875000.0,https://www.sec.gov/Archives/edgar/data/798783/000119312508055535/0001193125-08-055535-index.htm,https://www.sec.gov/Archives/edgar/data/798783/000119312508055535/d10k.htm,1620599251,18:27:31,20210509
14,2006-12-31,UHT,USD,2007-03-14,2007-03-14 09:58:26,FY,32509000,0.0,0.0,0.0,0.0,0.0,0.0,0.0,13728000.0,13728000.0,2283000.0,5757000.0,24538000,0.7548063613153281,18781000,0.5777169399243286,0.0,0.0,0.0,0.0,34697000.0,1.067304438770802,2.94,2.92,11784000.0,11866000.0,https://www.sec.gov/Archives/edgar/data/798783/000119312507054153/0001193125-07-054153-index.htm,https://www.sec.gov/Archives/edgar/data/798783/000119312507054153/d10k.htm,1620599251,18:27:31,20210509
15,2005-12-31,UHT,USD,2006-03-15,2006-03-15 16:53:33,FY,33338000,0.0,0.0,0.0,0.0,0.0,0.0,0.0,13912000.0,13912000.0,3298000.0,5825000.0,25251000,0.7574239606455097,19426000,0.5826984222208891,0.0,0.0,0.0,0.0,25423000.0,0.7625832383466314,2.16,2.15,11764000.0,11841000.0,https://www.sec.gov/Archives/edgar/data/798783/000119312506055113/0001193125-06-055113-index.htm,https://www.sec.gov/Archives/edgar/data/798783/000119312506055113/d10k.htm,1620599251,18:27:31,20210509
16,2004-12-31,UHT,USD,2005-03-14,2005-03-14 16:18:12,FY,31777000,0.0,0.0,0.0,0.0,0.0,0.0,0.0,11675000.0,11675000.0,3357000.0,5177000.0,25279000,0.7955124775781225,20102000,0.6325959026969191,0.0,0.0,0.0,0.0,23671000.0,0.7449098404506403,2.02,2.0,11744000.0,11813000.0,https://www.sec.gov/Archives/edgar/data/798783/000119312505049481/0001193125-05-049481-index.htm,https://www.sec.gov/Archives/edgar/data/798783/000119312505049481/d10k.htm,1620599251,18:27:31,20210509
17,2003-12-31,UHT,USD,2004-03-12,2004-03-12 15:38:24,FY,28313000,0.0,0.0,0.0,0.0,0.0,0.0,0.0,9375000.0,9375000.0,2497000.0,4536000.0,23474000,0.8290891110090771,18938000,0.6688800197789001,0.0,0.0,0.0,0.0,24425000.0,0.8626779218027054,2.09,2.07,11713000.0,11779000.0,https://www.sec.gov/Archives/edgar/data/798783/000119312504040446/0001193125-04-040446-index.htm,https://www.sec.gov/Archives/edgar/data/798783/000119312504040446/d10k.htm,1620599251,18:27:31,20210509
18,2002-12-31,UHT,USD,2003-03-28,2003-03-28 16:17:58,FY,28429000,0.0,0.0,0.0,0.0,0.0,0.0,0.0,9326000.0,9326000.0,2403000.0,4431000.0,23534000,0.8278166660804108,19103000,0.6719546941503395,0.0,0.0,0.0,0.0,21623000.0,0.7605965739209961,1.85,1.84,11687000.0,11750000.0,https://www.sec.gov/Archives/edgar/data/798783/000095010903001836/0000950109-03-001836-index.htm,https://www.sec.gov/Archives/edgar/data/798783/000095010903001836/d10k.htm,1620599251,18:27:31,20210509
19,2001-12-31,UHT,USD,2001-12-31,2001-12-31,FY,27574000,0.0,0.0,0.0,0.0,0.0,0.0,0.0,8956000.0,8956000.0,3896000.0,4401000.0,23019000,0.8348081526075288,18618000,0.6752012765648799,0.0,0.0,0.0,0.0,18349000.0,0.665445709726554,1.75,1.74,10492000.0,10536000.0,,,1620599251,18:27:31,20210509
20,2000-12-31,UHT,USD,2000-12-31,2000-12-31,FY,27315000,0.0,0.0,0.0,0.0,0.0,0.0,0.0,8614000.0,8614000.0,6114000.0,4461000.0,23162000,0.8479589968881567,18701000,0.6846421380194032,0.0,0.0,0.0,0.0,16256000.0,0.595130880468607,1.810043425008351,1.8056203487726314,8981000.0,9003000.0,,,1620599251,18:27:31,20210509
21,1999-12-31,UHT,USD,1999-12-31,1999-12-31,FY,23865000,0.0,0.0,0.0,0.0,0.0,0.0,0.0,8443000.0,8443000.0,0.0,3857000.0,19279000,0.8078357427194637,15422000,0.6462183113345904,0.0,0.0,0.0,0.0,13972000.0,0.5854598784831343,1.5600714604734256,1.556421967249638,8956000.0,8977000.0,,,1620599251,18:27:31,20210509
22,1998-12-31,UHT,USD,1998-12-31,1998-12-31,FY,23234000,0.0,0.0,0.0,0.0,0.0,0.0,0.0,6944000.0,6944000.0,3490000.0,3879000.0,20169000,0.8680812602220883,16290000,0.7011276577429629,0.0,0.0,0.0,0.0,14337000.0,0.6170698114831712,1.6015415549597856,1.597615333184756,8952000.0,8974000.0,,,1620599251,18:27:31,20210509
23,1997-12-31,UHT,USD,1997-12-31,1997-12-31,FY,22764000,0.0,0.0,0.0,0.0,0.0,0.0,0.0,6299000.0,6299000.0,0.0,3775000.0,20240000,0.8891231769460551,16465000,0.7232911614830434,0.0,0.0,0.0,0.0,13967000.0,0.6135564927077842,1.559861514406969,1.5576000892160142,8954000.0,8967000.0,,,1620599251,18:27:31,20210509
24,1996-12-31,UHT,USD,1996-12-31,1996-12-31,FY,21923000,0.0,0.0,0.0,0.0,0.0,0.0,0.0,4729000.0,4729000.0,2565000.0,3636000.0,20830000,0.9501436847146832,17194000,0.7842904711946358,-1100000.0,0.0,0.0,0.0,14158000.0,0.6458057747571044,1.58,1.58,8960000.0,8960000.0,,,1620599251,18:27:31,20210509
25,1995-12-31,UHT,USD,1995-12-31,1995-12-31,FY,20417000,0.0,0.0,0.0,0.0,0.0,0.0,0.0,4308000.0,4308000.0,1825000.0,3382000.0,19491000,0.9546456384385561,16109000,0.7889993632757016,-700000.0,0.0,0.0,0.0,13584000.0,0.6653279130136651,1.518274281882195,1.5182118361511452,8947000.0,8947368.0,,,1620599251,18:27:31,20210509
26,1994-12-31,UHT,USD,1994-12-31,1994-12-31,FY,18826000,0.0,0.0,0.0,0.0,0.0,0.0,0.0,0.0,2968000.0,1146000.0,3282000.0,19140000,1.0166790608732603,15858000,0.8423456921279082,-400000.0,0.0,0.0,0.0,14312000.0,0.7602252204398173,1.6,1.6,8947486.0,8951613.0,,,1620599251,18:27:31,20210509
27,1993-12-31,UHT,USD,1993-12-31,1993-12-31,FY,18600000,0.0,0.0,0.0,0.0,0.0,0.0,0.0,0.0,-4500000.0,1900000.0,3100000.0,26200000,1.4086021505376345,23100000,1.2419354838709677,-100000.0,0.0,0.0,0.0,12300000.0,0.6612903225806451,1.45,1.45,8482759.0,8482759.0,,,1620599251,18:27:31,20210509
28,1992-12-31,UHT,USD,1992-12-31,1992-12-31,FY,19000000,0.0,0.0,0.0,0.0,0.0,0.0,0.0,0.0,-17000000.0,3800000.0,3100000.0,39100000,2.057894736842105,36000000,1.894736842105263,-500000.0,0.0,0.0,0.0,-1800000.0,-0.09473684210526316,-0.25,-0.25,7200000.0,7200000.0,,,1620599251,18:27:31,20210509
29,1991-12-31,UHT,USD,1991-12-31,1991-12-31,FY,19900000,0.0,0.0,0.0,0.0,0.0,0.0,0.0,0.0,-4800000.0,4300000.0,3200000.0,27900000,1.4020100502512562,24700000,1.2412060301507537,0.0,0.0,0.0,0.0,10800000.0,0.542713567839196,1.53,1.53,7058824.0,7058824.0,,,1620599251,18:27:31,20210509
30,1990-12-31,UHT,USD,1990-12-31,1990-12-31,FY,19400000,0.0,0.0,0.0,0.0,0.0,0.0,0.0,0.0,-5100000.0,5200000.0,3200000.0,27700000,1.4278350515463918,24500000,1.2628865979381443,0.0,0.0,0.0,0.0,9200000.0,0.4742268041237113,1.31,1.31,7022901.0,7022901.0,,,1620599251,18:27:31,20210509
31,1989-12-31,UHT,USD,1989-12-31,1989-12-31,FY,18400000,0.0,0.0,0.0,0.0,0.0,0.0,0.0,0.0,-4900000.0,5100000.0,3100000.0,26400000,1.434782608695652,23300000,1.266304347826087,0.0,0.0,0.0,0.0,8500000.0,0.46195652173913043,1.2,1.2,7083333.0,7083333.0,,,1620599251,18:27:31,20210509
32,1988-12-31,UHT,USD,1988-12-31,1988-12-31,FY,15400000,0.0,0.0,0.0,0.0,0.0,0.0,0.0,0.0,-3800000.0,3300000.0,0.0,19200000,1.2467532467532467,19200000,1.2467532467532467,0.0,0.0,0.0,0.0,8300000.0,0.538961038961039,1.15,1.15,7217391.0,7217391.0,,,1620599251,18:27:31,20210509
33,1987-12-31,UHT,USD,1987-12-31,1987-12-31,FY,13700000,0.0,0.0,0.0,0.0,0.0,0.0,0.0,0.0,-3700000.0,0.0,0.0,17400000,1.27007299270073,17400000,1.27007299270073,0.0,0.0,0.0,0.0,8700000.0,0.635036496350365,1.05,1.05,8285714.0,8285714.0,,,1620599251,18:27:31,20210509
34,1986-09-30,UHT,USD,1986-09-30,1986-09-30,FY,13700000,0.0,0.0,0.0,0.0,0.0,0.0,0.0,0.0,-3600000.0,1100000.0,0.0,17300000,1.2627737226277371,17300000,1.2627737226277371,0.0,0.0,0.0,0.0,9000000.0,0.656934306569343,1.03,1.03,8737864.0,8737864.0,,,1620599251,18:27:31,20210509
