,date,symbol,reportedCurrency,fillingDate,acceptedDate,period,revenue,costOfRevenue,grossProfit,grossProfitRatio,researchAndDevelopmentExpenses,generalAndAdministrativeExpenses,sellingAndMarketingExpenses,otherExpenses,operatingExpenses,costAndExpenses,interestExpense,depreciationAndAmortization,ebitda,ebitdaratio,operatingIncome,operatingIncomeRatio,totalOtherIncomeExpensesNet,incomeBeforeTax,incomeBeforeTaxRatio,incomeTaxExpense,netIncome,netIncomeRatio,eps,epsdiluted,weightedAverageShsOut,weightedAverageShsOutDil,link,finalLink,timestamp,est_time,est_date
0,2020-12-31,WTRH,USD,2021-03-08,2021-03-08 16:20:31,FY,204328000.0,109240000.0,95088000.0,0.4653694060530128,4262000.0,42982000.0,12242000.0,-1861000.0,67863000.0,177103000.0,9458000.0,8377000.0,35602000.0,0.1742394581261501,27225000.0,0.13324165067929994,-1911000.0,15958000.0,0.07809991777925689,122000.0,15836000.0,0.07750283857327435,0.21871713752910404,0.21871713752910404,109181847.0,109181847.0,https://www.sec.gov/Archives/edgar/data/1653247/000156459021011498/0001564590-21-011498-index.htm,https://www.sec.gov/Archives/edgar/data/1653247/000156459021011498/wtrh-10k_20201231.htm,1620599971,18:39:31,20210509
1,2019-12-31,WTRH,USD,2020-03-16,2020-03-16 16:02:04,FY,191675000.0,147759000.0,43916000.0,0.22911699491326465,7718000.0,56862000.0,52370000.0,-1547000.0,132724000.0,280483000.0,9408000.0,15774000.0,-73034000.0,-0.3810303899830442,-88808000.0,-0.4633259423503326,-194046000.0,-291225000.0,-1.5193687230989956,81000.0,-289409000.0,-1.5098943524194601,-4.0,-4.0,72404020.0,72404020.0,https://www.sec.gov/Archives/edgar/data/1653247/000156459020011143/0001564590-20-011143-index.htm,https://www.sec.gov/Archives/edgar/data/1653247/000156459020011143/wtrh-10k_20191231.htm,1620599971,18:39:31,20210509
2,2018-12-31,WTRH,USD,2019-03-15,2019-03-14 17:48:38,FY,69273000.0,51428000.0,17845000.0,0.2576039726877716,3913000.0,31148000.0,15695000.0,-2000.0,51979000.0,103407000.0,0.0,1223000.0,-32911000.0,-0.4750913054148081,-34134000.0,-0.49274609155082066,812000.0,-34738000.0,-0.5014652173285407,-427000.0,-34311000.0,-0.49530119960157637,-2.18,-2.18,15745065.0,15745065.0,https://www.sec.gov/Archives/edgar/data/1653247/000156459019007876/0001564590-19-007876-index.htm,https://www.sec.gov/Archives/edgar/data/1653247/000156459019007876/wtrh-10k_20181231.htm,1620599971,18:39:31,20210509
3,2017-12-31,WTRH,USD,2018-03-12,2018-03-12 16:49:27,FY,0.0,0.0,0.0,0.0,0.0,480303.0,0.0,0.0,480303.0,480303.0,0.0,0.0,-480303.0,0.0,-480303.0,0.0,0.0,1317939.0,0.0,448099.0,869840.0,0.0,-0.05,-0.05,7553650.0,7553650.0,https://www.sec.gov/Archives/edgar/data/1653247/000114420418014126/0001144204-18-014126-index.htm,https://www.sec.gov/Archives/edgar/data/1653247/000114420418014126/tv486956_10k.htm,1620599971,18:39:31,20210509
4,2016-12-31,WTRH,USD,2017-03-30,2017-03-30 17:23:04,FY,0.0,0.0,0.0,0.0,0.0,261253.0,0.0,0.0,261253.0,261253.0,0.0,0.0,-261253.0,0.0,-261253.0,0.0,0.0,-4518.0,0.0,0.0,-4518.0,0.0,-0.000602,-0.000602,7500028.0,7500028.0,https://www.sec.gov/Archives/edgar/data/1653247/000114420417017766/0001144204-17-017766-index.htm,https://www.sec.gov/Archives/edgar/data/1653247/000114420417017766/v462031_10k.htm,1620599971,18:39:31,20210509
5,2015-12-31,WTRH,USD,2015-12-31,2015-12-31,FY,0.0,0.0,0.0,0.0,0.0,11905.0,0.0,0.0,0.0,11905.0,0.0,0.0,-11905.0,0.0,-11905.0,0.0,0.0,-11905.0,0.0,0.0,-11905.0,0.0,-0.000381,-0.000381,31250000.0,31250000.0,,,1620599971,18:39:31,20210509
6,2014-12-31,WTRH,USD,2014-12-31,2014-12-31,FY,0.0,0.0,0.0,0.0,0.0,0.0,0.0,0.0,0.0,0.0,0.0,0.0,0.0,0.0,0.0,0.0,0.0,0.0,0.0,0.0,0.0,0.0,0.0,0.0,7498815.0,7498815.0,,,1620599971,18:39:31,20210509
