,date,symbol,reportedCurrency,fillingDate,acceptedDate,period,revenue,costOfRevenue,grossProfit,grossProfitRatio,researchAndDevelopmentExpenses,generalAndAdministrativeExpenses,sellingAndMarketingExpenses,otherExpenses,operatingExpenses,costAndExpenses,interestExpense,depreciationAndAmortization,ebitda,ebitdaratio,operatingIncome,operatingIncomeRatio,totalOtherIncomeExpensesNet,incomeBeforeTax,incomeBeforeTaxRatio,incomeTaxExpense,netIncome,netIncomeRatio,eps,epsdiluted,weightedAverageShsOut,weightedAverageShsOutDil,link,finalLink,timestamp,est_time,est_date
0,2020-12-31,0882.HK,HKD,2020-12-31,2020-12-31,FY,3746170000,2696484000,1049686000,0.28020244676562994,0.0,510999000,546983000.0,55728000.0,0.0,3913194000,70814000.0,0.0,629413000,0.16801506605412994,-167024000.0,0.100680428277414,0.0,377166000,0.100680428277414,75443000,294478000,0.07860775138341293,0.2745024562580982,0.2745024562580982,1072770000,1072770000,https://www1.hkexnews.hk/search/titlesearch.xhtml,https://www1.hkexnews.hk/search/titlesearch.xhtml,1620584961,14:29:21,20210509
1,2019-12-31,0882.HK,HKD,2019-12-31,2019-12-31,FY,4549058000,2949200000,1599858000,0.35168995427185146,0.0,493713000,861661000.0,83400000.0,0.0,4521686000,84961000.0,224705000.0,252077000,0.0554130107815728,27372000.0,0.0060170699076600035,0.0,571035000,0.12552818627504858,61891000,461441000,0.10143660511692751,0.4301,0.4301,1072770000,1072770000,https://www1.hkexnews.hk/search/titlesearch.xhtml,https://www1.hkexnews.hk/search/titlesearch.xhtml,1620584961,14:29:21,20210509
2,2018-12-31,0882.HK,HKD,2018-12-31,2018-12-31,FY,5391500000,3311851000,2079649000,0.38572734860428454,0.0,539572000,1127398000.0,88581000.0,0.0,5289231000,86227000.0,305937000.0,408206000,0.07571288138736901,102269000.0,0.018968561624779747,0.0,876099000,0.16249633682648615,86630000,471931000,0.08753241213020495,0.4399,0.4399,1072770000,1072770000,https://www1.hkexnews.hk/search/titlesearch.xhtml,https://www1.hkexnews.hk/search/titlesearch.xhtml,1620584961,14:29:21,20210509
3,2017-12-31,0882.HK,HKD,2017-12-31,2017-12-31,FY,6987845000,5374104000,1613741000,0.23093543145275833,0.0,725655000,665659000.0,48119000.0,0.0,7030050000,63434000.0,306923000.0,264718000,0.037882637637211475,-42205000.0,-0.006039773349294382,0.0,654273000,0.09363015350225999,75782000,488837000,0.06995532957585636,0.4557,0.4553,1072770000,1073625000,https://www1.hkexnews.hk/search/titlesearch.xhtml,https://www1.hkexnews.hk/search/titlesearch.xhtml,1620584961,14:29:21,20210509
4,2016-12-31,0882.HK,HKD,2016-12-31,2016-12-31,FY,6110176000,4799058000,1311118000,0.2145794163703304,0.0,643197000,429349000.0,47596000.0,0.0,6071624000,68067000.0,260162000.0,298714000,0.048887953473025984,38552000.0,0.006309474555233761,0.0,713731000,0.11681021954195754,49989000,515214000,0.08432064804679931,0.4803,0.4802,1072770000,1073004000,https://www1.hkexnews.hk/search/titlesearch.xhtml,https://www1.hkexnews.hk/search/titlesearch.xhtml,1620584961,14:29:21,20210509
5,2015-12-31,0882.HK,HKD,2015-12-31,2015-12-31,FY,6368910000,5185302000,1183608000,0.18584153332359854,0.0,832962000,368362000.0,60123000.0,0.0,6500441000,67650000.0,260626000.0,129095000,0.02026955946935975,-131531000.0,-0.02065204250020804,0.0,774742000,0.12164436300717077,71533000,562351000,0.08829627047642376,0.525,0.5228,1071151000,1075732000,https://www1.hkexnews.hk/search/titlesearch.xhtml,https://www1.hkexnews.hk/search/titlesearch.xhtml,1620584961,14:29:21,20210509
6,2014-12-31,0882.HK,HKD,2014-12-31,2014-12-31,FY,5322804000,4903952000,418852000,0.078690103937699,0.0,590254000,55049000.0,34944000.0,0.0,5576608000,57499000.0,178182000.0,-75622000,-0.014207173512306671,-253804000.0,-0.047682386952440856,0.0,849814000,0.1596553245244424,60037000,708645000,0.1331337768589638,0.6639,0.6569,1067470000,1078744000,https://www1.hkexnews.hk/search/titlesearch.xhtml,https://www1.hkexnews.hk/search/titlesearch.xhtml,1620584961,14:29:21,20210509
7,2013-12-31,0882.HK,HKD,2013-12-31,2013-12-31,FY,4952429000,4703499000,248930000,0.050264223878827945,0.0,557267000,60427000.0,32738000.0,0.0,5383892000,52782000.0,164221000.0,-267242000,-0.053961803389811346,-431463000.0,-0.08712149129245467,0.0,843460000,0.17031238610386942,68602000,704353000,0.1422237451561648,0.6598,0.6545,1067470000,1076180000,https://www1.hkexnews.hk/search/titlesearch.xhtml,https://www1.hkexnews.hk/search/titlesearch.xhtml,1620584961,14:29:21,20210509
8,2012-12-31,0882.HK,HKD,2012-12-31,2012-12-31,FY,3890394000,3558045000,332349000,0.08542810830985242,0.0,437262000,0.0,37732000.0,0.0,4057681000,63233000.0,104927000.0,-62360000,-0.016029224803451782,-167287000.0,-0.04300001490851569,0.0,545095000,0.14011305795762588,58375000,413094000,0.10618307554453353,0.387,0.3866,1067470000,1068549000,https://www1.hkexnews.hk/search/titlesearch.xhtml,https://www1.hkexnews.hk/search/titlesearch.xhtml,1620584961,14:29:21,20210509
9,2011-12-31,0882.HK,HKD,2011-12-31,2011-12-31,FY,3517032000,3242249000,274783000,0.07812922941844146,0.0,377582000,0.0,0.0,0.0,3468506000,33704000.0,81619000.0,130145000,0.03700421264293302,48526000.0,0.013797429195981157,0.0,617185000,0.17548461316246197,109662000,437195000,0.12430793919418419,0.4096,0.4093,1067470000,1068152000,https://www1.hkexnews.hk/search/titlesearch.xhtml,https://www1.hkexnews.hk/search/titlesearch.xhtml,1620584961,14:29:21,20210509
10,2010-12-31,0882.HK,HKD,2010-12-31,2010-12-31,FY,3223034000,2972789000,250245000,0.07764268077842182,0.0,328051000,0.0,0.0,0.0,3218979000,19170000.0,130000000.0,134055000,0.041592797345606655,4055000.0,0.001258131313538734,0.0,-312948000,-0.09709733127233532,53667000,474172000,0.1471197635519824,0.3815,0.3815,1067470000,1067470000,https://www1.hkexnews.hk/search/titlesearch.xhtml,https://www1.hkexnews.hk/search/titlesearch.xhtml,1620584961,14:29:21,20210509
11,2009-12-31,0882.HK,HKD,2009-12-31,2009-12-31,FY,2841186000,2522990000,318196000,0.11199407571345206,0.0,308880000,0.0,0.0,0.0,2700749000,14416000.0,259690000.0,400127000,0.14083097692301735,140437000.0,0.049429006055921716,0.0,458387000,0.16133649820884657,32934000,-195141000,-0.06868293733673192,-0.1828,-0.1828,1067470000,1067470000,https://www1.hkexnews.hk/search/titlesearch.xhtml,https://www1.hkexnews.hk/search/titlesearch.xhtml,1620584961,14:29:21,20210509
12,2008-12-31,0882.HK,HKD,2008-12-31,2008-12-31,FY,3787423000,2946266000,841157000,0.2220921719068612,0.0,654787000,0.0,0.0,0.0,3188848000,65661000.0,268518000.0,867093000,0.22894009990434128,598575000.0,0.1580428169760811,0.0,624983000,0.165015367969197,72955000,505861000,0.13356337541383678,0.4772,0.4772,1059899000,1059899000,https://www1.hkexnews.hk/search/titlesearch.xhtml,https://www1.hkexnews.hk/search/titlesearch.xhtml,1620584961,14:29:21,20210509
13,2007-12-31,0882.HK,HKD,2007-12-31,2007-12-31,FY,3387663000,2417347000,970316000,0.2864263653143775,0.0,500616000,0.0,0.0,0.0,2598284000,0.0,0.0,789379000,0.23301579879698778,789379000.0,0.23301579879698778,0.0,899069000,0.26539505257754387,71830000,827239000,0.24419164480056016,0.6742,0.6686,1023881637,1032457374,https://www1.hkexnews.hk/search/titlesearch.xhtml,https://www1.hkexnews.hk/search/titlesearch.xhtml,1620584961,14:29:21,20210509
14,2006-12-31,0882.HK,HKD,2006-12-31,2006-12-31,FY,2688457000,1837649000,850808000,0.3164670292290336,0.0,416804000,0.0,0.0,0.0,1854207000,0.0,0.0,834250000,0.31030810609952103,834250000.0,0.31030810609952103,0.0,703234000,0.26157531996978195,66053000,552751000,0.20560157741038818,0.5792,0.5762,954335290,959304061,https://www1.hkexnews.hk/search/titlesearch.xhtml,https://www1.hkexnews.hk/search/titlesearch.xhtml,1620584961,14:29:21,20210509
15,2005-12-31,0882.HK,HKD,2005-12-31,2005-12-31,FY,2239102000,1478716000,760386000,0.3395941765940096,0.0,388889000,0.0,0.0,0.0,1488256000,0.0,0.0,750846000,0.33533353996378906,750846000.0,0.33533353996378906,0.0,697895000,0.3116852202356123,73015000,573169000,0.25598163906780486,0.6295,0.6294,910514694,910659358,https://www1.hkexnews.hk/search/titlesearch.xhtml,https://www1.hkexnews.hk/search/titlesearch.xhtml,1620584961,14:29:21,20210509
