,date,symbol,reportedCurrency,fillingDate,acceptedDate,period,revenue,costOfRevenue,grossProfit,grossProfitRatio,researchAndDevelopmentExpenses,generalAndAdministrativeExpenses,sellingAndMarketingExpenses,otherExpenses,operatingExpenses,costAndExpenses,interestExpense,depreciationAndAmortization,ebitda,ebitdaratio,operatingIncome,operatingIncomeRatio,totalOtherIncomeExpensesNet,incomeBeforeTax,incomeBeforeTaxRatio,incomeTaxExpense,netIncome,netIncomeRatio,eps,epsdiluted,weightedAverageShsOut,weightedAverageShsOutDil,link,finalLink,timestamp,est_time,est_date
0,2020-12-26,LSTR,USD,2021-02-23,2021-02-23 15:36:35,FY,4132981000,30463000,4102518000,0.9926292910613429,0.0,167633000,0.0,0.0,167633000.0,3883430000.0,-3953000.0,45855000.0,298805000,0.0722976950535219,252950000,0.06120279769009342,0.0,248997000,0.06024634519248939,0.0,192106000,0.0464812202136908,4.980000001036927,4.980000001036927,38575502,38575502,https://www.sec.gov/Archives/edgar/data/853816/000119312521052225/0001193125-21-052225-index.htm,https://www.sec.gov/Archives/edgar/data/853816/000119312521052225/d79942d10k.htm,1620594624,17:10:24,20210509
1,2019-12-28,LSTR,USD,2020-02-21 00:00:00,2020-02-21 16:25:14,FY,4089618000,3469700000,619918000,0.15158335081662883,0.0,239272000,0.0,37274000.0,321014000.0000001,3790714000.0,3141000.0,44468000.0,343372000,0.08396187614588942,298904000,0.07308848894933463,0.0,295763000,0.07232044655515503,68060000.0,227720000,0.05568246227398256,5.72362,5.72362,39786000,39786000,https://www.sec.gov/Archives/edgar/data/853816/000119312520044766/0001193125-20-044766-index.html,https://www.sec.gov/Archives/edgar/data/853816/000119312520044766/d837995d10k.htm,1620594624,17:10:24,20210509
2,2018-12-29,LSTR,USD,2019-02-22 00:00:00,2019-02-22 15:15:26,FY,4618960000,3947963000,670997000,0.14527014739248661,0.0,263889000,0.0,31803000.0,339262000.0000002,4287225000.0,3354000.0,43570000.0,375305000,0.08125313923480611,331735000,0.07182027988984534,0.0,328381000,0.07109414240435076,73168000.0,255281000,0.05526806900254603,6.17964,6.17964,41310000,41310000,https://www.sec.gov/Archives/edgar/data/853816/000119312519048217/0001193125-19-048217-index.html,https://www.sec.gov/Archives/edgar/data/853816/000119312519048217/d671477d10k.htm,1620594624,17:10:24,20210509
3,2017-12-30,LSTR,USD,2018-02-23 00:00:00,2018-02-23 13:28:41,FY,3648862000,3102519000,546343000,0.1497296965464849,0.0,233128000,0.0,28687000.0,302375000.0,3404894000.0,3166000.0,40560000.0,284528000,0.07797718850425146,243968000,0.06686139404559559,0.0,240802000,0.06599372626314726,63806000.0,177088000,0.04853239174295986,4.21397,4.21397,42024000,42024000,https://www.sec.gov/Archives/edgar/data/853816/000119312518055528/0001193125-18-055528-index.html,https://www.sec.gov/Archives/edgar/data/853816/000119312518055528/d492493d10k.htm,1620594624,17:10:24,20210509
4,2016-12-31,LSTR,USD,2017-02-24 00:00:00,2017-02-24 15:53:00,FY,3167634000,2715664000,451970000,0.14268378228040235,0.0,200519000,0.0,0.0,230221000.0,2945885000.0,3794000.0,35796000.0,257545000,0.08130516341218715,221749000,0.07000461543221217,1502000.0,219457000,0.0692810469896459,82107000.0,137350000,0.04336043873755617,3.26,3.25,42112000,42236000,https://www.sec.gov/Archives/edgar/data/853816/000119312517056249/0001193125-17-056249-index.html,https://www.sec.gov/Archives/edgar/data/853816/000119312517056249/d303717d10k.htm,1620594624,17:10:24,20210509
5,2015-12-26,LSTR,USD,2016-02-19 00:00:00,2016-02-19 15:33:17,FY,3322487000,2821603000,500884000,0.15075574411577833,0.0,198458000,0.0,31618000.0,259177999.9999999,3080781000.0,2949000.0,29102000.0,270808000,0.08150761763702913,241706000,0.07274851639750585,0.0,238757000,0.07186092827451243,91068000.0,147689000,0.04445134021592861,3.37089,3.37089,43813000,43813000,https://www.sec.gov/Archives/edgar/data/853816/000119312516469941/0001193125-16-469941-index.html,https://www.sec.gov/Archives/edgar/data/853816/000119312516469941/d105822d10k.htm,1620594624,17:10:24,20210509
6,2014-12-27,LSTR,USD,2015-02-23,2015-02-20 18:24:32,FY,3186200000,2711900000,474200000,0.14882932647040362,0.0,196500000,0.0,25800000.0,249900000.0000001,2961800000.0,3177000.0,27575000.0,251975000,0.07908323394639383,224400000,0.07042872387169669,0.0,221200000,0.06942439269349068,82386000.0,138800000,0.043562864854685836,3.0708,3.0708,45200000,45200000,https://www.sec.gov/Archives/edgar/data/853816/000119312515056671/d836695d10k.htm,https://www.sec.gov/Archives/edgar/data/853816/000119312515056671/d836695d10k.htm,1620594624,17:10:24,20210509
7,2013-12-28,LSTR,USD,2014-02-21,2014-02-21 15:12:34,FY,2666300000,2258300000,408000000,0.15302104039305406,0.0,182100000,0.0,21600000.0,231399999.99999964,2489699999.9999995,3211000.0,27700000.0,204300000,0.07662303566740426,176600000,0.06623410718973859,0.0,173400000,0.06503394216704797,64457000.0,146000000,0.054757529160259534,3.16017,3.16017,46200000,46200000,https://www.sec.gov/Archives/edgar/data/853816/000119312514062590/d665240d10k.htm,https://www.sec.gov/Archives/edgar/data/853816/000119312514062590/d665240d10k.htm,1620594624,17:10:24,20210509
8,2012-12-29,LSTR,USD,2013-02-21 00:00:00,2013-02-21 16:48:11,FY,2772400000,2348400000,423900000,0.15290001442793247,0.0,175400000,0.0,22600000.0,223199999.99999982,2571600000.0,3104000.0,25200000.0,225900000,0.08148174866541624,200700000,0.07239215120473236,0.0,197600000,0.07127398643774348,72968000.0,129800000,0.04681864088876064,2.76759,2.76759,46900000,46900000,https://www.sec.gov/Archives/edgar/data/853816/000119312513069441/0001193125-13-069441-index.html,https://www.sec.gov/Archives/edgar/data/853816/000119312513069441/d455178d10k.htm,1620594624,17:10:24,20210509
9,2011-12-31,LSTR,USD,2012-02-24 00:00:00,2012-02-24 14:37:02,FY,2649082000,2049868000,599214000,0.22619684856867397,0.0,152907000,210088000.0,0.0,417674000.0,2467542000.0,3112000.0,25814000.0,207354000,0.07827390771595594,181540000,0.06852939999592311,0.0,180133000,0.06799827260915291,67188000.0,113007000,0.04265892864018554,2.3819028749683837,2.377893274976854,47444000,47524000,https://www.sec.gov/Archives/edgar/data/853816/000119312512077747/0001193125-12-077747-index.html,https://www.sec.gov/Archives/edgar/data/853816/000119312512077747/d257962d10k.htm,1620594624,17:10:24,20210509
10,2010-12-25,LSTR,USD,2011-02-23,2011-02-23 12:17:17,FY,2401700000,2005700000,396000000,0.16488320772785944,0.0,202400000,0.0,28800000.0,256100000.00000015,2261800000.0,-3600000.0,24800000.0,164800000,0.06861806220593746,140000000,0.05829204313611192,0.0,136300000,0.05675146771037182,49800000.0,87500000,0.036432526960069954,1.76411,1.76411,49600000,49600000,https://www.sec.gov/Archives/edgar/data/853816/000095012311016941/g25406e10vk.htm,https://www.sec.gov/Archives/edgar/data/853816/000095012311016941/g25406e10vk.htm,1620594624,17:10:24,20210509
11,2009-12-26,LSTR,USD,2010-02-23 00:00:00,2010-02-23 17:10:58,FY,2010100000,1664100000,346000000,0.17213073976419083,0.0,179500000,0.0,29200000.0,232200000.00000006,1896300000.0,-4030000.0,23500000.0,137200000,0.06825531068106064,113700000,0.0565643500323367,0.0,109700000,0.05457439928361773,39800000.0,70400000,0.035023133177453855,1.37232,1.37232,51300000,51300000,https://www.sec.gov/Archives/edgar/data/853816/000095012310015813/0000950123-10-015813-index.html,https://www.sec.gov/Archives/edgar/data/853816/000095012310015813/g22126e10vk.htm,1620594624,17:10:24,20210509
12,2008-12-27,LSTR,USD,2009-02-25 00:00:00,2009-02-24 17:56:35,FY,2646400000,2236400000,410000000,0.15492744860943167,0.0,174100000,0.0,28000000.0,223199999.99999982,2459600000.0,-7351000.0,21000000.0,207800000,0.0785217654171705,186800000,0.07058645707376059,0.0,179500000,0.06782799274486094,68600000.0,110900000,0.04190598548972189,2.09641,2.09641,52900000,52900000,https://www.sec.gov/Archives/edgar/data/853816/000095014409001583/0000950144-09-001583-index.html,https://www.sec.gov/Archives/edgar/data/853816/000095014409001583/g17645e10vk.htm,1620594624,17:10:24,20210509
13,2007-12-29,LSTR,USD,2008-02-26,2008-02-26 17:08:37,FY,2492600000,2084800000,407800000,0.16360426863516006,0.0,175000000,0.0,29000000.0,223099999.9999999,2307900000.0,-6685000.0,19100000.0,203800000,0.08176201556607558,184700000,0.07409933402872503,0.0,178000000,0.07141137767792666,68400000.0,109700000,0.04401027040038514,1.98732,1.98732,55200000,55200000,https://www.sec.gov/Archives/edgar/data/853816/000095014408001392/g11727e10vk.htm,https://www.sec.gov/Archives/edgar/data/853816/000095014408001392/g11727e10vk.htm,1620594624,17:10:24,20210509
14,2006-12-30,LSTR,USD,2007-02-28,2007-02-28 13:54:24,FY,2518000000,2090500000,427500000,0.16977760127084987,0.0,173800000,0.0,45700000.0,236300000.00000018,2326800000.0,-6821000.0,16800000.0,208000000,0.08260524225575853,191200000,0.07593328038125496,0.0,184400000,0.07323272438443208,71300000.0,113100000,0.0449166004765687,1.92675,1.92675,58700000,58700000,https://www.sec.gov/Archives/edgar/data/853816/000095014407001706/g05658e10vk.htm,https://www.sec.gov/Archives/edgar/data/853816/000095014407001706/g05658e10vk.htm,1620594624,17:10:24,20210509
15,2005-12-31,LSTR,USD,2006-03-10 00:00:00,2006-03-10 16:41:26,FY,2517828000,2221202000,296626000,0.11781027139264477,0.0,387981000,-203730000.0,0.0,200171000.0,2421373000.0,0.0,15920000.0,112375000,0.04463172226220377,96455000,0.03830881219845041,0.0,194738000,0.07734364698462326,74782000.0,119956000,0.047642650729120495,2.03,1.98,59199000,60492000,https://www.sec.gov/Archives/edgar/data/853816/000095014406002093/0000950144-06-002093-index.html,https://www.sec.gov/Archives/edgar/data/853816/000095014406002093/g99549e10vk.htm,1620594624,17:10:24,20210509
16,2004-12-25,LSTR,USD,2005-02-28,2005-02-28 16:51:43,FY,2021300000,1672000000,349300000,0.17280957799436006,0.0,184700000,0.0,37100000.0,235799999.99999994,1907800000.0,-3025000.0,14000000.0,127500000,0.06307821698906645,113500000,0.056151981398110125,0.0,110500000,0.054667788057190914,42700000.0,67800000,0.03354276950477415,1.09709,1.09709,61800000,61800000,https://www.sec.gov/Archives/edgar/data/853816/000095014405001897/g93361e10vk.htm,https://www.sec.gov/Archives/edgar/data/853816/000095014405001897/g93361e10vk.htm,1620594624,17:10:24,20210509
17,2003-12-27,LSTR,USD,2004-03-04,2004-03-04 16:35:33,FY,1597800000,1311000000,286800000,0.17949680811115284,0.0,151500000,0.0,37700000.0,202000000.0,1513000000.0,-3240000.0,12700000.0,97500000,0.06102140443109275,84800000,0.053072975341094,0.0,81600000,0.051070221554637626,30900000.0,50700000,0.03173113030416823,0.79467,0.79467,63800000,63800000,https://www.sec.gov/Archives/edgar/data/853816/000095014404001973/g87318e10vk.htm,https://www.sec.gov/Archives/edgar/data/853816/000095014404001973/g87318e10vk.htm,1620594624,17:10:24,20210509
18,2002-12-28,LSTR,USD,2002-12-28,2002-12-28,FY,1508500000,1234900000,273600000,0.18137222406363937,0.0,144100000,0.0,34300000.0,189899999.99999985,1424799999.9999998,-4300000.0,11500000.0,95200000,0.06310904872389791,83700000,0.05548558170367915,0.0,79400000,0.05263506794829301,30200000.0,49200000,0.03261518064302287,0.73323,0.73323,67100000,67100000,,,1620594624,17:10:24,20210509
19,2001-12-29,LSTR,USD,2001-12-29,2001-12-29,FY,1396300000,1141000000,255400000,0.1829119816658311,0.0,132700000,0.0,32800000.0,179000000.0,1320000000.0,-6800000.0,13500000.0,89900000,0.06438444460359521,76400000,0.05471603523598081,0.0,69600000,0.049846021628589844,26800000.0,42800000,0.030652438587696052,0.62573,0.62573,68400000,68400000,,,1620594624,17:10:24,20210509
20,2000-12-30,LSTR,USD,2000-12-30,2000-12-30,FY,1422800000,1159900000,262900000,0.18477649704807422,0.0,132500000,0.0,29600000.0,180299999.99999994,1340200000.0,-9100000.0,13000000.0,95600000,0.06719145347202699,82600000,0.05805454034298566,0.0,73500000,0.051658701152656736,28300000.0,45200000,0.03176834411020523,0.62953,0.62953,71800000,71800000,,,1620594624,17:10:24,20210509
21,1999-12-25,LSTR,USD,1999-12-25,1999-12-25,FY,1390600000,1133900000,256700000,0.1845965770171149,0.0,133300000,0.0,30000000.0,175000000.0,1308900000.0,-4500000.0,11700000.0,93400000,0.06716525240903207,81700000,0.05875161800661585,0.0,77200000,0.0555156047749173,31300000.0,45900000,0.03300733496332518,0.56807,0.56807,80800000,80800000,,,1620594624,17:10:24,20210509
22,1998-12-26,LSTR,USD,1998-12-26,1998-12-26,FY,1285300000,1051800000,233500000,0.1816696491091574,0.0,134400000,0.0,27500000.0,172000000.0,1223800000.0,-3500000.0,10200000.000000002,71700000,0.05578464171788688,61500000,0.047848751264296274,0.0,58000000,0.045125651598848515,23500000.0,11900000,0.009258538862522368,0.13371,0.13371,89000000,89000000,,,1620594624,17:10:24,20210509
23,1997-12-27,LSTR,USD,1997-12-27,1997-12-27,FY,1219300000,997200000,222100000,0.18215369474288526,0.0,128500000,0.0,32700000.0,175799999.99999994,1173000000.0,-2700000.0,11299999.999999998,57600000,0.047240219798244894,46300000,0.03797260723365865,0.0,43600000,0.035758221930615924,18200000.0,24700000,0.02025752480931682,0.24553,0.24553,100600000,100600000,,,1620594624,17:10:24,20210509
24,1996-12-28,LSTR,USD,1996-12-28,1996-12-28,FY,1129900000,911600000,218300000,0.19320293831312504,0.0,108800000,0.0,51400000.0,179899999.99999997,1091500000.0,-5000000.0,13799999.999999998,52200000,0.04619877865297814,38400000,0.03398530843437472,0.0,33300000,0.029471634657934332,13700000.0,18900000,0.016727143995043808,0.18421,0.18421,102600000,102600000,,,1620594624,17:10:24,20210509
