,date,symbol,reportedCurrency,fillingDate,acceptedDate,period,revenue,costOfRevenue,grossProfit,grossProfitRatio,researchAndDevelopmentExpenses,generalAndAdministrativeExpenses,sellingAndMarketingExpenses,otherExpenses,operatingExpenses,costAndExpenses,interestExpense,depreciationAndAmortization,ebitda,ebitdaratio,operatingIncome,operatingIncomeRatio,totalOtherIncomeExpensesNet,incomeBeforeTax,incomeBeforeTaxRatio,incomeTaxExpense,netIncome,netIncomeRatio,eps,epsdiluted,weightedAverageShsOut,weightedAverageShsOutDil,link,finalLink,timestamp,est_time,est_date
0,2020-06-30,HVN.AX,AUD,2020-06-30,2020-06-30,FY,3378455000.0,1555271000.0,1823184000.0,0.539650224732903,0.0,793794000.0,425188000.0,160931000.0,1277049000.0,0.0,19256000.0,0.0,680544000.0,0.20143645542119104,546135000.0,0.1616522937259783,168559000.0,661288000,0.19573680868917892,175265000,480541000.0,0.1422369100668797,0.4039803055748625,0.4039803055748625,1189515908,1189515908,,,1620593309,16:48:29,20210509
1,2019-06-30,HVN.AX,AUD,2019-06-30,2019-06-30,FY,3205302000.0,1510733000.0,1694569000.0,0.5286768610258877,0.0,826076000.0,432146000.0,209621000.0,1315898000.0,0.0,28782000.0,0.0,603341000.0,0.1882321852979844,378671000.0,0.11813894603379026,219408000.0,574559000,0.17925268820223492,165557000,402317000.0,0.12551609801510122,0.338552,0.33826,1189515908,1189515908,,,1620593309,16:48:29,20210509
2,2018-06-30,HVN.AX,AUD,2018-06-30,2018-06-30,FY,2792523000.0,1326339000.0,1466184000.0,0.5250391849950743,0.0,760538000.0,415924000.0,434773000.0,1336735000.0,0.0,26344000.0,84791000.0,214240000.0,0.07671915325316926,129449000.0,0.046355571646142214,419900000.0,530172000,0.18985412116569855,150122000,375378000.0,0.13442252758526965,0.323673,0.323289,1159899692,1161122586,,,1620593309,16:48:29,20210509
3,2017-06-30,HVN.AX,AUD,2017-06-30,2017-06-30,FY,2904742000.0,1235602000.0,1669140000.0,0.5746259048135772,0.0,684440000.0,422084000.0,253833000.0,1276730000.0,0.0,20072000.0,77869000.0,470279000.0,0.1619004372849637,392410000.0,0.13509289293162696,262326000.0,639806000,0.2202625913075929,186840000,448976000.0,0.15456656735778943,0.387428,0.386948,1158863021,1160300431,,,1620593309,16:48:29,20210509
4,2016-06-30,HVN.AX,AUD,2016-06-30,2016-06-30,FY,2825978000.0,1231933000.0,1594045000.0,0.5640684393155219,0.0,743184000.0,420218000.0,192670000.0,1276197000.0,0.0,28706000.0,78547000.0,396395000.0,0.14026825403453247,317848000.0,0.11247362859866566,197026000.0,493763000,0.1747228747003692,142423000,348605000.0,0.12335729435968716,0.301109,0.301109,1157675315,1157675315,,,1620593309,16:48:29,20210509
5,2015-06-30,HVN.AX,AUD,2015-06-30,2015-06-30,FY,2580961000.0,1126894000.0,1454067000.0,0.5633820115840572,0.0,676279000.0,388868000.0,128819000.0,1189229000.0,0.0,32872000.0,77446000.0,342284000.0,0.13261881911427564,264838000.0,0.10261216655346594,137477000.0,378100000,0.14649582074273884,109186000,268095000.0,0.10387409960863415,0.235337,0.235049,1138993400,1140590301,,,1620593309,16:48:29,20210509
6,2014-06-30,HVN.AX,AUD,2014-06-30,2014-06-30,FY,2435336000.0,1064892000.0,1370444000.0,0.5627330273933453,195000.0,571983000.0,364066000.0,91424000.0,1150723000.0,0.0,36437000.0,77633000.0,297354000.0,0.12209978417762476,219721000.0,0.09022204738894346,108903000.0,301061000,0.12362195606684252,88823000,211695000.0,0.08692640358455671,0.188663,0.188474,1122209979,1123206024,,,1620593309,16:48:29,20210509
7,2013-06-30,HVN.AX,AUD,2013-06-30,2013-06-30,FY,2239716000.0,944229000.0,1295487000.0,0.5784157455677417,60000.0,679593000.0,352507000.0,39501000.0,1141193000.0,0.0,45774000.0,89531000.0,243825000.0,0.10886424886012333,154294000.0,0.06888998426586228,67754000.0,187946000,0.08391510352205368,43469000,142211000.0,0.06349510384352301,0.126754,0.126659,1122209979,1122786443,,,1620593309,16:48:29,20210509
8,2012-06-30,HVN.AX,AUD,2012-06-30,2012-06-30,FY,2352978000.0,1025359000.0,1327619000.0,0.5642292448123187,0.0,647214000.0,366325000.0,106175000.0,1177589000.0,0.0,49455000.0,88062000.0,238092000.0,0.1011875164153681,150030000.0,0.0637617521285792,117412000.0,227409000,0.09664731246955985,51094000,172471000.0,0.07329902787021383,0.153733,0.153733,1122209979,1122209979,,,1620593309,16:48:29,20210509
9,2011-06-30,HVN.AX,AUD,2011-06-30,2011-06-30,FY,2545420000.0,1129517000.0,1415903000.0,0.5562551563199787,0.0,665588000.0,381905000.0,125684000.0,1150453000.0,0.0,42984000.0,89367000.0,354817000.0,0.13939428463672007,265450000.0,0.10428534387252399,143730000.0,373935000,0.14690502942539935,114315000,252255000.0,0.09910152352067635,0.224824,0.224824,1122209979,1122209979,,,1620593309,16:48:29,20210509
10,2010-06-30,HVN.AX,AUD,2010-06-30,2010-06-30,FY,2368635000.0,968273000.0,1400362000.0,0.5912105495359141,0.0,601957000.0,363147000.0,67423000.0,1050877000.0,0.0,33638000.0,82927000.0,432412000.0,0.18255746453125957,349485000.0,0.1475470049205555,64829000.0,386462000,0.16315810582888457,148474000,231409000.0,0.09769719690876813,0.206176,0.206176,1122209979,1122209979,,,1620593309,16:48:29,20210509
11,2009-06-30,HVN.AX,AUD,2009-06-30,2009-06-30,FY,2417265000.0,1043231000.0,1374034000.0,0.5684250588992105,0.0,586683000.0,330724000.0,52509000.0,1039174000.0,0.0,34706000.0,91039000.0,425899000.0,0.17619044664114195,334860000.0,0.13852846088451204,42115000.0,348247000,0.1440665380088654,128907000,214351000.0,0.088675010807669,0.19103,0.19103,1122209979,1122209979,,,1620593309,16:48:29,20210509
12,2008-06-30,HVN.AX,AUD,2008-06-30,2008-06-30,FY,2356992000.0,1046745000.0,1310247000.0,0.5558979411045943,0.0,534370000.0,315940000.0,159107000.0,924918000.0,0.0,33105000.0,84393000.0,469722000.0,0.19928875448028674,385329000.0,0.1634833720267188,161295000.0,522000000,0.22146871945259042,158541000,358448000.0,0.1520785815140654,0.319582,0.31873,1121465347,1124613075,,,1620593309,16:48:29,20210509
13,2007-06-30,HVN.AX,AUD,2007-06-30,2007-06-30,FY,2177486000.0,984916000.0,1192570000.0,0.5476820516871291,0.0,466323000.0,287179000.0,147519000.0,833860000.0,0.0,48799000.0,74880000.0,433590000.0,0.1991241275489257,358710000.0,0.16473584675171277,152808000.0,473470000,0.21743882624274047,142779000,407247000.0,0.18702623116750233,0.364358,0.364358,1117851658,1117851658,,,1620593309,16:48:29,20210509
14,2006-06-30,HVN.AX,AUD,2006-06-30,2006-06-30,FY,2003379000.0,1036254000.0,967125000.0,0.48274689911394697,0.0,509167000.0,261236000.0,230070000.0,835275000.0,0.0,47480000.0,80446000.0,212296000.0,0.10596896543290112,131850000.0,0.06581380757210692,234639000.0,351677000,0.17554192192291124,107392000,229558000.0,0.11458540795326297,0.205419,0.205229,1117421058,1118544426,,,1620593309,16:48:29,20210509
15,2005-06-30,HVN.AX,AUD,2005-06-30,2005-06-30,FY,1773514000.0,962917000.0,810597000.0,0.4570570065982,0.0,443690000.0,239124000.0,214682000.0,745564000.0,0.0,41636000.0,85017000.0,150050000.0,0.08460604201602018,65033000.0,0.03666900853334115,218450000.0,269652000,0.1520439083085896,269652000,-17115000.0,-0.009650332616489073,0.153354,0.153354,1118073017,1118073017,,,1620593309,16:48:29,20210509
16,2004-06-30,HVN.AX,AUD,2004-06-30,2004-06-30,FY,1615905000.0,866450000.0,749455000.0,0.46379892382287324,0.0,397749000.0,214260000.0,190909000.0,663331000.0,0.0,30910000.0,74141000.0,160265000.0,0.09917971662938106,86124000.0,0.0532976876734709,194311000.0,269312000,0.1666632630012284,269312000,-10907000.0,-0.006749777988186187,0.157614,0.157614,1117003333,1117003333,,,1620593309,16:48:29,20210509
17,2003-06-30,HVN.AX,AUD,2003-06-30,2003-06-30,FY,1256885000.0,741114000.0,515771000.0,0.41035655608906146,0.0,342878000.0,47186000.0,141964000.0,417098000.0,0.0,27027000.0,0.0,260316000.0,0.20711202695552894,98673000.0,0.07850598901251904,143912000.0,233289000,0.18560886636406673,233289000,-10627000.0,-0.008455029696432052,0.135463,0.135463,1115424498,1115424498,,,1620593309,16:48:29,20210509
18,2002-06-30,HVN.AX,AUD,2002-06-30,2002-06-30,FY,1014961000.0,592826000.0,422135000.0,0.4159125325997748,0.0,280982000.0,45006000.0,99024000.0,325988000.0,0.0,23924000.0,57432000.0,153579000.0,0.15131517368647662,96147000.0,0.09472974823663176,99903000.0,189410000,0.18661800798257272,189410000,-782000.0,-0.000770472954133213,0.116719,0.116625,1098634737,1098634737,,,1620593309,16:48:29,20210509
19,2001-06-30,HVN.AX,AUD,2001-06-30,2001-06-30,FY,371016000.0,287560000.0,83456000.0,0.22493908618496236,0.0,102405000.0,11835000.0,300198000.0,216577000.0,0.0,23156000.0,38569000.0,-94552000.0,-0.2548461521875067,-133121000.0,-0.3588012376824719,300821000.0,162963000,0.43923442654764216,162963000,-1303000.0,-0.0035119779200896996,0.096872,0.096872,1084692237,1084692237,,,1620593309,16:48:29,20210509
20,2000-06-30,HVN.AX,AUD,2000-06-30,2000-06-30,FY,0.0,0.0,0.0,0.0,0.0,0.0,0.0,0.0,0.0,0.0,17714000.0,0.0,191611000.0,0.0,0.0,0.0,1156000.0,173897000,0.0,173897000,111271000.0,0.0,0.101659,0.101659,1084692237,1084692237,,,1620593309,16:48:29,20210509
21,1999-06-30,HVN.AX,AUD,1999-06-30,1999-06-30,FY,0.0,0.0,0.0,0.0,0.0,0.0,0.0,0.0,0.0,0.0,12525000.0,0.0,141994000.0,0.0,0.0,0.0,0.0,129469000,0.0,129469000,80125000.0,0.0,0.074024,0.074024,1082417405,1082417405,,,1620593309,16:48:29,20210509
22,1998-06-30,HVN.AX,AUD,1998-06-30,1998-06-30,FY,0.0,0.0,0.0,0.0,0.0,0.0,0.0,0.0,0.0,0.0,11076000.0,0.0,101249000.0,0.0,0.0,0.0,0.0,90173000,0.0,90173000,57585000.0,0.0,0.054387,0.053655,1058801085,1073249385,,,1620593309,16:48:29,20210509
23,1997-06-30,HVN.AX,AUD,1997-06-30,1997-06-30,FY,0.0,0.0,123605000.0,0.0,0.0,19152000.0,0.0,0.0,33728000.0,0.0,12170000.0,13916000.0,103793000.0,0.0,89877000.0,0.0,-89877000.0,57932000,0.0,57932000,0.0,0.0,0.035422,0.03449,1015928039,1043385554,,,1620593309,16:48:29,20210509
24,1996-06-30,HVN.AX,AUD,1996-06-30,1996-06-30,FY,0.0,0.0,91802000.0,0.0,0.0,0.0,0.0,0.0,10532000.0,0.0,8381000.0,10221000.0,91491000.0,0.0,81270000.0,0.0,-81270000.0,47757000,0.0,47757000,0.0,0.0,0.030164,0.029997,1013645786,1013645786,,,1620593309,16:48:29,20210509
25,1995-06-30,HVN.AX,AUD,1995-06-30,1995-06-30,FY,0.0,0.0,88876000.0,0.0,0.0,0.0,0.0,0.0,7414000.0,0.0,7306000.0,7221000.0,88683000.0,0.0,81462000.0,0.0,-81462000.0,48823000,0.0,48823000,0.0,0.0,0.034879,0.034028,957364640,957364640,,,1620593309,16:48:29,20210509
26,1994-06-30,HVN.AX,AUD,1994-06-30,1994-06-30,FY,0.0,0.0,57251000.0,0.0,0.0,0.0,0.0,0.0,4228000.0,0.0,4006000.0,4119000.0,57142000.0,0.0,53023000.0,0.0,-53023000.0,31153000,0.0,31153000,0.0,0.0,0.024789,0.022978,901347128,901347128,,,1620593309,16:48:29,20210509
27,1993-06-30,HVN.AX,AUD,1993-06-30,1993-06-30,FY,0.0,0.0,8999000.0,0.0,0.0,0.0,0.0,0.0,3241000.0,0.0,4053000.0,2915000.0,8673000.0,0.0,5758000.0,0.0,-5758000.0,23012000,0.0,23012000,0.0,0.0,0.007124,0.006826,2007222900,2007222900,,,1620593309,16:48:29,20210509
28,1992-06-30,HVN.AX,AUD,1992-06-30,1992-06-30,FY,0.0,0.0,8113000.0,0.0,0.0,0.0,0.0,0.0,2561000.0,0.0,4269000.0,2557000.0,8109000.0,0.0,5552000.0,0.0,-5552000.0,14371000,0.0,14371000,0.0,0.0,0.010582,0.010582,809686353,809686353,,,1620593309,16:48:29,20210509
29,1991-06-30,HVN.AX,AUD,1991-06-30,1991-06-30,FY,0.0,0.0,9197000.0,0.0,0.0,0.0,0.0,0.0,2511000.0,0.0,4753000.0,2511000.0,9197000.0,0.0,6686000.0,0.0,-6686000.0,12728000,0.0,12728000,0.0,0.0,0.0,0.0,722934533,722934533,,,1620593309,16:48:29,20210509
30,1990-06-30,HVN.AX,AUD,1990-06-30,1990-06-30,FY,0.0,0.0,4853000.0,0.0,0.0,0.0,0.0,0.0,1746000.0,0.0,4555000.0,1746000.0,4853000.0,0.0,3107000.0,0.0,-3107000.0,10263000,0.0,10263000,0.0,0.0,0.0,0.0,722934533,722934533,,,1620593309,16:48:29,20210509
31,1989-06-30,HVN.AX,AUD,1989-06-30,1989-06-30,FY,0.0,0.0,5002000.0,0.0,0.0,0.0,0.0,0.0,1398000.0,0.0,1477000.0,1398000.0,5002000.0,0.0,3604000.0,0.0,-3604000.0,13064000,0.0,13064000,-44000.0,0.0,-3.6989837381813305e-05,-3.6989837381813305e-05,1189515908,1189515908,,,1620593309,16:48:29,20210509
