,date,symbol,reportedCurrency,fillingDate,acceptedDate,period,revenue,costOfRevenue,grossProfit,grossProfitRatio,researchAndDevelopmentExpenses,generalAndAdministrativeExpenses,sellingAndMarketingExpenses,otherExpenses,operatingExpenses,costAndExpenses,interestExpense,depreciationAndAmortization,ebitda,ebitdaratio,operatingIncome,operatingIncomeRatio,totalOtherIncomeExpensesNet,incomeBeforeTax,incomeBeforeTaxRatio,incomeTaxExpense,netIncome,netIncomeRatio,eps,epsdiluted,weightedAverageShsOut,weightedAverageShsOutDil,link,finalLink,timestamp,est_time,est_date
0,2020-12-31,ORDI.AS,EUR,2020-12-31,2020-12-31,FY,369233000,272939000.0,96294000,0.260794674365509,0.0,0.0,1629000.0,0.0,0.0,338001000,1010000.0,15130000.0,46362000.0,0.12556299139026034,31232000.0,0.08458615562530976,0.0,29981000.0,0.08119805109510797,7691000.0,22290000.0,0.060368385274338965,0.2390194732778588,0.2390194732778588,93256000,93256000,,,1620596184,17:36:24,20210509
1,2019-12-31,ORDI.AS,EUR,2019-12-31,2019-12-31,FY,372259000,282624000.0,89635000,0.24078665660198947,0.0,0.0,2085000.0,0.0,67679000.0,350303000,1009000.0,14730000.0,36686000.0,0.09854966568974827,21956000.0,0.05898044103701992,0.0,20808000.0,0.05589656663774415,5933000.0,14875000.0,0.039958738405250105,0.1595071630779789,0.15707497360084477,93256000,94700000,,,1620596184,17:36:24,20210509
2,2018-12-31,ORDI.AS,EUR,2018-12-31,2018-12-31,FY,358522000,284966000.0,73556000,0.2051645366253675,0.0,6543000.0,1900000.0,0.0,59016000.0,343982000,67000.0,4121000.0,18661000.0,0.05204980447503919,14540000.0,0.040555391300952245,0.0,14297000.0,0.0398776086265278,7424000.0,6873000.0,0.01917037169267158,0.07370035171999657,0.0729610089064872,93256000,94201000,,,1620596184,17:36:24,20210509
3,2017-12-31,ORDI.AS,EUR,2017-12-31,2017-12-31,FY,344888000,281315000.0,63573000,0.1843294054881585,0.0,2465000.0,1404000.0,0.0,56646000.0,337961000,83000.0,7606000.0,14533000.0,0.04213831736679734,6927000.0,0.02008478114634316,0.0,6458000.0,0.01872491939412215,3348000.0,3110000.0,0.009017420147990072,0.033349060650253066,0.033192806446448585,93256000,93695000,,,1620596184,17:36:24,20210509
4,2016-12-31,ORDI.AS,EUR,2016-12-31,2016-12-31,FY,343575000,275263000.0,68312000,0.19882703921996653,0.0,6359000.0,1409000.0,0.0,58580000.0,333843000,148000.0,5401000.0,15133000.0,0.04404569599068617,9732000.0,0.028325693080113512,0.0,9060000.0,0.026369788255839337,4022000.0,5038000.0,0.01466346503674598,0.054097005229305585,0.053458685710041275,93129000,94241000,,,1620596184,17:36:24,20210509
5,2015-12-31,ORDI.AS,EUR,2015-12-31,2015-12-31,FY,348272000,286355000.0,61917000,0.17778345660862774,0.0,6751000.0,1249000.0,0.0,62987000.0,349342000,183000.0,5414000.0,4344000.0,0.012473009601690633,-1070000.0,-0.003072311296917352,0.0,-2245000.0,-0.006446111085588276,923000.0,-3168000.0,-0.009096338494050627,-0.034112199849251644,-0.03361950950324203,92870000,94231000,,,1620596184,17:36:24,20210509
6,2014-12-31,ORDI.AS,EUR,2014-12-31,2014-12-31,FY,366918000,299500000.0,67418000,0.18374132639990406,0.0,6930000.0,1265000.0,0.0,62763000.0,362263000,696000.0,5115000.0,9770000.0,0.026627202808256884,4655000.0,0.01268675834927695,0.0,3500000.0,0.009538916052087933,2488000.0,1012000.0,0.0027581094413465677,0.010921649039499244,0.010778570667802748,92660000,93890000,,,1620596184,17:36:24,20210509
7,2013-12-31,ORDI.AS,EUR,2013-12-31,2013-12-31,FY,376978000,309419000.0,67559000,0.17921204950952044,0.0,14917000.0,1208000.0,0.0,71722000.0,381141000,1208000.0,7047000.0,2884000.0,0.00765031381141605,-4163000.0,-0.011043084742345707,0.0,-65625000.0,-0.17408177665540164,-656000.0,-64969000.0,-0.1723416220575206,-0.704813460766552,-0.7000894386913934,92179000,92801000,,,1620596184,17:36:24,20210509
8,2012-12-31,ORDI.AS,EUR,2012-12-31,2012-12-31,FY,400666000,332924000.0,67742000,0.16907349263476312,0.0,7788000.0,1471000.0,0.0,64730000.0,397654000,1282000.0,10621000.0,13633000.0,0.034025846964803604,3012000.0,0.007517483390155392,0.0,1576000.0,0.003933450804410656,1125000.0,451000.0,0.0011256258329880749,0.004907,0.004876,91913000,92494000,,,1620596184,17:36:24,20210509
9,2011-12-31,ORDI.AS,EUR,2011-12-31,2011-12-31,FY,426337000,128670000.0,297667000,0.6981964971372412,0.0,0.0,0.0,0.0,310382000.0,439052000,9328000.0,15884000.0,3169000.0,0.007433086971105018,-12715000.0,-0.02982382481464194,0.0,-20822000.0,-0.04883929848922331,-4999000.0,-15823000.0,-0.0371138324846307,-0.3,-0.3,52318000,52318000,,,1620596184,17:36:24,20210509
10,2010-12-31,ORDI.AS,EUR,2010-12-31,2010-12-31,FY,455922000,8227000.0,447695000,0.9819552467308005,0.0,0.0,0.0,8037000.0,460319000.0,468546000,6816000.0,21722000.0,9098000.0,0.019955167769925557,-12624000.0,-0.027688946793530473,0.0,-10860000.0,-0.02381986392409228,-3902000.0,-6958000.0,-0.01526138242945065,-0.134184,-0.134184,51860258,51860258,,,1620596184,17:36:24,20210509
11,2009-12-31,ORDI.AS,EUR,2009-12-31,2009-12-31,FY,542311000,129383000.0,412928000,0.7614228735909838,0.0,0.0,0.0,0.0,405067000.0,534450000,5730000.0,24473000.0,32334000.0,0.05962261506773788,7861000.0,0.01449537258141546,0.0,3068000.0,0.0056572704592014545,1749000.0,180000.0,0.00033191286918391843,0.0038038333553286475,0.0037816544965321598,47320685,47598214,,,1620596184,17:36:24,20210509
12,2008-12-31,ORDI.AS,EUR,2008-12-31,2008-12-31,FY,696473000,143663000.0,552810000,0.7937278257735763,0.0,0.0,0.0,0.0,557330000.0,700993000,5641000.0,35671000.0,31151000.0,0.044726787685954804,-4520000.0,-0.00648984239159307,0.0,-99951000.0,-0.14351022939869887,-18817000.0,-81134000.0,-0.1164926709290956,-1.888167,-1.888167,43052381,43052381,,,1620596184,17:36:24,20210509
13,2007-12-31,ORDI.AS,EUR,2007-12-31,2007-12-31,FY,665402000,115986000.0,549416000,0.8256903345646692,0.0,5885000.0,8140000.0,-152000.0,503668000.0,619654000,4910000.0,30877000.0,76625000.0,0.1151559508387411,45748000.0,0.06875242334708943,0.0,41156000.0,0.06185133197675991,10762000.0,30394000.0,0.0456776505030042,0.718845,0.709261,42392990,42885447,,,1620596184,17:36:24,20210509
14,2006-12-31,ORDI.AS,EUR,2006-12-31,2006-12-31,FY,530411000,87544000.0,442867000,0.8349506326226266,0.0,7371000.0,7489000.0,-10000.0,404900000.0,492444000,2617000.0,21891000.0,59858000.0,0.11285210902488825,37967000.0,0.0715803405283827,0.0,35357000.0,0.0666596280997189,9529000.0,25828000.0,0.048694314409014894,0.651753,0.642168,39482072,40445075,,,1620596184,17:36:24,20210509
15,2005-12-31,ORDI.AS,EUR,2005-12-31,2005-12-31,FY,443884000,79396000.0,364488000,0.8211334492795415,0.0,6441000.0,7426000.0,0.0,334047000.0,413443000,408000.0,20582000.0,51023000.0,0.11494669778590803,30441000.0,0.06857872777572518,0.0,31218000.0,0.07032918510241415,2255000.0,28963000.0,0.06524902902560129,0.7509775893487145,0.7264703908196496,38567063,39868108,,,1620596184,17:36:24,20210509
16,2004-12-31,ORDI.AS,EUR,2004-12-31,2004-12-31,FY,383446000,60682000.0,322764000,0.8417456434543586,0.0,7204000.0,5756000.0,0.0,300719000.0,361401000,944000.0,15571000.0,37616000.0,0.09809986282292682,22045000.0,0.05749179806283023,0.0,21101000.0,0.055029912947325045,6499000.0,14602000.0,0.03808098141589689,0.392969,0.383384,37544589,38732954,,,1620596184,17:36:24,20210509
