,date,symbol,reportedCurrency,fillingDate,acceptedDate,period,revenue,costOfRevenue,grossProfit,grossProfitRatio,researchAndDevelopmentExpenses,generalAndAdministrativeExpenses,sellingAndMarketingExpenses,otherExpenses,operatingExpenses,costAndExpenses,interestExpense,depreciationAndAmortization,ebitda,ebitdaratio,operatingIncome,operatingIncomeRatio,totalOtherIncomeExpensesNet,incomeBeforeTax,incomeBeforeTaxRatio,incomeTaxExpense,netIncome,netIncomeRatio,eps,epsdiluted,weightedAverageShsOut,weightedAverageShsOutDil,link,finalLink,timestamp,est_time,est_date
0,2020-12-31,ACA.PA,EUR,2020-12-31,2020-12-31,FY,18061000000,0.0,0.0,0.0,0.0,0.0,0.0,12000000.0,0.0,0.0,11716000000,1142000000,0.0,0.0,0.0,0.2540280161674326,0.0,4588000000,0.2540280161674326,1129000000,2692000000,0.14905044017496263,0.804,0.804,2885319047,2885319047,https://www.infogreffe.com/recherche-entreprise-dirigeants/resultats-entreprise-dirigeants.html?ga_cat=globale&ga_q=A.C.A#phrase=A.C.A,https://www.infogreffe.com/recherche-entreprise-dirigeants/resultats-entreprise-dirigeants.html?ga_cat=globale&ga_q=A.C.A#phrase=A.C.A,1620586091,14:48:11,20210509
1,2019-12-31,ACA.PA,EUR,2019-12-31,2019-12-31,FY,19123000000,0.0,0.0,0.0,0.0,0.0,0.0,-19000000.0,12760000000.0,0.0,13663000000,1048000000,0.0,0.0,0.0,0.31124823510955396,0.0,5952000000,0.31124823510955396,456000000,4844000000,0.25330753542854156,1.482,1.482,2873414500,2873414500,https://www.infogreffe.com/recherche-entreprise-dirigeants/resultats-entreprise-dirigeants.html?ga_cat=globale&ga_q=A.C.A#phrase=A.C.A,https://www.infogreffe.com/recherche-entreprise-dirigeants/resultats-entreprise-dirigeants.html?ga_cat=globale&ga_q=A.C.A#phrase=A.C.A,1620586091,14:48:11,20210509
2,2018-12-31,ACA.PA,EUR,2018-12-31,2018-12-31,FY,18687000000,0.0,0.0,0.0,0.0,0.0,0.0,-3000000.0,12590000000.0,0.0,13247000000,760000000,0.0,0.0,0.0,0.34762134103922515,0.0,6496000000,0.34762134103922515,1466000000,4400000000,0.23545780489110077,1.387,1.387,2853704584,2853704584,https://www.infogreffe.com/recherche-entreprise-dirigeants/resultats-entreprise-dirigeants.html?ga_cat=globale&ga_q=A.C.A#phrase=A.C.A,https://www.infogreffe.com/recherche-entreprise-dirigeants/resultats-entreprise-dirigeants.html?ga_cat=globale&ga_q=A.C.A#phrase=A.C.A,1620586091,14:48:11,20210509
3,2017-12-31,ACA.PA,EUR,2017-12-31,2017-12-31,FY,18495000000,0.0,0.0,0.0,0.0,0.0,0.0,-11000000.0,12181000000.0,0.0,12428000000,752000000,0.0,0.0,0.0,0.32057312787239794,0.0,5929000000,0.32057312787239794,1732000000,3649000000,0.19729656663963233,1.08237,1.08237,2952948912,2952948912,https://www.infogreffe.com/recherche-entreprise-dirigeants/resultats-entreprise-dirigeants.html?ga_cat=globale&ga_q=A.C.A#phrase=A.C.A,https://www.infogreffe.com/recherche-entreprise-dirigeants/resultats-entreprise-dirigeants.html?ga_cat=globale&ga_q=A.C.A#phrase=A.C.A,1620586091,14:48:11,20210509
4,2016-12-31,ACA.PA,EUR,2016-12-31,2016-12-31,FY,16840000000,0.0,0.0,0.0,0.0,0.0,0.0,0.0,11951000000.0,0.0,13311000000,694000000,0.0,0.0,0.0,0.19875296912114016,0.0,3347000000,0.19875296912114016,695000000,3540000000,0.21021377672209027,1.078518,1.078518,2842143231,2842143231,https://www.infogreffe.com/recherche-entreprise-dirigeants/resultats-entreprise-dirigeants.html?ga_cat=globale&ga_q=A.C.A#phrase=A.C.A,https://www.infogreffe.com/recherche-entreprise-dirigeants/resultats-entreprise-dirigeants.html?ga_cat=globale&ga_q=A.C.A#phrase=A.C.A,1620586091,14:48:11,20210509
5,2015-12-31,ACA.PA,EUR,2015-12-31,2015-12-31,FY,17013000000,0.0,0.0,0.0,0.0,0.0,0.0,29000000.0,12204000000.0,0.0,14711000000,651000000,0.0,0.0,0.0,0.28742726150590725,0.0,4890000000,0.28742726150590725,898000000,3516000000,0.20666549109504498,1.167111,1.167111,2709542124,2709542124,https://www.infogreffe.com/recherche-entreprise-dirigeants/resultats-entreprise-dirigeants.html?ga_cat=globale&ga_q=A.C.A#phrase=A.C.A,https://www.infogreffe.com/recherche-entreprise-dirigeants/resultats-entreprise-dirigeants.html?ga_cat=globale&ga_q=A.C.A#phrase=A.C.A,1620586091,14:48:11,20210509
6,2014-12-31,ACA.PA,EUR,2014-12-31,2014-12-31,FY,15588000000,0.0,0.0,0.0,0.0,0.0,0.0,0.0,11002000000.0,0.0,15532000000,628000000,0.0,0.0,0.0,0.20721067487811137,0.0,3230000000,0.20721067487811137,469000000,2340000000,0.15011547344110854,0.803111,0.803111,2637802608,2637802608,https://www.infogreffe.com/recherche-entreprise-dirigeants/resultats-entreprise-dirigeants.html?ga_cat=globale&ga_q=A.C.A#phrase=A.C.A,https://www.infogreffe.com/recherche-entreprise-dirigeants/resultats-entreprise-dirigeants.html?ga_cat=globale&ga_q=A.C.A#phrase=A.C.A,1620586091,14:48:11,20210509
7,2013-12-31,ACA.PA,EUR,2013-12-31,2013-12-31,FY,17602000000,0.0,0.0,0.0,0.0,0.0,0.0,9000000.0,11564000000.0,0.0,16003000000,669000000,0.0,0.0,0.0,0.16856039086467448,0.0,2967000000,0.16856039086467448,140000000,2505000000,0.14231337348028633,0.970666,0.970666,2580690408,2580690408,https://www.infogreffe.com/recherche-entreprise-dirigeants/resultats-entreprise-dirigeants.html?ga_cat=globale&ga_q=A.C.A#phrase=A.C.A,https://www.infogreffe.com/recherche-entreprise-dirigeants/resultats-entreprise-dirigeants.html?ga_cat=globale&ga_q=A.C.A#phrase=A.C.A,1620586091,14:48:11,20210509
8,2012-12-31,ACA.PA,EUR,2012-12-31,2012-12-31,FY,15149000000,0.0,0.0,0.0,0.0,0.0,0.0,54000000.0,11755000000.0,0.0,17784000000,711000000,0.0,0.0,0.0,-0.14271569080467358,0.0,-2162000000,-0.14271569080467358,360000000,-6471000000,-0.4271569080467358,-2.516221,-2.516221,2571307339,2571307339,https://www.infogreffe.com/recherche-entreprise-dirigeants/resultats-entreprise-dirigeants.html?ga_cat=globale&ga_q=A.C.A#phrase=A.C.A,https://www.infogreffe.com/recherche-entreprise-dirigeants/resultats-entreprise-dirigeants.html?ga_cat=globale&ga_q=A.C.A#phrase=A.C.A,1620586091,14:48:11,20210509
9,2011-12-31,ACA.PA,EUR,2011-12-31,2011-12-31,FY,20783000000,0.0,0.0,0.0,0.0,10207000000.0,0.0,-1929000000.0,19269000000.0,0.0,19401000000,734000000,0.0,0.0,0.0,-0.00894962228744647,0.0,-186000000,-0.00894962228744647,1026000000,-1198000000,-0.05764326613097243,-0.581629,-0.581629,2528324523,2528324523,https://www.infogreffe.com/recherche-entreprise-dirigeants/resultats-entreprise-dirigeants.html?ga_cat=globale&ga_q=A.C.A#phrase=A.C.A,https://www.infogreffe.com/recherche-entreprise-dirigeants/resultats-entreprise-dirigeants.html?ga_cat=globale&ga_q=A.C.A#phrase=A.C.A,1620586091,14:48:11,20210509
10,2010-12-31,ACA.PA,EUR,2010-12-31,2010-12-31,FY,20129000000,0.0,0.0,0.0,0.0,3777000000.0,0.0,-687000000.0,16964000000.0,0.0,17480000000,739000000,0.0,0.0,0.0,0.12956431019921505,0.0,2608000000,0.12956431019921505,877000000,1752000000,0.08703860102339908,0.52,0.52,2430115684,2430115684,https://www.infogreffe.com/recherche-entreprise-dirigeants/resultats-entreprise-dirigeants.html?ga_cat=globale&ga_q=A.C.A#phrase=A.C.A,https://www.infogreffe.com/recherche-entreprise-dirigeants/resultats-entreprise-dirigeants.html?ga_cat=globale&ga_q=A.C.A#phrase=A.C.A,1620586091,14:48:11,20210509
11,2009-12-31,ACA.PA,EUR,2009-12-31,2009-12-31,FY,17942000000,0.0,0.0,0.0,0.0,4689000000.0,0.0,-419000000.0,16871000000.0,0.0,21056000000,666000000,0.0,0.0,0.0,0.08354698472856983,0.0,1499000000,0.08354698472856983,211000000,1446000000,0.08059302195964775,0.480518,0.480518,2343176628,2343176628,https://www.infogreffe.com/recherche-entreprise-dirigeants/resultats-entreprise-dirigeants.html?ga_cat=globale&ga_q=A.C.A#phrase=A.C.A,https://www.infogreffe.com/recherche-entreprise-dirigeants/resultats-entreprise-dirigeants.html?ga_cat=globale&ga_q=A.C.A#phrase=A.C.A,1620586091,14:48:11,20210509
12,2008-12-31,ACA.PA,EUR,2008-12-31,2008-12-31,FY,15956000000,0.0,0.0,0.0,0.0,0.0,0.0,148000000.0,15800000000.0,0.0,34993000000,643000000,0.0,0.0,0.0,0.07345199298069692,0.0,1172000000,0.07345199298069692,-66000000,1266000000,0.07934319378290298,0.494963,0.494963,2068974054,2068974054,https://www.infogreffe.com/recherche-entreprise-dirigeants/resultats-entreprise-dirigeants.html?ga_cat=globale&ga_q=A.C.A#phrase=A.C.A,https://www.infogreffe.com/recherche-entreprise-dirigeants/resultats-entreprise-dirigeants.html?ga_cat=globale&ga_q=A.C.A#phrase=A.C.A,1620586091,14:48:11,20210509
13,2007-12-31,ACA.PA,EUR,2007-12-31,2007-12-31,FY,16768000000,0.0,0.0,0.0,0.0,0.0,0.0,1395000000.0,14615000000.0,0.0,36212000000,599000000,0.0,0.0,0.0,0.28727337786259544,0.0,4817000000,0.28727337786259544,257000000,4556000000,0.2717080152671756,2.225871,2.225871,1816605642,1816605642,https://www.infogreffe.com/recherche-entreprise-dirigeants/resultats-entreprise-dirigeants.html?ga_cat=globale&ga_q=A.C.A#phrase=A.C.A,https://www.infogreffe.com/recherche-entreprise-dirigeants/resultats-entreprise-dirigeants.html?ga_cat=globale&ga_q=A.C.A#phrase=A.C.A,1620586091,14:48:11,20210509
14,2006-12-31,ACA.PA,EUR,2006-12-31,2006-12-31,FY,16187000000,0.0,0.0,0.0,0.0,0.0,0.0,84000000.0,10967000000.0,0.0,36967000000,507000000,0.0,0.0,0.0,0.42700932847346634,0.0,6912000000,0.42700932847346634,1590000000,5319000000,0.3285970223018472,2.92969,2.882423,1679599945,1706910513,https://www.infogreffe.com/recherche-entreprise-dirigeants/resultats-entreprise-dirigeants.html?ga_cat=globale&ga_q=A.C.A#phrase=A.C.A,https://www.infogreffe.com/recherche-entreprise-dirigeants/resultats-entreprise-dirigeants.html?ga_cat=globale&ga_q=A.C.A#phrase=A.C.A,1620586091,14:48:11,20210509
15,2005-12-31,ACA.PA,EUR,2005-12-31,2005-12-31,FY,13693000000,0.0,0.0,0.0,0.0,8712000000.0,0.0,-97000000.0,9809000000.0,0.0,31838000000,454000000,0.0,0.0,0.0,0.37909880961075004,0.0,5191000000,0.37909880961075004,942000000,4249000000,0.3103045351639524,2.347603,2.347603,1657462272,1657462272,https://www.infogreffe.com/recherche-entreprise-dirigeants/resultats-entreprise-dirigeants.html?ga_cat=globale&ga_q=A.C.A#phrase=A.C.A,https://www.infogreffe.com/recherche-entreprise-dirigeants/resultats-entreprise-dirigeants.html?ga_cat=globale&ga_q=A.C.A#phrase=A.C.A,1620586091,14:48:11,20210509
16,2004-12-31,ACA.PA,EUR,2004-12-31,2004-12-31,FY,12513000000,0.0,0.0,0.0,0.0,0.0,0.0,-349000000.0,9328000000.0,0.0,21031000000,521000000,0.0,0.0,0.0,0.3497162950531447,0.0,4376000000,0.3497162950531447,857000000,2507000000,0.20035163430032765,1.309476,1.309476,1682352391,1682352391,https://www.infogreffe.com/recherche-entreprise-dirigeants/resultats-entreprise-dirigeants.html?ga_cat=globale&ga_q=A.C.A#phrase=A.C.A,https://www.infogreffe.com/recherche-entreprise-dirigeants/resultats-entreprise-dirigeants.html?ga_cat=globale&ga_q=A.C.A#phrase=A.C.A,1620586091,14:48:11,20210509
17,2003-12-31,ACA.PA,EUR,2003-12-31,2003-12-31,FY,9351000000,0.0,0.0,0.0,0.0,0.0,0.0,-382000000.0,7335000000.0,0.0,18669000000,398000000,0.0,0.0,0.0,0.31921719602181586,0.0,2985000000,0.31921719602181586,567000000,1286000000,0.1375253983531173,0.75715,0.75715,1355081198,1355081198,https://www.infogreffe.com/recherche-entreprise-dirigeants/resultats-entreprise-dirigeants.html?ga_cat=globale&ga_q=A.C.A#phrase=A.C.A,https://www.infogreffe.com/recherche-entreprise-dirigeants/resultats-entreprise-dirigeants.html?ga_cat=globale&ga_q=A.C.A#phrase=A.C.A,1620586091,14:48:11,20210509
