,date,symbol,reportedCurrency,fillingDate,acceptedDate,period,revenue,costOfRevenue,grossProfit,grossProfitRatio,researchAndDevelopmentExpenses,generalAndAdministrativeExpenses,sellingAndMarketingExpenses,otherExpenses,operatingExpenses,costAndExpenses,interestExpense,depreciationAndAmortization,ebitda,ebitdaratio,operatingIncome,operatingIncomeRatio,totalOtherIncomeExpensesNet,incomeBeforeTax,incomeBeforeTaxRatio,incomeTaxExpense,netIncome,netIncomeRatio,eps,epsdiluted,weightedAverageShsOut,weightedAverageShsOutDil,link,finalLink,timestamp,est_time,est_date
0,2020-12-31,TREC,USD,2021-03-09,2021-03-09 16:52:40,FY,208626000,179948000,28678000.0,0.1374612943736639,0.0,24892000.0,0.0,595000.0,25740000.0,205688000,2491000.0,848000.0,3786000.0,0.018147306663598976,2938000.0,0.014082616740003643,556000.0,1003000.0,0.0048076462185921215,-3963000.0,31175000.0,0.14943008062274118,1.2622479553000243,1.2622479553000243,24802000,24802000,https://www.sec.gov/Archives/edgar/data/7039/000000703921000036/0000007039-21-000036-index.htm,https://www.sec.gov/Archives/edgar/data/7039/000000703921000036/trec-20201231.htm,1620599002,18:23:22,20210509
1,2019-12-31,TREC,USD,2020-03-13,2020-03-13 16:03:41,FY,258959000,220444000,38515000.0,0.1487301078549114,0.0,24386000.0,0.0,232000.0,25226000.0,245670000,5139000.0,840000.0,14129000.0,0.054560760583721744,13289000.0,0.05131700385003032,-24600000.0,-16450000.0,-0.06352356936812391,-3566000.0,-14974000.0,-0.05782382539320896,-0.61,-0.61,24698000,24698000,https://www.sec.gov/Archives/edgar/data/7039/000000703920000050/0000007039-20-000050-index.htm,https://www.sec.gov/Archives/edgar/data/7039/000000703920000050/trecora201910k.htm,1620599002,18:23:22,20210509
2,2018-12-31,TREC,USD,2019-03-15,2019-03-15 17:01:10,FY,287932000,260114000,27818000.0,0.09661308920161704,0.0,22396000.0,0.0,-158000.0,23136000.0,283250000,4100000.0,740000.0,5422000.0,0.018830835058277647,4682000.0,0.016260783796174096,-3721000.0,-3139000.0,-0.010901879610463582,-807000.0,-2332000.0,-0.008099134517872275,-0.1,-0.1,24438000,24438000,https://www.sec.gov/Archives/edgar/data/7039/000000703919000030/0000007039-19-000030-index.htm,https://www.sec.gov/Archives/edgar/data/7039/000000703919000030/trecora201810k.htm,1620599002,18:23:22,20210509
3,2017-12-31,TREC,USD,2018-03-12,2018-03-12 15:21:04,FY,245143000,203582000,41561000.0,0.1695377799896387,0.0,22587000.0,0.0,-60000.0,23459000.0,227041000,2931000.0,872000.0,18974000.0,0.07739972179503392,18102000.0,0.07384261431083082,-4321000.0,10850000.0,0.044259880967435335,-7159000.0,18009000.0,0.07346324390253851,0.74,0.72,24294000,25129000,https://www.sec.gov/Archives/edgar/data/7039/000000703918000003/0000007039-18-000003-index.htm,https://www.sec.gov/Archives/edgar/data/7039/000000703918000003/form10k123117.htm,1620599002,18:23:22,20210509
4,2016-12-31,TREC,USD,2017-03-16,2017-03-16 10:11:59,FY,212399000,172497000,39902000.0,0.18786340801981177,0.0,20434000.0,0.0,-28000.0,21195000.0,193692000,1985000.0,761000.0,19468000.0,0.09165768200415256,18707000.0,0.08807480261206503,13210000.0,29932000.0,0.14092345067537984,10504000.0,19428000.0,0.09146935720036346,0.8,0.78,24284000,24982000,https://www.sec.gov/Archives/edgar/data/7039/000000703917000009/0000007039-17-000009-index.htm,https://www.sec.gov/Archives/edgar/data/7039/000000703917000009/form10k123116.htm,1620599002,18:23:22,20210509
5,2015-12-31,TREC,USD,2016-03-11,2016-03-11 09:23:06,FY,241976000,182607000,59369000.0,0.24535077858961218,0.0,22603000.0,0.0,-137000.0,23328000.0,205935000,2217000.0,725000.0,36766000.0,0.15194068833272723,36041000.0,0.14894452342381062,-5462000.0,28362000.0,0.11720997123681687,9764000.0,18598000.0,0.07685886203590439,0.76,0.74,24370000,25181000,https://www.sec.gov/Archives/edgar/data/7039/000000703916000034/0000007039-16-000034-index.htm,https://www.sec.gov/Archives/edgar/data/7039/000000703916000034/form10k123115.htm,1620599002,18:23:22,20210509
6,2014-12-31,TREC,USD,2015-03-13,2015-03-13 09:36:00,FY,289643000,243900000,45743000.0,0.1579288986787183,0.0,19701000.0,0.0,-272000.0,20261000.0,264161000,1042000.0,560000.0,26042000.0,0.08991068315132766,25482000.0,0.08797726856854818,-1722000.0,22718000.0,0.07843448659211512,7147000.0,15571000.0,0.05375928297939187,0.64,0.63,24188000,24896000,https://www.sec.gov/Archives/edgar/data/7039/000000703915000003/0000007039-15-000003-index.htm,https://www.sec.gov/Archives/edgar/data/7039/000000703915000003/form10k123114.htm,1620599002,18:23:22,20210509
7,2013-12-31,TREC,USD,2014-03-14,2014-03-14 14:00:34,FY,236227000,201064000,35163000.0,0.148852586706854,0.0,14672000.0,0.0,-219000.0,15193000.0,216257000,520000.0,521000.0,20491000.0,0.08674283633962249,19970000.0,0.08453733061843058,8180000.0,27645000.0,0.11702726614654549,8147000.0,19498000.0,0.08253925249865596,0.81,0.79,24115000,24745000,https://www.sec.gov/Archives/edgar/data/7039/000000703914000002/0000007039-14-000002-index.htm,https://www.sec.gov/Archives/edgar/data/7039/000000703914000002/form10k123113.htm,1620599002,18:23:22,20210509
8,2012-12-31,TREC,USD,2013-03-18,2013-03-18 12:25:29,FY,222858000,192100000,30758000.0,0.138016135835375,0.0,12782000.0,0.0,-117000.0,13302000.0,205402000,547000.0,520000.0,17976000.0,0.08066122822604528,17456000.0,0.0783279038670364,390000.0,17302000.0,0.07763688088379148,5904000.0,11398000.0,0.05114467508458301,0.47,0.46,24081000,24745000,https://www.sec.gov/Archives/edgar/data/7039/000000703913000007/0000007039-13-000007-index.htm,https://www.sec.gov/Archives/edgar/data/7039/000000703913000007/form10k123112.htm,1620599002,18:23:22,20210509
9,2011-12-31,TREC,USD,2012-03-09,2012-03-09 16:14:37,FY,199516524,173600205,25916319.0,0.12989560203043635,0.0,11777058.0,0.0,0.0,12252584.0,185852789,1113292.0,475526.0,14139261.0,0.07086761896473297,13663735.0,0.06848422740163616,3203.0,12557222.0,0.06293825568051697,4126908.0,8430314.0,0.04225371328141222,0.35137233084719927,0.3473941403178575,23992538,24267289,https://www.sec.gov/Archives/edgar/data/7039/000000703912000003/0000007039-12-000003-index.htm,https://www.sec.gov/Archives/edgar/data/7039/000000703912000003/form10k123111.htm,1620599002,18:23:22,20210509
10,2010-12-31,TREC,USD,2011-03-18,2011-03-18 16:27:52,FY,139110194,121894912,17215282.0,0.12375284301594748,0.0,10930141.0,0.0,0.0,11363513.0,133258425,1132968.0,433372.0,6285141.0,0.04518102390109527,5851769.0,0.042065709433199414,-346515.0,4388470.0,0.0315467175611875,1702816.0,2685654.0,0.019305946766201763,0.11298955317813121,0.11293607150421926,23769047,23780303,https://www.sec.gov/Archives/edgar/data/7039/000000703911000009/0000007039-11-000009-index.htm,https://www.sec.gov/Archives/edgar/data/7039/000000703911000009/form10k123110.htm,1620599002,18:23:22,20210509
11,2009-12-31,TREC,USD,2010-03-15,2010-03-15 15:09:49,FY,117586679,95688819,21897860.0,0.1862273872025929,0.0,9144710.0,0.0,0.0,9588248.0,105277067,1327530.0,443538.0,12753150.0,0.10845743844844874,12309612.0,0.10468542954597773,-74332.0,10971419.0,0.09330494825863736,4343968.0,6627451.0,0.05636226021826843,0.2792392165570382,0.27845848946276297,23733955,23800499,https://www.sec.gov/Archives/edgar/data/7039/000000703910000008/0000007039-10-000008-index.htm,https://www.sec.gov/Archives/edgar/data/7039/000000703910000008/form10k123109.htm,1620599002,18:23:22,20210509
12,2008-12-31,TREC,USD,2009-03-16,2009-03-16 12:04:21,FY,154630234,159226896,-4596662.0,-0.029726799740857922,0.0,9034366.0,0.0,0.0,9366069.0,168592965,605254.0,331703.0,-13631028.0,-0.08815241138417988,-13962731.0,-0.09029754814960701,4165.0,-13853761.0,-0.08959283473631684,-4978846.0,-8874915.0,-0.057394435553916316,-0.46,-0.46,24427367,24427367,https://www.sec.gov/Archives/edgar/data/7039/000000703909000002/0000007039-09-000002-index.htm,https://www.sec.gov/Archives/edgar/data/7039/000000703909000002/form10k123108.htm,1620599002,18:23:22,20210509
13,2007-12-31,TREC,USD,2008-03-14,2008-03-14 13:56:23,FY,108638115,88861365,19776750.0,0.1820424627213018,0.0,7619280.0,0.0,0.0,8694042.0,97555407,142696.0,1074762.0,12157470.0,0.11190796158420091,11082708.0,0.10201491437880711,-62794.0,11197624.0,0.10307270150996269,3426243.0,7771381.0,0.07153457145312214,0.34,0.33,22895394,23291669,https://www.sec.gov/Archives/edgar/data/7039/000000703908000008/0000007039-08-000008-index.htm,https://www.sec.gov/Archives/edgar/data/7039/000000703908000008/form10k123107.htm,1620599002,18:23:22,20210509
14,2006-12-31,TREC,USD,2007-04-06,2007-04-06 10:11:18,FY,98502157,79888772,18613385.0,0.188964237605477,0.0,5842564.0,0.0,0.0,6701623.0,86590395,704282.0,859059.0,12770821.0,0.12965016593494497,11911762.0,0.12092894574887329,383545.0,11884744.0,0.12065465733912811,4009416.0,7875328.0,0.07995081772676307,0.3453399487918363,0.3428882027250008,22804567,22967626,https://www.sec.gov/Archives/edgar/data/7039/000095013407007709/0000950134-07-007709-index.htm,https://www.sec.gov/Archives/edgar/data/7039/000095013407007709/d45343e10vk.htm,1620599002,18:23:22,20210509
15,2005-12-31,TREC,USD,2005-12-31,2005-12-31,FY,80373587,63626497,16747090.0,0.20836559154688467,0.0,4468253.0,0.0,0.0,5224849.0,68851346,792976.0,756596.0,12278837.0,0.1527720418898313,11522241.0,0.14335855136090914,136273.0,10954464.0,0.1362943276377599,1133787.0,16636201.0,0.20698592188003256,0.73,0.73,22731994,22731994,,,1620599002,18:23:22,20210509
16,2004-12-31,TREC,USD,2005-06-14,2005-06-14,FY,59793454,52465984,7327470.0,0.12254635766650979,0.0,4257957.0,0.0,0.0,5381431.0,57847415,1600718.0,1123474.0,3069513.0,0.05133526823856003,1946039.0,0.032546020840341486,-2924166.0,-2550756.0,-0.042659452320650354,0.0,-2550756.0,-0.042659452320650354,-0.11,-0.11,22731994,22731994,https://www.sec.gov/Archives/edgar/data/7039/000095013405011889/0000950134-05-011889-index.htm,https://www.sec.gov/Archives/edgar/data/7039/000095013405011889/d26203e10vkza.htm,1620599002,18:23:22,20210509
17,2003-12-31,TREC,USD,2003-12-31,2003-12-31,FY,39624733,36374346,3250387.0,0.08202924673334708,0.0,4387957.0,0.0,0.0,5755175.0,42129521,1244749.0,1367218.0,-1137570.0,-0.028708584610525955,-2504788.0,-0.06321274139563288,212720.0,-3505363.0,-0.08846401564396661,0.0,-3505363.0,-0.08846401564396661,-0.15,-0.15,22731994,22731994,,,1620599002,18:23:22,20210509
18,2002-12-31,TREC,USD,2002-12-31,2002-12-31,FY,36753000,30035531,6717469.0,0.18277335183522433,0.0,4087875.0,0.0,0.0,5502077.0,35537608,1354042.0,1414202.0,2629594.0,0.07154773759965173,1215392.0,0.03306919163061519,793092.0,692063.0,0.018830109106739587,0.0,692063.0,0.018830109106739587,0.03044444759223498,0.029774764088742404,22731994,23243274,,,1620599002,18:23:22,20210509
19,2001-12-31,TREC,USD,2001-12-31,2001-12-31,FY,32712668,28327172,4385496.0,0.13406109217383308,0.0,3717822.0,0.0,0.0,5099291.0,33426463,1506544.0,1381469.0,667674.0,0.020410258191108106,-713795.0,-0.021820140136536707,80677.0,-2095128.0,-0.06404638105335829,0.0,-2095128.0,-0.06404638105335829,-0.09,-0.09,22768858,22768858,,,1620599002,18:23:22,20210509
20,2000-12-31,TREC,USD,2000-12-31,2000-12-31,FY,42611811,40715332,1896479.0,0.04450594695447232,0.0,3665642.0,0.0,0.0,4924595.0,45639927,1026766.0,1258953.0,-1769163.0,-0.04151813683769507,-3028116.0,-0.07106283279065516,47189.0,-3902898.0,-0.09159192975862959,0.0,-3902898.0,-0.09159192975862959,-0.17,-0.17,22673033,22673033,,,1620599002,18:23:22,20210509
21,1999-12-31,TREC,USD,1999-12-31,1999-12-31,FY,27790666,21352555,6438111.0,0.23166450922766657,0.0,2933616.0,0.0,0.0,3653409.0,25005964,0.0,719793.0,3504495.0,0.12610331109013365,2784702.0,0.10020278031480066,329542.0,3023467.0,0.10879433404006943,283114.0,2740353.0,0.09860695673864023,0.12441382079471668,0.12123181314656012,22026114,22604240,,,1620599002,18:23:22,20210509
22,1998-12-31,TREC,USD,1998-12-31,1998-12-31,FY,25089175,18192488,6896687.0,0.2748869582200292,0.0,2669088.0,0.0,0.0,3097831.0,21290319,346117.0,428743.0,4227599.0,0.1685029101196034,3798856.0,0.1514141457421378,132555.0,3697423.0,0.14737124676279711,255777.0,3441646.0,0.13717653131280722,0.16,0.14,21995735,25649695,,,1620599002,18:23:22,20210509
23,1997-12-31,TREC,USD,1997-12-31,1997-12-31,FY,26174119,22119668,4054451.0,0.15490305518974679,0.0,2695043.0,0.0,0.0,3233283.0,25352951,0.0,538240.0,1359408.0,0.05193710626898273,821168.0,0.031373281370043436,351404.0,0.0,0.0,0.0,818364.0,0.03126615264490851,0.038409953233918645,0.03716854095068811,21306040,22017652,,,1620599002,18:23:22,20210509
24,1996-12-31,TREC,USD,1997-03-31 00:00:00,1997-03-31 00:00:00,FY,22014286,19357737,2656549.0,0.12067386605225353,0.0,2284422.0,0.0,0.0,2977673.0,22335410,336979.0,693251.0,372127.0,0.016903886866919054,-321124.0,-0.014587073139687564,241897.0,-390896.0,-0.01775646959433524,0.0,-390896.0,-0.01775646959433524,-0.02,-0.02,20286208,20286208,https://www.sec.gov/Archives/edgar/data/7039/000095013497002486/0000950134-97-002486-index.html,https://www.sec.gov/Archives/edgar/data/7039/0000950134-97-002486.txt,1620599002,18:23:22,20210509
25,1995-12-31,TREC,USD,1996-04-01 00:00:00,1996-04-01 00:00:00,FY,18358658,15575054,2783604.0,0.15162350102060837,0.0,2372683.0,0.0,0.0,3049840.0,18624894,369546.0,677157.0,410921.0,0.022382954135318607,-266236.0,-0.014501931459260257,233155.0,-369232.0,-0.02011214545202596,0.0,-369232.0,-0.02011214545202596,-0.02,-0.02,20030434,20030434,https://www.sec.gov/Archives/edgar/data/7039/000095013496001086/0000950134-96-001086-index.html,https://www.sec.gov/Archives/edgar/data/7039/0000950134-96-001086.txt,1620599002,18:23:22,20210509
26,1994-12-31,TREC,USD,1994-12-31,1994-12-31,FY,17764983,13750750,4014233.0,0.22596323340134916,0.0,0.0,0.0,0.0,0.0,15459357,347364.0,647137.0,2952763.0,0.16621254295599383,2305626.0,0.12978486948172144,299376.0,2314129.0,0.13026350771064626,39973.0,2852306.0,0.16055776692834436,0.14,0.14,20027881,20027881,,,1620599002,18:23:22,20210509
