,date,symbol,reportedCurrency,fillingDate,acceptedDate,period,revenue,costOfRevenue,grossProfit,grossProfitRatio,researchAndDevelopmentExpenses,generalAndAdministrativeExpenses,sellingAndMarketingExpenses,otherExpenses,operatingExpenses,costAndExpenses,interestExpense,depreciationAndAmortization,ebitda,ebitdaratio,operatingIncome,operatingIncomeRatio,totalOtherIncomeExpensesNet,incomeBeforeTax,incomeBeforeTaxRatio,incomeTaxExpense,netIncome,netIncomeRatio,eps,epsdiluted,weightedAverageShsOut,weightedAverageShsOutDil,link,finalLink,timestamp,est_time,est_date
0,2015-12-31,VSCP,USD,2016-03-25 00:00:00,2016-03-25 17:22:28,FY,12716884,7917814,4799070,0.3773778230579126,1283321,1829315,1132487,414075,5791685,13709499,15739,431495,-561120,-0.04412401654367532,-992615,-0.0780548914340966,-49506,-1042121,-0.08194782621277351,0,-1042121,-0.08194782621277351,-0.34604324573456585,-0.34766350213961705,3011534,2997499,https://www.sec.gov/Archives/edgar/data/1307752/000114420416090445/0001144204-16-090445-index.html,https://www.sec.gov/Archives/edgar/data/1307752/000114420416090445/v434446_10k.htm,1620599646,18:34:06,20210509
1,2014-12-31,VSCP,USD,2015-03-31,2015-03-31 11:13:53,FY,10452484,7090614,3361870,0.3216335944642441,1245264,1473838,1876041,314249,6785433,13876047,0,314249,-3109314,-0.29747129964513697,-3423563,-0.32753582784723706,1140,-3422423,-0.32742676286325817,0,-3422423,-0.32742676286325817,-1.1364384396789144,-1.1432462108343764,3011534,2993601,https://www.sec.gov/Archives/edgar/data/1307752/000114420415019803/0001144204-15-019803-index.htm,https://www.sec.gov/Archives/edgar/data/1307752/000114420415019803/v404973_10k.htm,1620599646,18:34:06,20210509
2,2013-12-31,VSCP,USD,2014-03-31,2014-03-31 12:42:12,FY,11174051,6755147,4418904,0.3954612342470962,1510721,2192873,1556257,366527,7182635,13937782,0,366527,-2397204,-0.21453311784598084,-2763731,-0.24733474010455117,19190,-2744541,-0.24561736831163558,0,-2744541,-0.24561736831163558,-0.9171640621423256,-0.920451938671886,2992421,2981732,https://www.sec.gov/Archives/edgar/data/1307752/000114420414019171/0001144204-14-019171-index.htm,https://www.sec.gov/Archives/edgar/data/1307752/000114420414019171/v372241_10k.htm,1620599646,18:34:06,20210509
3,2012-12-31,VSCP,USD,2013-03-27 00:00:00,2013-03-27 10:54:20,FY,14281603,8007465,6274138,0.43931609077776496,1450608,2058834,1119100,478908,6226550,14234015,0,478908,526496,0.03686532947316908,47588,0.003332118950512768,655707,703295,0.04924482216737155,0,703295,0.04924482216737155,0.024292711954986904,0.021048024283361753,28950864,33413825,https://www.sec.gov/Archives/edgar/data/1307752/000114420413017728/0001144204-13-017728-index.html,https://www.sec.gov/Archives/edgar/data/1307752/000114420413017728/v0336240_10k.htm,1620599646,18:34:06,20210509
4,2011-12-31,VSCP,USD,2012-03-21 00:00:00,2012-03-21 12:39:10,FY,13393120,6569028,6824092,0.5095222024442401,1130744,1940215,1184454,511982,5951849,12520877,0,511982,1384225,0.1033534381831866,872243,0.06512619912313188,-1485285,-613042,-0.04577290429713166,16000,-629042,-0.04696754751693407,-0.02405,-0.02405,26153573,26153573,https://www.sec.gov/Archives/edgar/data/1307752/000114420412016319/0001144204-12-016319-index.html,https://www.sec.gov/Archives/edgar/data/1307752/000114420412016319/v305317_10k.htm,1620599646,18:34:06,20210509
5,2010-12-31,VSCP,USD,2011-03-28,2011-03-28 16:03:44,FY,13393120000,6569028000,6824092000,0.5095222024442401,1130744000,1940215000,1184454000,511982000,5951849000,12520877000,0,511982000,1384225000,0.1033534381831866,872243000,0.06512619912313188,0,-613042000,-0.04577290429713166,-16000000,-629042000,-0.04696754751693407,-0.02405,-0.02405,26153573000,26153573000,https://www.sec.gov/Archives/edgar/data/1307752/000114420411017577/0001144204-11-017577-index.htm,https://www.sec.gov/Archives/edgar/data/1307752/000114420411017577/v216000_10k.htm,1620599646,18:34:06,20210509
6,2009-12-31,VSCP,USD,2010-03-23 00:00:00,2010-03-23 14:21:52,FY,10392825000,4777471000,5615354000,0.5403106470088739,975311000,1969109000,1240310000,469585000,5894625000,10672096000,0,469585000,-541642000,-0.05211691720008756,-1011227000,-0.09730049336922347,-731956000,-1011227000,-0.09730049336922347,0,-1011227000,-0.09730049336922347,-0.04196,-0.04196,24102126000,24102126000,https://www.sec.gov/Archives/edgar/data/1307752/000114420410015142/0001144204-10-015142-index.html,https://www.sec.gov/Archives/edgar/data/1307752/000114420410015142/v178262_10k.htm,1620599646,18:34:06,20210509
7,2008-12-31,VSCP,USD,2009-03-19,2009-03-19 13:46:24,FY,7130518000,4031198000,3099320000,0.43465565895773633,941193000,1938477000,1219882000,466150000,5785584000,9816782000,0,466150000,-2162592000,-0.30328680188451945,-2628742000,-0.3686607340448478,57522000,-2628742000,-0.3686607340448478,0,-2628742000,-0.3686607340448478,-0.11239,-0.11239,23389705000,23389705000,https://www.sec.gov/Archives/edgar/data/1307752/000114420409015060/0001144204-09-015060-index.htm,https://www.sec.gov/Archives/edgar/data/1307752/000114420409015060/v143407_10k.htm,1620599646,18:34:06,20210509
8,2007-12-31,VSCP,USD,2008-03-18,2008-03-18 16:53:03,FY,5647049000,3680409000,1966640000,0.34825977249356255,1440312000,3004223000,749329000,485520000,6428713000,10109122000,0,485520000,-3835864000,-0.6792687649779557,-4321384000,-0.7652464145432419,140689000,-4321384000,-0.7652464145432419,0,-4321384000,-0.7652464145432419,-0.18741,-0.18741,23058820000,23058820000,https://www.sec.gov/Archives/edgar/data/1307752/000114420408016147/0001144204-08-016147-index.htm,https://www.sec.gov/Archives/edgar/data/1307752/000114420408016147/v107328_10ksb.htm,1620599646,18:34:06,20210509
9,2006-12-31,VSCP,USD,2007-04-02,2007-04-02 15:36:32,FY,4739538000,2640098000,2099440000,0.4429630060989067,1110761000,2894943000,742176000,468384000,5958440000,8598538000,0,468384000,-3235797000,-0.6827241389350608,-3704181000,-0.7815489611012719,154819000,-3704181000,-0.7815489611012719,0,-3704181000,-0.7815489611012719,-0.16614,-0.16614,22295652000,22295652000,https://www.sec.gov/Archives/edgar/data/1307752/000114420407016382/0001144204-07-016382-index.htm,https://www.sec.gov/Archives/edgar/data/1307752/000114420407016382/v070204_10ksb.htm,1620599646,18:34:06,20210509
10,2005-12-31,VSCP,USD,2006-03-30,2006-03-30 16:18:26,FY,3472870000,2195951000,1276919000,0.36768407685862126,853085000,1182855000,443063000,406596000,3328662000,5524613000,0,406596000,-1638335000,-0.4717524698592231,-2044931000,-0.5888302758237424,6812000,-2044931000,-0.5888302758237424,0,-2044931000,-0.5888302758237424,-0.11336,-0.11336,18039072000,18039072000,https://www.sec.gov/Archives/edgar/data/1307752/000114420406012444/0001144204-06-012444-index.htm,https://www.sec.gov/Archives/edgar/data/1307752/000114420406012444/v039174_10ksb.htm,1620599646,18:34:06,20210509
