,date,symbol,reportedCurrency,fillingDate,acceptedDate,period,revenue,costOfRevenue,grossProfit,grossProfitRatio,researchAndDevelopmentExpenses,generalAndAdministrativeExpenses,sellingAndMarketingExpenses,otherExpenses,operatingExpenses,costAndExpenses,interestExpense,depreciationAndAmortization,ebitda,ebitdaratio,operatingIncome,operatingIncomeRatio,totalOtherIncomeExpensesNet,incomeBeforeTax,incomeBeforeTaxRatio,incomeTaxExpense,netIncome,netIncomeRatio,eps,epsdiluted,weightedAverageShsOut,weightedAverageShsOutDil,link,finalLink,timestamp,est_time,est_date
0,2019-12-28,SWK,USD,2020-02-21 00:00:00,2020-02-21 13:03:52,FY,14442200000.0,9596700000.0,4845500000.0,0.3355098253728656,255200000.0,2646800000.0,0.0,215000000.0,3481000000.0,13077700000.0,-284000000.0,560200000.0,1924700000.0,0.13326916951710957,1364500000.0,0.09448006536400272,0.0,1130000000.0,0.07824292697788425,160800000.0,955800000.0,0.06618105274819626,6.34838,6.34838,150558000,150558000,https://www.sec.gov/Archives/edgar/data/93556/000009355620000006/0000093556-20-000006-index.html,https://www.sec.gov/Archives/edgar/data/93556/000009355620000006/swk10k2019.htm,1620598500,18:15:00,20210509
1,2018-12-29,SWK,USD,2019-02-26 00:00:00,2019-02-26 11:28:51,FY,13982400000.0,9065300000.0,4917100000.0,0.35166351985353017,275800000.0,2737900000.0,0.0,196000000.0,3702800000.000001,12768100000.000002,277900000.0,506500000.0,1720800000.0,0.12306900102986612,1214300000.0,0.08684489071976198,0.0,1022100000.0,0.07309903879162376,216700000.0,605200000.0,0.0432829843231491,3.99095,3.99095,151643000,151643000,https://www.sec.gov/Archives/edgar/data/93556/000009355619000011/0000093556-19-000011-index.html,https://www.sec.gov/Archives/edgar/data/93556/000009355619000011/swk_10k2018.htm,1620598500,18:15:00,20210509
2,2017-12-30,SWK,USD,2018-02-27 00:00:00,2018-02-27 14:29:03,FY,12966600000.0,8141300000.0,4825300000.0,0.37213301867875925,252300000.0,2708900000.0,0.0,257900000.0,3166499999.999999,11307799999.999998,222600000.0,460700000.0,2119500000.0,0.16345842395076582,1658800000.0,0.1279286782965465,0.0,1527800000.0,0.11782579859022412,277300000.0,1227300000.0,0.09465087224098838,8.05056,8.05056,152449000,152449000,https://www.sec.gov/Archives/edgar/data/93556/000009355618000008/0000093556-18-000008-index.html,https://www.sec.gov/Archives/edgar/data/93556/000009355618000008/swk_10k2017.htm,1620598500,18:15:00,20210509
3,2016-12-31,SWK,USD,2017-02-15 00:00:00,2017-02-15 16:02:28,FY,11406900000.0,7139700000.0,4267200000.0,0.3740893669621019,0.0,2602000000.0,0.0,-196900000.0,2623900000.0,9763600000.0,194500000.0,408000000.0,2051300000.0,0.1798297521675477,1643300000.0,0.14406192742988894,-245900000.0,1226100000.0,0.10748757331089077,261200000.0,965300000.0,0.08462421867466183,6.61,6.51,146041000,148207000,https://www.sec.gov/Archives/edgar/data/93556/000009355617000006/0000093556-17-000006-index.html,https://www.sec.gov/Archives/edgar/data/93556/000009355617000006/swk_10k2016.htm,1620598500,18:15:00,20210509
4,2016-01-02,SWK,USD,2016-02-19 00:00:00,2016-02-19 10:46:49,FY,11171800000.0,7099800000.0,4072000000.0,0.36448916020694966,188000000.0,2298400000.0,0.0,222000000.0,2755999999.999999,9855799999.999998,180400000.0,414000000.0,1730000000.0,0.15485418643369914,1316000000.0,0.11779659499812027,0.0,1150800000.0,0.10300936286005836,248600000.0,883700000.0,0.0791009506077803,5.78694,5.78694,152706000,152706000,https://www.sec.gov/Archives/edgar/data/93556/000009355616000051/0000093556-16-000051-index.html,https://www.sec.gov/Archives/edgar/data/93556/000009355616000051/swk_10k2015.htm,1620598500,18:15:00,20210509
5,2015-01-03,SWK,USD,2015-02-19,2015-02-19 14:29:28,FY,11339000000.0,7236000000.0,4103000000.0,0.3618484875209454,0.0,2596000000.0,0.0,240000000.0,2854000000.0,10090000000.0,177200000.0,449799999.99999994,1697800000.0,0.14973101684451892,1248000000.0,0.11006261575094806,240000000.0,1085000000.0,0.09568745039245083,227000000.0,761000000.0,0.06711350207249317,4.75625,4.75625,160000000,160000000,https://www.sec.gov/Archives/edgar/data/93556/000009355615000005/swk_10k2014.htm,https://www.sec.gov/Archives/edgar/data/93556/000009355615000005/swk_10k2014.htm,1620598500,18:15:00,20210509
6,2013-12-28,SWK,USD,2014-02-21,2014-02-20 21:32:35,FY,11001000000.0,7068000000.0,3933000000.0,0.35751295336787564,0.0,2715000000.0,0.0,287000000.0,3199000000.0,10267000000.0,160400000.0,441300000.0,1175300000.0,0.10683574220525406,734000000.0,0.06672120716298519,287000000.0,587000000.0,0.05335878556494864,69000000.0,490000000.0,0.04454140532678847,3.08176,3.08176,159000000,159000000,https://www.sec.gov/Archives/edgar/data/93556/000009355614000004/swk_10k2013.htm,https://www.sec.gov/Archives/edgar/data/93556/000009355614000004/swk_10k2013.htm,1620598500,18:15:00,20210509
7,2012-12-29,SWK,USD,2013-02-20 00:00:00,2013-02-20 16:08:43,FY,10191000000.0,6486000000.0,3705000000.0,0.363556078893141,0.0,2520000000.0,0.0,302000000.0,3043000000.0,9529000000.0,144200000.0,445300000.0,1107300000.0,0.10865469531939947,662000000.0,0.06495927779413208,302000000.0,528000000.0,0.0518104209596703,79000000.0,884000000.0,0.0867432047885389,5.29341,5.29341,167000000,167000000,https://www.sec.gov/Archives/edgar/data/93556/000009355613000004/0000093556-13-000004-index.html,https://www.sec.gov/Archives/edgar/data/93556/000009355613000004/swk_10kx2012.htm,1620598500,18:15:00,20210509
8,2011-12-31,SWK,USD,2012-02-23 00:00:00,2012-02-23 16:31:09,FY,10376400000.0,6582900000.0,3793500000.0,0.36558922169538566,0.0,2536000000.0,0.0,0.0,2829400000.0,9412300000.0,140300000.0,410100000.0,1374200000.0,0.13243514128214023,964100000.0,0.09291276357889056,-71000000.0,779800000.0,0.0751513048841602,88600000.0,674600000.0,0.06501291392004935,4.06,3.97,165832000,170105000,https://www.sec.gov/Archives/edgar/data/93556/000119312512075395/0001193125-12-075395-index.html,https://www.sec.gov/Archives/edgar/data/93556/000119312512075395/d297989d10k.htm,1620598500,18:15:00,20210509
9,2011-04-02,SWK,USD,2011-04-02,2011-05-12 17:08:57,FY,0.0,0.0,0.0,0.0,0.0,0.0,0.0,0.0,0.0,0.0,0.0,0.0,0.0,0.0,0.0,0.0,0.0,0.0,0.0,0.0,0.0,0.0,0.0,0.0,150000000,150000000,,,1620598500,18:15:00,20210509
10,2011-01-01,SWK,USD,2011-02-18,2011-02-18 17:19:37,FY,8410000000.0,5461000000.0,2949000000.0,0.350653983353151,0.0,2169000000.0,0.0,200000000.0,2611000000.0,8072000000.0,-101000000.0,348700000.00000006,686700000.0,0.08165279429250892,338000000.0,0.04019024970273484,200000000.0,237000000.0,0.028180737217598097,39000000.0,198000000.0,0.023543400713436385,1.32,1.32,150000000,150000000,https://www.sec.gov/Archives/edgar/data/93556/000095012311015782/y04394e10vk.htm,https://www.sec.gov/Archives/edgar/data/93556/000095012311015782/y04394e10vk.htm,1620598500,18:15:00,20210509
11,2010-01-02,SWK,USD,2010-02-22 00:00:00,2010-02-19 18:14:03,FY,3737000000.0,2229000000.0,1508000000.0,0.4035322451164035,0.0,1028000000.0,0.0,139000000.0,1164000000.0,3393000000.0,-63000000.0,200100000.0,544100000.0,0.1455980733208456,344000000.0,0.09205244848809205,139000000.0,283000000.0,0.07572919454107573,55000000.0,224000000.0,0.05994112924805994,2.8,2.8,80000000,80000000,https://www.sec.gov/Archives/edgar/data/93556/000095012310014663/0000950123-10-014663-index.html,https://www.sec.gov/Archives/edgar/data/93556/000095012310014663/y03034e10vk.htm,1620598500,18:15:00,20210509
12,2009-01-03,SWK,USD,2009-02-26 00:00:00,2009-02-25 18:43:14,FY,4426000000.0,2755000000.0,1671000000.0,0.377541798463624,0.0,1108000000.0,0.0,104000000.0,1297000000.0,4052000000.0,-82000000.0,183000000.0,557000000.0,0.12584726615454134,374000000.0,0.08450067781292363,104000000.0,301000000.0,0.06800723000451875,76000000.0,313000000.0,0.07071848169905107,3.9125,3.9125,80000000,80000000,https://www.sec.gov/Archives/edgar/data/93556/000095012309003448/0000950123-09-003448-index.html,https://www.sec.gov/Archives/edgar/data/93556/000095012309003448/y01183e10vk.htm,1620598500,18:15:00,20210509
13,2007-12-29,SWK,USD,2008-02-25,2008-02-25 17:18:02,FY,4484000000.0,2792000000.0,1692000000.0,0.3773416592328278,0.0,1058000000.0,0.0,90000000.0,1161000000.0,3953000000.0,-85000000.0,162200000.0,693200000.0,0.15459411239964319,531000000.0,0.11842105263157894,90000000.0,451000000.0,0.10057983942908118,115000000.0,337000000.0,0.07515611061552185,4.0119,4.0119,84000000,84000000,https://www.sec.gov/Archives/edgar/data/93556/000095013608000877/file1.htm,https://www.sec.gov/Archives/edgar/data/93556/000095013608000877/file1.htm,1620598500,18:15:00,20210509
14,2006-12-31,SWK,USD,2007-02-27,2007-02-26 19:22:51,FY,4018600000.0,2560100000.0,1458500000.0,0.3629373413626636,0.0,955200000.0,0.0,0.0,955200000.0,3515300000.0,0.0,121200000.0,624500000.0,0.1554023789379386,503300000.0,0.12524262180859005,-71300000.0,367100000.0,0.09135022147016374,76400000.0,289500000.0,0.07204001393520132,3.54,3.46,81779661,83670520,https://www.sec.gov/Archives/edgar/data/93556/000095013607001137/0000950136-07-001137-index.htm,https://www.sec.gov/Archives/edgar/data/93556/000095013607001137/file1.htm,1620598500,18:15:00,20210509
15,2006-12-30,SWK,USD,2006-12-30,2006-12-30,FY,4019000000.0,2560000000.0,1459000000.0,0.36302562826573775,0.0,955000000.0,0.0,58000000.0,1027000000.0,3587000000.0,-65000000.0,121200000.0,553200000.0,0.13764618064195072,432000000.0,0.10748942523015675,58000000.0,367000000.0,0.0913162478228415,76000000.0,290000000.0,0.0721572530480219,3.45238,3.45238,84000000,84000000,,,1620598500,18:15:00,20210509
16,2005-12-31,SWK,USD,2006-03-01,2006-02-28 18:43:07,FY,3285300000.0,2104000000.0,1181300000.0,0.3595714242230542,0.0,736800000.0,0.0,0.0,736800000.0,2840800000.0,0.0,96500000.0,541000000.0,0.16467293702249414,444500000.0,0.1352996682190363,-52500000.0,358200000.0,0.10903113870879372,86500000.0,269600000.0,0.08206252092655161,3.23,3.16,83467492,85316456,https://www.sec.gov/Archives/edgar/data/93556/000095013606001493/file001.htm,https://www.sec.gov/Archives/edgar/data/93556/000095013606001493/file001.htm,1620598500,18:15:00,20210509
17,2005-01-01,SWK,USD,2005-03-07,2005-03-07 14:54:24,FY,3043000000.0,1931000000.0,1112000000.0,0.365428853105488,0.0,694000000.0,0.0,47000000.0,749000000.0,2680000000.0,-38000000.0,95000000.0,459000000.0,0.15083798882681565,364000000.0,0.11961879723956621,47000000.0,329000000.0,0.10811698981268485,89000000.0,367000000.0,0.12060466644758462,4.36905,4.36905,84000000,84000000,https://www.sec.gov/Archives/edgar/data/93556/000095013605001204/file001.htm,https://www.sec.gov/Archives/edgar/data/93556/000095013605001204/file001.htm,1620598500,18:15:00,20210509
18,2004-01-03,SWK,USD,2004-03-16 00:00:00,2004-03-16 17:16:56,FY,2678000000.0,1785000000.0,893000000.0,0.3334578043315907,0.0,638000000.0,0.0,41000000.0,732000000.0,2517000000.0,-34000000.0,86500000.0,247500000.0,0.09241971620612398,161000000.0,0.06011949215832711,41000000.0,133000000.0,0.049663928304705,36000000.0,108000000.0,0.040328603435399554,1.27059,1.27059,85000000,85000000,https://www.sec.gov/Archives/edgar/data/93556/000095013604000768/0000950136-04-000768-index.html,https://www.sec.gov/Archives/edgar/data/93556/000095013604000768/file001.htm,1620598500,18:15:00,20210509
19,2002-12-28,SWK,USD,2002-12-28,2002-12-28,FY,2593000000.0,1757000000.0,836000000.0,0.3224064789818743,0.0,547000000.0,0.0,-8000000.0,539000000.0,2296000000.0,-25000000.0,71200000.0,368200000.0,0.14199768607790206,297000000.0,0.11453914384882376,-8000000.0,273000000.0,0.10528345545699962,88000000.0,185000000.0,0.07134593135364442,2.10227,2.10227,88000000,88000000,,,1620598500,18:15:00,20210509
20,2001-12-29,SWK,USD,2001-12-29,2001-12-29,FY,2624000000.0,1701000000.0,923000000.0,0.3517530487804878,0.0,594000000.0,0.0,-5000000.0,661000000.0,2362000000.0,-26000000.0,82900000.0,344900000.0,0.1314405487804878,262000000.0,0.09984756097560976,-5000000.0,237000000.0,0.09032012195121951,78000000.0,158000000.0,0.06021341463414634,1.81609,1.81609,87000000,87000000,,,1620598500,18:15:00,20210509
21,2000-12-30,SWK,USD,2000-12-30,2000-12-30,FY,2749000000.0,1752000000.0,997000000.0,0.3626773372135322,0.0,657000000.0,0.0,20000000.0,676000000.0,2428000000.0,-27000000.0,83300000.0,404300000.0,0.14707166242269917,321000000.0,0.11676973444889051,20000000.0,294000000.0,0.10694798108403056,99000000.0,194000000.0,0.07057111676973445,2.20455,2.20455,88000000,88000000,,,1620598500,18:15:00,20210509
22,2000-01-01,SWK,USD,2000-01-01,2000-01-01,FY,2752000000.0,1814000000.0,938000000.0,0.34084302325581395,0.0,703000000.0,0.0,-3000000.0,679000000.0,2493000000.0,-28000000.0,85600000.0,344600000.0,0.12521802325581396,259000000.0,0.09411337209302326,-3000000.0,231000000.0,0.08393895348837209,81000000.0,150000000.0,0.05450581395348837,1.66667,1.66667,90000000,90000000,,,1620598500,18:15:00,20210509
23,1999-01-02,SWK,USD,1999-01-02,1999-01-02,FY,2729000000.0,1793000000.0,936000000.0,0.342982777574203,0.0,685000000.0,0.0,13000000.0,698000000.0,2491000000.0,-23000000.0,79700000.0,318700000.0,0.11678270428728472,239000000.0,0.08757786735067791,13000000.0,215000000.0,0.07878343715646757,78000000.0,138000000.0,0.050567973616709415,1.53333,1.53333,90000000,90000000,,,1620598500,18:15:00,20210509
24,1998-01-03,SWK,USD,1998-01-03,1998-01-03,FY,2670000000.0,1783000000.0,886000000.0,0.3318352059925094,0.0,628000000.0,0.0,22000000.0,889000000.0,2672000000.0,-17000000.0,72400000.0,70400000.0,0.026367041198501872,-2000000.0,-0.000749063670411985,22000000.0,-19000000.0,-0.007116104868913857,23000000.0,-42000000.0,-0.015730337078651686,-0.47191,-0.47191,89000000,89000000,,,1620598500,18:15:00,20210509
25,1996-12-28,SWK,USD,1996-12-28,1996-12-28,FY,2671000000.0,1796000000.0,875000000.0,0.3275926619243729,0.0,609000000.0,0.0,22000000.0,678000000.0,2474000000.0,-23000000.0,74700000.0,271700000.0,0.10172220142268813,197000000.0,0.07375514788468739,22000000.0,174000000.0,0.06514414077124672,77000000.0,97000000.0,0.03631598652190191,1.07778,1.07778,90000000,90000000,,,1620598500,18:15:00,20210509
26,1995-12-30,SWK,USD,1995-12-30,1995-12-30,FY,2624000000.0,1790000000.0,835000000.0,0.31821646341463417,0.0,592000000.0,0.0,14000000.0,691000000.0,2481000000.0,-30000000.0,81200000.0,224200000.0,0.08544207317073171,143000000.0,0.054496951219512195,14000000.0,113000000.0,0.0430640243902439,54000000.0,59000000.0,0.022484756097560975,0.65556,0.65556,90000000,90000000,,,1620598500,18:15:00,20210509
27,1994-12-31,SWK,USD,1995-03-29 00:00:00,1995-03-29 00:00:00,FY,2510900000.0,1602200000.0,908700000.0,0.3619021068142897,0.0,560400000.0,0.0,0.0,642200000.0,2244400000.0,0.0,81800000.0,348300000.0,0.13871520172049862,266500000.0,0.10613724162650842,-35700000.0,201800000.0,0.08036958859373133,76500000.0,125300000.0,0.04990242542514636,1.4,1.3981254184333853,89500000,89620000,https://www.sec.gov/Archives/edgar/data/93556/000095014695000153/0000950146-95-000153-index.html,https://www.sec.gov/Archives/edgar/data/93556/0000950146-95-000153.txt,1620598500,18:15:00,20210509
