,date,symbol,reportedCurrency,fillingDate,acceptedDate,period,revenue,costOfRevenue,grossProfit,grossProfitRatio,researchAndDevelopmentExpenses,generalAndAdministrativeExpenses,sellingAndMarketingExpenses,otherExpenses,operatingExpenses,costAndExpenses,interestExpense,depreciationAndAmortization,ebitda,ebitdaratio,operatingIncome,operatingIncomeRatio,totalOtherIncomeExpensesNet,incomeBeforeTax,incomeBeforeTaxRatio,incomeTaxExpense,netIncome,netIncomeRatio,eps,epsdiluted,weightedAverageShsOut,weightedAverageShsOutDil,link,finalLink,timestamp,est_time,est_date
0,2017-10-31,PAY,USD,2017-12-18 00:00:00,2017-12-18 09:18:38,FY,1871000000,1157900000,713100000,0.38113308391234635,211600000,189700000.0,194000000.0,2700000.0,664900000.0,1822800000,33200000.0,69600000.0,117800000,0.06296098343132014,48200000.0,0.025761624799572422,-157900000.0,-142900000.0,-0.07637626937466595,32500000.0,-173900000.0,-0.09294494922501337,-1.55,-1.55,111800000.0,111800000.0,https://www.sec.gov/Archives/edgar/data/1312073/000131207317000047/0001312073-17-000047-index.html,https://www.sec.gov/Archives/edgar/data/1312073/000131207317000047/pay10k10312017.htm,1620596345,17:39:05,20210509
1,2016-10-31,PAY,USD,2016-12-27 00:00:00,2016-12-27 11:52:23,FY,1992100000,1197800000,794300000,0.39872496360624465,207500000,204600000.0,217000000.0,3600000.0,719600000.0,1917400000,34600000.0,90500000.0,165200000,0.0829275638773154,74700000.0,0.0374981175643793,-38300000.0,1800000.0,0.0009035690979368506,11500000.0,-9300000.0,-0.004668440339340395,-0.08,-0.08,110800000.0,110800000.0,https://www.sec.gov/Archives/edgar/data/1312073/000131207316000116/0001312073-16-000116-index.html,https://www.sec.gov/Archives/edgar/data/1312073/000131207316000116/pay10k103116.htm,1620596345,17:39:05,20210509
2,2015-10-31,PAY,USD,2015-12-18 00:00:00,2015-12-18 16:51:40,FY,2000500000,1174500000,826000000,0.4128967758060485,201600000,206200000.0,227500000.0,-2600000.0,717800000.0,1892300000,31500000.0,82500000.0,190700000,0.09532616845788552,108200000.0,0.054086478380404895,-3800000.0,72900000.0,0.036440889777555614,-7500000.0,79100000.0,0.03954011497125719,0.69,0.68,114000000.0,115900000.0,https://www.sec.gov/Archives/edgar/data/1312073/000131207315000057/0001312073-15-000057-index.html,https://www.sec.gov/Archives/edgar/data/1312073/000131207315000057/pay10k103115.htm,1620596345,17:39:05,20210509
3,2014-10-31,PAY,USD,2014-12-17 00:00:00,2014-12-17 16:57:03,FY,1868900000,1144200000,724700000,0.38776820589651667,203700000,208700000.0,217400000.0,-3300000.0,727400000.0,1871600000,42500000.0,97600000.0,94900000,0.050778532826796514,-2700000.0,-0.0014447000909625983,5300000.0,-39900000.0,-0.02134945689978062,-3500000.0,-38100000.0,-0.020386323505805555,-0.34,-0.34,111600000.0,111600000.0,https://www.sec.gov/Archives/edgar/data/1312073/000131207314000045/0001312073-14-000045-index.html,https://www.sec.gov/Archives/edgar/data/1312073/000131207314000045/pay10k103114.htm,1620596345,17:39:05,20210509
4,2013-10-31,PAY,USD,2013-12-19 00:00:00,2013-12-18 20:34:47,FY,1702200000,1057000000,645200000,0.379038890847139,173300000,181100000.0,196600000.0,3700000.0,647200000.0,1704200000,44300000.0,96200000.0,94200000,0.05534014804370814,-2000000.0,-0.0011749500646222536,-60700000.0,-107000000.0,-0.06285982845729056,188000000.0,-296100000.0,-0.17395135706732465,-2.73,-2.73,108600000.0,108600000.0,https://www.sec.gov/Archives/edgar/data/1312073/000131207313000049/0001312073-13-000049-index.html,https://www.sec.gov/Archives/edgar/data/1312073/000131207313000049/pay10k103113.htm,1620596345,17:39:05,20210509
5,2012-10-31,PAY,USD,2012-12-19 00:00:00,2012-12-18 19:31:32,FY,1865971000,1110130000,755841000,0.40506578076508154,152001000,175174000.0,179694000.0,-20761000.0,590664000.0,1700794000,62830000.0,83795000.0,248972000,0.13342758274378327,165177000.0,0.08852066832764283,-38393000.0,68353000.0,0.036631330283268065,2050000.0,65033000.0,0.03485209577212079,0.61,0.59,107006000.0,110315000.0,https://www.sec.gov/Archives/edgar/data/1312073/000131207312000058/0001312073-12-000058-index.html,https://www.sec.gov/Archives/edgar/data/1312073/000131207312000058/pay10k103112.htm,1620596345,17:39:05,20210509
6,2011-10-31,PAY,USD,2011-12-23 00:00:00,2011-12-22 21:10:43,FY,1303866000,812116000,491750000,0.3771476516758624,109155000,138611000.0,138274000.0,0.0,386040000.0,1198156000,28950000.0,14829000.0,120539000,0.09244738339676009,105710000.0,0.0810742821731681,11637000.0,90992000.0,0.06978631239713283,-191412000.0,282404000.0,0.21658974158387442,3.06,2.92,92414000.0,96616000.0,https://www.sec.gov/Archives/edgar/data/1312073/000131207311000011/0001312073-11-000011-index.html,https://www.sec.gov/Archives/edgar/data/1312073/000131207311000011/pay10k103111.htm,1620596345,17:39:05,20210509
7,2010-10-31,PAY,USD,2010-12-21 00:00:00,2010-12-21 16:35:25,FY,1001537000,631225000,370312000,0.3697437039270641,74227000,84371000.0,94666000.0,0.0,267888000.0,899113000,28344000.0,14624000.0,117048000,0.11686837331022219,102424000.0,0.10226681590395562,2887000.0,78245000.0,0.07812492199489385,-20582000.0,98827000.0,0.09867533600855485,1.16,1.13,85203000.0,87785000.0,https://www.sec.gov/Archives/edgar/data/1312073/000119312510285609/0001193125-10-285609-index.html,https://www.sec.gov/Archives/edgar/data/1312073/000119312510285609/d10k.htm,1620596345,17:39:05,20210509
8,2009-10-31,PAY,USD,2009-12-22 00:00:00,2009-12-22 15:44:03,FY,844714000,562585000,282129000,0.3339935173324936,65148000,76468000.0,73544000.0,0.0,235583000.0,798168000,12481000.0,20423000.0,66969000,0.07928008769832157,46546000.0,0.05510267380438823,-164172000.0,-128590000.0,-0.1522290384674576,9246000.0,-137836000.0,-0.1631747550058363,-1.63,-1.63,84473000.0,84473000.0,https://www.sec.gov/Archives/edgar/data/1312073/000119312509257969/0001193125-09-257969-index.html,https://www.sec.gov/Archives/edgar/data/1312073/000119312509257969/d10k.htm,1620596345,17:39:05,20210509
9,2008-10-31,PAY,USD,2009-01-14 00:00:00,2009-01-14 15:42:58,FY,921931000,628900000,293031000,0.3178448278667276,75622000,218082000.0,0.0,0.0,608856000.0,1237756000,28413000.0,26033000.0,-289792000,-0.31433154975806216,-315825000.0,-0.342569020892019,-302300000.0,-351438000.0,-0.38119772520937034,73884000.0,-425322000.0,-0.46133821294652205,-5.05,-5.05,84220000.0,84220000.0,https://www.sec.gov/Archives/edgar/data/1312073/000095013409000524/0000950134-09-000524-index.html,https://www.sec.gov/Archives/edgar/data/1312073/000095013409000524/f51031e10vk.htm,1620596345,17:39:05,20210509
10,2007-10-31,PAY,USD,2008-08-19,2008-08-19 16:18:38,FY,902892000,603660000,299232000,0.3314150529631451,65430000,176999000.0,0.0,0.0,264000000.0,867660000,36598000.0,21571000.0,56803000,0.06291228629780748,35232000.0,0.03902127829242036,-14634000.0,-9298000.0,-0.010298020139728782,24718000.0,-34016000.0,-0.03767449484545217,-0.41,-0.41,82194000.0,82194000.0,https://www.sec.gov/Archives/edgar/data/1312073/000089161808000411/0000891618-08-000411-index.htm,https://www.sec.gov/Archives/edgar/data/1312073/000089161808000411/f42265e10vk.htm,1620596345,17:39:05,20210509
11,2006-10-31,PAY,USD,2006-12-18,2006-12-18 16:17:52,FY,581070000,319525000,261545000,0.4501092811537336,47353000,101180000.0,0.0,0.0,153236000.0,472761000,13617000.0,4703000.0,113012000,0.1944894763109436,108309000.0,0.18639578708245133,-6394000.0,91670000.0,0.1577606828781386,32159000.0,59511000.0,0.1024162321234963,0.9,0.86,66217000.0,68894000.0,https://www.sec.gov/Archives/edgar/data/1312073/000110465906082159/0001104659-06-082159-index.htm,https://www.sec.gov/Archives/edgar/data/1312073/000110465906082159/a06-25668_110k.htm,1620596345,17:39:05,20210509
12,2005-10-31,PAY,USD,2005-12-20,2005-12-20 17:19:56,FY,485367000,288542000,196825000,0.4055178864652933,41830000,81840000.0,0.0,0.0,128637000.0,417179000,14786000.0,4967000.0,73155000,0.15072100080969658,68188000.0,0.14048750739131421,-6673000.0,46729000.0,0.09627560176114157,13490000.0,33239000.0,0.06848220006716567,0.57,0.54,58318000.0,61460000.0,https://www.sec.gov/Archives/edgar/data/1312073/000110465905061808/0001104659-05-061808-index.htm,https://www.sec.gov/Archives/edgar/data/1312073/000110465905061808/a05-21930_110k.htm,1620596345,17:39:05,20210509
13,2004-10-31,PAY,USD,2004-10-31,2004-10-31,FY,390088000,231893000,158195000,0.40553669941141485,33703000,0.0,0.0,0.0,0.0,345301000,12597000.0,19944000.0,64731000,0.16593948032238878,44787000.0,0.11481255511576875,-11869000.0,10577000.0,0.02711439470068292,4971000.0,5606000.0,0.014371116260946249,0.01,0.01,50725000.0,56588000.0,,,1620596345,17:39:05,20210509
14,2003-10-31,PAY,USD,2003-10-31,2003-10-31,FY,339331000,200291000,139040000,0.4097474147661133,28193000,0.0,0.0,0.0,0.0,303747000,12456000.0,24348000.0,59932000,0.17661811034064084,35584000.0,0.1048651611553321,3557000.0,12537000.0,0.0369462265457621,12296000.0,241000.0,0.0007102209936610567,-0.14,-0.14,48869000.0,48869000.0,,,1620596345,17:39:05,20210509
15,2002-10-31,PAY,USD,2002-10-31,2002-10-31,FY,295593000,210700000,84893000,0.28719556958385345,30359000,36435000.0,40773000.0,0.0,0.0,339600000,0.0,0.0,-40797000,-0.13801747673321088,-44007000.0,-0.14887700317666522,-3210000.0,-53418000.0,-0.18071469892724118,0.0,-53502000.0,-0.1809988734509951,-0.81,-0.81,48459000.0,48459000.0,,,1620596345,17:39:05,20210509
16,2001-10-31,PAY,USD,2001-10-31,2001-10-31,FY,349187000,258891000,90296000,0.25858923728546596,47352000,30578000.0,57331000.0,0.0,0.0,394152000,0.0,0.0,-51996000,-0.14890588710347177,-44965000.0,-0.1287705441496963,7031000.0,-40564000.0,-0.11616698216142067,0.0,-63760000.0,-0.1825955720001031,-2.13,-2.13,9121000.0,9121000.0,,,1620596345,17:39:05,20210509
