,date,symbol,reportedCurrency,fillingDate,acceptedDate,period,revenue,costOfRevenue,grossProfit,grossProfitRatio,researchAndDevelopmentExpenses,generalAndAdministrativeExpenses,sellingAndMarketingExpenses,otherExpenses,operatingExpenses,costAndExpenses,interestExpense,depreciationAndAmortization,ebitda,ebitdaratio,operatingIncome,operatingIncomeRatio,totalOtherIncomeExpensesNet,incomeBeforeTax,incomeBeforeTaxRatio,incomeTaxExpense,netIncome,netIncomeRatio,eps,epsdiluted,weightedAverageShsOut,weightedAverageShsOutDil,link,finalLink,timestamp,est_time,est_date
0,2020-06-30,1166.HK,HKD,2020-06-30,2020-06-30,FY,288271000,256238000,32033000.0,0.11112113254541733,0.0,93312000,8213000.0,-23945000.0,100963000,357201000,14371000.0,15649000.0,-53281000,-0.1848295527472413,-68930000.0,-0.23911527694426424,0.0,-144830000.0,-0.5024091913511939,-1111000.0,-142259000.0,-0.4934905002584374,-0.05997277293695745,-0.05997277293695745,2372059737.0,2372059737.0,https://www1.hkexnews.hk/search/titlesearch.xhtml,https://www1.hkexnews.hk/search/titlesearch.xhtml,1620585106,14:31:46,20210509
1,2019-06-30,1166.HK,HKD,2019-06-30,2019-06-30,FY,317134000,285513000,31621000.0,0.09970864051158186,0.0,138041000,6966000.0,4592000.0,145007000,430520000,13449000.0,17482000.0,-95904000,-0.30240844564127467,-113386000.0,-0.3575334085906904,0.0,-297291000.0,-0.9374302345380817,5545000.0,-301963000.0,-0.9521621775022545,-0.127,-0.127,2372059737.0,2372059737.0,https://www1.hkexnews.hk/search/titlesearch.xhtml,https://www1.hkexnews.hk/search/titlesearch.xhtml,1620585106,14:31:46,20210509
2,2018-06-30,1166.HK,HKD,2018-06-30,2018-06-30,FY,395380000,357583000,37797000.0,0.09559664120592848,0.0,95185000,8614000.0,3882000.0,103799000,461382000,10296000.0,17350000.0,-48652000,-0.12305124184329,-66002000.0,-0.1669330770398098,0.0,-80307000.0,-0.20311346046841014,5368000.0,-85639000.0,-0.2165992210025798,-0.036,-0.036,2354853025.0,2354853025.0,https://www1.hkexnews.hk/search/titlesearch.xhtml,https://www1.hkexnews.hk/search/titlesearch.xhtml,1620585106,14:31:46,20210509
3,2017-06-30,1166.HK,HKD,2017-06-30,2017-06-30,FY,442522000,405975000,36547000.0,0.08258798432620298,0.0,137927000,9507000.0,1925000.0,144731000,550706000,16091000.0,20822000.0,-87362000,-0.19741843343381799,-108184000.0,-0.24447146130587857,0.0,-71743000.0,-0.16212301309313434,7166000.0,-70197000.0,-0.1586294014760848,-0.03,-0.03,2230809732.0,2230809732.0,https://www1.hkexnews.hk/search/titlesearch.xhtml,https://www1.hkexnews.hk/search/titlesearch.xhtml,1620585106,14:31:46,20210509
4,2016-06-30,1166.HK,HKD,2016-06-30,2016-06-30,FY,740979000,691306000,49673000.0,0.06703698755295359,0.0,134717000,15241000.0,957000.0,147433000,838739000,11459000.0,19026000.0,-78734000,-0.10625672252519977,-97760000.0,-0.13193356356927793,0.0,-272020000.0,-0.3671089194160698,4981000.0,-274945000.0,-0.3710563997090336,-0.16,-0.16,1735257775.0,1735257775.0,https://www1.hkexnews.hk/search/titlesearch.xhtml,https://www1.hkexnews.hk/search/titlesearch.xhtml,1620585106,14:31:46,20210509
5,2015-06-30,1166.HK,HKD,2015-06-30,2015-06-30,FY,782197000,746471000,35726000.0,0.04567391590609527,0.0,109582000,22520000.0,0.0,125255000,871726000,11001000.0,25138000.0,-64391000,-0.08232069414738231,-89529000.0,-0.11445837813236308,0.0,-366304000.0,-0.4683014636977641,3095000.0,-370292000.0,-0.4733999235486712,-0.81,-0.81,457945479.0,457945479.0,https://www1.hkexnews.hk/search/titlesearch.xhtml,https://www1.hkexnews.hk/search/titlesearch.xhtml,1620585106,14:31:46,20210509
6,2014-06-30,1166.HK,HKD,2014-06-30,2014-06-30,FY,804284000,785400000,18884000.0,0.02347926851709098,0.0,100987000,9712000.0,0.0,97456000,882856000,12007000.0,28957000.0,-49615000,-0.061688408572096426,-78572000.0,-0.09769186008922222,0.0,-37590000.0,-0.04673722217525153,125000.0,-37709000.0,-0.04688517986183985,-0.247059,-0.247059,148283255.0,148283255.0,https://www1.hkexnews.hk/search/titlesearch.xhtml,https://www1.hkexnews.hk/search/titlesearch.xhtml,1620585106,14:31:46,20210509
7,2013-06-30,1166.HK,HKD,2013-06-30,2013-06-30,FY,601611000,587421000,14190000.0,0.02358666979160953,0.0,93576000,8305000.0,-330829000.0,87709000,675130000,13227000.0,26673000.0,-46846000,-0.07786759218165891,-73519000.0,-0.12220355013455539,0.0,-413177000.0,-0.6867843174410042,1894000.0,-415071000.0,-0.6899325311538519,-6.437547,-6.437547,64444028.0,64444028.0,https://www1.hkexnews.hk/search/titlesearch.xhtml,https://www1.hkexnews.hk/search/titlesearch.xhtml,1620585106,14:31:46,20210509
8,2012-06-30,1166.HK,HKD,2012-06-30,2012-06-30,FY,612863000,605339000,7524000.0,0.01227680574614555,0.0,104263000,8905000.0,15882000.0,106256000,711595000,16890000.0,30639000.0,-68093000,-0.11110639735144723,-98732000.0,-0.1610996258543916,15401000.0,-91840000.0,-0.14985404568394567,14292000.0,-106132000.0,-0.17317410253188723,-3.028573,-3.028573,35054678.0,35054678.0,https://www1.hkexnews.hk/search/titlesearch.xhtml,https://www1.hkexnews.hk/search/titlesearch.xhtml,1620585106,14:31:46,20210509
9,2011-06-30,1166.HK,HKD,2011-06-30,2011-06-30,FY,707535000,676582000,30953000.0,0.04374765912640364,0.0,103129000,13328000.0,462158000.0,96853000,773435000,20496000.0,35696000.0,-30204000,-0.04268905425173313,-65900000.0,-0.09314026867928794,0.0,356702000.0,0.5041474980036323,-1522000.0,358224000.0,0.5062986283364074,16.15026913283058,15.308091887011287,22180683.0,23400957.0,https://www1.hkexnews.hk/search/titlesearch.xhtml,https://www1.hkexnews.hk/search/titlesearch.xhtml,1620585106,14:31:46,20210509
10,2010-06-30,1166.HK,HKD,2010-06-30,2010-06-30,FY,1404280000,1209594000,194686000.0,0.13863759364229356,0.0,167277000,21442000.0,-51635000.0,188719000,1398313000,31494000.0,59289000.0,65256000,0.0464693650838864,5967000.0,0.0042491525906514374,0.0,-106305000.0,-0.07570071495713106,32355000.0,-138660000.0,-0.09874099182499217,-78.030874,-78.030874,1708721.0,1708721.0,https://www1.hkexnews.hk/search/titlesearch.xhtml,https://www1.hkexnews.hk/search/titlesearch.xhtml,1620585106,14:31:46,20210509
11,2009-06-30,1166.HK,HKD,2009-06-30,2009-06-30,FY,1136945000,1066956000,69989000.0,0.06155882650436037,0.0,142055000,24041000.0,-11334000.0,166096000,1233052000,20193000.0,53360000.0,-42747000,-0.03759812479935265,-96107000.0,-0.08453091398440558,0.0,-450614000.0,-0.3963375537075232,20391000.0,-470900000.0,-0.4141801054580477,-3800.591274,-3800.591274,123895.0,123895.0,https://www1.hkexnews.hk/search/titlesearch.xhtml,https://www1.hkexnews.hk/search/titlesearch.xhtml,1620585106,14:31:46,20210509
12,2008-06-30,1166.HK,HKD,2008-06-30,2008-06-30,FY,3493526000,3262528000,230998000.0,0.06612173488904906,0.0,-200841000,-41809000.0,-369410000.0,-187055000,3075473000,56064000.0,0.0,418053000,0.11966506045754347,418053000.0,0.11966506045754347,284000.0,48643000.0,0.013923754968475975,24190000.0,24453000.0,0.006999518538004297,170.692538,20.483105,116273.0,116273.0,https://www1.hkexnews.hk/search/titlesearch.xhtml,https://www1.hkexnews.hk/search/titlesearch.xhtml,1620585106,14:31:46,20210509
13,2007-06-30,1166.HK,HKD,2007-06-30,2007-06-30,FY,3859828000,3607825000,252003000.0,0.06528866053098739,0.0,178548000,35540000.0,-36908000.0,214088000,3821913000,66874000.0,56175000.0,94090000,0.024376733885551376,37915000.0,0.009822976567867792,148000.0,1007000.0,0.0002608924542751646,5923000.0,-4916000.0,-0.0012736318820424123,7.803087,7.803087,100217.0,100217.0,https://www1.hkexnews.hk/search/titlesearch.xhtml,https://www1.hkexnews.hk/search/titlesearch.xhtml,1620585106,14:31:46,20210509
14,2006-06-30,1166.HK,HKD,2006-06-30,2006-06-30,FY,2115548000,1886090000,229458000.0,0.10846267728267096,0.0,161165000,25657000.0,19774000.0,107676000,1993766000,36565000.0,35905000.0,157687000,0.0745371884731521,121782000.0,0.05756522659849836,0.0,135356000.0,0.06398153102647636,21354000.0,78856000.0,0.0372745028711237,951.001281,916.862774,82751.0,87254.0,https://www1.hkexnews.hk/search/titlesearch.xhtml,https://www1.hkexnews.hk/search/titlesearch.xhtml,1620585106,14:31:46,20210509
15,2005-06-30,1166.HK,HKD,2005-06-30,2005-06-30,FY,2056288000,1898350000,157938000.0,0.07680733438117618,0.0,130853000,47927000.0,-7502000.0,149665000,2048015000,32134000.0,45593000.0,53866000,0.026195746899267028,8273000.0,0.0040232691140540625,0.0,-51020000.0,-0.02481169952847072,10504000.0,-61135000.0,-0.0297307575592524,-931.493563,-931.493563,65643.0,65643.0,https://www1.hkexnews.hk/search/titlesearch.xhtml,https://www1.hkexnews.hk/search/titlesearch.xhtml,1620585106,14:31:46,20210509
16,2004-03-31,1166.HK,HKD,2004-03-31,2004-03-31,FY,1197100000,1058812000,138288000.0,0.1155191713307159,0.0,96984000,18552000.0,-84177000.0,148079000,1206891000,14798000.0,37870000.0,28079000,0.02345585164146688,-9791000.0,-0.008178932420015037,-5726000.0,-78640000.0,-0.06569208921560438,8990000.0,-85185000.0,-0.07115946871606382,-1848.356336,-1848.356336,46087.0,46087.0,https://www1.hkexnews.hk/search/titlesearch.xhtml,https://www1.hkexnews.hk/search/titlesearch.xhtml,1620585106,14:31:46,20210509
17,2003-03-31,1166.HK,HKD,2003-03-31,2003-03-31,FY,946222000,792516000,153706000.0,0.16244179484307064,0.0,97045000,20414000.0,0.0,116009000,908525000,0.0,36494000.0,74191000,0.0784076041351818,37697000.0,0.03983948798484922,0.0,16997000.0,0.017963015021844768,8613000.0,8265000.0,0.008734736668561923,212.634133,212.634133,38870.0,38870.0,https://www1.hkexnews.hk/search/titlesearch.xhtml,https://www1.hkexnews.hk/search/titlesearch.xhtml,1620585106,14:31:46,20210509
