,date,symbol,reportedCurrency,fillingDate,acceptedDate,period,revenue,costOfRevenue,grossProfit,grossProfitRatio,researchAndDevelopmentExpenses,generalAndAdministrativeExpenses,sellingAndMarketingExpenses,otherExpenses,operatingExpenses,costAndExpenses,interestExpense,depreciationAndAmortization,ebitda,ebitdaratio,operatingIncome,operatingIncomeRatio,totalOtherIncomeExpensesNet,incomeBeforeTax,incomeBeforeTaxRatio,incomeTaxExpense,netIncome,netIncomeRatio,eps,epsdiluted,weightedAverageShsOut,weightedAverageShsOutDil,link,finalLink,timestamp,est_time,est_date
0,2020-12-31,MPAC.L,GBP,2020-12-31,2020-12-31,FY,83700000,59400000.0,24300000.0,0.2903225806451613,0.0,9900000.0,6800000.0,0.0,0.0,79400000,300000.0,1600000.0,5900000.0,0.07048984468339307,4300000.0,0.05137395459976105,0.0,2900000.0,0.03464755077658303,-400000.0,3300000.0,0.03942652329749104,0.16526442307692307,0.16526442307692307,19968000,19968000,https://find-and-update.company-information.service.gov.uk/search/companies?q=MPAC+Group+PLC,https://find-and-update.company-information.service.gov.uk/search/companies?q=MPAC+Group+PLC,1620595248,17:20:48,20210509
1,2019-12-31,MPAC.L,GBP,2019-12-31,2019-12-31,FY,88800000,62800000.0,26000000.0,0.2927927927927928,800000.0,10300000.0,7200000.0,-100000.0,19500000.0,82300000,200000.0,900000.0,7400000.0,0.08333333333333333,6500000.0,0.0731981981981982,0.0,5400000.0,0.060810810810810814,-500000.0,5900000.0,0.06644144144144144,0.297,0.294,19968000,19968000,https://find-and-update.company-information.service.gov.uk/search/companies?q=MPAC+Group+PLC,https://find-and-update.company-information.service.gov.uk/search/companies?q=MPAC+Group+PLC,1620595248,17:20:48,20210509
2,2018-12-31,MPAC.L,GBP,2018-12-31,2018-12-31,FY,58300000,44300000.0,14000000.0,0.24013722126929674,400000.0,7200000.0,5000000.0,-100000.0,20800000.0,65100000,0.0,800000.0,-6000000.0,-0.10291595197255575,-6800000.0,-0.11663807890222985,0.0,-7400000.0,-0.1269296740994854,-1400000.0,-6000000.0,-0.10291595197255575,-0.301,-0.301,19932786,19932786,https://find-and-update.company-information.service.gov.uk/search/companies?q=MPAC+Group+PLC,https://find-and-update.company-information.service.gov.uk/search/companies?q=MPAC+Group+PLC,1620595248,17:20:48,20210509
3,2017-12-31,MPAC.L,GBP,2017-12-31,2017-12-31,FY,53400000,38900000.0,14500000.0,0.27153558052434457,500000.0,7300000.0,5400000.0,-100000.0,14000000.0,52900000,100000.0,900000.0,1400000.0,0.026217228464419477,500000.0,0.009363295880149813,0.0,4300000.0,0.08052434456928839,1900000.0,1600000.0,0.0299625468164794,0.081,0.081,19828601,19828601,https://find-and-update.company-information.service.gov.uk/search/companies?q=MPAC+Group+PLC,https://find-and-update.company-information.service.gov.uk/search/companies?q=MPAC+Group+PLC,1620595248,17:20:48,20210509
4,2016-12-31,MPAC.L,GBP,2016-12-31,2016-12-31,FY,80100000,58500000.0,21600000.0,0.2696629213483146,800000.0,13000000.0,8500000.0,-100000.0,22300000.0,80800000,200000.0,2800000.0,2100000.0,0.026217228464419477,-700000.0,-0.008739076154806492,0.0,-800000.0,-0.009987515605493134,200000.0,-600000.0,-0.00749063670411985,-0.033,-0.033,19754631,19754631,https://find-and-update.company-information.service.gov.uk/search/companies?q=MPAC+Group+PLC,https://find-and-update.company-information.service.gov.uk/search/companies?q=MPAC+Group+PLC,1620595248,17:20:48,20210509
5,2015-12-31,MPAC.L,GBP,2015-12-31,2015-12-31,FY,87000000,63800000.0,23200000.0,0.26666666666666666,700000.0,11900000.0,7900000.0,-100000.0,20500000.0,84300000,200000.0,2600000.0,5300000.0,0.06091954022988506,2700000.0,0.03103448275862069,0.0,2000000.0,0.022988505747126436,300000.0,-4100000.0,-0.047126436781609195,-0.209,-0.209,19574724,19574724,https://find-and-update.company-information.service.gov.uk/search/companies?q=MPAC+Group+PLC,https://find-and-update.company-information.service.gov.uk/search/companies?q=MPAC+Group+PLC,1620595248,17:20:48,20210509
6,2014-12-31,MPAC.L,GBP,2014-12-31,2014-12-31,FY,89900000,64600000.0,25300000.0,0.2814238042269188,0.0,13700000.0,9000000.0,-100000.0,24900000.0,89500000,200000.0,3000000.0,3400000.0,0.03781979977753059,400000.0,0.004449388209121246,0.0,300000.0,0.0033370411568409346,600000.0,-300000.0,-0.0033370411568409346,-0.013,-0.013,19491966,19491966,https://find-and-update.company-information.service.gov.uk/search/companies?q=MPAC+Group+PLC,https://find-and-update.company-information.service.gov.uk/search/companies?q=MPAC+Group+PLC,1620595248,17:20:48,20210509
7,2013-12-31,MPAC.L,GBP,2013-12-31,2013-12-31,FY,105200000,76600000.0,28600000.0,0.2718631178707224,800000.0,14700000.0,8500000.0,-100000.0,24000000.0,100600000,200000.0,3200000.0,7800000.0,0.0741444866920152,4600000.0,0.043726235741444866,0.0,3800000.0,0.03612167300380228,300000.0,3500000.0,0.03326996197718631,0.18,0.176,19399424,19399424,https://find-and-update.company-information.service.gov.uk/search/companies?q=MPAC+Group+PLC,https://find-and-update.company-information.service.gov.uk/search/companies?q=MPAC+Group+PLC,1620595248,17:20:48,20210509
8,2012-12-31,MPAC.L,GBP,2012-12-31,2012-12-31,FY,93000000,65700000.0,27300000.0,0.29354838709677417,700000.0,13700000.0,8000000.0,-100000.0,22400000.0,88100000,100000.0,3500000.0,8400000.0,0.09032258064516129,4900000.0,0.05268817204301075,0.0,9800000.0,0.1053763440860215,2200000.0,7600000.0,0.08172043010752689,0.4,0.385,19067302,19740260,https://find-and-update.company-information.service.gov.uk/search/companies?q=MPAC+Group+PLC,https://find-and-update.company-information.service.gov.uk/search/companies?q=MPAC+Group+PLC,1620595248,17:20:48,20210509
9,2011-12-31,MPAC.L,GBP,2011-12-31,2011-12-31,FY,89900000,63500000.0,26400000.0,0.2936596218020022,500000.0,0.0,8300000.0,0.0,21800000.0,85300000,100000.0,3000000.0,7600000.0,0.08453837597330367,4600000.0,0.05116796440489433,0.0,10400000.0,0.11568409343715239,3300000.0,7100000.0,0.07897664071190211,0.374,0.362,18968324,19613260,https://find-and-update.company-information.service.gov.uk/search/companies?q=MPAC+Group+PLC,https://find-and-update.company-information.service.gov.uk/search/companies?q=MPAC+Group+PLC,1620595248,17:20:48,20210509
10,2010-12-31,MPAC.L,GBP,2010-12-31,2010-12-31,FY,86400000,63100000.0,23300000.0,0.26967592592592593,600000.0,0.0,6900000.0,0.0,18900000.0,82000000,100000.0,3300000.0,7700000.0,0.08912037037037036,4400000.0,0.05092592592592592,0.0,4100000.0,0.047453703703703706,1200000.0,2900000.0,0.03356481481481482,0.153,0.15,18968324,19333333,https://find-and-update.company-information.service.gov.uk/search/companies?q=MPAC+Group+PLC,https://find-and-update.company-information.service.gov.uk/search/companies?q=MPAC+Group+PLC,1620595248,17:20:48,20210509
11,2009-12-31,MPAC.L,GBP,2009-12-31,2009-12-31,FY,83800000,59900000.0,23900000.0,0.2852028639618138,400000.0,0.0,7200000.0,0.0,19800000.0,79700000,1000000.0,3100000.0,7200000.0,0.08591885441527446,4100000.0,0.04892601431980907,0.0,2100000.0,0.025059665871121718,900000.0,1100000.0,0.013126491646778043,0.058,0.058,18968324,18968324,https://find-and-update.company-information.service.gov.uk/search/companies?q=MPAC+Group+PLC,https://find-and-update.company-information.service.gov.uk/search/companies?q=MPAC+Group+PLC,1620595248,17:20:48,20210509
12,2008-12-31,MPAC.L,GBP,2008-12-31,2008-12-31,FY,91500000,68100000.0,23400000.0,0.25573770491803277,400000.0,0.0,6800000.0,200000.0,20600000.0,88700000,700000.0,3200000.0,6000000.0,0.06557377049180328,2800000.0,0.030601092896174863,0.0,8800000.0,0.09617486338797815,2100000.0,6700000.0,0.073224043715847,0.352,0.352,18968324,18968324,https://find-and-update.company-information.service.gov.uk/search/companies?q=MPAC+Group+PLC,https://find-and-update.company-information.service.gov.uk/search/companies?q=MPAC+Group+PLC,1620595248,17:20:48,20210509
13,2007-12-31,MPAC.L,GBP,2007-12-31,2007-12-31,FY,89300000,63200000.0,26100000.0,0.29227323628219487,200000.0,0.0,5400000.0,200000.0,16700000.0,79900000,1100000.0,3200000.0,12600000.0,0.14109742441209405,9400000.0,0.10526315789473684,0.0,7400000.0,0.08286674132138858,1800000.0,7900000.0,0.08846584546472565,0.42,0.38,18903387,20846205,https://find-and-update.company-information.service.gov.uk/search/companies?q=MPAC+Group+PLC,https://find-and-update.company-information.service.gov.uk/search/companies?q=MPAC+Group+PLC,1620595248,17:20:48,20210509
14,2006-12-31,MPAC.L,GBP,2006-12-31,2006-12-31,FY,88600000,59600000.0,29000000.0,0.327313769751693,300000.0,0.0,7700000.0,200000.0,20600000.0,80200000,1200000.0,3300000.0,11700000.0,0.13205417607223477,8400000.0,0.09480812641083522,0.0,5400000.0,0.060948081264108354,1700000.0,-8500000.0,-0.09593679458239278,-0.456,-0.456,18576888,18576888,https://find-and-update.company-information.service.gov.uk/search/companies?q=MPAC+Group+PLC,https://find-and-update.company-information.service.gov.uk/search/companies?q=MPAC+Group+PLC,1620595248,17:20:48,20210509
15,2005-12-31,MPAC.L,GBP,2005-12-31,2005-12-31,FY,89300000,59200000.0,30100000.0,0.3370660694288914,1200000.0,0.0,6800000.0,200000.0,22600000.0,81800000,1200000.0,2900000.0,10400000.0,0.11646136618141098,7500000.0,0.083986562150056,0.0,5100000.0,0.05711086226203808,800000.0,-4000000.0,-0.04479283314669653,-0.219,-0.219,18429551,18429551,https://find-and-update.company-information.service.gov.uk/search/companies?q=MPAC+Group+PLC,https://find-and-update.company-information.service.gov.uk/search/companies?q=MPAC+Group+PLC,1620595248,17:20:48,20210509
16,2004-12-31,MPAC.L,GBP,2004-12-31,2004-12-31,FY,122900000,99700000.0,23200000.0,0.1887713588283157,1600000.0,0.0,8400000.0,100000.0,21100000.0,120800000,1400000.0,3700000.0,5800000.0,0.047192839707078924,2100000.0,0.01708706265256306,0.0,-11800000.0,-0.09601301871440195,-800000.0,-11000000.0,-0.08950366151342555,-0.611,-0.611,18023181,18023181,https://find-and-update.company-information.service.gov.uk/search/companies?q=MPAC+Group+PLC,https://find-and-update.company-information.service.gov.uk/search/companies?q=MPAC+Group+PLC,1620595248,17:20:48,20210509
17,2003-12-31,MPAC.L,GBP,2003-12-31,2003-12-31,FY,121800000,82000000.0,39800000.0,0.32676518883415434,3400000.0,0.0,0.0,1100000.0,29900000.0,111900000,800000.0,2500000.0,12400000.0,0.10180623973727422,9900000.0,0.0812807881773399,0.0,10900000.0,0.08949096880131363,3600000.0,7300000.0,0.05993431855500821,0.399,0.36,18072665,38116430,https://find-and-update.company-information.service.gov.uk/search/companies?q=MPAC+Group+PLC,https://find-and-update.company-information.service.gov.uk/search/companies?q=MPAC+Group+PLC,1620595248,17:20:48,20210509
18,2002-12-31,MPAC.L,GBP,2002-12-31,2002-12-31,FY,106000000,68200000.0,37800000.0,0.35660377358490564,2500000.0,24800000.0,0.0,900000.0,26100000.0,94300000,500000.0,2300000.0,14000000.0,0.1320754716981132,11700000.0,0.11037735849056604,0.0,12700000.0,0.11981132075471698,4100000.0,8600000.0,0.08113207547169811,0.468,0.429,18147554,19820314,https://find-and-update.company-information.service.gov.uk/search/companies?q=MPAC+Group+PLC,https://find-and-update.company-information.service.gov.uk/search/companies?q=MPAC+Group+PLC,1620595248,17:20:48,20210509
19,2001-12-31,MPAC.L,GBP,2001-12-31,2001-12-31,FY,111300000,75800000.0,35500000.0,0.3189577717879605,2300000.0,0.0,0.0,400000.0,26900000.0,102700000,900000.0,2700000.0,11300000.0,0.10152740341419586,8600000.0,0.07726864330637916,0.0,8200000.0,0.07367475292003593,2700000.0,5500000.0,0.04941599281221923,0.297,0.276,18577000,19196000,https://find-and-update.company-information.service.gov.uk/search/companies?q=MPAC+Group+PLC,https://find-and-update.company-information.service.gov.uk/search/companies?q=MPAC+Group+PLC,1620595248,17:20:48,20210509
20,2000-12-31,MPAC.L,GBP,2000-12-31,2000-12-31,FY,100600000,73100000.0,27500000.0,0.27335984095427435,2400000.0,0.0,0.0,0.0,20800000.0,93900000,300000.0,3200000.0,9900000.0,0.09840954274353876,6700000.0,0.06660039761431412,0.0,5700000.0,0.05666003976143141,800000.0,4900000.0,0.048707753479125246,0.182,0.179,26307000,26887000,https://find-and-update.company-information.service.gov.uk/search/companies?q=MPAC+Group+PLC,https://find-and-update.company-information.service.gov.uk/search/companies?q=MPAC+Group+PLC,1620595248,17:20:48,20210509
21,1999-12-31,MPAC.L,GBP,1999-12-31,1999-12-31,FY,110600000,85100000.0,25500000.0,0.23056057866184448,3800000.0,0.0,0.0,0.0,21900000.0,107000000,400000.0,3300000.0,6900000.0,0.06238698010849909,3600000.0,0.0325497287522604,0.0,3400000.0,0.03074141048824593,-800000.0,4200000.0,0.0379746835443038,0.118,0.118,34846000,34846000,https://find-and-update.company-information.service.gov.uk/search/companies?q=MPAC+Group+PLC,https://find-and-update.company-information.service.gov.uk/search/companies?q=MPAC+Group+PLC,1620595248,17:20:48,20210509
22,1998-12-31,MPAC.L,GBP,1998-12-31,1998-12-31,FY,170200000,140500000.0,29700000.0,0.1745005875440658,5800000.0,0.0,0.0,0.0,21400000.0,161900000,900000.0,5800000.0,14100000.0,0.08284371327849589,8300000.0,0.04876615746180964,0.0,-6600000.0,-0.038777908343125736,6300000.0,-12900000.0,-0.07579318448883667,-0.362,-0.362,35573000,35573000,https://find-and-update.company-information.service.gov.uk/search/companies?q=MPAC+Group+PLC,https://find-and-update.company-information.service.gov.uk/search/companies?q=MPAC+Group+PLC,1620595248,17:20:48,20210509
23,1997-12-31,MPAC.L,GBP,1997-12-31,1997-12-31,FY,254800000,0.0,0.0,0.0,9300000.0,0.0,0.0,0.0,228600000.0,228600000,2300000.0,6900000.0,33100000.0,0.12990580847723704,26200000.0,0.10282574568288853,0.0,-20100000.0,-0.07888540031397175,500000.0,-20600000.0,-0.08084772370486656,-0.589,-0.589,34969000,34969000,https://find-and-update.company-information.service.gov.uk/search/companies?q=MPAC+Group+PLC,https://find-and-update.company-information.service.gov.uk/search/companies?q=MPAC+Group+PLC,1620595248,17:20:48,20210509
24,1996-12-31,MPAC.L,GBP,1996-12-31,1996-12-31,FY,306200000,0.0,0.0,0.0,11100000.0,0.0,0.0,0.0,267900000.0,267900000,1800000.0,6600000.0,44900000.0,0.14663618549967342,38300000.0,0.12508164598301763,0.0,33400000.0,0.10907903331156107,8500000.0,24900000.0,0.08131939908556499,0.728,0.728,34184000,34184000,https://find-and-update.company-information.service.gov.uk/search/companies?q=MPAC+Group+PLC,https://find-and-update.company-information.service.gov.uk/search/companies?q=MPAC+Group+PLC,1620595248,17:20:48,20210509
25,1995-12-31,MPAC.L,GBP,1995-12-31,1995-12-31,FY,285500000,0.0,0.0,0.0,10100000.0,0.0,0.0,0.0,253600000.0,253600000,2600000.0,6000000.0,37900000.0,0.13274956217162873,31900000.0,0.1117338003502627,0.0,29800000.0,0.10437828371278458,7500000.0,22300000.0,0.07810858143607706,0.654,0.654,34050000,34050000,https://find-and-update.company-information.service.gov.uk/search/companies?q=MPAC+Group+PLC,https://find-and-update.company-information.service.gov.uk/search/companies?q=MPAC+Group+PLC,1620595248,17:20:48,20210509
26,1994-12-31,MPAC.L,GBP,1994-12-31,1994-12-31,FY,223900000,0.0,0.0,0.0,8100000.0,0.0,0.0,0.0,198500000.0,198500000,2200000.0,4700000.0,30100000.0,0.13443501563197857,25400000.0,0.11344350156319785,0.0,24000000.0,0.10719071013845467,5800000.0,18200000.0,0.08128628852166146,0.578,0.578,31347000,31347000,https://find-and-update.company-information.service.gov.uk/search/companies?q=MPAC+Group+PLC,https://find-and-update.company-information.service.gov.uk/search/companies?q=MPAC+Group+PLC,1620595248,17:20:48,20210509
27,1993-12-31,MPAC.L,GBP,1993-12-31,1993-12-31,FY,203480000,0.0,0.0,0.0,6900000.0,0.0,0.0,0.0,181210000.0,181210000,2310000.0,3970000.0,26240000.0,0.12895616276783958,22270000.0,0.10944564576371142,0.0,20420000.0,0.1003538431295459,4970000.0,15450000.0,0.075928838215058,0.497,0.497,31011000,31011000,https://find-and-update.company-information.service.gov.uk/search/companies?q=MPAC+Group+PLC,https://find-and-update.company-information.service.gov.uk/search/companies?q=MPAC+Group+PLC,1620595248,17:20:48,20210509
28,1992-12-31,MPAC.L,GBP,1992-12-31,1992-12-31,FY,180980000,0.0,0.0,0.0,6200000.0,0.0,0.0,0.0,159610000.0,159610000,3790000.0,3560000.0,24930000.0,0.13775002762736213,21370000.0,0.11807934578406454,0.0,18290000.0,0.10106089070615537,5300000.0,12990000.0,0.07177588683832467,0.419,0.419,30871000,30871000,https://find-and-update.company-information.service.gov.uk/search/companies?q=MPAC+Group+PLC,https://find-and-update.company-information.service.gov.uk/search/companies?q=MPAC+Group+PLC,1620595248,17:20:48,20210509
29,1991-12-31,MPAC.L,GBP,1991-12-31,1991-12-31,FY,154970000,0.0,0.0,0.0,5600000.0,0.0,0.0,0.0,136980000.0,136980000,3985000.0,3010000.0,21000000.0,0.13551009872878622,17990000.0,0.11608698457766019,0.0,14210000.0,0.09169516680647867,4020000.0,10190000.0,0.06575466219268246,0.331,0.331,30691000,30691000,https://find-and-update.company-information.service.gov.uk/search/companies?q=MPAC+Group+PLC,https://find-and-update.company-information.service.gov.uk/search/companies?q=MPAC+Group+PLC,1620595248,17:20:48,20210509
30,1990-12-31,MPAC.L,GBP,1990-12-31,1990-12-31,FY,136840000,0.0,0.0,0.0,5600000.0,0.0,0.0,0.0,136840000.0,136840000,4060000.0,3010000.0,22270000.0,0.1627448114586378,0.0,0.11107863197895353,0.0,15200000.0,0.11107863197895353,3960000.0,9840000.0,0.0719087985969015,0.288,0.288,30371000,30371000,https://find-and-update.company-information.service.gov.uk/search/companies?q=MPAC+Group+PLC,https://find-and-update.company-information.service.gov.uk/search/companies?q=MPAC+Group+PLC,1620595248,17:20:48,20210509
31,1989-12-31,MPAC.L,GBP,1989-12-31,1989-12-31,FY,147910000,0.0,0.0,0.0,6100000.0,0.0,0.0,0.0,147910000.0,147910000,4200000.0,3140000.0,21240000.0,0.14360083834764384,0.0,0.09397606652694206,0.0,13900000.0,0.09397606652694206,4140000.0,8630000.0,0.058346291663849636,0.219,0.219,29830000,29830000,https://find-and-update.company-information.service.gov.uk/search/companies?q=MPAC+Group+PLC,https://find-and-update.company-information.service.gov.uk/search/companies?q=MPAC+Group+PLC,1620595248,17:20:48,20210509
32,1988-12-31,MPAC.L,GBP,1988-12-31,1988-12-31,FY,126730000,0.0,0.0,0.0,0.0,0.0,0.0,0.0,126730000.0,126730000,3350000.0,2540000.0,14730000.0,0.11623135800520792,0.0,0.06975459638601751,0.0,8840000.0,0.06975459638601751,3960000.0,-1900000.0,-0.014992503748125937,-0.064407,-0.064407,29500000,29500000,https://find-and-update.company-information.service.gov.uk/search/companies?q=MPAC+Group+PLC,https://find-and-update.company-information.service.gov.uk/search/companies?q=MPAC+Group+PLC,1620595248,17:20:48,20210509
33,1987-12-31,MPAC.L,GBP,1987-12-31,1987-12-31,FY,103480000,0.0,0.0,0.0,0.0,0.0,0.0,0.0,103480000.0,103480000,1381000.0,2750000.0,14331000.0,0.13849052957093158,0.0,0.09856977193660611,0.0,10200000.0,0.09856977193660611,3720000.0,3490000.0,0.03372632392732895,0.118869,0.118869,29360000,29360000,https://find-and-update.company-information.service.gov.uk/search/companies?q=MPAC+Group+PLC,https://find-and-update.company-information.service.gov.uk/search/companies?q=MPAC+Group+PLC,1620595248,17:20:48,20210509
34,1986-12-31,MPAC.L,GBP,1986-12-31,1986-12-31,FY,122910000,0.0,0.0,0.0,0.0,0.0,0.0,0.0,122910000.0,122910000,1793000.0,3060000.0,13873000.0,0.11287120657391587,0.0,0.07338703116101213,0.0,9020000.0,0.07338703116101213,3480000.0,5340000.0,0.04344642421283866,0.182004,0.182004,29340000,29340000,https://find-and-update.company-information.service.gov.uk/search/companies?q=MPAC+Group+PLC,https://find-and-update.company-information.service.gov.uk/search/companies?q=MPAC+Group+PLC,1620595248,17:20:48,20210509
35,1985-12-31,MPAC.L,GBP,1985-12-31,1985-12-31,FY,116280000,0.0,0.0,0.0,0.0,0.0,0.0,0.0,116280000.0,116280000,2283000.0,3030000.0,13393000.0,0.11517887856897145,0.0,0.0694874441004472,0.0,8080000.0,0.0694874441004472,2530000.0,5680000.0,0.048847609219126245,0.193724,0.193724,29320000,29320000,https://find-and-update.company-information.service.gov.uk/search/companies?q=MPAC+Group+PLC,https://find-and-update.company-information.service.gov.uk/search/companies?q=MPAC+Group+PLC,1620595248,17:20:48,20210509
