,date,symbol,reportedCurrency,fillingDate,acceptedDate,period,revenue,costOfRevenue,grossProfit,grossProfitRatio,researchAndDevelopmentExpenses,generalAndAdministrativeExpenses,sellingAndMarketingExpenses,otherExpenses,operatingExpenses,costAndExpenses,interestExpense,depreciationAndAmortization,ebitda,ebitdaratio,operatingIncome,operatingIncomeRatio,totalOtherIncomeExpensesNet,incomeBeforeTax,incomeBeforeTaxRatio,incomeTaxExpense,netIncome,netIncomeRatio,eps,epsdiluted,weightedAverageShsOut,weightedAverageShsOutDil,link,finalLink,timestamp,est_time,est_date
0,2020-12-31,0978.HK,CNY,2020-12-31,2020-12-31,FY,18956418000.0,14236842000.0,4719576000.0,0.24896982119723252,0.0,202843000.0,673586000.0,21571000.0,0.0,15294318000.0,685307000.0,0.0,4206469000.0,0.2219021019688424,3662100000.0,0.1931852315136752,0.0,3605146000.0,0.19018076094333855,2091701000.0,701260000.0,0.03699327583934897,0.143,0.143,4905257860,4905257860,https://www1.hkexnews.hk/search/titlesearch.xhtml,https://www1.hkexnews.hk/search/titlesearch.xhtml,1620585009,14:30:09,20210509
1,2019-12-31,0978.HK,CNY,2019-12-31,2019-12-31,FY,19453295000.0,13123667000.0,6329628000.0,0.3253756240266752,0.0,247011000.0,507007000.0,33482000.0,0.0,13877685000.0,733006000.0,199216000.0,5774826000.0,0.29685593109033714,5575610000.0,0.28661519809369057,0.0,5752671000.0,0.2957170494767082,3052935000.0,1794470000.0,0.0922450412642177,0.3658,0.3658,4905257860,4905257860,https://www1.hkexnews.hk/search/titlesearch.xhtml,https://www1.hkexnews.hk/search/titlesearch.xhtml,1620585009,14:30:09,20210509
2,2018-12-31,0978.HK,CNY,2018-12-31,2018-12-31,FY,11955899000.0,7967879000.0,3988020000.0,0.33356086397183515,0.0,162740000.0,348037000.0,38076000.0,0.0,8478656000.0,511180000.0,64630000.0,3541873000.0,0.29624480768865646,3477243000.0,0.2908391079583392,0.0,3796321000.0,0.3175270215982922,1590809000.0,1216132000.0,0.1017181560332686,0.2479,0.2474,4905257860,5298953994,https://www1.hkexnews.hk/search/titlesearch.xhtml,https://www1.hkexnews.hk/search/titlesearch.xhtml,1620585009,14:30:09,20210509
3,2017-12-31,0978.HK,CNY,2017-12-31,2017-12-31,FY,17310562000.0,11604104000.0,5706458000.0,0.329651804487919,0.0,140611000.0,323972000.0,14882000.0,0.0,12068687000.0,462929000.0,49559000.0,5291434000.0,0.3056766152364088,5241875000.0,0.30281368103473477,0.0,5301478000.0,0.30625683903272466,2362495000.0,1638124000.0,0.09463147412545012,0.334,0.3061,4905258000,5686234000,https://www1.hkexnews.hk/search/titlesearch.xhtml,https://www1.hkexnews.hk/search/titlesearch.xhtml,1620585009,14:30:09,20210509
4,2016-12-31,0978.HK,CNY,2016-12-31,2016-12-31,FY,11606442000.0,8269296000.0,3337146000.0,0.28752532429835087,0.0,130201000.0,269760000.0,13922000.0,0.0,8644146000.0,296165000.0,6443000.0,2968739000.0,0.25578372769191454,2962296000.0,0.25522860494197963,0.0,2542319000.0,0.21904378620080125,1427265000.0,811449000.0,0.06991367380287603,0.1654,0.1654,4905257860,4905257860,https://www1.hkexnews.hk/search/titlesearch.xhtml,https://www1.hkexnews.hk/search/titlesearch.xhtml,1620585009,14:30:09,20210509
5,2015-12-31,0978.HK,CNY,2015-12-31,2015-12-31,FY,6394944000.0,4838012000.0,1556932000.0,0.2434629607389838,0.0,98352000.0,219738000.0,9981000.0,0.0,5156102000.0,206363000.0,6009000.0,1244851000.0,0.19466175153371162,1238842000.0,0.19372210296133946,0.0,927413000.0,0.14502284930094775,571946000.0,185416000.0,0.028994155382752376,0.0378,0.0378,4905257860,4905257860,https://www1.hkexnews.hk/search/titlesearch.xhtml,https://www1.hkexnews.hk/search/titlesearch.xhtml,1620585009,14:30:09,20210509
6,2014-12-31,0978.HK,CNY,2014-12-31,2014-12-31,FY,7440436000.0,5367524000.0,2072912000.0,0.27860087769050096,0.0,89357000.0,175700000.0,6314000.0,0.0,5632581000.0,273193000.0,3478000.0,1811333000.0,0.24344447018965018,1807855000.0,0.24297702446469535,0.0,1624110000.0,0.21828156306969107,789741000.0,380245000.0,0.05110520404987019,0.0775,0.0775,4905257860,4905257860,https://www1.hkexnews.hk/search/titlesearch.xhtml,https://www1.hkexnews.hk/search/titlesearch.xhtml,1620585009,14:30:09,20210509
7,2013-12-31,0978.HK,CNY,2013-12-31,2013-12-31,FY,6927871000.0,4125212000.0,2802659000.0,0.4045483814580266,0.0,89235000.0,131253000.0,29545000.0,0.0,4345700000.0,85596000.0,2710000.0,2584881000.0,0.37311332731224356,2582171000.0,0.3727221537468004,0.0,2676555000.0,0.3863459640053921,1261736000.0,458890000.0,0.06623824260007151,0.1113,0.1113,4122553393,4122553393,https://www1.hkexnews.hk/search/titlesearch.xhtml,https://www1.hkexnews.hk/search/titlesearch.xhtml,1620585009,14:30:09,20210509
8,2012-12-31,0978.HK,CNY,2012-12-31,2012-12-31,FY,0.0,0.0,0.0,0.0,0.0,0.0,0.0,0.0,0.0,0.0,0.0,0.0,0.0,0.0,0.0,0.0,0.0,0.0,0.0,0.0,0.0,0.0,0.1193,0.11928,3594744707,3594744707,https://www1.hkexnews.hk/search/titlesearch.xhtml,https://www1.hkexnews.hk/search/titlesearch.xhtml,1620585009,14:30:09,20210509
9,2012-03-31,0978.HK,CNY,2012-03-31,2012-03-31,FY,144781910.001172,147266243.896284,-2484333.895113,-0.017159145746128708,0.0,25209733.51839,622302.080986,2136624.638373,0.0,172406923.00621,10811483.151131,9787040.691439,-17837972.313598998,-0.12320580874678749,-27625013.005038,-0.19080431391473132,0.0,-50872788.91823,-0.35137531282615475,0.0,-50872788.91823,-0.35137531282615475,-0.048744,-0.048744,1068468860,1068468860,https://www1.hkexnews.hk/search/titlesearch.xhtml,https://www1.hkexnews.hk/search/titlesearch.xhtml,1620585009,14:30:09,20210509
10,2011-03-31,0978.HK,CNY,2011-03-31,2011-03-31,FY,65299960.375742,63285966.972934,2013993.402808,0.030842184148647197,0.0,34015142.033594996,756829.527574,0.0,0.0,-290400636.508318,27957130.876427,15091028.907674,370791625.79173404,5.678282554203169,355700596.88406,5.447179367909658,0.0,327743466.007632,5.019045404036478,0.0,327743466.007632,5.019045404036478,0.784673,0.784673,419649007,419649007,https://www1.hkexnews.hk/search/titlesearch.xhtml,https://www1.hkexnews.hk/search/titlesearch.xhtml,1620585009,14:30:09,20210509
11,2010-03-31,0978.HK,CNY,2010-03-31,2010-03-31,FY,428100198.822087,459869824.692385,-31769625.870298,-0.07421072439982923,0.0,89672331.085519,0.0,0.0,0.0,1118393137.211543,19769293.295967,41198207.054342,-649094731.335114,-1.5162215133772212,-690292938.389456,-1.6124564769855037,0.0,-709099035.512545,-1.6563856720076824,-13190681.04392,-695908354.468625,-1.6255735371845403,-6.576851,-6.576851,105788996,105788996,https://www1.hkexnews.hk/search/titlesearch.xhtml,https://www1.hkexnews.hk/search/titlesearch.xhtml,1620585009,14:30:09,20210509
12,2009-03-31,0978.HK,CNY,2009-03-31,2009-03-31,FY,1812848059.93817,1830454459.555218,-17606399.617048,-0.009712010623575643,0.0,69637252.216682,2921466.589767,0.0,0.0,1893764659.921139,0.0,66262530.623252,-14654069.359716006,-0.008083451494669557,-80916599.982968,-0.04463506996042889,0.0,-134440372.273661,-0.07415975736998405,123454.670259,-154218692.26819,-0.08506983882226174,-1.455001,-1.457795,105788996,105788996,https://www1.hkexnews.hk/search/titlesearch.xhtml,https://www1.hkexnews.hk/search/titlesearch.xhtml,1620585009,14:30:09,20210509
13,2008-03-31,0978.HK,CNY,2008-03-31,2008-03-31,FY,2181500290.307038,2011614143.303349,169886147.003689,0.07787583057336113,0.0,76117204.722558,10688902.492204,0.0,0.0,2098420250.518112,0.0,76565053.69732,159645093.486246,0.073181330387894,83080039.788926,0.038083900404722294,0.0,17961717.533056,0.008233653514906457,12838938.012892,5122779.520164,0.0023482827588544525,0.054066,0.054066,94750000,94750000,https://www1.hkexnews.hk/search/titlesearch.xhtml,https://www1.hkexnews.hk/search/titlesearch.xhtml,1620585009,14:30:09,20210509
14,2007-03-31,0978.HK,CNY,2007-03-31,2007-03-31,FY,2569330654.854568,2446266566.878329,123064087.976239,0.04789733378369115,0.0,76408362.658747,8364068.20975,0.0,0.0,2531038997.746825,0.0,0.0,38291657.107743,0.014903358987833517,38291657.107743,0.014903358987833517,0.0,31318305.510037,0.012189285739016613,7584199.405981,23734106.104056,0.009237466598241099,0.247107,0.247107,96048000,96048000,https://www1.hkexnews.hk/search/titlesearch.xhtml,https://www1.hkexnews.hk/search/titlesearch.xhtml,1620585009,14:30:09,20210509
15,2006-03-31,0978.HK,CNY,2006-03-31,2006-03-31,FY,2472649386.040224,2346130993.368198,126518392.672026,0.051167138125731766,0.0,71378811.326128,10203913.07777,0.0,0.0,2427713717.772096,0.0,77358312.658675,122293980.926803,0.04945868250356687,44935668.268128,0.018173085323709943,0.0,19131303.399153,0.007737167876352438,-104395.788174,19235699.187327,0.007779388091140424,0.206724,0.206724,93050000,93050000,https://www1.hkexnews.hk/search/titlesearch.xhtml,https://www1.hkexnews.hk/search/titlesearch.xhtml,1620585009,14:30:09,20210509
16,2005-03-31,0978.HK,CNY,2005-03-31,2005-03-31,FY,2797791007.8061,2683369235.011173,114421772.794927,0.04089718369802444,0.0,89206256.488524,11996472.90941,0.0,0.0,2786654154.770772,0.0,77597143.152003,88733996.187331,0.03171573428456765,11136853.035328,0.003980587901045909,0.0,30816841.856285,0.011014704733235296,1568540.955424,29248300.900862,0.010454069235070272,0.413891,0.413891,70666667,70666667,https://www1.hkexnews.hk/search/titlesearch.xhtml,https://www1.hkexnews.hk/search/titlesearch.xhtml,1620585009,14:30:09,20210509
17,2004-03-31,0978.HK,CNY,2004-03-31,2004-03-31,FY,2202917034.909157,2091911954.817859,111005080.091298,0.050390041173691134,0.0,77760696.342037,12637772.666447,0.0,0.0,2182648167.477737,0.0,67556164.887359,87825032.31877899,0.03986760777960968,20268867.43142,0.00920092182784171,0.0,21204566.037954,0.009625676183864285,-5983797.899215,27188363.937169,0.012341982701264183,0.424835,0.424835,63997500,63997500,https://www1.hkexnews.hk/search/titlesearch.xhtml,https://www1.hkexnews.hk/search/titlesearch.xhtml,1620585009,14:30:09,20210509
18,2003-03-31,0978.HK,CNY,2003-03-31,2003-03-31,FY,2844468366.968749,2686738732.665753,157729634.302996,0.055451358199171324,0.0,75583934.632085,7949891.946602,0.0,0.0,2785593956.926071,0.0,66352041.688087,125226451.730765,0.04402455417854215,58874410.042678,0.020697860706188273,0.0,56772055.75804,0.019958757994043015,10216741.392329,46555314.365711,0.016366965056223627,0.732269,0.732269,63576812,63576812,https://www1.hkexnews.hk/search/titlesearch.xhtml,https://www1.hkexnews.hk/search/titlesearch.xhtml,1620585009,14:30:09,20210509
19,2002-03-31,0978.HK,CNY,2002-03-31,2002-03-31,FY,2134504409.452252,2009057066.365781,125447343.08647,0.058771180106702986,0.0,79980459.200944,29659689.711765,0.0,0.0,2110538150.528259,0.0,0.0,23966258.923992,0.011228020339457686,23966258.923992,0.011228020339457686,0.0,11408062.211509,0.005344595289187757,1613368.396759,9794693.81475,0.004588743771798287,0.159005,0.159005,61600000,61600000,https://www1.hkexnews.hk/search/titlesearch.xhtml,https://www1.hkexnews.hk/search/titlesearch.xhtml,1620585009,14:30:09,20210509
20,2001-03-31,0978.HK,CNY,2001-03-31,2001-03-31,FY,2783285146.247644,2631738738.469823,151546407.777821,0.0544487538339836,0.0,95898365.849905,40718880.986268,0.0,0.0,2746588223.410394,0.0,0.0,36696922.83725,0.013184751439040977,36696922.83725,0.013184751439040977,0.0,15384996.999654,0.005527639530716309,2097905.950687,13287091.048967,0.004773887816302375,0.212017,0.212017,62670000,62670000,https://www1.hkexnews.hk/search/titlesearch.xhtml,https://www1.hkexnews.hk/search/titlesearch.xhtml,1620585009,14:30:09,20210509
21,2000-03-31,0978.HK,CNY,2000-03-31,2000-03-31,FY,2166929246.477372,1963540610.532317,203388635.945055,0.0938603031343501,0.0,88256635.62662601,39959633.600489,0.0,0.0,2069032130.022008,0.0,0.0,97897116.455365,0.04517780938833587,97897116.455365,0.04517780938833587,0.0,82864556.327376,0.0382405454456269,7082086.412556,75784595.709931,0.034973267278167394,1.339251,1.264848,56587302,59915966,https://www1.hkexnews.hk/search/titlesearch.xhtml,https://www1.hkexnews.hk/search/titlesearch.xhtml,1620585009,14:30:09,20210509
22,1999-03-31,0978.HK,CNY,1999-03-31,1999-03-31,FY,1965737787.691855,0.0,0.0,0.0,0.0,0.0,0.0,0.0,0.0,1897659877.119792,0.0,0.0,68077910.572063,0.034632243933204965,68077910.572063,0.034632243933204965,0.0,81128374.801663,0.04127120886093508,7503936.841616,73624437.960046,0.037453844770667453,1.826061,1.783346,40318713,41284431,https://www1.hkexnews.hk/search/titlesearch.xhtml,https://www1.hkexnews.hk/search/titlesearch.xhtml,1620585009,14:30:09,20210509
23,1998-03-31,0978.HK,CNY,1998-03-31,1998-03-31,FY,1628843606.783336,0.0,0.0,0.0,0.0,0.0,0.0,0.0,0.0,1581183457.95261,0.0,0.0,47660148.830726,0.02926011351381116,47660148.830726,0.02926011351381116,0.0,47660148.830726,0.02926011351381116,3334842.715916,44325306.114811,0.02721274524467408,1.271536,1.271536,34859664,34859664,https://www1.hkexnews.hk/search/titlesearch.xhtml,https://www1.hkexnews.hk/search/titlesearch.xhtml,1620585009,14:30:09,20210509
