,date,symbol,reportedCurrency,fillingDate,acceptedDate,period,revenue,costOfRevenue,grossProfit,grossProfitRatio,researchAndDevelopmentExpenses,generalAndAdministrativeExpenses,sellingAndMarketingExpenses,otherExpenses,operatingExpenses,costAndExpenses,interestExpense,depreciationAndAmortization,ebitda,ebitdaratio,operatingIncome,operatingIncomeRatio,totalOtherIncomeExpensesNet,incomeBeforeTax,incomeBeforeTaxRatio,incomeTaxExpense,netIncome,netIncomeRatio,eps,epsdiluted,weightedAverageShsOut,weightedAverageShsOutDil,link,finalLink,timestamp,est_time,est_date
0,2020-12-31,0686.HK,CNY,2020-12-31,2020-12-31,FY,2149000000.0,42000000.0,2107000000.0,0.9804560260586319,0.0,31000000.0,0.0,0.0,0.0,791000000.0,967000000.0,604000000.0,1962000000.0,0.9129827826896231,1358000000.0,0.6319218241042345,0.0,344000000.0,0.16007445323406236,82000000.0,241000000.0,0.11214518380642159,0.017198315849568258,0.017198315849568258,14013000000,14013000000,https://www1.hkexnews.hk/search/titlesearch.xhtml,https://www1.hkexnews.hk/search/titlesearch.xhtml,1620584860,14:27:40,20210509
1,2019-12-31,0686.HK,CNY,2019-12-31,2019-12-31,FY,2168000000.0,47000000.0,2121000000.0,0.9783210332103321,0.0,43000000.0,0.0,13000000.0,0.0,846000000.0,1126000000.0,607000000.0,1929000000.0,0.889760147601476,1322000000.0,0.6097785977859779,0.0,-3779000000.0,-1.743081180811808,-280000000.0,-3275000000.0,-1.5106088560885609,-0.2337,-0.2337,14013000000,14013000000,https://www1.hkexnews.hk/search/titlesearch.xhtml,https://www1.hkexnews.hk/search/titlesearch.xhtml,1620584860,14:27:40,20210509
2,2018-12-31,0686.HK,CNY,2018-12-31,2018-12-31,FY,2108000000.0,77000000.0,2031000000.0,0.963472485768501,0.0,61000000.0,0.0,-7000000.0,0.0,946000000.0,1172000000.0,595000000.0,1757000000.0,0.8334914611005693,1162000000.0,0.5512333965844403,0.0,-470000000.0,-0.22296015180265655,-16000000.0,-451000000.0,-0.21394686907020874,-0.047324239244491084,-0.047319273948169135,9530000000,9531000000,https://www1.hkexnews.hk/search/titlesearch.xhtml,https://www1.hkexnews.hk/search/titlesearch.xhtml,1620584860,14:27:40,20210509
3,2017-12-31,0686.HK,CNY,2017-12-31,2017-12-31,FY,1522000000.0,93000000.0,1429000000.0,0.9388961892247043,0.0,42000000.0,0.0,-229000000.0,0.0,859000000.0,1076000000.0,459000000.0,1122000000.0,0.7371879106438897,663000000.0,0.435611038107753,0.0,174000000.0,0.11432325886990802,21000000.0,153000000.0,0.10052562417871222,0.0191,0.0159,7990000000,8529000000,https://www1.hkexnews.hk/search/titlesearch.xhtml,https://www1.hkexnews.hk/search/titlesearch.xhtml,1620584860,14:27:40,20210509
4,2016-12-31,0686.HK,CNY,2016-12-31,2016-12-31,FY,998000000.0,38000000.0,960000000.0,0.9619238476953907,0.0,27000000.0,0.0,0.0,0.0,459000000.0,966000000.0,301000000.0,840000000.0,0.8416833667334669,539000000.0,0.5400801603206413,0.0,383000000.0,0.3837675350701403,1000000.0,367000000.0,0.36773547094188375,0.0763,0.0656,4808000000,5978000000,https://www1.hkexnews.hk/search/titlesearch.xhtml,https://www1.hkexnews.hk/search/titlesearch.xhtml,1620584860,14:27:40,20210509
5,2015-12-31,0686.HK,CNY,2015-12-31,2015-12-31,FY,630674000.0,47652000.0,583022000.0,0.9244427390379182,0.0,21320000.0,0.0,0.0,0.0,388416000.0,497388000.0,242176000.0,484434000.0,0.7681210895010735,242258000.0,0.3841255545654332,0.0,373262000.0,0.5918461836067446,0.0,360670000.0,0.5718802424073293,0.0796,0.0075,4533192000,6090734000,https://www1.hkexnews.hk/search/titlesearch.xhtml,https://www1.hkexnews.hk/search/titlesearch.xhtml,1620584860,14:27:40,20210509
6,2014-12-31,0686.HK,CNY,2014-12-31,2014-12-31,FY,419001943.05014,73845186.219521,345156756.830619,0.8237593227325813,0.0,15289123.321753,0.0,0.0,0.0,298078731.388941,309826247.63998,145733652.52438,266656864.185579,0.6364096124338722,120923211.661199,0.2885982121727982,0.0,503409578.535196,1.2014492698306063,-30386.332962,293160943.291201,0.6996648778216281,0.071728,-0.009916,4084966000,5155590000,https://www1.hkexnews.hk/search/titlesearch.xhtml,https://www1.hkexnews.hk/search/titlesearch.xhtml,1620584860,14:27:40,20210509
7,2013-12-31,0686.HK,CNY,2013-12-31,2013-12-31,FY,263785766.157139,321659102.686463,-57873336.529324,-0.21939522125256924,0.0,143182649.44201198,617311.422143,1376838.893438,0.0,457118326.689919,139343597.521775,67426035.435269,-125906525.097511,-0.47730598557962983,-193332560.53278,-0.7329150596306643,0.0,-1935681547.021165,-7.338081865524412,-134179279.561089,-1801131880.606791,-6.828010119142836,-1.077873,-1.077873,1671027000,1671027000,https://www1.hkexnews.hk/search/titlesearch.xhtml,https://www1.hkexnews.hk/search/titlesearch.xhtml,1620584860,14:27:40,20210509
8,2012-12-31,0686.HK,CNY,2012-12-31,2012-12-31,FY,179774698.577388,233349843.891981,-53575145.314592,-0.2980127111242486,0.0,53909300.526062004,5669365.889055,449297.850603,0.0,288321999.5485,53613794.592063,33669962.22365,-74877338.747462,-0.41650654591546654,-108547300.971112,-0.6037963174466702,0.0,-654911201.555998,-3.6429553587824652,1161088.710697,-656072290.266695,-3.6494139356561024,-0.7516687731696362,-0.2674351960017524,872821000,2453201000,https://www1.hkexnews.hk/search/titlesearch.xhtml,https://www1.hkexnews.hk/search/titlesearch.xhtml,1620584860,14:27:40,20210509
9,2011-12-31,0686.HK,CNY,2011-12-31,2011-12-31,FY,680233067.849647,558431601.787347,121801466.0623,0.17905843132169216,0.0,80704589.412416,29487872.954145,366625.67444,0.0,635906162.354971,49761544.355306,42952666.211674,87279571.706349,0.12830833405711548,44326905.494675,0.06516429087283455,0.0,-921689661.588781,-1.3549615641333441,8121608.483459,-929811270.072241,-1.3669010138121638,-1.0992301109173825,-0.38318367045459795,845875000,2426542000,https://www1.hkexnews.hk/search/titlesearch.xhtml,https://www1.hkexnews.hk/search/titlesearch.xhtml,1620584860,14:27:40,20210509
10,2010-12-31,0686.HK,CNY,2010-12-31,2010-12-31,FY,212270497.59788,119150428.940562,93120068.657319,0.4386858735014762,0.0,50823289.872036,46796526.765099,0.0,0.0,215998981.956157,9457993.007577,7430549.741671,3702065.383395,0.017440319899791733,-3728484.358276,-0.017564778904599114,0.0,-11787976.147126,-0.055532804984783385,1071246.820195,-12859222.967321,-0.060579416889487835,-0.03471459415032111,-0.019340376554499238,370427000,664890000,https://www1.hkexnews.hk/search/titlesearch.xhtml,https://www1.hkexnews.hk/search/titlesearch.xhtml,1620584860,14:27:40,20210509
11,2009-12-31,0686.HK,CNY,2009-12-31,2009-12-31,FY,85801545.492526,31296450.930482,54505094.562044,0.6352460698600334,0.0,40840521.376845,37388279.659116,2309418.522215,0.0,109525251.966443,96849.423349,2077860.355481,-21645846.118436,-0.25227804457579994,-23723706.473917,-0.27649509502114417,0.0,-21511137.37505,-0.25070804088166215,0.0,-21511137.37505,-0.25070804088166215,-0.08646,-0.08646,248840000,248840000,https://www1.hkexnews.hk/search/titlesearch.xhtml,https://www1.hkexnews.hk/search/titlesearch.xhtml,1620584860,14:27:40,20210509
12,2008-03-31,0686.HK,CNY,2008-03-31,2008-03-31,FY,118117689.055861,45732859.491178,72384829.564683,0.6128195543213709,0.0,49328266.753350995,43607153.794068,0.0,0.0,138668280.038597,0.0,2713225.881304,-17837365.101432,-0.15101349547226778,-20550590.982736,-0.17398402514476116,0.0,-19503507.464278,-0.1651192773933655,0.0,-19503507.464278,-0.1651192773933655,-0.092634,-0.092634,210544747,210544747,https://www1.hkexnews.hk/search/titlesearch.xhtml,https://www1.hkexnews.hk/search/titlesearch.xhtml,1620584860,14:27:40,20210509
13,2007-03-31,0686.HK,CNY,2007-03-31,2007-03-31,FY,129925747.337157,45404376.894715,84521370.442442,0.6505359574581414,0.0,40040184.248259,0.0,0.0,0.0,132534205.858255,0.0,2395946.743138,-212511.7779600001,-0.0016356402200137633,-2608458.521098,-0.020076532747039404,0.0,-1963015.772224,-0.015108751055554669,565380.172061,-2528395.944285,-0.01946031480368413,-0.012652,-0.012652,199843750,199843750,https://www1.hkexnews.hk/search/titlesearch.xhtml,https://www1.hkexnews.hk/search/titlesearch.xhtml,1620584860,14:27:40,20210509
14,2006-03-31,0686.HK,CNY,2006-03-31,2006-03-31,FY,137249452.798992,45606488.728771,91642964.07022,0.6677109613284596,0.0,42843618.017986,0.0,0.0,0.0,136371908.00533,0.0,3576330.961212,4453875.754874,0.0324509545505941,877544.793662,0.0063937944798017066,0.0,1736484.397351,0.01265203147945631,-478566.830937,2215051.228288,0.016138871107428326,0.01106,0.01106,200280374,200280374,https://www1.hkexnews.hk/search/titlesearch.xhtml,https://www1.hkexnews.hk/search/titlesearch.xhtml,1620584860,14:27:40,20210509
15,2005-03-31,0686.HK,CNY,2005-03-31,2005-03-31,FY,134147395.757348,40408501.636473,93738894.120875,0.6987753552102811,0.0,38541746.872880995,45729654.782951,0.0,0.0,118815385.484679,281233.662508,2205296.417706,17537306.690375,0.13073162241701128,15332010.272669,0.11429226923198903,0.0,15050776.61016,0.11219581658808002,249395.889394,14801380.720766,0.11033669820575139,0.07397,0.073758,200031000,200652000,https://www1.hkexnews.hk/search/titlesearch.xhtml,https://www1.hkexnews.hk/search/titlesearch.xhtml,1620584860,14:27:40,20210509
16,2004-03-31,0686.HK,CNY,2004-03-31,2004-03-31,FY,129847564.743406,48432227.192423,81415337.550983,0.6270070425415313,0.0,39999256.777129,52490461.443914,0.0,0.0,138181761.071972,610699.998589,2650969.037352,-5683227.291214,-0.04376845497599222,-8334196.328566,-0.06418446387527828,0.0,-8944896.327155,-0.06888767105360168,74346.086785,-9019242.41394,-0.06946023540574735,-0.045139,-0.045139,200030000,200030000,https://www1.hkexnews.hk/search/titlesearch.xhtml,https://www1.hkexnews.hk/search/titlesearch.xhtml,1620584860,14:27:40,20210509
17,2003-03-31,0686.HK,CNY,2003-03-31,2003-03-31,FY,160229960.75156,65567771.210375,94662189.541185,0.5907895695484864,0.0,54888320.848786,70877250.506711,0.0,0.0,190171263.847206,1081423.026777,3839635.437566,-26101667.65808,-0.16290129221557506,-29941303.095646,-0.1868645723634086,0.0,-31022726.122423,-0.19361376597055033,-310948.917415,-30711777.205009,-0.1916731244328785,-0.153564,-0.153564,200030000,200030000,https://www1.hkexnews.hk/search/titlesearch.xhtml,https://www1.hkexnews.hk/search/titlesearch.xhtml,1620584860,14:27:40,20210509
18,2002-03-31,0686.HK,CNY,2002-03-31,2002-03-31,FY,259620867.935173,110424572.443328,149196295.491845,0.5746698895140399,0.0,55994059.67278701,93789493.435224,0.0,0.0,256892346.086778,3194935.839573,4738342.137655,7466863.98605,0.02876064642043515,2728521.848395,0.01050963996113097,0.0,-466413.991179,-0.001796519651476795,475954.277362,-942368.26854,-0.0036297862958200575,-0.004664,-0.004664,200008750,200008750,https://www1.hkexnews.hk/search/titlesearch.xhtml,https://www1.hkexnews.hk/search/titlesearch.xhtml,1620584860,14:27:40,20210509
