,date,symbol,reportedCurrency,fillingDate,acceptedDate,period,revenue,costOfRevenue,grossProfit,grossProfitRatio,researchAndDevelopmentExpenses,generalAndAdministrativeExpenses,sellingAndMarketingExpenses,otherExpenses,operatingExpenses,costAndExpenses,interestExpense,depreciationAndAmortization,ebitda,ebitdaratio,operatingIncome,operatingIncomeRatio,totalOtherIncomeExpensesNet,incomeBeforeTax,incomeBeforeTaxRatio,incomeTaxExpense,netIncome,netIncomeRatio,eps,epsdiluted,weightedAverageShsOut,weightedAverageShsOutDil,link,finalLink,timestamp,est_time,est_date
0,2020-06-30,1421.HK,HKD,2020-06-30,2020-06-30,FY,302532000.0,277448000.0,25084000.0,0.0829135430301588,0.0,25409000.0,0.0,166000.0,34641000.0,312089000.0,51000.0,1184000.0,-8373000.0,-0.02767641109039705,-9557000.0,-0.031590046672748666,0.0,-69772000.0,-0.23062684278026788,4028000.0,-74903000.0,-0.24758703211561092,-0.060597747791986,-0.060597747791986,1236069041,1236069041,https://www1.hkexnews.hk/search/titlesearch.xhtml,https://www1.hkexnews.hk/search/titlesearch.xhtml,1620585215,14:33:35,20210509
1,2019-06-30,1421.HK,SGD,2019-06-30,2019-06-30,FY,471817350.23172,422689317.097239,49128033.13448,0.10412510924058246,0.0,26175010.909263,0.0,221433.610096,28900190.381037,451589507.478276,0.0,1542515.733877,21770358.48732,0.04614149623075135,20227842.753443,0.042872189298483104,0.0,-30219077.862742,-0.06404825479160683,9546323.406751,-51411379.177987,-0.10896457951946391,-0.041583,-0.041583,1236069041,1236069041,https://www1.hkexnews.hk/search/titlesearch.xhtml,https://www1.hkexnews.hk/search/titlesearch.xhtml,1620585215,14:33:35,20210509
2,2018-06-30,1421.HK,SGD,2018-06-30,2018-06-30,FY,391847968.361681,360605191.410906,31242776.950775,0.07973188448928614,0.0,25682888.592484,0.0,-1724844.648892,25550030.897772,386155222.308678,43423.769343,1287189.025391,6979935.078394,0.017812865299716,5692746.053003,0.014527945817364857,0.0,1577053.581839,0.004024656778067963,5597554.4065,-10552836.167557,-0.026930945212446752,-0.010323,-0.010323,1049799452,1049799452,https://www1.hkexnews.hk/search/titlesearch.xhtml,https://www1.hkexnews.hk/search/titlesearch.xhtml,1620585215,14:33:35,20210509
3,2017-06-30,1421.HK,SGD,2017-06-30,2017-06-30,FY,326222236.895245,217210359.824548,109011877.070697,0.33416445827910374,0.0,28332509.15888,0.0,-1475523.547538,28100097.039865,245310456.864413,0.0,1177984.427045,82089764.457877,0.2516375500307702,80911780.030832,0.24802656250810398,0.0,-154893077.187892,-0.47480845776197206,22989305.254681,-220635387.078099,-0.6763346029931995,-0.284071,-0.284071,776316752,776316752,https://www1.hkexnews.hk/search/titlesearch.xhtml,https://www1.hkexnews.hk/search/titlesearch.xhtml,1620585215,14:33:35,20210509
4,2016-06-30,1421.HK,SGD,2016-06-30,2016-06-30,FY,123888689.069245,106477126.776377,17411562.292868,0.14054198509709123,0.0,11441970.386897,0.0,-5174610.491083,11034355.867421,117511482.643798,0.0,549209.600214,6926416.025661,0.05590838096438025,6377206.425447,0.051475291839455935,0.0,26343760.737975,0.2126405641700729,3384343.689966,22945392.370443,0.1852097438662714,0.035148,0.035148,651475410,651475410,https://www1.hkexnews.hk/search/titlesearch.xhtml,https://www1.hkexnews.hk/search/titlesearch.xhtml,1620585215,14:33:35,20210509
5,2015-06-30,1421.HK,SGD,2015-06-30,2015-06-30,FY,68046825.707293,47138180.954471,20908644.752822,0.3072684807188749,0.0,8153584.741393,0.0,0.0,9668015.809513,56806196.763983,0.0,518247.31385,11758876.257159,0.17280565456117564,11240628.943309,0.16518961504040108,0.0,24519114.656554,0.3603270894960517,2151637.461072,22367477.195482,0.32870713604918,0.035098,0.035098,640000000,640000000,https://www1.hkexnews.hk/search/titlesearch.xhtml,https://www1.hkexnews.hk/search/titlesearch.xhtml,1620585215,14:33:35,20210509
6,2014-06-30,1421.HK,SGD,2014-06-30,2014-06-30,FY,140337302.909036,83821980.13143,56515322.777605,0.40271062366245675,0.0,17189797.021249,0.0,0.0,18729995.38221,102551975.513641,0.0,255621.638623,38040949.034018,0.27106797868757265,37785327.395395,0.2692464983446827,0.0,43557494.332192,0.3103771657947933,7913795.873178,35643698.459014,0.2539859162187089,0.062018,0.062018,576000000,576000000,https://www1.hkexnews.hk/search/titlesearch.xhtml,https://www1.hkexnews.hk/search/titlesearch.xhtml,1620585215,14:33:35,20210509
7,2013-06-30,1421.HK,SGD,2013-06-30,2013-06-30,FY,114036111.077059,63414384.435984,50621726.641075,0.44390961918078536,0.0,7779672.712107,0.0,0.0,8200830.94998,71615215.385964,0.0,249332.619023,42670228.310118005,0.3741817210978366,42420895.691095,0.3719952854445327,0.0,47315893.889694,0.4149202690516222,7339747.305777,39976146.583917,0.3505569087401046,0.078222,0.078222,512000000,512000000,https://www1.hkexnews.hk/search/titlesearch.xhtml,https://www1.hkexnews.hk/search/titlesearch.xhtml,1620585215,14:33:35,20210509
