,date,symbol,reportedCurrency,fillingDate,acceptedDate,period,revenue,costOfRevenue,grossProfit,grossProfitRatio,researchAndDevelopmentExpenses,generalAndAdministrativeExpenses,sellingAndMarketingExpenses,otherExpenses,operatingExpenses,costAndExpenses,interestExpense,depreciationAndAmortization,ebitda,ebitdaratio,operatingIncome,operatingIncomeRatio,totalOtherIncomeExpensesNet,incomeBeforeTax,incomeBeforeTaxRatio,incomeTaxExpense,netIncome,netIncomeRatio,eps,epsdiluted,weightedAverageShsOut,weightedAverageShsOutDil,link,finalLink,timestamp,est_time,est_date
0,2020-12-31,CPF,USD,2021-02-23,2021-02-23 15:12:14,FY,242466000.0,0.0,212418000.0,1.0,0.0,101043000.0,3791000.0,154731000.0,154731000.0,154731000.0,14735000.0,12390000.0,57588000.0,0.2711069683360167,45198000.0,0.20222629152128546,45198000.0,49033000.0,0.20222629152128546,11760000.0,37273000.0,0.1537246459297386,1.3080219579803956,1.3080219579803956,28024812.0,28177366.0,https://www.sec.gov/Archives/edgar/data/701347/000070134721000013/0000701347-21-000013-index.htm,https://www.sec.gov/Archives/edgar/data/701347/000070134721000013/cpf-20201231.htm,1620590605,16:03:25,20210509
1,2019-12-31,CPF,USD,2020-02-25,2020-02-25 16:15:33,FY,225618000.0,0.0,0.0,0.0,0.0,96653000.0,2661000.0,0.0,180000000.0,0.0,32309000.0,8599000.0,0.0,0.0,0.0,0.345393541295464,0.0,77927000.0,0.345393541295464,19605000.0,58322000.0,0.25849887863556986,2.05,2.03,28495699.0,28677100.0,https://www.sec.gov/Archives/edgar/data/701347/000070134720000004/0000701347-20-000004-index.htm,https://www.sec.gov/Archives/edgar/data/701347/000070134720000004/cpf12311910-k.htm,1620590605,16:03:25,20210509
2,2018-12-31,CPF,USD,2019-02-28,2019-02-27 19:28:01,FY,211569000.0,0.0,0.0,0.0,0.0,88603000.0,2675000.0,0.0,159000000.0,0.0,25296000.0,2006000.0,0.0,0.0,0.0,0.36982733765343695,0.0,78244000.0,0.36982733765343695,18758000.0,59486000.0,0.28116595531481453,2.02,2.01,29409683.0,29609907.0,https://www.sec.gov/Archives/edgar/data/701347/000070134719000009/0000701347-19-000009-index.htm,https://www.sec.gov/Archives/edgar/data/701347/000070134719000009/cpf12311810-k.htm,1620590605,16:03:25,20210509
3,2017-12-31,CPF,USD,2018-02-28,2018-02-28 16:14:59,FY,203597000.0,0.0,0.0,0.0,0.0,85137000.0,2408000.0,0.0,143000000.0,0.0,14859000.0,2674000.0,0.0,0.0,0.0,0.36864983275785007,0.0,75056000.0,0.36864983275785007,33852000.0,41204000.0,0.2023801922425183,1.36,1.34,30400511.0,30638140.0,https://www.sec.gov/Archives/edgar/data/701347/000070134718000013/0000701347-18-000013-index.htm,https://www.sec.gov/Archives/edgar/data/701347/000070134718000013/cpf12311710k.htm,1620590605,16:03:25,20210509
4,2016-12-31,CPF,USD,2017-03-01,2017-03-01 15:17:35,FY,196006000.0,0.0,0.0,0.0,0.0,86669000.0,2401000.0,0.0,136000000.0,0.0,9189000.0,2675000.0,0.0,0.0,0.0,0.3684581084252523,0.0,72220000.0,0.3684581084252523,25228000.0,46992000.0,0.23974776282358704,1.52,1.5,31008744.0,31224894.0,https://www.sec.gov/Archives/edgar/data/701347/000070134717000006/0000701347-17-000006-index.htm,https://www.sec.gov/Archives/edgar/data/701347/000070134717000006/cpf12311610k.htm,1620590605,16:03:25,20210509
5,2015-12-31,CPF,USD,2016-02-25,2016-02-25 15:26:35,FY,187934000.0,0.0,0.0,0.0,0.0,78743000.0,2550000.0,0.0,118000000.0,0.0,6507000.0,6859000.0,0.0,0.0,0.0,0.3882001128055594,0.0,72956000.0,0.3882001128055594,27088000.0,45868000.0,0.2440644055891962,1.42,1.4,32238000.0,32651000.0,https://www.sec.gov/Archives/edgar/data/701347/000070134716000034/0000701347-16-000034-index.htm,https://www.sec.gov/Archives/edgar/data/701347/000070134716000034/cpf12311510k.htm,1620590605,16:03:25,20210509
6,2014-12-31,CPF,USD,2015-02-27,2015-02-27 16:06:40,FY,186761000.0,0.0,0.0,0.0,0.0,77903000.0,2342000.0,0.0,130000000.0,0.0,6391000.0,5332000.0,0.0,0.0,0.0,0.3257746531663463,0.0,60842000.0,0.3257746531663463,20389000.0,40453000.0,0.2166030381075278,1.08,1.07,37366000.0,37936000.0,https://www.sec.gov/Archives/edgar/data/701347/000110465915015163/0001104659-15-015163-index.htm,https://www.sec.gov/Archives/edgar/data/701347/000110465915015163/a15-4832_110k.htm,1620590605,16:03:25,20210509
7,2013-12-31,CPF,USD,2014-02-28,2014-02-28 13:51:05,FY,187264000.0,0.0,0.0,0.0,0.0,84396000.0,2666000.0,0.0,135000000.0,0.0,7169000.0,7418000.0,0.0,0.0,0.0,0.31948479152426523,0.0,59828000.0,0.31948479152426523,-112247000.0,172075000.0,0.9188899094326726,4.1,4.07,41961000.0,42317000.0,https://www.sec.gov/Archives/edgar/data/701347/000070134714000016/0000701347-14-000016-index.htm,https://www.sec.gov/Archives/edgar/data/701347/000070134714000016/form10-k.htm,1620590605,16:03:25,20210509
8,2012-12-31,CPF,USD,2013-02-28,2013-02-28 17:00:11,FY,174881000.0,0.0,0.0,0.0,0.0,76733000.0,3516000.0,0.0,139000000.0,0.0,8734000.0,10179000.0,0.0,0.0,0.0,0.2711615326993784,0.0,47421000.0,0.2711615326993784,0.0,47421000.0,0.2711615326993784,1.14,1.13,41720000.0,42084000.0,https://www.sec.gov/Archives/edgar/data/701347/000114036113009841/0001140361-13-009841-index.htm,https://www.sec.gov/Archives/edgar/data/701347/000114036113009841/form10-k.htm,1620590605,16:03:25,20210509
9,2011-12-31,CPF,USD,2012-02-29,2012-02-28 18:27:26,FY,167544000.0,0.0,0.0,0.0,0.0,70821000.0,2961000.0,0.0,152000000.0,0.0,18629000.0,7033000.0,0.0,0.0,0.0,0.2182769899250346,0.0,36571000.0,0.2182769899250346,0.0,36571000.0,0.2182769899250346,3.36,3.31,35891000.0,36342000.0,https://www.sec.gov/Archives/edgar/data/701347/000070134712000010/0000701347-12-000010-index.htm,https://www.sec.gov/Archives/edgar/data/701347/000070134712000010/form10-k.htm,1620590605,16:03:25,20210509
10,2010-12-31,CPF,USD,2011-02-09,2011-02-09 16:50:33,FY,175221000.0,0.0,0.0,0.0,0.0,91045000.0,2531000.0,0.0,467000000.0,0.0,42101000.0,7061000.0,0.0,0.0,0.0,-1.4322084681630627,0.0,-250953000.0,-1.4322084681630627,0.0,-250953000.0,-1.4322084681630627,-124.109953,-124.109953,2090789.0,2090789.0,https://www.sec.gov/Archives/edgar/data/701347/000110465911005945/0001104659-11-005945-index.htm,https://www.sec.gov/Archives/edgar/data/701347/000110465911005945/a11-5095_210k.htm,1620590605,16:03:25,20210509
11,2009-12-31,CPF,USD,2010-03-16,2010-03-16 16:33:29,FY,233741000.0,0.0,0.0,0.0,0.0,96731000.0,3266000.0,2565000.0,628000000.0,0.0,67715000.0,6123000.0,0.0,0.0,0.0,-1.4278282372369417,0.0,-333742000.0,-1.4278282372369417,-19995000.0,-313747000.0,-1.3422848366354212,-149.482899,-149.482899,2011886.0,2011886.0,https://www.sec.gov/Archives/edgar/data/701347/000070134710000009/0000701347-10-000009-index.htm,https://www.sec.gov/Archives/edgar/data/701347/000070134710000009/form10-k.htm,1620590605,16:03:25,20210509
12,2008-12-31,CPF,USD,2009-02-27,2009-02-27 16:05:52,FY,256202000.0,0.0,0.0,0.0,0.0,83641000.0,3358000.0,0.0,523000000.0,0.0,101997000.0,8412000.0,0.0,0.0,0.0,-0.7327304236500886,0.0,-187727000.0,-0.7327304236500886,-49313000.0,-138414000.0,-0.5402533938064495,-70.029331,-70.029331,1977332.0,1977332.0,https://www.sec.gov/Archives/edgar/data/701347/000070134709000018/0000701347-09-000018-index.htm,https://www.sec.gov/Archives/edgar/data/701347/000070134709000018/form10-k.htm,1620590605,16:03:25,20210509
13,2007-12-31,CPF,USD,2008-02-29,2008-02-29 16:03:25,FY,257702000.0,0.0,0.0,0.0,0.0,62562000.0,2582000.0,0.0,368000000.0,0.0,137979000.0,14719000.0,0.0,0.0,0.0,0.10921529518591241,0.0,28145000.0,0.10921529518591241,22339000.0,5806000.0,0.022529898875445282,2.754777,2.754777,2107612.0,2107612.0,https://www.sec.gov/Archives/edgar/data/701347/000070134708000024/0000701347-08-000024-index.htm,https://www.sec.gov/Archives/edgar/data/701347/000070134708000024/form10k.htm,1620590605,16:03:25,20210509
14,2006-12-31,CPF,USD,2007-03-01,2007-03-01 15:58:21,FY,254005000.0,0.0,0.0,0.0,0.0,73211000.0,2569000.0,0.0,243000000.0,0.0,109532000.0,15474000.0,0.0,0.0,0.0,0.4743686147910474,0.0,120492000.0,0.4743686147910474,41312000.0,79180000.0,0.3117261471230881,37.696948,37.261984,2100435.0,2124954.0,https://www.sec.gov/Archives/edgar/data/701347/000110465907015508/0001104659-07-015508-index.htm,https://www.sec.gov/Archives/edgar/data/701347/000110465907015508/a07-5828_110k.htm,1620590605,16:03:25,20210509
15,2005-12-31,CPF,USD,2006-03-15,2006-03-15 16:06:10,FY,237675000.0,0.0,0.0,0.0,0.0,64963000.0,2347000.0,0.0,195000000.0,0.0,66577000.0,18353000.0,0.0,0.0,0.0,0.45855054170611126,0.0,108986000.0,0.45855054170611126,36527000.0,72459000.0,0.30486588829283684,35.08716,34.507207,2065114.0,2099822.0,https://www.sec.gov/Archives/edgar/data/701347/000110465906016881/0001104659-06-016881-index.htm,https://www.sec.gov/Archives/edgar/data/701347/000110465906016881/a06-2806_110k.htm,1620590605,16:03:25,20210509
16,2004-12-31,CPF,USD,2005-03-16,2005-03-16 16:13:56,FY,142190000.0,0.0,0.0,0.0,0.0,43252000.0,2885000.0,0.0,0.0,0.0,30217000.0,6826000.0,0.0,0.0,0.0,0.3796047542021239,0.0,53976000.0,0.3796047542021239,16582000.0,37394000.0,0.2629861452985442,27.54777,27.112805,1158438.0,1379201.0,https://www.sec.gov/Archives/edgar/data/701347/000104746905006768/0001047469-05-006768-index.htm,https://www.sec.gov/Archives/edgar/data/701347/000104746905006768/a2153585z10-k.htm,1620590605,16:03:25,20210509
17,2003-12-31,CPF,USD,2004-03-10,2004-03-10 16:03:02,FY,105887000.0,0.0,0.0,0.0,0.0,29220000.0,0.0,0.0,0.0,0.0,20178000.0,9303000.0,0.0,0.0,0.0,0.46850888211017405,0.0,49609000.0,0.46850888211017405,15669000.0,33940000.0,0.32053037672235496,30.737512,30.01257,1104188.0,1130859.0,https://www.sec.gov/Archives/edgar/data/701347/000104746904007308/0001047469-04-007308-index.htm,https://www.sec.gov/Archives/edgar/data/701347/000104746904007308/a2130345z10-k.htm,1620590605,16:03:25,20210509
18,2002-12-31,CPF,USD,2003-03-14,2003-03-14 15:06:44,FY,104261000.0,0.0,0.0,0.0,0.0,29828000.0,0.0,0.0,0.0,0.0,29483000.0,5330000.0,0.0,0.0,0.0,0.4626658098426065,0.0,48238000.0,0.4626658098426065,14955000.0,33283000.0,0.31922770738818923,30.302547,29.577606,1098357.0,1125277.0,https://www.sec.gov/Archives/edgar/data/701347/000104746903008766/0001047469-03-008766-index.htm,https://www.sec.gov/Archives/edgar/data/701347/000104746903008766/a2104575z10-k.htm,1620590605,16:03:25,20210509
19,2001-12-31,CPF,USD,2002-03-28,2002-03-28 00:00:00,FY,92565000.0,0.0,0.0,0.0,0.0,27805000.0,0.0,0.0,0.0,0.0,51421000.0,3231000.0,0.0,0.0,0.0,0.42005077513098904,0.0,38882000.0,0.42005077513098904,10177000.0,28705000.0,0.3101064117106898,25.372946,24.865487,1131323.0,1154411.0,https://www.sec.gov/Archives/edgar/data/701347/000110465902001001/0001104659-02-001001-index.htm,https://www.sec.gov/Archives/edgar/data/701347/000110465902001001/j3120_10k.htm,1620590605,16:03:25,20210509
20,2000-12-31,CPF,USD,2001-03-30 00:00:00,2001-03-30 00:00:00,FY,82261000.0,0.0,0.0,0.0,0.0,25071000.0,0.0,0.0,0.0,0.0,55559000.0,2639000.0,0.0,0.0,0.0,0.3649238399727696,0.0,30019000.0,0.3649238399727696,10585000.0,19434000.0,0.23624803977583544,15.803721,15.513744,1229710.0,1252696.0,https://www.sec.gov/Archives/edgar/data/701347/000091205701505720/0000912057-01-505720-index.html,https://www.sec.gov/Archives/edgar/data/701347/000091205701505720/a2041992z10-k.htm,1620590605,16:03:25,20210509
21,1999-12-31,CPF,USD,1999-12-31,1999-12-31,FY,81500000.0,0.0,0.0,0.0,0.0,28000000.0,0.0,0.0,0.0,0.0,44400000.0,3100000.0,0.0,0.0,0.0,0.29938650306748466,0.0,24400000.0,0.29938650306748466,8100000.0,16300000.0,0.2,12.324002,12.179014,1322622.0,1338368.0,,,1620590605,16:03:25,20210509
22,1998-12-31,CPF,USD,1998-12-31,1998-12-31,FY,81900000.0,0.0,0.0,0.0,0.0,26500000.0,0.0,0.0,0.0,0.0,46700000.0,3300000.0,0.0,0.0,0.0,0.29426129426129427,0.0,24100000.0,0.29426129426129427,9000000.0,15100000.0,0.18437118437118438,10.584143,10.511649,1426662.0,1436502.0,,,1620590605,16:03:25,20210509
23,1997-12-31,CPF,USD,1997-12-31,1997-12-31,FY,76500000.0,0.0,0.0,0.0,0.0,25800000.0,0.0,0.0,0.0,0.0,44700000.0,3000000.0,0.0,0.0,0.0,0.31895424836601305,0.0,24400000.0,0.31895424836601305,9400000.0,15000000.0,0.19607843137254902,10.294167,10.149178,1457136.0,1477952.0,,,1620590605,16:03:25,20210509
24,1996-12-31,CPF,USD,1996-12-31,1996-12-31,FY,73400000.0,0.0,0.0,0.0,0.0,25000000.0,0.0,0.0,0.0,0.0,41700000.0,3600000.0,0.0,0.0,0.0,0.31743869209809267,0.0,23300000.0,0.31743869209809267,9200000.0,14100000.0,0.19209809264305178,9.714216031763419,2.438197317948366,1451481.0,5782961.0,,,1620590605,16:03:25,20210509
25,1995-12-31,CPF,USD,1995-12-31,1995-12-31,FY,73900000.0,0.0,0.0,0.0,0.0,25700000.0,0.0,0.0,0.0,0.0,44700000.0,4300000.0,0.0,0.0,0.0,0.3085250338294993,0.0,22800000.0,0.3085250338294993,9000000.0,13800000.0,0.18673883626522328,9.569225371206201,2.3841761194354754,1442123.0,5788163.0,,,1620590605,16:03:25,20210509
26,1994-12-31,CPF,USD,1994-12-31,1994-12-31,FY,72900000.0,0.0,0.0,0.0,0.0,25200000.0,0.0,0.0,0.0,0.0,31600000.0,5200000.0,0.0,0.0,0.0,0.3058984910836763,0.0,22300000.0,0.3058984910836763,8800000.0,13500000.0,0.18518518518518517,9.351743,9.351743,1443581.0,1443581.0,,,1620590605,16:03:25,20210509
27,1993-12-31,CPF,USD,1993-12-31,1993-12-31,FY,72300000.0,0.0,0.0,0.0,0.0,22900000.0,0.0,0.0,0.0,0.0,30900000.0,5500000.0,0.0,0.0,0.0,0.355463347164592,0.0,25700000.0,0.355463347164592,10000000.0,15900000.0,0.21991701244813278,2.809148,2.791024,1442875.0,1442875.0,,,1620590605,16:03:25,20210509
28,1992-12-31,CPF,USD,1992-12-31,1992-12-31,FY,66400000.0,0.0,0.0,0.0,0.0,21400000.0,0.0,0.0,0.0,0.0,39400000.0,2000000.0,0.0,0.0,0.0,0.3569277108433735,0.0,23700000.0,0.3569277108433735,9100000.0,14600000.0,0.21987951807228914,2.555418,2.555418,1433495.0,1433495.0,,,1620590605,16:03:25,20210509
29,1991-12-31,CPF,USD,1991-12-31,1991-12-31,FY,60400000.0,0.0,0.0,0.0,0.0,19700000.0,0.0,0.0,0.0,0.0,46200000.0,1800000.0,0.0,0.0,0.0,0.3360927152317881,0.0,20300000.0,0.3360927152317881,7600000.0,12700000.0,0.21026490066225165,2.283565,2.283565,1430736.0,1430736.0,,,1620590605,16:03:25,20210509
30,1990-12-31,CPF,USD,1990-12-31,1990-12-31,FY,52800000.0,0.0,0.0,0.0,0.0,17200000.0,0.0,0.0,0.0,0.0,45600000.0,1300000.0,0.0,0.0,0.0,0.3446969696969697,0.0,18200000.0,0.3446969696969697,6700000.0,11500000.0,0.2178030303030303,2.084206,2.084206,1385767.0,1385767.0,,,1620590605,16:03:25,20210509
31,1989-12-31,CPF,USD,1989-12-31,1989-12-31,FY,42700000.0,0.0,0.0,0.0,0.0,13800000.0,0.0,0.0,0.0,0.0,39600000.0,1000000.0,0.0,0.0,0.0,0.33489461358313816,0.0,14300000.0,0.33489461358313816,4900000.0,9400000.0,0.22014051522248243,1.830477,1.830477,1381904.0,1381904.0,,,1620590605,16:03:25,20210509
32,1988-12-31,CPF,USD,1988-12-31,1988-12-31,FY,0.0,0.0,0.0,0.0,0.0,0.0,0.0,0.0,0.0,0.0,0.0,0.0,0.0,0.0,0.0,0.0,0.0,0.0,0.0,0.0,7300000.0,0.0,0.824621,0.824621,1111262.0,1111262.0,,,1620590605,16:03:25,20210509
33,1987-12-31,CPF,USD,1987-12-31,1987-12-31,FY,0.0,0.0,0.0,0.0,0.0,0.0,0.0,0.0,0.0,0.0,0.0,0.0,0.0,0.0,0.0,0.0,0.0,0.0,0.0,0.0,5200000.0,0.0,0.275972,0.275972,988217.0,988217.0,,,1620590605,16:03:25,20210509
34,1986-12-31,CPF,USD,1986-12-31,1986-12-31,FY,0.0,0.0,0.0,0.0,0.0,0.0,0.0,0.0,0.0,0.0,0.0,0.0,0.0,0.0,0.0,0.0,0.0,0.0,0.0,0.0,4000000.0,0.0,0.234782,0.234782,988217.0,988217.0,,,1620590605,16:03:25,20210509
