,date,symbol,reportedCurrency,fillingDate,acceptedDate,period,revenue,costOfRevenue,grossProfit,grossProfitRatio,researchAndDevelopmentExpenses,generalAndAdministrativeExpenses,sellingAndMarketingExpenses,otherExpenses,operatingExpenses,costAndExpenses,interestExpense,depreciationAndAmortization,ebitda,ebitdaratio,operatingIncome,operatingIncomeRatio,totalOtherIncomeExpensesNet,incomeBeforeTax,incomeBeforeTaxRatio,incomeTaxExpense,netIncome,netIncomeRatio,eps,epsdiluted,weightedAverageShsOut,weightedAverageShsOutDil,link,finalLink,timestamp,est_time,est_date
0,2020-03-31,PRSMJOHNSN.NS,INR,2020-03-31,2020-03-31,FY,59431500000,23653000000,35778500000,0.602012400831209,46600000.0,1947800000.0,9185200000.0,-10563100000.0,21477100000,45130100000,2433100000,2440900000,16742300000,0.2817075120096245,14301400000,0.2406366993934193,0.0,621100000,0.01045068692528373,827600000,16500000,0.0002776305494560965,0.03,0.03,503356580,503356580,https://www.nseindia.com/companies-listing/corporate-filings-annual-reports,https://www.nseindia.com/companies-listing/corporate-filings-annual-reports,1620596816,17:46:56,20210509
1,2019-03-31,PRSMJOHNSN.NS,INR,2019-03-31,2019-03-31,FY,61767700000,23853800000,37913900000,0.6138143398572393,19900000.0,938200000.0,9646500000.0,-12007500000.0,21211000000,45064800000,2130400000,1995400000,18698300000,0.30271970625423966,16702900000,0.27041479608274227,0.0,2012100000,0.03257527801747515,916100000,1164000000,0.018844800761563082,2.31,2.31,503356580,503356580,https://www.nseindia.com/companies-listing/corporate-filings-annual-reports,https://www.nseindia.com/companies-listing/corporate-filings-annual-reports,1620596816,17:46:56,20210509
2,2018-03-31,PRSMJOHNSN.NS,INR,2018-03-31,2018-03-31,FY,54942700000,24267900000,30674800000,0.558305288964685,38200000.0,939000000.0,7652500000.0,-9335700000.0,17830700000,42098600000,2190500000,1843600000,14687700000,0.26732759766083575,12844100000,0.23377263949532878,0.0,1006600000,0.01832090523399833,456600000,425000000,0.007735331536309646,0.84,0.84,503356580,503356580,https://www.nseindia.com/companies-listing/corporate-filings-annual-reports,https://www.nseindia.com/companies-listing/corporate-filings-annual-reports,1620596816,17:46:56,20210509
3,2017-03-31,PRSMJOHNSN.NS,INR,2017-03-31,2017-03-31,FY,50010400000,22183900000,27826500000,0.5564142658327068,35100000.0,694900000.0,7459500000.0,-8311700000.0,16756800000,38940700000,2086200000,1918400000,12988100000,0.25970798074000606,11069700000,0.22134795962439813,0.0,417200000,0.008342264808919744,274700000,-18000000,-0.00035992513557180105,-0.04,-0.04,503356580,503356580,https://www.nseindia.com/companies-listing/corporate-filings-annual-reports,https://www.nseindia.com/companies-listing/corporate-filings-annual-reports,1620596816,17:46:56,20210509
4,2016-03-31,PRSMJOHNSN.NS,INR,2016-03-31,2016-03-31,FY,55435000000,34839900000,20595100000,0.3715179940470822,28000000.0,196900000.0,10252700000.0,11900000.0,18612700000,53452600000,2645300000,1785800000,3768200000,0.06797510597997655,1982400000,0.03576080093803554,0.0,-59300000,-0.001069721295210607,-116600000,33000000,0.0005952917831694778,0.07,0.07,503356580,503356580,https://www.nseindia.com/companies-listing/corporate-filings-annual-reports,https://www.nseindia.com/companies-listing/corporate-filings-annual-reports,1620596816,17:46:56,20210509
5,2015-03-31,PRSMJOHNSN.NS,INR,2015-03-31,2015-03-31,FY,55840000000,35957800000,19882200000,0.35605659025787967,27900000.0,213400000.0,10555100000.0,209500000.0,18125400000,54083200000,2728800000,1648600000,3405400000,0.06098495702005731,1756800000,0.03146131805157593,0.0,-72000000,-0.0012893982808022922,-120200000,26200000,0.0004691977077363897,0.05,0.05,501021620,501021620,https://www.nseindia.com/companies-listing/corporate-filings-annual-reports,https://www.nseindia.com/companies-listing/corporate-filings-annual-reports,1620596816,17:46:56,20210509
6,2014-03-31,PRSMJOHNSN.NS,INR,2014-03-31,2014-03-31,FY,49932000000,33366700000,16565300000,0.3317571897780982,25600000.0,111300000.0,8980100000.0,54300000.0,16777500000,50144200000,2590600000,2003600000,1791400000,0.03587679243771529,-212200000,-0.0042497797003925334,0.0,-1290200000,-0.025839141232075622,-440300000,-862000000,-0.01726347833052952,-1.76,-1.76,491004980,491004980,https://www.nseindia.com/companies-listing/corporate-filings-annual-reports,https://www.nseindia.com/companies-listing/corporate-filings-annual-reports,1620596816,17:46:56,20210509
7,2013-03-31,PRSMJOHNSN.NS,INR,2013-03-31,2013-03-31,FY,48230100000,30781500000,17448600000,0.36177822563088197,24900000.0,169900000.0,8658900000.0,16900000.0,16214100000,46995600000,2121100000,1798900000,3033400000,0.0628943336215351,1234500000,0.025596048940391997,0.0,-847300000,-0.017567867369132555,-242100000,-624700000,-0.012952492323258713,-1.27,-1.27,491004980,491004980,https://www.nseindia.com/companies-listing/corporate-filings-annual-reports,https://www.nseindia.com/companies-listing/corporate-filings-annual-reports,1620596816,17:46:56,20210509
8,2012-03-31,PRSMJOHNSN.NS,INR,2012-03-31,2012-03-31,FY,45962000000,18403900000,27558100000,0.5995844393194378,0.0,0.0,0.0,1837800000.0,25961100000,44365000000,1837800000,1622400000,3219400000,0.07004481963361038,1597000000,0.03474609459988686,0.0,-280800000,-0.006109394717375223,-112300000,-184400000,-0.004012009921239285,-0.38,-0.38,491004980,491004980,https://www.nseindia.com/companies-listing/corporate-filings-annual-reports,https://www.nseindia.com/companies-listing/corporate-filings-annual-reports,1620596816,17:46:56,20210509
9,2011-03-31,PRSMJOHNSN.NS,INR,2011-03-31,2011-03-31,FY,34017100000,21467500000,12549600000,0.36892033712456385,0.0,0.0,7140700000.0,1193600000.0,9896700000,31364200000,1193600000,1260100000,3913000000,0.11503038177857607,2652900000,0.07798724759018258,0.0,1468900000,0.04318122356109133,433200000,1049500000,0.030852130252137896,2.14,2.14,491004980,491004980,https://www.nseindia.com/companies-listing/corporate-filings-annual-reports,https://www.nseindia.com/companies-listing/corporate-filings-annual-reports,1620596816,17:46:56,20210509
10,2010-03-31,PRSMJOHNSN.NS,INR,2010-03-31,2010-03-31,FY,28748600000,16409500000,12339100000,0.42920698747069425,0.0,5356200000.0,0.0,0.0,7828500000,24238000000,600700000,1023500000,5534100000,0.19249980868633604,4510600000,0.15689807503669745,0.0,3801500000,0.13223252610561906,1236100000,2597800000,0.09036266113828152,5.29,5.29,491004980,491004980,https://www.nseindia.com/companies-listing/corporate-filings-annual-reports,https://www.nseindia.com/companies-listing/corporate-filings-annual-reports,1620596816,17:46:56,20210509
11,2009-03-31,PRSMJOHNSN.NS,INR,2009-03-31,2009-03-31,FY,6272400000,3275900000,2996500000,0.47772782348064535,0.0,0.0,1079200000.0,0.0,1500200000,4776100000,32500000,248600000,1744900000,0.27818697787130925,1496300000,0.23855302595497735,0.0,1463800000,0.233371596199222,557900000,920500000,0.14675403354377908,3.09,3.09,298250000,298250000,https://www.nseindia.com/companies-listing/corporate-filings-annual-reports,https://www.nseindia.com/companies-listing/corporate-filings-annual-reports,1620596816,17:46:56,20210509
12,2008-06-30,PRSMJOHNSN.NS,INR,2008-06-30,2008-06-30,FY,8764500000,3829500000,4935000000,0.5630669176792743,0.0,1245400000.0,0.0,0.0,1771500000,5601000000,14700000,319400000,3482900000,0.3973871869473444,3163500000,0.3609447201779908,0.0,3131800000,0.35732785669462036,751000000,2390000000,0.27269096925095554,8.01,8.01,298250000,298250000,https://www.nseindia.com/companies-listing/corporate-filings-annual-reports,https://www.nseindia.com/companies-listing/corporate-filings-annual-reports,1620596816,17:46:56,20210509
13,2007-06-30,PRSMJOHNSN.NS,INR,2007-06-30,2007-06-30,FY,7668000000,3139600000,4528400000,0.5905581637976004,0.0,0.0,989100000.0,0.0,1529800000,4669400000,58000000,340000000,3338600000,0.4353938445487741,2998600000,0.3910537297861241,0.0,2940600000,0.38348982785602503,1012900000,1927700000,0.251395409494001,6.46,6.46,298250000,298250000,https://www.nseindia.com/companies-listing/corporate-filings-annual-reports,https://www.nseindia.com/companies-listing/corporate-filings-annual-reports,1620596816,17:46:56,20210509
