,date,symbol,reportedCurrency,fillingDate,acceptedDate,period,revenue,costOfRevenue,grossProfit,grossProfitRatio,researchAndDevelopmentExpenses,generalAndAdministrativeExpenses,sellingAndMarketingExpenses,otherExpenses,operatingExpenses,costAndExpenses,interestExpense,depreciationAndAmortization,ebitda,ebitdaratio,operatingIncome,operatingIncomeRatio,totalOtherIncomeExpensesNet,incomeBeforeTax,incomeBeforeTaxRatio,incomeTaxExpense,netIncome,netIncomeRatio,eps,epsdiluted,weightedAverageShsOut,weightedAverageShsOutDil,link,finalLink,timestamp,est_time,est_date
0,2020-06-30,CNN.L,GBP,2020-06-30,2020-06-30,FY,536000.0,254000.0,282000.0,0.5261194029850746,0.0,428000.0,0.0,0.0,0.0,662000.0,29000.0,5000.0,-121000.0,-0.22574626865671643,-126000.0,-0.23507462686567165,0.0,95000.0,0.17723880597014927,0.0,95000.0,0.17723880597014927,0.008062068080006606,0.008062068080006606,11783577.0,11783577.0,https://find-and-update.company-information.service.gov.uk/search/companies?q=Caledonian+Trust+PLC,https://find-and-update.company-information.service.gov.uk/search/companies?q=Caledonian+Trust+PLC,1620590488,16:01:28,20210509
1,2019-06-30,CNN.L,GBP,2019-06-30,2019-06-30,FY,881000.0,416000.0,465000.0,0.5278093076049943,0.0,755000.0,0.0,0.0,744000.0,1160000.0,37000.0,5000.0,-274000.0,-0.31101021566401815,-279000.0,-0.3166855845629966,0.0,2059000.0,2.3371169125993188,0.0,2059000.0,2.3371169125993188,0.1747,0.1747,11783577.0,11783577.0,https://find-and-update.company-information.service.gov.uk/search/companies?q=Caledonian+Trust+PLC,https://find-and-update.company-information.service.gov.uk/search/companies?q=Caledonian+Trust+PLC,1620590488,16:01:28,20210509
2,2018-06-30,CNN.L,GBP,2018-06-30,2018-06-30,FY,921000.0,394000.0,527000.0,0.5722041259500543,0.0,649000.0,0.0,0.0,633000.0,1027000.0,23000.0,7000.0,-99000.0,-0.10749185667752444,-106000.0,-0.11509229098805646,0.0,2886000.0,3.1335504885993486,0.0,2886000.0,3.1335504885993486,0.2449,0.2449,11783577.0,11783577.0,https://find-and-update.company-information.service.gov.uk/search/companies?q=Caledonian+Trust+PLC,https://find-and-update.company-information.service.gov.uk/search/companies?q=Caledonian+Trust+PLC,1620590488,16:01:28,20210509
3,2017-06-30,CNN.L,GBP,2017-06-30,2017-06-30,FY,555000.0,340000.0,215000.0,0.38738738738738737,108000.0,611000.0,0.0,0.0,596000.0,936000.0,14000.0,7000.0,-374000.0,-0.6738738738738739,-381000.0,-0.6864864864864865,0.0,1040000.0,1.8738738738738738,0.0,1040000.0,1.8738738738738738,0.0883,0.0883,11783577.0,11783577.0,https://find-and-update.company-information.service.gov.uk/search/companies?q=Caledonian+Trust+PLC,https://find-and-update.company-information.service.gov.uk/search/companies?q=Caledonian+Trust+PLC,1620590488,16:01:28,20210509
4,2016-06-30,CNN.L,GBP,2016-06-30,2016-06-30,FY,789000.0,632000.0,157000.0,0.19898605830164764,391000.0,635000.0,0.0,0.0,620000.0,1252000.0,22000.0,11000.0,-452000.0,-0.5728770595690748,-463000.0,-0.5868187579214195,0.0,105000.0,0.13307984790874525,0.0,105000.0,0.13307984790874525,0.0089,0.0089,11783577.0,11783577.0,https://find-and-update.company-information.service.gov.uk/search/companies?q=Caledonian+Trust+PLC,https://find-and-update.company-information.service.gov.uk/search/companies?q=Caledonian+Trust+PLC,1620590488,16:01:28,20210509
5,2015-06-30,CNN.L,GBP,2015-06-30,2015-06-30,FY,774000.0,496000.0,278000.0,0.35917312661498707,272000.0,726000.0,0.0,0.0,698000.0,1194000.0,116000.0,14000.0,-406000.0,-0.524547803617571,-420000.0,-0.5426356589147286,0.0,565000.0,0.7299741602067183,0.0,565000.0,0.7299741602067183,0.0479,0.0479,11783577.0,11783577.0,https://find-and-update.company-information.service.gov.uk/search/companies?q=Caledonian+Trust+PLC,https://find-and-update.company-information.service.gov.uk/search/companies?q=Caledonian+Trust+PLC,1620590488,16:01:28,20210509
6,2014-06-30,CNN.L,GBP,2014-06-30,2014-06-30,FY,857000.0,661000.0,196000.0,0.22870478413068845,480000.0,761000.0,0.0,0.0,708000.0,1369000.0,105000.0,13000.0,-499000.0,-0.5822637106184364,-512000.0,-0.5974329054842473,0.0,164000.0,0.19136522753792298,0.0,164000.0,0.19136522753792298,0.0139,0.0139,11783577.0,11783577.0,https://find-and-update.company-information.service.gov.uk/search/companies?q=Caledonian+Trust+PLC,https://find-and-update.company-information.service.gov.uk/search/companies?q=Caledonian+Trust+PLC,1620590488,16:01:28,20210509
7,2013-06-30,CNN.L,GBP,2013-06-30,2013-06-30,FY,334000.0,203000.0,131000.0,0.39221556886227543,0.0,726000.0,0.0,0.0,606000.0,809000.0,98000.0,13000.0,-462000.0,-1.3832335329341316,-475000.0,-1.4221556886227544,0.0,-62000.0,-0.18562874251497005,0.0,-62000.0,-0.18562874251497005,-0.0052,-0.0052,11814045.0,11814045.0,https://find-and-update.company-information.service.gov.uk/search/companies?q=Caledonian+Trust+PLC,https://find-and-update.company-information.service.gov.uk/search/companies?q=Caledonian+Trust+PLC,1620590488,16:01:28,20210509
8,2012-06-30,CNN.L,GBP,2012-06-30,2012-06-30,FY,371000.0,310000.0,61000.0,0.16442048517520216,0.0,821000.0,0.0,0.0,736000.0,1046000.0,184000.0,12000.0,-663000.0,-1.7870619946091644,-675000.0,-1.8194070080862534,0.0,-1424000.0,-3.838274932614555,0.0,-1424000.0,-3.838274932614555,-0.1198,-0.1198,11882923.0,11882923.0,https://find-and-update.company-information.service.gov.uk/search/companies?q=Caledonian+Trust+PLC,https://find-and-update.company-information.service.gov.uk/search/companies?q=Caledonian+Trust+PLC,1620590488,16:01:28,20210509
9,2011-06-30,CNN.L,GBP,2011-06-30,2011-06-30,FY,704000.0,368000.0,336000.0,0.4772727272727273,0.0,896000.0,0.0,0.0,1126000.0,1494000.0,260000.0,9000.0,-781000.0,-1.109375,-790000.0,-1.1221590909090908,0.0,-925000.0,-1.3139204545454546,0.0,-925000.0,-1.3139204545454546,-0.0778,-0.0778,11882923.0,11882923.0,https://find-and-update.company-information.service.gov.uk/search/companies?q=Caledonian+Trust+PLC,https://find-and-update.company-information.service.gov.uk/search/companies?q=Caledonian+Trust+PLC,1620590488,16:01:28,20210509
10,2010-06-30,CNN.L,GBP,2010-06-30,2010-06-30,FY,697000.0,305000.0,392000.0,0.5624103299856528,0.0,889000.0,0.0,0.0,737000.0,1042000.0,195000.0,12000.0,-333000.0,-0.47776183644189385,-345000.0,-0.4949784791965567,0.0,-294000.0,-0.4218077474892396,0.0,-294000.0,-0.4218077474892396,-0.0247,-0.0247,11882923.0,11882923.0,https://find-and-update.company-information.service.gov.uk/search/companies?q=Caledonian+Trust+PLC,https://find-and-update.company-information.service.gov.uk/search/companies?q=Caledonian+Trust+PLC,1620590488,16:01:28,20210509
11,2009-06-30,CNN.L,GBP,2009-06-30,2009-06-30,FY,731000.0,265000.0,466000.0,0.6374829001367989,0.0,880000.0,0.0,0.0,243000.0,508000.0,464000.0,10000.0,233000.0,0.31874145006839943,223000.0,0.30506155950752395,0.0,1346000.0,1.841313269493844,0.0,1346000.0,1.841313269493844,0.1133,0.1133,11882923.0,11882923.0,https://find-and-update.company-information.service.gov.uk/search/companies?q=Caledonian+Trust+PLC,https://find-and-update.company-information.service.gov.uk/search/companies?q=Caledonian+Trust+PLC,1620590488,16:01:28,20210509
12,2008-06-30,CNN.L,GBP,2008-06-30,2008-06-30,FY,842000.0,234000.0,608000.0,0.7220902612826603,0.0,840000.0,0.0,0.0,688000.0,922000.0,664000.0,7000.0,-73000.0,-0.08669833729216152,-80000.0,-0.09501187648456057,0.0,-7875000.0,-9.352731591448931,-716000.0,-7159000.0,-8.502375296912113,-0.6025,-0.6025,11882923.0,11882923.0,https://find-and-update.company-information.service.gov.uk/search/companies?q=Caledonian+Trust+PLC,https://find-and-update.company-information.service.gov.uk/search/companies?q=Caledonian+Trust+PLC,1620590488,16:01:28,20210509
13,2007-06-30,CNN.L,GBP,2007-06-30,2007-06-30,FY,684000.0,340000.0,344000.0,0.5029239766081871,0.0,809000.0,0.0,0.0,274000.0,614000.0,567000.0,7000.0,77000.0,0.11257309941520467,70000.0,0.1023391812865497,0.0,398000.0,0.5818713450292398,-126000.0,524000.0,0.7660818713450293,0.0441,0.0441,11882923.0,11882923.0,https://find-and-update.company-information.service.gov.uk/search/companies?q=Caledonian+Trust+PLC,https://find-and-update.company-information.service.gov.uk/search/companies?q=Caledonian+Trust+PLC,1620590488,16:01:28,20210509
14,2006-06-30,CNN.L,GBP,2006-06-30,2006-06-30,FY,1389000.0,418000.0,971000.0,0.6990640748740101,0.0,993000.0,0.0,0.0,1411000.0,1411000.0,319000.0,5000.0,-17000.0,-0.012239020878329733,-22000.0,-0.01583873290136789,0.0,124000.0,0.0892728581713463,-5000.0,129000.0,0.09287257019438445,0.0109,0.0109,11882923.0,11882923.0,https://find-and-update.company-information.service.gov.uk/search/companies?q=Caledonian+Trust+PLC,https://find-and-update.company-information.service.gov.uk/search/companies?q=Caledonian+Trust+PLC,1620590488,16:01:28,20210509
15,2005-06-30,CNN.L,GBP,2005-06-30,2005-06-30,FY,985000.0,262000.0,723000.0,0.7340101522842639,0.0,850000.0,0.0,587000.0,1699000.0,1699000.0,292000.0,0.0,152000.0,0.15431472081218275,-714000.0,-0.7248730964467005,0.0,447000.0,0.45380710659898477,35000.0,412000.0,0.4182741116751269,0.0351,0.0351,11754154.0,11754154.0,https://find-and-update.company-information.service.gov.uk/search/companies?q=Caledonian+Trust+PLC,https://find-and-update.company-information.service.gov.uk/search/companies?q=Caledonian+Trust+PLC,1620590488,16:01:28,20210509
16,2004-06-30,CNN.L,GBP,2004-06-30,2004-06-30,FY,2532000.0,1496530.0,1035470.0,0.4089533965244866,0.0,1129000.0,0.0,55270.0,3618000.0,3618000.0,286000.0,4000.0,-1082000.0,-0.4273301737756714,-1086000.0,-0.42890995260663506,0.0,434000.0,0.17140600315955767,0.0,434000.0,0.17140600315955767,0.0378,0.0363,11496244.0,11996970.0,https://find-and-update.company-information.service.gov.uk/search/companies?q=Caledonian+Trust+PLC,https://find-and-update.company-information.service.gov.uk/search/companies?q=Caledonian+Trust+PLC,1620590488,16:01:28,20210509
17,2003-06-30,CNN.L,GBP,2003-06-30,2003-06-30,FY,1690000.0,347000.0,1343000.0,0.7946745562130177,0.0,669000.0,0.0,20000.0,1387000.0,1387000.0,364000.0,4000.0,307000.0,0.1816568047337278,303000.0,0.17928994082840236,0.0,503000.0,0.29763313609467457,-5000.0,508000.0,0.3005917159763314,0.0441,0.0424,11510267.0,11981132.0,https://find-and-update.company-information.service.gov.uk/search/companies?q=Caledonian+Trust+PLC,https://find-and-update.company-information.service.gov.uk/search/companies?q=Caledonian+Trust+PLC,1620590488,16:01:28,20210509
18,2002-06-30,CNN.L,GBP,2002-06-30,2002-06-30,FY,3071000.0,396000.0,2675000.0,0.8710517746662325,0.0,816000.0,0.0,726000.0,3363000.0,3363000.0,885000.0,13000.0,-279000.0,-0.09084988603060892,-292000.0,-0.095083034842071,0.0,3622000.0,1.1794203842396613,384000.0,3238000.0,1.0543796808857049,0.2756,0.2496,11748911.0,12972756.0,https://find-and-update.company-information.service.gov.uk/search/companies?q=Caledonian+Trust+PLC,https://find-and-update.company-information.service.gov.uk/search/companies?q=Caledonian+Trust+PLC,1620590488,16:01:28,20210509
19,2001-06-30,CNN.L,GBP,2001-06-30,2001-06-30,FY,3067000.0,0.0,3067000.0,1.0,0.0,0.0,0.0,0.0,1802000.0,1802000.0,1263000.0,34000.0,1299000.0,0.4235409194652755,1265000.0,0.4124551679165308,0.0,88000.0,0.028692533420280403,0.0,88000.0,0.028692533420280403,0.007210159770585826,0.0059552006496582524,12205000.0,14777000.0,https://find-and-update.company-information.service.gov.uk/search/companies?q=Caledonian+Trust+PLC,https://find-and-update.company-information.service.gov.uk/search/companies?q=Caledonian+Trust+PLC,1620590488,16:01:28,20210509
20,2000-06-30,CNN.L,GBP,2000-06-30,2000-06-30,FY,5274000.0,0.0,0.0,0.0,0.0,0.0,0.0,0.0,3309000.0,3309000.0,1213000.0,36000.0,2001000.0,0.3794084186575654,1965000.0,0.3725824800910125,0.0,1139000.0,0.21596511186954873,0.0,1139000.0,0.21596511186954873,0.093,0.089,12279000.0,14851000.0,https://find-and-update.company-information.service.gov.uk/search/companies?q=Caledonian+Trust+PLC,https://find-and-update.company-information.service.gov.uk/search/companies?q=Caledonian+Trust+PLC,1620590488,16:01:28,20210509
21,1999-06-30,CNN.L,GBP,1999-06-30,1999-06-30,FY,3341000.0,0.0,0.0,0.0,0.0,0.0,0.0,0.0,892000.0,892000.0,1613000.0,28000.0,2477000.0,0.7413947919784496,2449000.0,0.7330140676444178,0.0,1306000.0,0.3909009278659084,0.0,1306000.0,0.3909009278659084,0.106,0.097,12289000.0,15307000.0,https://find-and-update.company-information.service.gov.uk/search/companies?q=Caledonian+Trust+PLC,https://find-and-update.company-information.service.gov.uk/search/companies?q=Caledonian+Trust+PLC,1620590488,16:01:28,20210509
22,1998-06-30,CNN.L,GBP,1998-06-30,1998-06-30,FY,4350000.0,0.0,0.0,0.0,0.0,0.0,0.0,0.0,1524000.0,1524000.0,1963000.0,29000.0,2855000.0,0.6563218390804598,2826000.0,0.6496551724137931,0.0,948000.0,0.21793103448275863,-42000.0,990000.0,0.22758620689655173,0.081,0.078,12289000.0,16114000.0,https://find-and-update.company-information.service.gov.uk/search/companies?q=Caledonian+Trust+PLC,https://find-and-update.company-information.service.gov.uk/search/companies?q=Caledonian+Trust+PLC,1620590488,16:01:28,20210509
23,1997-06-30,CNN.L,GBP,1997-06-30,1997-06-30,FY,3493000.0,0.0,3493000.0,1.0,0.0,0.0,0.0,2000.0,781000.0,781000.0,1824000.0,4000.0,2716000.0,0.7775551102204409,2712000.0,0.7764099627827082,0.0,948000.0,0.27139994274262813,-77000.0,994000.0,0.2845691382765531,0.081,0.081,12232000.0,12232000.0,https://find-and-update.company-information.service.gov.uk/search/companies?q=Caledonian+Trust+PLC,https://find-and-update.company-information.service.gov.uk/search/companies?q=Caledonian+Trust+PLC,1620590488,16:01:28,20210509
24,1996-06-30,CNN.L,GBP,1996-06-30,1996-06-30,FY,3270000.0,0.0,3270000.0,1.0,0.0,0.0,0.0,0.0,771000.0,771000.0,1980000.0,12000.0,2511000.0,0.7678899082568807,2499000.0,0.7642201834862385,0.0,552000.0,0.1688073394495413,0.0,602000.0,0.18409785932721712,0.051,0.051,11762000.0,11762000.0,https://find-and-update.company-information.service.gov.uk/search/companies?q=Caledonian+Trust+PLC,https://find-and-update.company-information.service.gov.uk/search/companies?q=Caledonian+Trust+PLC,1620590488,16:01:28,20210509
25,1995-06-30,CNN.L,GBP,1995-06-30,1995-06-30,FY,2996000.0,0.0,2996000.0,1.0,0.0,0.0,0.0,3000.0,762000.0,762000.0,1875000.0,6000.0,2240000.0,0.7476635514018691,2234000.0,0.7456608811748998,0.0,863000.0,0.28805073431241657,0.0,916000.0,0.30574098798397864,0.082,0.082,11119000.0,11119000.0,https://find-and-update.company-information.service.gov.uk/search/companies?q=Caledonian+Trust+PLC,https://find-and-update.company-information.service.gov.uk/search/companies?q=Caledonian+Trust+PLC,1620590488,16:01:28,20210509
26,1994-06-30,CNN.L,GBP,1994-06-30,1994-06-30,FY,2933000.0,0.0,2933000.0,1.0,0.0,0.0,0.0,0.0,703000.0,703000.0,2102000.0,6000.0,2236000.0,0.7623593590180703,2230000.0,0.7603136720081828,0.0,504000.0,0.1718377088305489,0.0,559000.0,0.19058983975451757,0.058,0.058,9726000.0,9726000.0,https://find-and-update.company-information.service.gov.uk/search/companies?q=Caledonian+Trust+PLC,https://find-and-update.company-information.service.gov.uk/search/companies?q=Caledonian+Trust+PLC,1620590488,16:01:28,20210509
27,1993-06-30,CNN.L,GBP,1993-06-30,1993-06-30,FY,2530000.0,0.0,2530000.0,1.0,0.0,0.0,0.0,-5000.0,568000.0,568000.0,2216000.0,11000.0,1973000.0,0.7798418972332016,1962000.0,0.775494071146245,0.0,721000.0,0.2849802371541502,0.0,796000.0,0.31462450592885377,0.09,0.09,8856000.0,8856000.0,https://find-and-update.company-information.service.gov.uk/search/companies?q=Caledonian+Trust+PLC,https://find-and-update.company-information.service.gov.uk/search/companies?q=Caledonian+Trust+PLC,1620590488,16:01:28,20210509
28,1992-06-30,CNN.L,GBP,1992-06-30,1992-06-30,FY,1829000.0,0.0,1829000.0,1.0,0.0,0.0,0.0,0.0,513000.0,513000.0,2418000.0,15000.0,1331000.0,0.7277200656096228,1316000.0,0.7195188627665391,0.0,-1056000.0,-0.5773646801530892,0.0,-976000.0,-0.5336249316566429,-0.111,-0.111,8798000.0,8798000.0,https://find-and-update.company-information.service.gov.uk/search/companies?q=Caledonian+Trust+PLC,https://find-and-update.company-information.service.gov.uk/search/companies?q=Caledonian+Trust+PLC,1620590488,16:01:28,20210509
29,1991-06-30,CNN.L,GBP,1991-06-30,1991-06-30,FY,1440000.0,0.0,1440000.0,1.0,0.0,0.0,0.0,718000.0,1169000.0,1169000.0,2620000.0,14000.0,285000.0,0.19791666666666666,271000.0,0.18819444444444444,0.0,-1872000.0,-1.3,0.0,-1806000.0,-1.2541666666666667,-0.207634,-0.207634,8698000.0,8698000.0,https://find-and-update.company-information.service.gov.uk/search/companies?q=Caledonian+Trust+PLC,https://find-and-update.company-information.service.gov.uk/search/companies?q=Caledonian+Trust+PLC,1620590488,16:01:28,20210509
30,1990-06-30,CNN.L,GBP,1990-06-30,1990-06-30,FY,1143000.0,0.0,1143000.0,1.0,0.0,0.0,0.0,1175000.0,618000.0,618000.0,1904000.0,7000.0,532000.0,0.4654418197725284,525000.0,0.45931758530183725,0.0,-726000.0,-0.6351706036745407,-2000.0,-724000.0,-0.6334208223972003,-0.08725,-0.08725,8298000.0,8298000.0,https://find-and-update.company-information.service.gov.uk/search/companies?q=Caledonian+Trust+PLC,https://find-and-update.company-information.service.gov.uk/search/companies?q=Caledonian+Trust+PLC,1620590488,16:01:28,20210509
31,1989-06-30,CNN.L,GBP,1989-06-30,1989-06-30,FY,639000.0,0.0,639000.0,1.0,0.0,0.0,0.0,185000.0,639000.0,639000.0,794000.0,7000.0,228000.0,0.3568075117370892,0.0,-0.8967136150234741,0.0,-573000.0,-0.8967136150234741,-299000.0,-274000.0,-0.4287949921752739,-0.03302,-0.03302,8298000.0,8298000.0,https://find-and-update.company-information.service.gov.uk/search/companies?q=Caledonian+Trust+PLC,https://find-and-update.company-information.service.gov.uk/search/companies?q=Caledonian+Trust+PLC,1620590488,16:01:28,20210509
