,date,symbol,reportedCurrency,fillingDate,acceptedDate,period,revenue,costOfRevenue,grossProfit,grossProfitRatio,researchAndDevelopmentExpenses,generalAndAdministrativeExpenses,sellingAndMarketingExpenses,otherExpenses,operatingExpenses,costAndExpenses,interestExpense,depreciationAndAmortization,ebitda,ebitdaratio,operatingIncome,operatingIncomeRatio,totalOtherIncomeExpensesNet,incomeBeforeTax,incomeBeforeTaxRatio,incomeTaxExpense,netIncome,netIncomeRatio,eps,epsdiluted,weightedAverageShsOut,weightedAverageShsOutDil,link,finalLink,timestamp,est_time,est_date
0,2020-12-31,AASP,USD,2021-04-01,2021-04-01 16:01:04,FY,0.0,0.0,0.0,0.0,0.0,70828.0,0.0,0.0,70828.0,70828.0,0.0,0.0,-70828.0,0.0,-70828.0,0.0,0.0,-70828.0,0.0,0.0,-70828.0,0.0,-0.012517932183517396,-0.012517932183517396,5658123.0,5658123.0,https://www.sec.gov/Archives/edgar/data/930245/000147237521000024/0001472375-21-000024-index.htm,https://www.sec.gov/Archives/edgar/data/930245/000147237521000024/form10k.htm,1620586023,14:47:03,20210509
1,2019-12-31,AASP,USD,2020-03-30,2020-03-30 17:15:18,FY,0.0,0.0,0.0,0.0,0.0,83826.0,0.0,0.0,83826.0,83826.0,0.0,55.0,-83771.0,0.0,-83826.0,0.0,0.0,-83826.0,0.0,0.0,-83826.0,0.0,-0.02,-0.02,5658123.0,5658123.0,https://www.sec.gov/Archives/edgar/data/930245/000147237520000023/0001472375-20-000023-index.htm,https://www.sec.gov/Archives/edgar/data/930245/000147237520000023/form10k.htm,1620586023,14:47:03,20210509
2,2018-12-31,AASP,USD,2019-04-01,2019-04-01 15:24:12,FY,0.0,0.0,0.0,0.0,0.0,80719.0,0.0,0.0,80774.0,80774.0,0.0,55.0,-80719.0,0.0,-80774.0,0.0,0.0,-80774.0,0.0,0.0,-80774.0,0.0,-0.01,-0.01,5658123.0,5658123.0,https://www.sec.gov/Archives/edgar/data/930245/000147237519000019/0001472375-19-000019-index.htm,https://www.sec.gov/Archives/edgar/data/930245/000147237519000019/form10k.htm,1620586023,14:47:03,20210509
3,2017-12-31,AASP,USD,2018-04-02,2018-04-02 14:51:08,FY,0.0,0.0,0.0,0.0,0.0,85739.0,0.0,0.0,85990.0,85990.0,0.0,251.0,-85739.0,0.0,-85990.0,0.0,0.0,-85990.0,0.0,0.0,-85990.0,0.0,-0.02,-0.02,5637013.0,5637013.0,https://www.sec.gov/Archives/edgar/data/930245/000147237518000039/0001472375-18-000039-index.htm,https://www.sec.gov/Archives/edgar/data/930245/000147237518000039/form10k.htm,1620586023,14:47:03,20210509
4,2016-12-31,AASP,USD,2017-04-17,2017-04-17 15:57:43,FY,0.0,0.0,0.0,0.0,0.0,354536.0,0.0,0.0,355585.0,355585.0,309527.0,1049.0,-354536.0,0.0,-355585.0,0.0,0.0,-665112.0,0.0,0.0,-628040.0,0.0,-0.13,-0.13,4826309.0,4826309.0,https://www.sec.gov/Archives/edgar/data/930245/000126327917000012/0001263279-17-000012-index.htm,https://www.sec.gov/Archives/edgar/data/930245/000126327917000012/aasp12-31201610kfinal2.htm,1620586023,14:47:03,20210509
5,2015-12-31,AASP,USD,2016-03-30,2016-03-30 16:36:38,FY,2017102.0,620296.0,1396806.0,0.6924815899245551,0.0,1432615.0,0.0,0.0,1542646.0,2162942.0,530507.0,110031.0,-35809.0,-0.01775269669059869,-145840.0,-0.07230174775494745,0.0,-676347.0,-0.33530629586406635,0.0,-719390.0,-0.3566453258189224,-0.15,-0.15,4624123.0,4624123.0,https://www.sec.gov/Archives/edgar/data/930245/000126327916000019/0001263279-16-000019-index.htm,https://www.sec.gov/Archives/edgar/data/930245/000126327916000019/aasp12-31201510k.htm,1620586023,14:47:03,20210509
6,2014-12-31,AASP,USD,2015-03-30,2015-03-30 12:36:01,FY,2131959.0,671118.0,1460841.0,0.6852106442947543,0.0,1444714.0,0.0,0.0,1557606.0,2228724.0,531229.0,112892.0,16127.0,0.0075644043811349095,-96765.0,-0.045387833443326066,3000.0,-624994.0,-0.29315479331450556,0.0,-705327.0,-0.3308351614641745,-0.14,-0.14,4624123.0,4624123.0,https://www.sec.gov/Archives/edgar/data/930245/000126327915000008/0001263279-15-000008-index.htm,https://www.sec.gov/Archives/edgar/data/930245/000126327915000008/aasp12-31201410k.htm,1620586023,14:47:03,20210509
7,2013-12-31,AASP,USD,2014-03-31,2014-03-31 12:42:25,FY,2091515.0,752257.0,1339258.0,0.6403291394037337,0.0,1499676.0,0.0,0.0,1610997.0,2363254.0,529922.0,111321.0,-160418.0,-0.0766994260141572,-271739.0,-0.12992448057986675,-96026.0,-897687.0,-0.4292041893077506,0.0,-867115.0,-0.41458703380085726,-0.2,-0.2,4622123.0,4622123.0,https://www.sec.gov/Archives/edgar/data/930245/000126327914000003/0001263279-14-000003-index.htm,https://www.sec.gov/Archives/edgar/data/930245/000126327914000003/aasp12-31201310ke1.htm,1620586023,14:47:03,20210509
8,2012-12-31,AASP,USD,2013-04-01,2013-04-01 13:33:40,FY,2127027.0,723107.0,1403920.0,0.660038636086895,0.0,1566246.0,0.0,0.0,1674915.0,2398022.0,540445.0,108669.0,-162326.0,-0.07631590948304841,-270995.0,-0.1274055289378085,-63153.0,-874593.0,-0.4111809582106856,0.0,-901384.0,-0.4237764729831826,-0.2,-0.2,4522123.0,4522123.0,https://www.sec.gov/Archives/edgar/data/930245/000126327913000011/0001263279-13-000011-index.htm,https://www.sec.gov/Archives/edgar/data/930245/000126327913000011/aasp-form10k123112.htm,1620586023,14:47:03,20210509
9,2011-12-31,AASP,USD,2012-03-23,2012-03-23 15:57:05,FY,2121541.0,646070.0,1475471.0,0.6954713578479039,0.0,1490957.0,0.0,0.0,1600585.0,2246655.0,493044.0,109628.0,-15486.0,-0.007299411135584936,-125114.0,-0.05897317091680057,36386.0,-581772.0,-0.27422142678364453,0.0,-693863.0,-0.3270561351395047,-0.15,-0.15,4522123.0,4522123.0,https://www.sec.gov/Archives/edgar/data/930245/000126327912000006/0001263279-12-000006-index.htm,https://www.sec.gov/Archives/edgar/data/930245/000126327912000006/aasp-form10k1231112.htm,1620586023,14:47:03,20210509
10,2010-12-31,AASP,USD,2011-03-24,2011-03-23 17:59:25,FY,1959524.0,690788.0,1268736.0,0.6474715287998514,0.0,1582277.0,0.0,0.0,1680482.0,2371270.0,517000.0,98205.0,-313541.0,-0.16000875722879637,-411746.0,-0.2101255202794148,0.0,-928719.0,-0.47395132695491354,5193.0,-884087.0,-0.4511743668360275,-0.23,-0.23,3815204.0,3815204.0,https://www.sec.gov/Archives/edgar/data/930245/000126327911000039/0001263279-11-000039-index.htm,https://www.sec.gov/Archives/edgar/data/930245/000126327911000039/aasp-form10k123110final.htm,1620586023,14:47:03,20210509
11,2009-12-31,AASP,USD,2010-03-31,2010-03-31 16:16:32,FY,2083640.0,493825.0,1589815.0,0.7629988865638978,0.0,1964247.0,0.0,0.0,2053144.0,2546969.0,470748.0,88897.0,-374432.0,-0.17970090802633853,-463329.0,-0.2223651878443493,-7387.0,-941383.0,-0.4517973354322244,0.0,-739603.0,-0.3549571903015876,-0.21,-0.21,3570000.0,3570000.0,https://www.sec.gov/Archives/edgar/data/930245/000126327910000052/0001263279-10-000052-index.htm,https://www.sec.gov/Archives/edgar/data/930245/000126327910000052/aasp-form10k123109final.htm,1620586023,14:47:03,20210509
12,2008-12-31,AASP,USD,2008-12-31,2008-12-31,FY,2340433.0,591322.0,1749111.0,0.7473450425626369,0.0,2134123.0,0.0,0.0,2219124.0,2810446.0,529045.0,85001.0,-385012.0,-0.16450460235349612,-470013.0,-0.2008230955553951,1091812.0,92754.0,0.039631128086127655,0.0,92754.0,0.039631128086127655,0.03,0.03,3519000.0,3519000.0,,,1620586023,14:47:03,20210509
13,2007-12-31,AASP,USD,2007-12-31,2007-12-31,FY,2268658.0,641934.0,1626724.0,0.7170424100944258,0.0,2099458.0,0.0,0.0,2181900.0,2823834.0,541270.0,82442.0,-472734.0,-0.20837605315565413,-555176.0,-0.24471559838459564,300970.0,0.0,0.0,0.0,-825476.0,-0.36386092571026574,-0.24,-0.24,3439483.0,3439483.0,,,1620586023,14:47:03,20210509
14,2006-12-31,AASP,USD,2006-12-31,2006-12-31,FY,2207979.0,597763.0,1610216.0,0.7292714287590597,0.0,2018384.0,0.0,0.0,2093212.0,2690975.0,504547.0,74828.0,-408168.0,-0.1848604538358381,-482996.0,-0.21875026891107208,-11835.0,0.0,0.0,0.0,-839289.0,-0.38011638697650657,-0.24,-0.24,3497038.0,3497038.0,,,1620586023,14:47:03,20210509
15,2005-12-31,AASP,USD,2005-12-31,2005-12-31,FY,2152867.0,529261.0,1623606.0,0.7541599179141117,0.0,2938551.0,0.0,0.0,3033673.0,3562934.0,503811.0,95122.0,-1314945.0,-0.6107878470894857,-1410067.0,-0.65497171910759,6622.0,0.0,0.0,0.0,-1653581.0,-0.7680832118286917,-0.49,-0.49,3374655.0,3374655.0,,,1620586023,14:47:03,20210509
16,2004-12-31,AASP,USD,2004-12-31,2004-12-31,FY,2168802.0,505555.0,1663247.0,0.7668966553885509,0.0,1978385.0,0.0,0.0,2049539.0,2555094.0,483792.0,71154.0,-315138.0,-0.145305103923733,-386292.0,-0.1781130780956491,923436.0,0.0,0.0,0.0,77371.0,0.035674533682650604,0.02,0.02,3868550.0,3868550.0,,,1620586023,14:47:03,20210509
17,2003-12-31,AASP,USD,2003-12-31,2003-12-31,FY,2218617.0,347301.0,1871316.0,0.8434605882854048,0.0,2041668.0,0.0,0.0,2109571.0,2456872.0,470895.0,67903.0,-170352.0,-0.07678296884951301,-238255.0,-0.10738897249953462,1196991.0,0.0,0.0,0.0,337424.0,0.15208753921925236,0.1,0.1,3374240.0,3374240.0,,,1620586023,14:47:03,20210509
18,2002-12-31,AASP,USD,2002-12-31,2002-12-31,FY,2320184.0,310501.0,2009683.0,0.8661739758570872,0.0,1954172.0,0.0,0.0,2040020.0,2350521.0,504766.0,85848.0,55511.0,0.023925257651979327,-30337.0,-0.013075256100378246,239425.0,0.0,0.0,0.0,-207064.0,-0.0892446461142737,-0.06,-0.06,3451067.0,3451067.0,,,1620586023,14:47:03,20210509
19,2001-12-31,AASP,USD,2001-12-31,2001-12-31,FY,2425781.0,328353.0,2097428.0,0.8646402952286295,0.0,2076322.0,0.0,0.0,2166383.0,2494736.0,514449.0,90061.0,21106.0,0.008700702990088552,-68955.0,-0.02842589664936777,0.0,0.0,0.0,0.0,-976791.0,-0.40267072748941474,-0.31,-0.31,3150939.0,3150939.0,,,1620586023,14:47:03,20210509
20,2000-12-31,AASP,USD,2000-12-31,2000-12-31,FY,2457832.0,436612.0,2021220.0,0.8223588919014807,0.0,1805001.0,0.0,0.0,1903881.0,2340493.0,211642.0,98880.0,216219.0,0.08797143173333247,117339.0,0.047740854541726205,0.0,-94303.0,-0.03836836691848751,0.0,-11125711.0,-4.526636076021469,-3.54,-3.54,3142856.0,3142856.0,,,1620586023,14:47:03,20210509
21,1999-12-31,AASP,USD,1999-12-31,1999-12-31,FY,7006670.0,2081218.0,4925452.0,0.7029661736602408,0.0,5627371.0,0.0,0.0,7490444.0,9571662.0,0.0,1863073.0,-701919.0,-0.1001786868797874,-2564992.0,-0.3660786079549915,0.0,-4088119.0,-0.583461044975716,-269332.0,-3818787.0,-0.545021672206626,-1.27,-1.27,3006919.0,3006919.0,,,1620586023,14:47:03,20210509
22,1998-12-31,AASP,USD,1998-12-31,1998-12-31,FY,1583800.0,941800.0,642000.0,0.40535421139032707,0.0,3008700.0,0.0,0.0,3473100.0,4414900.0,552000.0,464400.0,-2366700.0,-1.4943174643263037,-2831100.0,-1.7875363050890265,1638900.0,0.0,0.0,0.0,-1563500.0,-0.9871827250915519,-0.5,-0.5,3127000.0,3127000.0,,,1620586023,14:47:03,20210509
23,1997-12-31,AASP,USD,1997-12-31,1997-12-31,FY,387200.0,570300.0,-183100.0,-0.47288223140495866,0.0,1736100.0,0.0,0.0,1874800.0,2445100.0,0.0,138700.0,-1919200.0,-4.956611570247934,-2057900.0,-5.314824380165289,0.0,-1963400.0,-5.070764462809917,0.0,120700.0,0.31172520661157027,0.07,0.06,1724286.0,2011667.0,,,1620586023,14:47:03,20210509
24,1995-12-31,AASP,USD,1995-12-31,1995-12-31,FY,1700000.0,200000.0,1500000.0,0.8823529411764706,0.0,1700000.0,0.0,0.0,1700000.0,1900000.0,0.0,0.0,-300000.0,-0.17647058823529413,-200000.0,-0.11764705882352941,100000.0,0.0,0.0,0.0,-200000.0,-0.11764705882352941,-0.07,-0.07,2857143.0,2857143.0,,,1620586023,14:47:03,20210509
25,1994-12-31,AASP,USD,1994-12-31,1994-12-31,FY,1700000.0,0.0,1700000.0,1.0,0.0,1400000.0,0.0,0.0,1400000.0,1400000.0,0.0,0.0,300000.0,0.17647058823529413,300000.0,0.17647058823529413,-200000.0,0.0,0.0,200000.0,0.0,0.0,-0.02,-0.02,3000000.0,3000000.0,,,1620586023,14:47:03,20210509
26,1993-12-31,AASP,USD,1993-12-31,1993-12-31,FY,1900000.0,100000.0,1800000.0,0.9473684210526315,0.0,1300000.0,0.0,0.0,1300000.0,1400000.0,0.0,0.0,1200000.0,0.631578947368421,500000.0,0.2631578947368421,-700000.0,0.0,0.0,0.0,-200000.0,-0.10526315789473684,-0.08,-0.08,2500000.0,2500000.0,,,1620586023,14:47:03,20210509
