,date,symbol,reportedCurrency,fillingDate,acceptedDate,period,revenue,costOfRevenue,grossProfit,grossProfitRatio,researchAndDevelopmentExpenses,generalAndAdministrativeExpenses,sellingAndMarketingExpenses,otherExpenses,operatingExpenses,costAndExpenses,interestExpense,depreciationAndAmortization,ebitda,ebitdaratio,operatingIncome,operatingIncomeRatio,totalOtherIncomeExpensesNet,incomeBeforeTax,incomeBeforeTaxRatio,incomeTaxExpense,netIncome,netIncomeRatio,eps,epsdiluted,weightedAverageShsOut,weightedAverageShsOutDil,link,finalLink,timestamp,est_time,est_date
0,2020-12-31,8112.HK,HKD,2020-12-31,2020-12-31,FY,50973229,18502449.0,32470780,0.6370163444030591,0.0,61816394,0.0,2462596.0,0.0,75364957,1230547.0,19755122.0,-4636606.0,-0.09096159083820254,-24391728.0,-1.130393191296553,0.0,-57619791.0,-1.130393191296553,1578470.0,-58082647.0,-1.1394735656240258,-1.012693573796646,-1.012693573796646,57354612.0,57354612.0,https://www1.hkexnews.hk/search/titlesearch.xhtml,https://www1.hkexnews.hk/search/titlesearch.xhtml,1620585803,14:43:23,20210509
1,2019-12-31,8112.HK,HKD,2019-12-31,2019-12-31,FY,92039627,36059286.0,55980341,0.608219989852849,0.0,75327461,0.0,1353368.0,75212620.0,111271906,2287414.0,14912974.0,-4319305.0,-0.04692875385077343,-19232279.0,-0.20895650739653693,0.0,-15678574.0,-0.17034590981121642,1393034.0,-18107764.0,-0.19673878078623677,-0.316,-0.316,57354612.0,57354612.0,https://www1.hkexnews.hk/search/titlesearch.xhtml,https://www1.hkexnews.hk/search/titlesearch.xhtml,1620585803,14:43:23,20210509
2,2018-12-31,8112.HK,HKD,2018-12-31,2018-12-31,FY,106028264,41866850.0,64161414,0.6051350043795869,0.0,103448769,0.0,10922319.0,102786826.0,144653676,2060.0,5404651.0,-33220761.0,-0.31331986157955016,-38625412.0,-0.36429354346497644,0.0,-131240120.0,-1.2377842949498825,1028755.0,-107933612.0,-1.0179701895336135,-1.88,-1.88,57354612.0,57354612.0,https://www1.hkexnews.hk/search/titlesearch.xhtml,https://www1.hkexnews.hk/search/titlesearch.xhtml,1620585803,14:43:23,20210509
3,2017-12-31,8112.HK,HKD,2017-12-31,2017-12-31,FY,92883100,38212258.0,54670842,0.5885983779611146,0.0,81332311,0.0,0.0,116174449.0,154386707,1617001.0,5895560.0,-55608047.0,-0.5986885342974125,-61503607.0,-0.6621614373335946,0.0,-62077379.0,-0.6683387936018501,50019.0,-52706931.0,-0.5674544777252266,-2.5,-2.5,21142672.0,21142672.0,https://www1.hkexnews.hk/search/titlesearch.xhtml,https://www1.hkexnews.hk/search/titlesearch.xhtml,1620585803,14:43:23,20210509
4,2016-12-31,8112.HK,HKD,2016-12-31,2016-12-31,FY,80646748,33078227.0,47568521,0.589838055218296,0.0,65807238,0.0,0.0,64731179.0,97809406,3698644.0,6000637.0,-11162021.0,-0.1384063372276338,-17162658.0,-0.21281277206614704,0.0,-20430775.0,-0.25333662555122494,0.0,-19460622.0,-0.2413069650372015,-2.30147,-2.30147,8481015.0,8481015.0,https://www1.hkexnews.hk/search/titlesearch.xhtml,https://www1.hkexnews.hk/search/titlesearch.xhtml,1620585803,14:43:23,20210509
5,2015-12-31,8112.HK,HKD,2015-12-31,2015-12-31,FY,72306609,30676437.0,41630172,0.5757450470398909,0.0,56891090,0.0,0.0,55720153.0,86396590,2250526.0,5741993.0,-8347988.0,-0.11545262757378098,-14089981.0,-0.1948643588029415,0.0,-18936258.0,-0.2618883427377987,0.0,-18139328.0,-0.25086680527363686,-3.876465,-3.876465,4674980.0,4674980.0,https://www1.hkexnews.hk/search/titlesearch.xhtml,https://www1.hkexnews.hk/search/titlesearch.xhtml,1620585803,14:43:23,20210509
6,2014-12-31,8112.HK,HKD,2014-12-31,2014-12-31,FY,76304823,37540837.0,38763986,0.5080148865557292,0.0,52990895,0.0,0.0,51895852.0,89436689,26584.0,4430541.0,-8701325.0,-0.11403374856134585,-13131866.0,-0.17209745706375598,0.0,-13192850.0,-0.17289667259958127,0.0,-13003482.0,-0.17041494218524036,-3.033755,-3.033755,4281426.0,4281426.0,https://www1.hkexnews.hk/search/titlesearch.xhtml,https://www1.hkexnews.hk/search/titlesearch.xhtml,1620585803,14:43:23,20210509
7,2013-12-31,8112.HK,HKD,2013-12-31,2013-12-31,FY,72253333,23707797.0,48545536,0.6718795380691989,0.0,44439530,0.0,0.0,44135880.0,67843677,35681.0,3801555.0,8211211.0,0.11364473663796243,4409656.0,0.06103048561095444,0.0,4115834.0,0.0569639327226607,99799.0,4016035.0,0.05558269540313109,0.934642,0.934642,4281426.0,4281426.0,https://www1.hkexnews.hk/search/titlesearch.xhtml,https://www1.hkexnews.hk/search/titlesearch.xhtml,1620585803,14:43:23,20210509
8,2012-12-31,8112.HK,HKD,2012-12-31,2012-12-31,FY,53661805,17150733.0,36511072,0.6803921709305156,0.0,64666253,0.0,0.0,64167924.0,81318657,57448.0,3812115.0,-23844737.0,-0.4443521234516804,-27656852.0,-0.5153917576943228,0.0,-27713371.0,-0.5164450021761288,-385567.0,-27049208.0,-0.5040681728838603,-6.320323,-6.320323,4281426.0,4281426.0,https://www1.hkexnews.hk/search/titlesearch.xhtml,https://www1.hkexnews.hk/search/titlesearch.xhtml,1620585803,14:43:23,20210509
9,2011-12-31,8112.HK,HKD,2011-12-31,2011-12-31,FY,60032678,11435851.0,48596827,0.8095062325888577,0.0,46205116,0.0,0.0,46011409.0,57447260,163252.0,2855336.0,5440754.0,0.09062987328334744,2585418.0,0.04306684436099952,0.0,2422166.0,0.040347458762376054,385567.0,2036599.0,0.03392484006793767,0.551592,0.551592,3671440.0,3671440.0,https://www1.hkexnews.hk/search/titlesearch.xhtml,https://www1.hkexnews.hk/search/titlesearch.xhtml,1620585803,14:43:23,20210509
10,2010-12-31,8112.HK,HKD,2010-12-31,2010-12-31,FY,48545921,9762297.0,38783624,0.798905926617398,0.0,27071146,0.0,0.0,26988662.0,36750959,47785.0,1950899.0,13745861.0,0.28315171937926564,11794962.0,0.2429650474650589,0.0,11747177.0,0.2419807217170728,0.0,11747177.0,0.2419807217170728,3.661957,3.661957,3210939.0,3210939.0,https://www1.hkexnews.hk/search/titlesearch.xhtml,https://www1.hkexnews.hk/search/titlesearch.xhtml,1620585803,14:43:23,20210509
