,date,symbol,reportedCurrency,fillingDate,acceptedDate,period,revenue,costOfRevenue,grossProfit,grossProfitRatio,researchAndDevelopmentExpenses,generalAndAdministrativeExpenses,sellingAndMarketingExpenses,otherExpenses,operatingExpenses,costAndExpenses,interestExpense,depreciationAndAmortization,ebitda,ebitdaratio,operatingIncome,operatingIncomeRatio,totalOtherIncomeExpensesNet,incomeBeforeTax,incomeBeforeTaxRatio,incomeTaxExpense,netIncome,netIncomeRatio,eps,epsdiluted,weightedAverageShsOut,weightedAverageShsOutDil,link,finalLink,timestamp,est_time,est_date
0,2020-12-31,0180.HK,HKD,2020-12-31,2020-12-31,FY,372293000,97125000,275168000,0.739116770930423,0.0,0.0,0.0,255000.0,0.0,397524000,9865000.0,33618000,8387000.0,0.022527955132113683,-25231000.0,-0.2960329632842949,0.0,-110211000.0,-0.2960329632842949,-715000.0,-110366000.0,-0.2964493020282412,-0.11610287527298893,-0.11610287527298893,950588000,950588000,https://www1.hkexnews.hk/search/titlesearch.xhtml,https://www1.hkexnews.hk/search/titlesearch.xhtml,1620584576,14:22:56,20210509
1,2019-12-31,0180.HK,HKD,2019-12-31,2019-12-31,FY,444147000,105506000,338641000,0.7624525213499135,0.0,0.0,0.0,102000.0,0.0,432204000,12387000.0,35446000,47389000.0,0.10669665673752159,11943000.0,0.026889745962485393,0.0,-13060000.0,-0.029404679081475277,981000.0,-14364000.0,-0.03234064397598092,-0.0151,-0.0151,950588000,950588000,https://www1.hkexnews.hk/search/titlesearch.xhtml,https://www1.hkexnews.hk/search/titlesearch.xhtml,1620584576,14:22:56,20210509
2,2018-12-31,0180.HK,HKD,2018-12-31,2018-12-31,FY,663688000,213102000,450586000,0.6789123805161461,0.0,0.0,0.0,0.0,0.0,597926000,7781000.0,24474000,90236000.0,0.13596147587420596,65762000.0,0.09908571497450609,0.0,215805000.0,0.325160316293198,34401000.0,181750000.0,0.27384855534528274,0.1912,0.1912,950588000,950588000,https://www1.hkexnews.hk/search/titlesearch.xhtml,https://www1.hkexnews.hk/search/titlesearch.xhtml,1620584576,14:22:56,20210509
3,2017-12-31,0180.HK,HKD,2017-12-31,2017-12-31,FY,823451000,262654000,560797000,0.6810326297496755,0.0,0.0,0.0,0.0,0.0,660701000,7152000.0,28483000,191233000.0,0.23223361195748138,162750000.0,0.19764381851500576,0.0,354763000.0,0.43082466351974796,26956000.0,321748000.0,0.3907312031924183,0.3385,0.3385,950588000,950588000,https://www1.hkexnews.hk/search/titlesearch.xhtml,https://www1.hkexnews.hk/search/titlesearch.xhtml,1620584576,14:22:56,20210509
4,2016-12-31,0180.HK,HKD,2016-12-31,2016-12-31,FY,753545000,211004000,542541000,0.7199848715073419,0.0,0.0,0.0,0.0,0.0,647992000,9557000.0,31640000,137193000.0,0.1820634467749106,105553000.0,0.14007524434506233,0.0,162199000.0,0.21524792812638927,38651000.0,122905000.0,0.16310240264350503,0.1293,0.1293,950588000,950588000,https://www1.hkexnews.hk/search/titlesearch.xhtml,https://www1.hkexnews.hk/search/titlesearch.xhtml,1620584576,14:22:56,20210509
5,2015-12-31,0180.HK,HKD,2015-12-31,2015-12-31,FY,893447000,214760000,678687000,0.7596275996225853,0.0,0.0,0.0,0.0,0.0,771791000,14444000.0,33980000,155636000.0,0.1741972383364654,121656000.0,0.1361647641102382,0.0,155655000.0,0.17421850428732763,29132000.0,124339000.0,0.13916774022409836,0.1308,0.1308,950588000,950588000,https://www1.hkexnews.hk/search/titlesearch.xhtml,https://www1.hkexnews.hk/search/titlesearch.xhtml,1620584576,14:22:56,20210509
6,2014-12-31,0180.HK,HKD,2014-12-31,2014-12-31,FY,825229000,212479000,612750000,0.7425211668518678,0.0,0.0,0.0,0.0,0.0,820359000,17106000.0,35736000,40606000.0,0.04920573562005213,4870000.0,0.0059013922196141915,0.0,149637000.0,0.1813278496029587,2027000.0,145840000.0,0.17672670252741965,0.1569,0.1569,929484000,929484000,https://www1.hkexnews.hk/search/titlesearch.xhtml,https://www1.hkexnews.hk/search/titlesearch.xhtml,1620584576,14:22:56,20210509
7,2013-12-31,0180.HK,HKD,2013-12-31,2013-12-31,FY,946043000,277744000,668299000,0.7064150361030102,0.0,0.0,0.0,0.0,0.0,1007024000,15434000.0,42773000,-18208000.0,-0.019246482453757388,-60981000.0,-0.06445901507648172,0.0,55906000.0,0.05909456546901145,1073000.0,50930000.0,0.05383476226767705,0.0744,0.0744,684317686,684317686,https://www1.hkexnews.hk/search/titlesearch.xhtml,https://www1.hkexnews.hk/search/titlesearch.xhtml,1620584576,14:22:56,20210509
8,2012-12-31,0180.HK,HKD,2012-12-31,2012-12-31,FY,1267681000,446020000,821661000,0.648160696579029,0.0,0.0,0.0,0.0,0.0,1365124000,13337000.0,42477000,-54966000.0,-0.043359488704177156,-97443000.0,-0.07686712982209247,0.0,182119000.0,0.1436631139853007,15218000.0,164585000.0,0.12983155857033432,0.240234,0.240234,684983097,684983097,https://www1.hkexnews.hk/search/titlesearch.xhtml,https://www1.hkexnews.hk/search/titlesearch.xhtml,1620584576,14:22:56,20210509
9,2011-12-31,0180.HK,HKD,2011-12-31,2011-12-31,FY,1299487000,444663000,854824000,0.6578165075910725,0.0,0.0,0.0,0.0,0.0,1431461000,9799000.0,44411000,-87563000.0,-0.06738274411363869,-131974000.0,-0.10155853810003486,0.0,44152000.0,0.03397648456660205,27992000.0,18129000.0,0.013950889851148953,0.026423,0.026423,684983097,684983097,https://www1.hkexnews.hk/search/titlesearch.xhtml,https://www1.hkexnews.hk/search/titlesearch.xhtml,1620584576,14:22:56,20210509
10,2010-12-31,0180.HK,HKD,2010-12-31,2010-12-31,FY,1618561000,535094000,1083467000,0.66940140037972,0.0,0.0,0.0,0.0,0.0,1542241000,7846000.0,40017000,116337000.0,0.07187680909153255,76320000.0,0.04715299577834879,0.0,197270000.0,0.1218798673636644,37951000.0,164528000.0,0.10165078733516994,0.240234,0.240234,684983097,684983097,https://www1.hkexnews.hk/search/titlesearch.xhtml,https://www1.hkexnews.hk/search/titlesearch.xhtml,1620584576,14:22:56,20210509
11,2009-12-31,0180.HK,HKD,2009-12-31,2009-12-31,FY,1556267000,547328000,1008939000,0.6483071349582045,0.0,0.0,0.0,0.0,0.0,1464778000,8002000.0,36445000,127934000.0,0.08220568835553282,91489000.0,0.058787470273417096,0.0,222800000.0,0.1431630947645873,49332000.0,175391000.0,0.1126998130783471,0.256069,0.256069,684983097,684983097,https://www1.hkexnews.hk/search/titlesearch.xhtml,https://www1.hkexnews.hk/search/titlesearch.xhtml,1620584576,14:22:56,20210509
12,2008-12-31,0180.HK,HKD,2008-12-31,2008-12-31,FY,911191000,466277000,444914000,0.48827743030824494,0.0,0.0,0.0,0.0,0.0,937249000,9685000.0,26087000,29000.0,3.182647765397156e-05,-26058000.0,-0.02859773636921348,0.0,-23541000.0,-0.025835417601798086,2488000.0,-27652000.0,-0.030347095175435226,-0.040411,-0.040411,684983097,684983097,https://www1.hkexnews.hk/search/titlesearch.xhtml,https://www1.hkexnews.hk/search/titlesearch.xhtml,1620584576,14:22:56,20210509
13,2007-12-31,0180.HK,HKD,2007-12-31,2007-12-31,FY,721709000,218809000,502900000,0.6968182466894551,0.0,0.0,0.0,0.0,0.0,642794000,0.0,21726000,100641000.0,0.13944817093870243,78915000.0,0.1093446250497084,0.0,170989000.0,0.23692236067445466,43945000.0,127044000.0,0.17603216808990882,0.184863,0.184863,684826746,684826746,https://www1.hkexnews.hk/search/titlesearch.xhtml,https://www1.hkexnews.hk/search/titlesearch.xhtml,1620584576,14:22:56,20210509
14,2006-12-31,0180.HK,HKD,2006-12-31,2006-12-31,FY,643216000,230018000,413198000,0.6423938459242308,0.0,0.0,0.0,0.0,0.0,586058000,0.0,22795000,79953000.0,0.12430194522524315,57158000.0,0.0888628392328549,0.0,58492000.0,0.09093679261709908,28520000.0,29972000.0,0.046597099574637445,0.043714,0.043714,685634144,685634144,https://www1.hkexnews.hk/search/titlesearch.xhtml,https://www1.hkexnews.hk/search/titlesearch.xhtml,1620584576,14:22:56,20210509
15,2005-12-31,0180.HK,HKD,2005-12-31,2005-12-31,FY,539814000,177307000,362507000,0.6715405676770146,0.0,0.0,0.0,0.0,0.0,502233000,0.0,32165000,69746000.0,0.1292037627775493,37581000.0,0.06961842412386489,0.0,96252000.0,0.17830586090764597,15905000.0,80347000.0,0.14884200854368357,0.117251,0.117251,685254068,685254068,https://www1.hkexnews.hk/search/titlesearch.xhtml,https://www1.hkexnews.hk/search/titlesearch.xhtml,1620584576,14:22:56,20210509
16,2004-12-31,0180.HK,HKD,2004-12-31,2004-12-31,FY,501106000,183273000,317833000,0.6342630102213903,0.0,0.0,0.0,0.0,0.0,477371000,0.0,20951000,44686000.0,0.08917474546303576,23735000.0,0.04736522811540871,0.0,8990000.0,0.017940316020961633,5592000.0,3398000.0,0.0067810004270553535,0.004954,0.004954,685870976,685870976,https://www1.hkexnews.hk/search/titlesearch.xhtml,https://www1.hkexnews.hk/search/titlesearch.xhtml,1620584576,14:22:56,20210509
17,2003-12-31,0180.HK,HKD,2003-12-31,2003-12-31,FY,495325000,184780000,310545000,0.6269520012113259,0.0,0.0,0.0,0.0,0.0,472853000,0.0,21057000,43529000.0,0.08787967496088427,22472000.0,0.04536819260081765,0.0,879000.0,0.0017745924393075254,6209000.0,-5330000.0,-0.010760611719578055,-0.007771,-0.007771,685845745,685845745,https://www1.hkexnews.hk/search/titlesearch.xhtml,https://www1.hkexnews.hk/search/titlesearch.xhtml,1620584576,14:22:56,20210509
18,2002-12-31,0180.HK,HKD,2002-12-31,2002-12-31,FY,353049000,94010000,259039000,0.7337196819704913,0.0,0.0,0.0,0.0,0.0,357781000,0.0,23605000,18873000.0,0.05345716883492093,-4732000.0,-0.013403238643927614,0.0,-28281000.0,-0.08010502791397228,11375000.0,-39656000.0,-0.11232435157725981,-0.057897,-0.057897,684938964,684938964,https://www1.hkexnews.hk/search/titlesearch.xhtml,https://www1.hkexnews.hk/search/titlesearch.xhtml,1620584576,14:22:56,20210509
19,2001-12-31,0180.HK,HKD,2001-12-31,2001-12-31,FY,430637000,158124000,272513000,0.6328137154958817,0.0,0.0,0.0,0.0,0.0,421655000,0.0,20024000,29006000.0,0.06735603303942764,8982000.0,0.02085747392815759,0.0,-10060000.0,-0.023360742342158243,14779000.0,-24839000.0,-0.05767966988438058,-0.036234,-0.036234,685511117,685511117,https://www1.hkexnews.hk/search/titlesearch.xhtml,https://www1.hkexnews.hk/search/titlesearch.xhtml,1620584576,14:22:56,20210509
