,date,symbol,reportedCurrency,fillingDate,acceptedDate,period,revenue,costOfRevenue,grossProfit,grossProfitRatio,researchAndDevelopmentExpenses,generalAndAdministrativeExpenses,sellingAndMarketingExpenses,otherExpenses,operatingExpenses,costAndExpenses,interestExpense,depreciationAndAmortization,ebitda,ebitdaratio,operatingIncome,operatingIncomeRatio,totalOtherIncomeExpensesNet,incomeBeforeTax,incomeBeforeTaxRatio,incomeTaxExpense,netIncome,netIncomeRatio,eps,epsdiluted,weightedAverageShsOut,weightedAverageShsOutDil,link,finalLink,timestamp,est_time,est_date
0,2019-12-31,CPKA,USD,2020-03-27 00:00:00,2020-03-27 06:04:15,FY,0.0,0.0,0.0,0.0,0.0,184155.0,0.0,0.0,184155.0,184155.0,0.0,0.0,383039.0,0.0,-184155.0,0.0,-567194.0,-742668.0,0.0,0.0,-742668.0,0.0,-0.01,-0.01,60982172,60982172,https://www.sec.gov/Archives/edgar/data/1025771/000147793220001540/0001477932-20-001540-index.html,https://www.sec.gov/Archives/edgar/data/1025771/000147793220001540/cpka_10k.htm,1620590616,16:03:36,20210509
1,2018-12-31,CPKA,USD,2019-03-26 00:00:00,2019-03-26 17:15:39,FY,0.0,0.0,0.0,0.0,0.0,53867.0,0.0,0.0,53867.0,53867.0,0.0,0.0,-53867.0,0.0,-53867.0,0.0,0.0,-43591.0,0.0,0.0,-43591.0,0.0,-0.02,-0.02,15654275,15654275,https://www.sec.gov/Archives/edgar/data/1025771/000147793219001186/0001477932-19-001186-index.html,https://www.sec.gov/Archives/edgar/data/1025771/000147793219001186/cpka_10k.htm,1620590616,16:03:36,20210509
2,2017-12-31,CPKA,USD,2018-03-13 00:00:00,2018-03-13 12:50:56,FY,0.0,0.0,0.0,0.0,0.0,60850.0,0.0,0.0,60850.0,60850.0,0.0,0.0,-29372.0,0.0,-60850.0,0.0,-31478.0,-89121.0,0.0,0.0,-89121.0,0.0,-0.01,-0.01,15536275,15536275,https://www.sec.gov/Archives/edgar/data/1025771/000147793218001249/0001477932-18-001249-index.html,https://www.sec.gov/Archives/edgar/data/1025771/000147793218001249/cpka_10k.htm,1620590616,16:03:36,20210509
3,2016-12-31,CPKA,USD,2017-02-28 00:00:00,2017-02-27 20:52:28,FY,0.0,0.0,0.0,0.0,0.0,110815.0,0.0,0.0,110815.0,110815.0,0.0,0.0,-110815.0,0.0,-110815.0,0.0,0.0,-110717.0,0.0,0.0,-110717.0,0.0,-0.01,-0.01,15536275,15536275,https://www.sec.gov/Archives/edgar/data/1025771/000147793217000957/0001477932-17-000957-index.html,https://www.sec.gov/Archives/edgar/data/1025771/000147793217000957/cpka_10k.htm,1620590616,16:03:36,20210509
4,2015-12-31,CPKA,USD,2016-03-28 00:00:00,2016-03-28 12:11:43,FY,0.0,0.0,0.0,0.0,0.0,86270.0,0.0,0.0,86270.0,86270.0,0.0,0.0,-71586.0,0.0,-86270.0,0.0,-14684.0,-100852.0,0.0,0.0,-100852.0,0.0,-0.01,-0.01,15536275,15536275,https://www.sec.gov/Archives/edgar/data/1025771/000147793216009195/0001477932-16-009195-index.html,https://www.sec.gov/Archives/edgar/data/1025771/000147793216009195/cpka_10k.htm,1620590616,16:03:36,20210509
5,2014-12-31,CPKA,USD,2014-12-31,2014-12-31,FY,0.0,0.0,0.0,0.0,0.0,159368.0,0.0,0.0,159368.0,159368.0,0.0,0.0,-159368.0,0.0,-159368.0,0.0,0.0,-158067.0,0.0,0.0,-158067.0,0.0,-0.01,-0.01,15536275,15536275,,,1620590616,16:03:36,20210509
6,2013-12-31,CPKA,USD,2013-12-31,2013-12-31,FY,0.0,0.0,0.0,0.0,0.0,133257.0,0.0,0.0,133257.0,133257.0,0.0,0.0,-141778.0,0.0,-133257.0,0.0,8660.0,-133118.0,0.0,0.0,-133118.0,0.0,-0.01,-0.01,15536275,15536275,,,1620590616,16:03:36,20210509
7,2012-12-31,CPKA,USD,2012-12-31,2012-12-31,FY,0.0,0.0,0.0,0.0,0.0,142656.0,0.0,0.0,142656.0,142656.0,0.0,0.0,-142494.0,0.0,-142656.0,0.0,69815.0,-72679.0,0.0,0.0,-72679.0,0.0,-0.01,-0.01,15536275,15536275,,,1620590616,16:03:36,20210509
8,2011-12-31,CPKA,USD,2011-12-31,2011-12-31,FY,0.0,0.0,0.0,0.0,0.0,105411.0,0.0,0.0,105411.0,105411.0,0.0,0.0,-104870.0,0.0,-105411.0,0.0,16250.0,-88620.0,0.0,0.0,-88620.0,0.0,-0.02,-0.02,15536275,15536275,,,1620590616,16:03:36,20210509
