,date,symbol,reportedCurrency,fillingDate,acceptedDate,period,revenue,costOfRevenue,grossProfit,grossProfitRatio,researchAndDevelopmentExpenses,generalAndAdministrativeExpenses,sellingAndMarketingExpenses,otherExpenses,operatingExpenses,costAndExpenses,interestExpense,depreciationAndAmortization,ebitda,ebitdaratio,operatingIncome,operatingIncomeRatio,totalOtherIncomeExpensesNet,incomeBeforeTax,incomeBeforeTaxRatio,incomeTaxExpense,netIncome,netIncomeRatio,eps,epsdiluted,weightedAverageShsOut,weightedAverageShsOutDil,link,finalLink,timestamp,est_time,est_date
0,2020-12-31,0715.HK,HKD,2020-12-31,2020-12-31,FY,99996000,9437000.0,90559000.0,0.9056262250490019,0.0,161744000,2744000.0,0.0,0.0,184634000.0,188496000.0,0.0,-127315000,-1.2732009280371215,-84638000,-9.328523140925636,0.0,-932815000,-9.328523140925636,4919000.0,-926596000,-9.26633065322613,-0.0574,-0.0574,16142653060,16979565243,https://www1.hkexnews.hk/search/titlesearch.xhtml,https://www1.hkexnews.hk/search/titlesearch.xhtml,1620584877,14:27:57,20210509
1,2019-12-31,0715.HK,HKD,2019-12-31,2019-12-31,FY,113027000,9258000.0,103769000.0,0.9180903677882276,0.0,162804000,5268000.0,0.0,0.0,177761000.0,6066000.0,25640000.0,-39094000,-0.3458819574084068,-64734000,-0.572730409548161,0.0,-53932000,-0.47716032452422874,17962000.0,-58044000,-0.5135410123244888,-0.0035956914755126378,-0.003416820391590596,16142653060,16987723482,https://www1.hkexnews.hk/search/titlesearch.xhtml,https://www1.hkexnews.hk/search/titlesearch.xhtml,1620584877,14:27:57,20210509
2,2018-12-31,0715.HK,HKD,2018-12-31,2018-12-31,FY,138637000,10319000.0,128318000.0,0.9255682105065747,0.0,90186000,5849000.0,0.0,0.0,107573000.0,0.0,3106000.0,34170000,0.24647099980524678,31064000,0.22406716821627704,0.0,-53679000,-0.38719100961503783,26243000.0,-48840000,-0.3522869075355064,-0.003,-0.003,16142653060,16142653060,https://www1.hkexnews.hk/search/titlesearch.xhtml,https://www1.hkexnews.hk/search/titlesearch.xhtml,1620584877,14:27:57,20210509
3,2017-12-31,0715.HK,HKD,2017-12-31,2017-12-31,FY,142174000,9406000.0,132768000.0,0.9338416306779017,0.0,73407000,2425000.0,469000.0,0.0,85238000.0,0.0,3489000.0,60425000,0.4250073853165839,56936000,0.4004670333534964,0.0,86556000,0.6088032973680139,17411000.0,70422000,0.495322632830194,0.0044,0.0044,16142653060,16142653060,https://www1.hkexnews.hk/search/titlesearch.xhtml,https://www1.hkexnews.hk/search/titlesearch.xhtml,1620584877,14:27:57,20210509
4,2016-12-31,0715.HK,HKD,2016-12-31,2016-12-31,FY,153390000,10246000.0,143144000.0,0.9332029467370754,0.0,73052000,1798000.0,0.0,0.0,85096000.0,0.0,3196000.0,71490000,0.4660668883238803,68294000,0.4452311102418671,0.0,257436000,1.6783101897124975,87188000.0,136214000,0.8880239911337114,0.009,0.009,15113522173,15113522173,https://www1.hkexnews.hk/search/titlesearch.xhtml,https://www1.hkexnews.hk/search/titlesearch.xhtml,1620584877,14:27:57,20210509
5,2015-12-31,0715.HK,HKD,2015-12-31,2015-12-31,FY,189208000,18446000.0,170762000.0,0.9025094076360407,0.0,90724000,4090000.0,0.0,0.0,113260000.0,0.0,2108000.0,78056000,0.41254069595365944,75948000,0.4013995179907826,0.0,152888000,0.8080419432582132,22212000.0,122510000,0.6474884782884445,0.0121,0.0121,10122942296,10122942296,https://www1.hkexnews.hk/search/titlesearch.xhtml,https://www1.hkexnews.hk/search/titlesearch.xhtml,1620584877,14:27:57,20210509
6,2014-12-31,0715.HK,HKD,2014-12-31,2014-12-31,FY,94414000,16955000.0,77459000.0,0.8204185819899591,0.0,27437000,1793000.0,-4215000.0,0.0,46185000.0,0.0,630000.0,48859000,0.5174974050458618,48229000,0.5108246658334569,0.0,120018000,1.2711885949117716,22271000.0,88293000,0.9351685131442371,0.009845184513115824,0.009845176514584308,8968140707,8968147993,https://www1.hkexnews.hk/search/titlesearch.xhtml,https://www1.hkexnews.hk/search/titlesearch.xhtml,1620584877,14:27:57,20210509
7,2013-12-31,0715.HK,HKD,2013-12-31,2013-12-31,FY,88433000,16644000.0,71789000.0,0.8117897165085431,0.0,24861000,1593000.0,50420000.0,0.0,43098000.0,0.0,552000.0,45887000,0.5188900071240374,45335000,0.5126479933961304,0.0,199683000,2.2580145420827065,16642000.0,174746000,1.9760270487261542,0.0195,0.0195,8968140707,8968140707,https://www1.hkexnews.hk/search/titlesearch.xhtml,https://www1.hkexnews.hk/search/titlesearch.xhtml,1620584877,14:27:57,20210509
8,2012-12-31,0715.HK,HKD,2012-12-31,2012-12-31,FY,87819000,15436000.0,72383000.0,0.8242293808856853,0.0,21779000,2730000.0,71204000.0,0.0,39945000.0,762000.0,486000.0,48360000,0.550678099272367,47874000,0.5451439893417142,0.0,208085000,2.3694758537446337,16480000.0,182160000,2.074266388822464,0.020311902539376606,0.020311868690568082,8968140707,8968155652,https://www1.hkexnews.hk/search/titlesearch.xhtml,https://www1.hkexnews.hk/search/titlesearch.xhtml,1620584877,14:27:57,20210509
9,2011-12-31,0715.HK,HKD,2011-12-31,2011-12-31,FY,86366000,14848000.0,71518000.0,0.8280804946390941,0.0,22919000,3129000.0,0.0,0.0,40896000.0,1788000.0,770000.0,46240000,0.5353958733760971,45470000,0.5264803279068152,0.0,120372000,1.3937429080888313,22011000.0,91002000,1.0536785309033647,0.0101,0.0101,8967252597,8967252597,https://www1.hkexnews.hk/search/titlesearch.xhtml,https://www1.hkexnews.hk/search/titlesearch.xhtml,1620584877,14:27:57,20210509
10,2010-12-31,0715.HK,HKD,2010-12-31,2010-12-31,FY,82185000,13675000.0,68510000.0,0.8336071059195717,0.0,47754000,1835000.0,0.0,0.0,-4375000.0,1767000.0,1084000.0,87644000,1.066423313256677,86560000,1.0532335584352375,0.0,159983000,1.9466204295187686,19123000.0,152152000,1.8513354018373183,0.017,0.017,8962283754,8962283754,https://www1.hkexnews.hk/search/titlesearch.xhtml,https://www1.hkexnews.hk/search/titlesearch.xhtml,1620584877,14:27:57,20210509
11,2009-12-31,0715.HK,HKD,2009-12-31,2009-12-31,FY,272019000,182315000.0,89704000.0,0.32977108216705453,0.0,71228000,13968000.0,0.0,0.0,108455000.0,2705000.0,4249000.0,167813000,0.6169164653939615,163564000,0.6012962329837254,0.0,218867000,0.8046018844271907,22853000.0,188122000,0.6915766913340612,0.021,0.021,8950722055,8950722055,https://www1.hkexnews.hk/search/titlesearch.xhtml,https://www1.hkexnews.hk/search/titlesearch.xhtml,1620584877,14:27:57,20210509
12,2008-12-31,0715.HK,HKD,2008-12-31,2008-12-31,FY,766953000,560707000.0,206246000.0,0.26891608742647855,0.0,132419000,25446000.0,0.0,0.0,-1426427000.0,3028000.0,0.0,2288549000,2.9839494727838605,2193380000,2.859862338370148,0.0,2285521000,2.980001382092514,70987000.0,2009418000,2.620001486401383,0.2246,0.2246,8950071483,8950071483,https://www1.hkexnews.hk/search/titlesearch.xhtml,https://www1.hkexnews.hk/search/titlesearch.xhtml,1620584877,14:27:57,20210509
13,2007-12-31,0715.HK,HKD,2007-12-31,2007-12-31,FY,2709739000,2334523000.0,375216000.0,0.13846942454605407,0.0,173560000,76255000.0,0.0,0.0,2584338000.0,0.0,0.0,125401000,0.04627788875607577,125401000,0.04627788875607577,0.0,289802000,0.10694830756762921,-32413000.0,322215000,0.11890997620065992,0.0037,0.0037,8949444707,8949444707,https://www1.hkexnews.hk/search/titlesearch.xhtml,https://www1.hkexnews.hk/search/titlesearch.xhtml,1620584877,14:27:57,20210509
14,2006-12-31,0715.HK,HKD,2006-12-31,2006-12-31,FY,2587808000,2244542000.0,343266000.0,0.1326473988796696,0.0,220775000,97501000.0,0.0,0.0,2562818000.0,0.0,0.0,24990000,0.009656821526171958,24990000,0.009656821526171958,0.0,157319000,0.060792377177905005,105709000.0,51610000,0.019943519766536,0.0075,0.0075,6681600000,6681600000,https://www1.hkexnews.hk/search/titlesearch.xhtml,https://www1.hkexnews.hk/search/titlesearch.xhtml,1620584877,14:27:57,20210509
15,2005-12-31,0715.HK,HKD,2005-12-31,2005-12-31,FY,2620389000,2292810000.0,327579000.0,0.1250115917903792,0.0,178947000,101631000.0,0.0,0.0,2573388000.0,0.0,0.0,47001000,0.01793664986381793,47001000,0.01793664986381793,0.0,219072000,0.08360285438536035,26509000.0,192563000,0.0734864174746574,0.0277,0.0277,6715379061,6715379061,https://www1.hkexnews.hk/search/titlesearch.xhtml,https://www1.hkexnews.hk/search/titlesearch.xhtml,1620584877,14:27:57,20210509
16,2004-12-31,0715.HK,HKD,2004-12-31,2004-12-31,FY,2602017000,2273072000.0,328945000.0,0.126419235539199,0.0,147948000,68634000.0,0.0,0.0,2489654000.0,0.0,0.0,112363000,0.0431830383890651,112363000,0.0431830383890651,0.0,189794000,0.07294110684134654,18616000.0,171178000,0.0657866570433629,0.0243,0.0243,6703004115,6703004115,https://www1.hkexnews.hk/search/titlesearch.xhtml,https://www1.hkexnews.hk/search/titlesearch.xhtml,1620584877,14:27:57,20210509
17,2003-12-31,0715.HK,HKD,2003-12-31,2003-12-31,FY,2192311000,1895780000.0,296531000.0,0.13525955031015216,0.0,153723000,0.0,0.0,0.0,2102822000.0,0.0,0.0,89489000,0.04081948227236008,89489000,0.04081948227236008,0.0,153078000,0.06982494728165849,17351000.0,135727000,0.0619104679947325,0.0201,0.0201,6379104478,6379104478,https://www1.hkexnews.hk/search/titlesearch.xhtml,https://www1.hkexnews.hk/search/titlesearch.xhtml,1620584877,14:27:57,20210509
18,2002-12-31,0715.HK,HKD,2002-12-31,2002-12-31,FY,1815929000,1552480000.0,263449000.0,0.14507670729417285,0.0,145930000,0.0,0.0,0.0,1687105000.0,0.0,0.0,128824000,0.07094109956942149,128824000,0.07094109956942149,0.0,127780000,0.07036618722428024,16829000.0,110951000,0.06109875441165376,0.0187,0.0173,5618983957,6073699422,https://www1.hkexnews.hk/search/titlesearch.xhtml,https://www1.hkexnews.hk/search/titlesearch.xhtml,1620584877,14:27:57,20210509
19,2001-12-31,0715.HK,HKD,2001-12-31,2001-12-31,FY,70398000,67237000.0,3161000.0,0.04490184380238075,0.0,152195000,0.0,0.0,0.0,347638000.0,0.0,0.0,-277240000,-3.938180061933578,-277240000,-3.938180061933578,0.0,675589000,9.596707292820819,211000.0,675378000,9.593710048580926,0.1216,0.1216,5597055921,5597055921,https://www1.hkexnews.hk/search/titlesearch.xhtml,https://www1.hkexnews.hk/search/titlesearch.xhtml,1620584877,14:27:57,20210509
