,date,symbol,reportedCurrency,fillingDate,acceptedDate,period,revenue,costOfRevenue,grossProfit,grossProfitRatio,researchAndDevelopmentExpenses,generalAndAdministrativeExpenses,sellingAndMarketingExpenses,otherExpenses,operatingExpenses,costAndExpenses,interestExpense,depreciationAndAmortization,ebitda,ebitdaratio,operatingIncome,operatingIncomeRatio,totalOtherIncomeExpensesNet,incomeBeforeTax,incomeBeforeTaxRatio,incomeTaxExpense,netIncome,netIncomeRatio,eps,epsdiluted,weightedAverageShsOut,weightedAverageShsOutDil,link,finalLink,timestamp,est_time,est_date
0,2020-06-30,UCM.AX,AUD,2020-06-30,2020-06-30,FY,3479758.0,435007.0,3044751.0,0.8749892952325995,809998.0,2544940.0,681578.0,791428.0,4842827.0,0.0,89896.0,569732.0,-1228344.0,-0.3529969612829398,-1798076.0,-0.5167244388833936,560243.0,-1314189.0,-0.3776667802760997,17146.0,-1331335.0,-0.3825941344196924,-0.009683608678909593,-0.009683608678909593,137483354,137483354,,,1620599216,18:26:56,20210509
1,2019-06-30,UCM.AX,AUD,2019-06-30,2019-06-30,FY,2844138.0,687249.0,2156889.0,0.7583629908253396,759565.0,2125717.0,852015.0,777281.0,4334191.0,0.0,1456.0,334672.0,-1842630.0,-0.6478694071806642,-2177302.0,-0.765540209370994,777281.0,-1380938.0,-0.4855383247929601,8460.0,-1389398.0,-0.48851286400308286,-0.01,-0.01,137483354,137483354,,,1620599216,18:26:56,20210509
2,2018-06-30,UCM.AX,AUD,2018-06-30,2018-06-30,FY,2168051.0,605348.0,1562703.0,0.7207870110066599,845436.0,2367760.0,519658.0,662557.0,4207745.0,0.0,4910.0,304303.0,-2340739.0,-1.0796512628162345,-2645042.0,-1.2200091234016175,662557.0,-1956295.0,-0.90232886588,4628.0,-1960923.0,-0.9044635020117147,-0.016,-0.016,125569613,125569613,,,1620599216,18:26:56,20210509
3,2017-06-30,UCM.AX,AUD,2017-06-30,2017-06-30,FY,2723359.0,711203.0,2012156.0,0.7388508088724256,614117.0,2903217.0,575094.0,709344.0,4527143.0,0.0,9091.0,284650.0,-2230337.0,-0.8189654760903722,-2514987.0,-0.9234871348213731,709344.0,-1799396.0,-0.6607266981694297,1453.0,-1800849.0,-0.6612602304727361,-0.016,-0.016,110601128,110601128,,,1620599216,18:26:56,20210509
4,2016-06-30,UCM.AX,AUD,2016-06-30,2016-06-30,FY,2482925.0,708013.0,1774912.0,0.7148472064198476,542903.0,2413259.0,784493.0,434078.0,4123162.0,0.0,0.0,278713.0,-2069537.0,-0.8335076572993546,-2348250.0,-0.9457595376420955,434078.0,-1903439.0,-0.7666115569338583,11590.0,-1915029.0,-0.7712794385654017,-0.02,-0.02,96118052,96118052,,,1620599216,18:26:56,20210509
5,2015-06-30,UCM.AX,AUD,2015-06-30,2015-06-30,FY,1515381.0,341718.0,1173663.0,0.7745002741884714,488178.0,1513930.0,557523.0,511393.0,2853594.0,0.0,0.0,172019.0,-1507912.0,-0.9950712065150612,-1679931.0,-1.1085865534806099,451625.0,-1215654.0,-0.8022101372526117,0.0,-1215654.0,-0.8022101372526117,-0.015,-0.015,81647161,81647161,,,1620599216,18:26:56,20210509
6,2014-06-30,UCM.AX,AUD,2014-06-30,2014-06-30,FY,1056502.0,235308.0,821194.0,0.7772763326524701,396522.0,1214618.0,494900.0,-24807.0,2459758.0,0.0,0.0,210030.0,-1428534.0,-1.3521356324928868,-1638564.0,-1.5509331738132062,-203076.0,-1833550.0,-1.735491272141463,-313050.0,-1520500.0,-1.4391832670454008,-0.02,-0.02,74712512,74712512,,,1620599216,18:26:56,20210509
7,2013-06-30,UCM.AX,AUD,2013-06-30,2013-06-30,FY,578753.0,140644.0,438109.0,0.7569878687453888,531395.0,1264317.0,216769.0,48240.0,2226820.0,0.0,0.0,79022.0,-1709689.0,-2.9540909507164543,-1788711.0,-3.0906293358306565,33079.0,-1743891.0,-3.013186972680919,-372208.0,-1371683.0,-2.370066332269552,-0.022,-0.022,61174959,61174959,,,1620599216,18:26:56,20210509
8,2012-06-30,UCM.AX,AUD,2012-06-30,2012-06-30,FY,794135.0,212924.0,581211.0,0.7318793404144132,509858.0,1524536.0,544746.0,2268.0,2795182.0,0.0,0.0,103465.0,-2110506.0,-2.6576161483878686,-2213971.0,-2.787902560647749,-78229.0,-2230800.0,-2.809094171645879,-406253.0,-1824547.0,-2.2975274984731815,-0.035,-0.035,52124488,52124488,,,1620599216,18:26:56,20210509
9,2011-06-30,UCM.AX,AUD,2011-06-30,2011-06-30,FY,837995.0,251541.0,586454.0,0.6998299512526924,502037.0,1852901.0,913149.0,-148932.0,3497923.0,0.0,0.0,103412.0,-2808057.0,-3.3509233348647665,-2911469.0,-3.4743274124547283,-160663.0,-3030809.0,-3.6167387633577768,-344896.0,-2685913.0,-3.2051659019445222,-0.058,-0.058,46103168,46103168,,,1620599216,18:26:56,20210509
10,2010-06-30,UCM.AX,AUD,2010-06-30,2010-06-30,FY,836913.0,207994.0,628919.0,0.7514747649994683,531423.0,1560520.0,436269.0,74175.0,2795572.0,0.0,0.0,105147.0,-2061506.0,-2.4632261656826935,-2166653.0,-2.5888628806100513,18497.0,-2128206.0,-2.54292381645404,-370529.0,-1757677.0,-2.1001908203122666,-0.043,-0.043,41347880,41347880,,,1620599216,18:26:56,20210509
11,2009-06-30,UCM.AX,AUD,2009-06-30,2009-06-30,FY,1630371.0,426092.0,1204279.0,0.7386533494523639,572099.0,1805287.0,475588.0,210043.0,3132691.0,0.0,0.0,114821.0,-1813591.0,-1.1123793296127078,-1928412.0,-1.1828056313562987,210043.0,-1637331.0,-1.004268967001989,-537442.0,-1099889.0,-0.6746249779958059,-0.028,-0.028,39073973,39073973,,,1620599216,18:26:56,20210509
12,2008-06-30,UCM.AX,AUD,2008-06-30,2008-06-30,FY,1051713.0,149198.0,902515.0,0.8581381042166446,473742.0,2075522.0,570320.0,-14849.0,3460401.0,0.0,0.0,142638.0,-2415248.0,-2.296489631677083,-2557886.0,-2.432114084355713,-70897.0,-2426125.0,-2.306831806776183,-251641.0,-2174484.0,-2.0675640597767644,-0.057,-0.057,38000000,38000000,,,1620599216,18:26:56,20210509
13,2007-06-30,UCM.AX,AUD,2007-06-30,2007-06-30,FY,871263.0,125038.0,746225.0,0.8564865029273595,519875.0,2740256.0,1550029.0,537418.0,5112192.0,0.0,0.0,191642.0,-4174325.0,-4.791119329065965,-4365967.0,-5.011078170426152,536491.0,-3503238.0,-4.020873146225652,-306414.0,-3196824.0,-3.6691837022804825,-0.084,-0.084,38000000,38000000,,,1620599216,18:26:56,20210509
14,2006-06-30,UCM.AX,AUD,2006-06-30,2006-06-30,FY,1119622.0,201293.0,918329.0,0.8202134291752038,540971.0,2709751.0,1637227.0,140259.0,5158809.0,0.0,0.0,139722.0,-4100758.0,-3.662627208111309,-4240480.0,-3.787421111768079,140259.0,-3643573.0,-3.254288500940496,-269363.0,-3374210.0,-3.0137046253110427,-0.089,-0.089,37912471,37912471,,,1620599216,18:26:56,20210509
15,2005-06-30,UCM.AX,AUD,2005-06-30,2005-06-30,FY,480107.0,111342.0,368765.0,0.7680891967832171,527899.0,1785063.0,1507182.0,124668.0,3969222.0,0.0,2108.0,87331.0,-3513126.0,-7.317381333744353,-3600457.0,-7.4992803687511325,124668.0,-2840486.0,-5.916360311347262,-2840486.0,-2545918.0,-5.3028137477687265,-0.0670000002105331,-0.065000000382966,37998776,39167969,,,1620599216,18:26:56,20210509
16,2003-06-30,UCM.AX,AUD,2003-06-30,2003-06-30,FY,0.0,0.0,0.0,0.0,0.0,0.0,0.0,0.0,0.0,0.0,0.0,0.0,0.0,0.0,0.0,0.0,0.0,0.0,0.0,0.0,0.0,0.0,0.0,0.0,38000000,38000000,,,1620599216,18:26:56,20210509
