,date,symbol,reportedCurrency,fillingDate,acceptedDate,period,revenue,costOfRevenue,grossProfit,grossProfitRatio,researchAndDevelopmentExpenses,generalAndAdministrativeExpenses,sellingAndMarketingExpenses,otherExpenses,operatingExpenses,costAndExpenses,interestExpense,depreciationAndAmortization,ebitda,ebitdaratio,operatingIncome,operatingIncomeRatio,totalOtherIncomeExpensesNet,incomeBeforeTax,incomeBeforeTaxRatio,incomeTaxExpense,netIncome,netIncomeRatio,eps,epsdiluted,weightedAverageShsOut,weightedAverageShsOutDil,link,finalLink,timestamp,est_time,est_date
0,2020-12-31,0914.HK,CNY,2020-12-31,2020-12-31,FY,176242682223,124847626626,51395055597,0.29161525998548865,646582340.0,1089361725,4123286864,1541131235,0.0,134030336801,446778344,625628185,42837973607,0.24306242430421637,42212345422,0.23951261345755442,0.0,47107916847,0.2672900585307384,10737737618.0,35129690970,0.19932567143724228,6.630067685999565,6.630067685999565,5298541830.0,5298541830.0,https://www1.hkexnews.hk/search/titlesearch.xhtml,https://www1.hkexnews.hk/search/titlesearch.xhtml,1620584980,14:29:40,20210509
1,2019-12-31,0914.HK,CNY,2019-12-31,2019-12-31,FY,157030328135,104760090086,52270238049,0.33286715165024006,187198737.0,1089807935,4416574602,1095533446,0.0,114637581944,446007016,518010638,42910756829,0.2732641352701584,42392746191,0.26996534169217734,0.0,44556845259,0.28374674999528876,10204838573.0,33592755201,0.21392526908636456,6.34,6.34,5298541830.0,5298541830.0,https://www1.hkexnews.hk/search/titlesearch.xhtml,https://www1.hkexnews.hk/search/titlesearch.xhtml,1620584980,14:29:40,20210509
2,2018-12-31,0914.HK,CNY,2018-12-31,2018-12-31,FY,128402625696,81230031437,47172594259,0.3673802930688007,70967313.0,1157708490,3733294706,184387151,0.0,89470614677,483381653,487844776,39419855795,0.30700194471356523,38932011019,0.30320260826420786,0.0,39629195899,0.3086322860158967,8993181439.0,29814284829,0.23219373176672334,5.63,5.63,5295610094.0,5295610094.0,https://www1.hkexnews.hk/search/titlesearch.xhtml,https://www1.hkexnews.hk/search/titlesearch.xhtml,1620584980,14:29:40,20210509
3,2017-12-31,0914.HK,CNY,2017-12-31,2017-12-31,FY,75310819763,48887730288,26423089475,0.3508538289471866,42386168.0,1318985415,3571929955,521214759,0.0,56366512114,683987845,408643966,19352951615,0.25697438529952177,18944307649,0.25154828627037845,0.0,21228756052,0.2818818878722341,4800022157.0,15854670109,0.21052313809481804,2.99,2.99,5302565254.0,5302565254.0,https://www1.hkexnews.hk/search/titlesearch.xhtml,https://www1.hkexnews.hk/search/titlesearch.xhtml,1620584980,14:29:40,20210509
4,2016-12-31,0914.HK,CNY,2016-12-31,2016-12-31,FY,55931900959,37769958978,18161941981,0.32471526391197264,0.0,729201340,3276413657,802968666,0.0,44862422435,792038343,448829671,11518308195,0.20593450244867084,11069478524,0.19790992857750905,0.0,11653205989,0.20834632453386842,2702563365.0,8529916783,0.1525053973983956,1.61,1.61,5298084958.0,5298084958.0,https://www1.hkexnews.hk/search/titlesearch.xhtml,https://www1.hkexnews.hk/search/titlesearch.xhtml,1620584980,14:29:40,20210509
5,2015-12-31,0914.HK,CNY,2015-12-31,2015-12-31,FY,50976036006,36887855177,14088180829,0.27636870052708273,0.0,623422891,3105093847,1365459848,0.0,43595806304,962821519,439418990,7819648692,0.1533985241826102,7380229702,0.14477841511904396,0.0,10039396835,0.1969434585658708,2411445159.0,7516385018,0.14744938223747533,1.42,1.42,5293228886.0,5293228886.0,https://www1.hkexnews.hk/search/titlesearch.xhtml,https://www1.hkexnews.hk/search/titlesearch.xhtml,1620584980,14:29:40,20210509
6,2014-12-31,0914.HK,CNY,2014-12-31,2014-12-31,FY,60758500923,40264329986,20494170937,0.33730540789629615,0.0,562749059,2936834685,986440527,0.0,46221017094,1038936073,364848210,14902332039,0.24527155562784392,14537483829,0.2392666640578169,0.0,14882809951,0.24495024934636175,3295214168.0,10993022264,0.18092978096894777,2.07,2.07,5310638775.0,5310638775.0,https://www1.hkexnews.hk/search/titlesearch.xhtml,https://www1.hkexnews.hk/search/titlesearch.xhtml,1620584980,14:29:40,20210509
7,2013-12-31,0914.HK,CNY,2013-12-31,2013-12-31,FY,55261676595,37018082240,18243594355,0.33013103255449644,0.0,549791497,2684504697,870602108,0.0,42395141041,1160566888,317168291,13183703845,0.23856865475907119,12866535554,0.23282926517586233,0.0,12631266230,0.22857189662506294,2819812326.0,9380159306,0.16974076582484116,1.77,1.77,5299525032.0,5299525032.0,https://www1.hkexnews.hk/search/titlesearch.xhtml,https://www1.hkexnews.hk/search/titlesearch.xhtml,1620584980,14:29:40,20210509
8,2012-12-31,0914.HK,CNY,2012-12-31,2012-12-31,FY,45766203362,33061916236,12704287126,0.27759102116275736,0.0,526184393,2279765928,1052090491,0.0,37755235914,1136577695,273131613,8284099061,0.18100909519355818,8010967448,0.17504111898107683,0.0,8087816963,0.1767202950838472,1625587215.0,6307587487,0.13782195208784206,1.19,1.19,5300493687.0,5300493687.0,https://www1.hkexnews.hk/search/titlesearch.xhtml,https://www1.hkexnews.hk/search/titlesearch.xhtml,1620584980,14:29:40,20210509
9,2011-12-31,0914.HK,CNY,2011-12-31,2011-12-31,FY,48653808819,29245825357,19407983462,0.3988995709298078,0.0,450877806,1859205282,734207538,0.0,33172788956,874630482,183839206,15664859069,0.32196572990360933,15481019863,0.3181872136792391,0.0,15652193079,0.32170540105562295,3827849112.0,11589826905,0.23821006384342944,2.19,2.19,5292158404.0,5292158404.0,https://www1.hkexnews.hk/search/titlesearch.xhtml,https://www1.hkexnews.hk/search/titlesearch.xhtml,1620584980,14:29:40,20210509
10,2010-12-31,0914.HK,CNY,2010-12-31,2010-12-31,FY,34508281745,23436669946,11071611799,0.3208392663770979,0.0,324512355,1546450567,503638636,0.0,26399995857,514156284,124708334,8232994222,0.23858024235567454,8108285888,0.23496637554765623,0.0,8078332018,0.23409835580035773,1724004848.0,6171402826,0.17883831109308104,1.166667,1.166667,5289773851.0,5289773851.0,https://www1.hkexnews.hk/search/titlesearch.xhtml,https://www1.hkexnews.hk/search/titlesearch.xhtml,1620584980,14:29:40,20210509
11,2009-12-31,0914.HK,CNY,2009-12-31,2009-12-31,FY,24998006724,17865402794,7132603930,0.28532690661100407,0.0,976170262,1419568657,251538573,0.0,20395093396,451145518,1652022808,6254936136,0.25021739553317196,4602913328,0.1841312140931961,0.0,4476542598,0.17907598183427068,814596310.0,3544365174,0.14178591169819704,0.67,0.67,5290097275.0,5290097275.0,https://www1.hkexnews.hk/search/titlesearch.xhtml,https://www1.hkexnews.hk/search/titlesearch.xhtml,1620584980,14:29:40,20210509
12,2008-12-31,0914.HK,CNY,2008-12-31,2008-12-31,FY,24228268074,18191656430,6036611644,0.24915572279299852,0.0,841233249,1366424936,267976979,0.0,20547750067,820757889,1443990737,5124508744,0.2115094949563996,3680518007,0.15191007445347124,0.0,3245748563,0.13396535621475558,566226621.0,2607012335,0.10760209219402085,0.516667,0.516667,5045830326.0,5045830326.0,https://www1.hkexnews.hk/search/titlesearch.xhtml,https://www1.hkexnews.hk/search/titlesearch.xhtml,1620584980,14:29:40,20210509
13,2007-12-31,0914.HK,CNY,2007-12-31,2007-12-31,FY,18776097957,12925705599,5850392358,0.3115872302859865,0.0,720756694,1219227715,318109670,0.0,14999769163,633160544,1149118009,4925446803,0.2623253678309514,3776328794,0.20112425929223118,0.0,3484988195,0.1856076913840741,780977265.0,2494218617,0.1328400939701169,0.566667,0.566667,4401562265.0,4401562265.0,https://www1.hkexnews.hk/search/titlesearch.xhtml,https://www1.hkexnews.hk/search/titlesearch.xhtml,1620584980,14:29:40,20210509
14,2006-12-31,0914.HK,CNY,2006-12-31,2006-12-31,FY,15253501934,10744249860,4509252074,0.2956207757084879,0.0,498708312,1148673297,256087425,0.0,12486738653,540221050,957385710,3724148991,0.24415042572610068,2766763281,0.18138544794313066,0.0,2498309048,0.1637859331457046,693269886.0,1427930555,0.09361329360159243,0.379059,0.379059,3828745649.0,3828745649.0,https://www1.hkexnews.hk/search/titlesearch.xhtml,https://www1.hkexnews.hk/search/titlesearch.xhtml,1620584980,14:29:40,20210509
15,2005-12-31,0914.HK,CNY,2005-12-31,2005-12-31,FY,10822696605,8314129546,2508567059,0.2317876173153613,0.0,354670618,832756435,43870721,0.0,9567515335,447441577,765615012,2020796282,0.18671837119285115,1255181270,0.11597675845593937,0.0,861373972,0.07958958875388339,273931192.0,406892298,0.037596202947426154,0.108014,0.108014,0.0,0.0,https://www1.hkexnews.hk/search/titlesearch.xhtml,https://www1.hkexnews.hk/search/titlesearch.xhtml,1620584980,14:29:40,20210509
16,2004-12-31,0914.HK,CNY,2004-12-31,2004-12-31,FY,8379749735,5582758630,2796991105,0.3337797897850943,0.0,274444185,443763104,179329116,0.0,6351102029,292121734,560111312,2588759018,0.308930349934848,2028647706,0.2420892950450387,0.0,1941729972,0.23171694064918277,490601459.0,1008826977,0.12038867614224759,0.267804,0.267804,0.0,0.0,https://www1.hkexnews.hk/search/titlesearch.xhtml,https://www1.hkexnews.hk/search/titlesearch.xhtml,1620584980,14:29:40,20210509
17,2003-12-31,0914.HK,CNY,2003-12-31,2003-12-31,FY,5695341869,3305703943,2389637926,0.41957760938055466,0.0,298848780,303202618,87433465,0.0,3948802418,194478458,502338828,2248878279,0.3948627370800592,1746539451,0.3066610382963123,0.0,1649166650,0.2895641188769524,536492146.0,739566563,0.129854639108759,0.196326,0.196326,0.0,0.0,https://www1.hkexnews.hk/search/titlesearch.xhtml,https://www1.hkexnews.hk/search/titlesearch.xhtml,1620584980,14:29:40,20210509
18,2002-12-31,0914.HK,CNY,2002-12-31,2002-12-31,FY,2998159921,1961170514,1036989407,0.34587528161410575,0.0,190969658,216922865,30809112,0.0,2388407785,110816037,295933685,905685821,0.30208055769684206,609752136,0.20337545430085816,0.0,543729272,0.18135432609566926,172341897.0,263758426,0.08797343468991026,0.074289,0.074289,0.0,0.0,https://www1.hkexnews.hk/search/titlesearch.xhtml,https://www1.hkexnews.hk/search/titlesearch.xhtml,1620584980,14:29:40,20210509
19,2001-12-31,0914.HK,CNY,2001-12-31,2001-12-31,FY,2054118158,1306913463,747204695,0.36375935439250423,0.0,137293265,194735897,24504098,0.0,1653302974,116684062,239163832,639979016,0.31155900818437726,400815184,0.19512761835972242,0.0,314873697,0.15328898962004112,50435528.0,202725978,0.09869246187735613,0.06871,0.06871,0.0,0.0,https://www1.hkexnews.hk/search/titlesearch.xhtml,https://www1.hkexnews.hk/search/titlesearch.xhtml,1620584980,14:29:40,20210509
20,2000-12-31,0914.HK,CNY,2000-12-31,2000-12-31,FY,1226517842,770106166,456411676,0.3721198831121447,0.0,92747953,159066896,15645781,0.0,1031489820,98045578,209903381,404931403,0.3301471769376837,195028022,0.15900952707054056,0.0,131899980,0.10754020486560521,17996684.0,113771865,0.09276005705263927,0.0,0.0,0.0,0.0,https://www1.hkexnews.hk/search/titlesearch.xhtml,https://www1.hkexnews.hk/search/titlesearch.xhtml,1620584980,14:29:40,20210509
21,1999-12-31,0914.HK,CNY,1999-12-31,1999-12-31,FY,1069457313,693229678,376227635,0.35179303598815076,0.0,88668179,146764394,13819735,0.0,936903514,106872543,208297680,340851479,0.3187144310078695,132553799,0.12394491803339514,0.0,48787887,0.04561929345561453,9103522.0,58588351,0.05478325342004557,0.0,0.0,0.0,0.0,https://www1.hkexnews.hk/search/titlesearch.xhtml,https://www1.hkexnews.hk/search/titlesearch.xhtml,1620584980,14:29:40,20210509
