,date,symbol,reportedCurrency,fillingDate,acceptedDate,period,revenue,costOfRevenue,grossProfit,grossProfitRatio,researchAndDevelopmentExpenses,generalAndAdministrativeExpenses,sellingAndMarketingExpenses,otherExpenses,operatingExpenses,costAndExpenses,interestExpense,depreciationAndAmortization,ebitda,ebitdaratio,operatingIncome,operatingIncomeRatio,totalOtherIncomeExpensesNet,incomeBeforeTax,incomeBeforeTaxRatio,incomeTaxExpense,netIncome,netIncomeRatio,eps,epsdiluted,weightedAverageShsOut,weightedAverageShsOutDil,link,finalLink,timestamp,est_time,est_date
0,2020-03-31,8092.HK,HKD,2020-03-31,2020-03-31,FY,44345206,31637554,12707652.0,0.2865620243144208,0.0,11917737.0,0.0,572880.0,11495678.0,43133232,858465.0,3205212.0,4417186.0,0.09960909867010202,1211974.0,0.02733044018331993,0.0,1023284.0,0.023075414284917294,0.0,1023284.0,0.023075414284917294,0.0011,0.0011,925508000,925508000,https://www1.hkexnews.hk/search/titlesearch.xhtml,https://www1.hkexnews.hk/search/titlesearch.xhtml,1620585796,14:43:16,20210509
1,2019-03-31,8092.HK,HKD,2019-03-31,2019-03-31,FY,24791363,17276837,7514526.0,0.3031106438157515,0.0,10421775.0,0.0,0.0,10293775.0,27570612,510059.0,352515.0,-2426734.0,-0.09788626789095864,-2779249.0,-0.1121055344960259,0.0,-3455685.0,-0.13939068215006978,0.0,-3455685.0,-0.13939068215006978,-0.0037,-0.0037,925508000,925508000,https://www1.hkexnews.hk/search/titlesearch.xhtml,https://www1.hkexnews.hk/search/titlesearch.xhtml,1620585796,14:43:16,20210509
2,2018-03-31,8092.HK,HKD,2018-03-31,2018-03-31,FY,25435931,14835318,10600613.0,0.4167574208311856,0.0,9649742.0,0.0,0.0,9455062.0,24290380,0.0,352811.0,1498362.0,0.05890729928462221,1145551.0,0.045036723837629536,0.0,1302715.0,0.051215542297233,-19139.0,1321854.0,0.05196798182854011,0.0014,0.0014,925508000,925508000,https://www1.hkexnews.hk/search/titlesearch.xhtml,https://www1.hkexnews.hk/search/titlesearch.xhtml,1620585796,14:43:16,20210509
3,2017-03-31,8092.HK,HKD,2017-03-31,2017-03-31,FY,22348653,13180201,9168452.0,0.41024629090621256,0.0,9418936.0,0.0,0.0,9075002.0,22255203,0.0,343943.0,437393.0,0.01957133613377057,93450.0,0.004181460063834719,0.0,382539.0,0.017116870533539538,0.0,382539.0,0.017116870533539538,0.0004,0.0004,926733042,926733042,https://www1.hkexnews.hk/search/titlesearch.xhtml,https://www1.hkexnews.hk/search/titlesearch.xhtml,1620585796,14:43:16,20210509
4,2016-03-31,8092.HK,HKD,2016-03-31,2016-03-31,FY,24169306,14217037,9952269.0,0.4117730562888318,0.0,10186386.0,0.0,0.0,9623354.0,23840391,0.0,149801.0,478716.0,0.019806774758034013,328915.0,0.013608789594537799,0.0,329315.0,0.013625339511196556,0.0,329315.0,0.013625339511196556,0.0004,0.0004,928663945,928663945,https://www1.hkexnews.hk/search/titlesearch.xhtml,https://www1.hkexnews.hk/search/titlesearch.xhtml,1620585796,14:43:16,20210509
5,2015-03-31,8092.HK,HKD,2015-03-31,2015-03-31,FY,29395206,17811334,11583872.0,0.39407350980972883,0.0,9203259.0,0.0,148573.0,9203259.0,27014593,0.0,136722.0,2517335.0,0.08563760362829231,2380613.0,0.08098643704010783,0.0,3243839.0,0.11035265410284929,0.0,3243839.0,0.11035265410284929,0.0035,0.0035,929544000,929544000,https://www1.hkexnews.hk/search/titlesearch.xhtml,https://www1.hkexnews.hk/search/titlesearch.xhtml,1620585796,14:43:16,20210509
6,2014-03-31,8092.HK,HKD,2014-03-31,2014-03-31,FY,22902210,12952167,9950043.0,0.43445776630290267,0.0,8280701.0,0.0,0.0,8151866.0,21104033,0.0,129770.0,1927947.0,0.08418170124193254,1798177.0,0.07851543584658424,0.0,2070026.0,0.09038542568599275,0.0,2070026.0,0.09038542568599275,0.0022,0.0022,930560416,930560416,https://www1.hkexnews.hk/search/titlesearch.xhtml,https://www1.hkexnews.hk/search/titlesearch.xhtml,1620585796,14:43:16,20210509
7,2013-03-31,8092.HK,HKD,2013-03-31,2013-03-31,FY,28364577,18153935,10210642.0,0.35997864519537875,0.0,9272792.0,0.0,0.0,9141610.0,27295545,31711.0,107248.0,1176280.0,0.041470034966500646,1069032.0,0.03768898087216319,0.0,1061660.0,0.037429079234990885,0.0,1061660.0,0.037429079234990885,0.0011,0.0011,930952000,930952000,https://www1.hkexnews.hk/search/titlesearch.xhtml,https://www1.hkexnews.hk/search/titlesearch.xhtml,1620585796,14:43:16,20210509
8,2012-03-31,8092.HK,HKD,2012-03-31,2012-03-31,FY,25903461,18483628,7419833.0,0.2864417615854499,0.0,9185607.0,0.0,0.0,9185607.0,27669235,83019.0,56179.0,-1709595.0,-0.06599870959328562,-1765774.0,-0.06816749313923726,0.0,-1832863.0,-0.07075745592451912,8250.0,-1841113.0,-0.07107594618340769,-0.002,-0.002,933796863,933796863,https://www1.hkexnews.hk/search/titlesearch.xhtml,https://www1.hkexnews.hk/search/titlesearch.xhtml,1620585796,14:43:16,20210509
9,2011-03-31,8092.HK,HKD,2011-03-31,2011-03-31,FY,23417680,16925857,6491823.0,0.27721887906914777,0.0,9934310.0,0.0,0.0,9825303.0,26751160,86547.0,106922.0,-3226558.0,-0.13778299131254676,-3333480.0,-0.142348857786083,0.0,-3420027.0,-0.14604465514944265,12047.0,-3432074.0,-0.14655909552099097,-0.0038,-0.0038,912904000,912904000,https://www1.hkexnews.hk/search/titlesearch.xhtml,https://www1.hkexnews.hk/search/titlesearch.xhtml,1620585796,14:43:16,20210509
10,2010-03-31,8092.HK,HKD,2010-03-31,2010-03-31,FY,54935393,43913481,11021912.0,0.20063407938121058,0.0,10489821.0,0.0,0.0,10378185.0,54291666,397161.0,227418.0,871145.0,0.01585762752257001,643727.0,0.011717891960834793,0.0,246566.0,0.004488290454206817,42600.0,203966.0,0.0037128340922217484,0.00022548527966259374,0.00022494443596938975,904564592,906739476,https://www1.hkexnews.hk/search/titlesearch.xhtml,https://www1.hkexnews.hk/search/titlesearch.xhtml,1620585796,14:43:16,20210509
11,2009-03-31,8092.HK,HKD,2009-03-31,2009-03-31,FY,77488677,62675646,14813031.0,0.1911638135207806,0.0,12851143.0,0.0,0.0,12513513.0,75189159,799671.0,399206.0,2698724.0,0.03482733354706779,2299518.0,0.02967553569149206,0.0,1499847.0,0.019355692445232997,185000.0,1314847.0,0.01696824685753765,0.0015,0.0015,906675507,906675507,https://www1.hkexnews.hk/search/titlesearch.xhtml,https://www1.hkexnews.hk/search/titlesearch.xhtml,1620585796,14:43:16,20210509
12,2008-03-31,8092.HK,HKD,2008-03-31,2008-03-31,FY,77492591,63304789,14187802.0,0.18308591591678744,0.0,12591780.0,0.0,0.0,11783264.0,75088053,1200913.0,293619.0,2698157.0,0.03481825765769014,2404538.0,0.03102926317175277,0.0,1203625.0,0.01553213003292147,118015.0,1085610.0,0.014009210248241668,0.001196217009573174,0.001171338995001155,907536000,926811115,https://www1.hkexnews.hk/search/titlesearch.xhtml,https://www1.hkexnews.hk/search/titlesearch.xhtml,1620585796,14:43:16,20210509
13,2007-03-31,8092.HK,HKD,2007-03-31,2007-03-31,FY,66829725,55156954,11672771.0,0.1746643578138321,0.0,11760931.0,0.0,0.0,11760931.0,66917885,0.0,338528.0,250368.0,0.0037463568793676765,-88160.0,-0.001319173466597386,0.0,1177892.0,0.017625270790804542,220466.0,957426.0,0.014326349539819294,0.0011,0.0011,870387273,870387273,https://www1.hkexnews.hk/search/titlesearch.xhtml,https://www1.hkexnews.hk/search/titlesearch.xhtml,1620585796,14:43:16,20210509
14,2006-03-31,8092.HK,HKD,2006-03-31,2006-03-31,FY,65725317,53335979,12389338.0,0.18850176104894253,0.0,11001858.0,0.0,0.0,10399714.0,63735693,0.0,476397.0,2466021.0,0.037520108119067724,1989624.0,0.03027180530753469,0.0,743760.0,0.011316187337673853,150000.0,593760.0,0.0090339617532769,0.0007,0.0007,848228571,848228571,https://www1.hkexnews.hk/search/titlesearch.xhtml,https://www1.hkexnews.hk/search/titlesearch.xhtml,1620585796,14:43:16,20210509
15,2005-03-31,8092.HK,HKD,2005-03-31,2005-03-31,FY,48470321,42852600,5617721.0,0.11590022273630084,0.0,0.0,0.0,0.0,20498292.0,63350892,0.0,1636080.0,-13244491.0,-0.2732495004520395,-14880571.0,-0.3070037642209962,0.0,-15609352.0,-0.322039377457393,0.0,-15609352.0,-0.322039377457393,-0.0172,-0.0172,907520465,907520465,https://www1.hkexnews.hk/search/titlesearch.xhtml,https://www1.hkexnews.hk/search/titlesearch.xhtml,1620585796,14:43:16,20210509
16,2004-03-31,8092.HK,HKD,2004-03-31,2004-03-31,FY,61842809,52730092,9112717.0,0.14735289595270487,0.0,0.0,0.0,0.0,20430092.0,73160184,0.0,2260196.0,-9057179.0,-0.146454844895548,-11317375.0,-0.1830022792140635,0.0,-12038430.0,-0.19466175930009907,0.0,-12038430.0,-0.19466175930009907,-0.0133,-0.0133,905145113,905145113,https://www1.hkexnews.hk/search/titlesearch.xhtml,https://www1.hkexnews.hk/search/titlesearch.xhtml,1620585796,14:43:16,20210509
17,2003-03-31,8092.HK,HKD,2003-03-31,2003-03-31,FY,77301806,75412684,1889122.0,0.024438264741188584,0.0,0.0,0.0,0.0,22687897.0,98100581,0.0,2656949.0,-18141826.0,-0.23468825553700517,-20798775.0,-0.26905936712526485,0.0,-21381160.0,-0.2765932790755238,-167399.0,-21213761.0,-0.2744277539906377,-0.02339999999757327,-0.02280000000085982,906570983,930428114,https://www1.hkexnews.hk/search/titlesearch.xhtml,https://www1.hkexnews.hk/search/titlesearch.xhtml,1620585796,14:43:16,20210509
18,2002-03-31,8092.HK,HKD,2002-03-31,2002-03-31,FY,62848428,37874831,24973597.0,0.39736231747912615,0.0,0.0,0.0,0.0,19693191.0,57568022,0.0,1553686.0,6834092.0,0.1087392671142069,5280406.0,0.0840181078196578,0.0,5137682.0,0.08174718387546623,303802.0,4833880.0,0.07691330004308143,0.0053,0.005,912052830,966776000,https://www1.hkexnews.hk/search/titlesearch.xhtml,https://www1.hkexnews.hk/search/titlesearch.xhtml,1620585796,14:43:16,20210509
19,2001-03-31,8092.HK,HKD,2001-03-31,2001-03-31,FY,45669195,17328618,28340577.0,0.6205622192377159,0.0,0.0,0.0,0.0,9270290.0,26598908,0.0,551615.0,19621902.0,0.4296528984143469,19070287.0,0.41757440655566624,0.0,19062425.0,0.4174022555028614,2800000.0,16262425.0,0.356091781341887,0.02005,0.0199,811093516,817207286,https://www1.hkexnews.hk/search/titlesearch.xhtml,https://www1.hkexnews.hk/search/titlesearch.xhtml,1620585796,14:43:16,20210509
20,2000-03-31,8092.HK,HKD,2000-03-31,2000-03-31,FY,16535431,11205385,5330046.0,0.32234091751221966,0.0,0.0,0.0,0.0,3899668.0,15105053,0.0,234285.0,1664663.0,0.10067248927469746,1430378.0,0.08650382321452643,0.0,1425912.0,0.08623373651403463,0.0,1425912.0,0.08623373651403463,0.0018,0.00180000000075741,792173333,792173333,https://www1.hkexnews.hk/search/titlesearch.xhtml,https://www1.hkexnews.hk/search/titlesearch.xhtml,1620585796,14:43:16,20210509
