,date,symbol,reportedCurrency,fillingDate,acceptedDate,period,revenue,costOfRevenue,grossProfit,grossProfitRatio,researchAndDevelopmentExpenses,generalAndAdministrativeExpenses,sellingAndMarketingExpenses,otherExpenses,operatingExpenses,costAndExpenses,interestExpense,depreciationAndAmortization,ebitda,ebitdaratio,operatingIncome,operatingIncomeRatio,totalOtherIncomeExpensesNet,incomeBeforeTax,incomeBeforeTaxRatio,incomeTaxExpense,netIncome,netIncomeRatio,eps,epsdiluted,weightedAverageShsOut,weightedAverageShsOutDil,link,finalLink,timestamp,est_time,est_date
0,2020-03-31,GREAVESCOT.NS,INR,2020-03-31,2020-03-31,FY,19109600000.0,13248000000.0,5861600000.0,0.3067358814417884,0.0,168100000.0,149000000.0,35600000.0,4308200000.0,17556200000.0,27500000.0,609400000.0,2162800000.0,0.11317871645665006,1553400000.0,0.08128898564072508,0.0,1689900000.0,0.08843199229706535,417200000.0,1291700000.0,0.0675942981538075,5.4,5.4,239340675,239340675,https://www.nseindia.com/companies-listing/corporate-filings-annual-reports,https://www.nseindia.com/companies-listing/corporate-filings-annual-reports,1620592766,16:39:26,20210509
1,2019-03-31,GREAVESCOT.NS,INR,2019-03-31,2019-03-31,FY,20153200000.0,13889700000.0,6263500000.0,0.31079431554294107,0.0,132300000.0,119900000.0,46100000.0,4234900000.0,18124600000.0,39100000.0,521700000.0,2550300000.0,0.12654566024254213,2028600000.0,0.10065895242442888,0.0,2399200000.0,0.11904809161820455,772900000.0,1647100000.0,0.08172895619554214,6.74,6.74,244206795,244206795,https://www.nseindia.com/companies-listing/corporate-filings-annual-reports,https://www.nseindia.com/companies-listing/corporate-filings-annual-reports,1620592766,16:39:26,20210509
2,2018-03-31,GREAVESCOT.NS,INR,2018-03-31,2018-03-31,FY,17921000000.0,12169800000.0,5751200000.0,0.32091959154065064,0.0,164000000.0,97700000.0,77000000.0,3697100000.0,15866900000.0,8000000.0,524400000.0,2578500000.0,0.1438814798281346,2054100000.0,0.11461971988170302,0.0,2951600000.0,0.16470063054517048,929700000.0,2021900000.0,0.11282294514815021,8.28,8.28,244206795,244206795,https://www.nseindia.com/companies-listing/corporate-filings-annual-reports,https://www.nseindia.com/companies-listing/corporate-filings-annual-reports,1620592766,16:39:26,20210509
3,2017-03-31,GREAVESCOT.NS,INR,2017-03-31,2017-03-31,FY,16344400000.0,10675400000.0,5669000000.0,0.34684662636744085,0.0,188000000.0,43900000.0,102800000.0,3682300000.0,14357700000.0,8100000.0,468900000.0,2455600000.0,0.15024106115856195,1986700000.0,0.12155233596828272,0.0,2521600000.0,0.15427914147965052,680200000.0,1806600000.0,0.11053327133452437,7.4,7.4,244206795,244206795,https://www.nseindia.com/companies-listing/corporate-filings-annual-reports,https://www.nseindia.com/companies-listing/corporate-filings-annual-reports,1620592766,16:39:26,20210509
4,2016-03-31,GREAVESCOT.NS,INR,2016-03-31,2016-03-31,FY,16157100000.0,10513800000.0,5643300000.0,0.3492767885325956,0.0,216100000.0,18900000.0,100300000.0,3386600000.0,13900400000.0,9200000.0,457100000.0,2713800000.0,0.1679633102475073,2256700000.0,0.13967234219012076,0.0,2931500000.0,0.18143726287514467,927400000.0,2004100000.0,0.12403834846599947,8.21,8.21,244206795,244206795,https://www.nseindia.com/companies-listing/corporate-filings-annual-reports,https://www.nseindia.com/companies-listing/corporate-filings-annual-reports,1620592766,16:39:26,20210509
5,2015-03-31,GREAVESCOT.NS,INR,2015-03-31,2015-03-31,FY,16959600000.0,11593000000.0,5366600000.0,0.3164343498667421,0.0,144700000.0,40900000.0,33300000.0,3797500000.0,15390500000.0,21900000.0,476500000.0,2045600000.0,0.12061605226538362,1569100000.0,0.09251987075166868,0.0,1109500000.0,0.06542017500412746,273200000.0,836300000.0,0.049311304511898864,3.42,3.42,244206795,244206795,https://www.nseindia.com/companies-listing/corporate-filings-annual-reports,https://www.nseindia.com/companies-listing/corporate-filings-annual-reports,1620592766,16:39:26,20210509
6,2014-03-31,GREAVESCOT.NS,INR,2014-03-31,2014-03-31,FY,17348300000.0,12021100000.0,5327200000.0,0.30707331554100403,0.0,198500000.0,62500000.0,116100000.0,3870700000.0,15891800000.0,46200000.0,446400000.0,1902900000.0,0.10968798095490624,1456500000.0,0.08395635307205894,0.0,1750900000.0,0.10092631554676827,516900000.0,1234000000.0,0.07113088890554117,5.05,5.05,244206795,244206795,https://www.nseindia.com/companies-listing/corporate-filings-annual-reports,https://www.nseindia.com/companies-listing/corporate-filings-annual-reports,1620592766,16:39:26,20210509
7,2013-03-31,GREAVESCOT.NS,INR,2013-03-31,2013-03-31,FY,19054200000.0,13369100000.0,5685100000.0,0.29836466500823966,0.0,241800000.0,56200000.0,19200000.0,3665200000.0,17034300000.0,11100000.0,406700000.0,2426600000.0,0.12735249971134974,2019900000.0,0.10600812419309129,0.0,2108400000.0,0.11065276946814875,628200000.0,1480200000.0,0.07768366029536795,6.06,6.06,244206795,244206795,https://www.nseindia.com/companies-listing/corporate-filings-annual-reports,https://www.nseindia.com/companies-listing/corporate-filings-annual-reports,1620592766,16:39:26,20210509
8,2012-03-31,GREAVESCOT.NS,INR,2012-03-31,2012-03-31,FY,17910900000.0,12495800000.0,5415100000.0,0.3023354493632369,0.0,135500000.0,347100000.0,0.0,3446400000.0,15942200000.0,0.0,416000000.0,2384700000.0,0.1331423881546991,1968700000.0,0.10991630794655768,0.0,2549200000.0,0.14232673958315886,659900000.0,1889300000.0,0.105483253214523,7.74,7.74,244206795,244206795,https://www.nseindia.com/companies-listing/corporate-filings-annual-reports,https://www.nseindia.com/companies-listing/corporate-filings-annual-reports,1620592766,16:39:26,20210509
9,2011-03-31,GREAVESCOT.NS,INR,2011-03-31,2011-03-31,FY,0.0,0.0,0.0,0.0,0.0,0.0,0.0,0.0,0.0,0.0,0.0,0.0,0.0,0.0,0.0,0.0,0.0,0.0,0.0,0.0,0.0,0.0,5.17,5.17,244206795,244206795,https://www.nseindia.com/companies-listing/corporate-filings-annual-reports,https://www.nseindia.com/companies-listing/corporate-filings-annual-reports,1620592766,16:39:26,20210509
10,2010-06-30,GREAVESCOT.NS,INR,2010-06-30,2010-06-30,FY,13922900000.0,9714000000.0,4208900000.0,0.3023005264707784,0.0,0.0,928700000.0,0.0,2413200000.0,12127200000.0,0.0,305100000.0,2100800000.0,0.15088810520796672,1795700000.0,0.12897456708013416,0.0,1732300000.0,0.1244209180558648,557600000.0,1174700000.0,0.084371790359767,4.81,4.81,244206795,244206795,https://www.nseindia.com/companies-listing/corporate-filings-annual-reports,https://www.nseindia.com/companies-listing/corporate-filings-annual-reports,1620592766,16:39:26,20210509
11,2010-03-31,GREAVESCOT.NS,INR,2010-03-31,2010-03-31,FY,0.0,0.0,0.0,0.0,0.0,0.0,0.0,0.0,0.0,0.0,0.0,0.0,0.0,0.0,0.0,0.0,0.0,0.0,0.0,0.0,0.0,0.0,4.81,4.81,244206795,244206795,https://www.nseindia.com/companies-listing/corporate-filings-annual-reports,https://www.nseindia.com/companies-listing/corporate-filings-annual-reports,1620592766,16:39:26,20210509
12,2009-06-30,GREAVESCOT.NS,INR,2009-06-30,2009-06-30,FY,10608500000.0,7595300000.0,3013200000.0,0.2840363859169534,0.0,0.0,911800000.0,0.0,2227100000.0,9822400000.0,0.0,283700000.0,1069800000.0,0.10084366310034407,786100000.0,0.07410095677994061,0.0,687700000.0,0.06482537587783381,242900000.0,444800000.0,0.041928642126596596,1.822,1.822,244206795,244206795,https://www.nseindia.com/companies-listing/corporate-filings-annual-reports,https://www.nseindia.com/companies-listing/corporate-filings-annual-reports,1620592766,16:39:26,20210509
13,2008-06-30,GREAVESCOT.NS,INR,2008-06-30,2008-06-30,FY,13555200000.0,8335000000.0,5220200000.0,0.3851068224740321,0.0,76200000.0,87900000.0,44400000.0,3611100000.0,11946100000.0,208600000.0,236800000.0,1845900000.0,0.13617652266288952,1609100000.0,0.1187072119924457,0.0,1330900000.0,0.09818372285174694,382200000.0,948700000.0,0.06998790132200189,4.266,4.266,244206795,244206795,https://www.nseindia.com/companies-listing/corporate-filings-annual-reports,https://www.nseindia.com/companies-listing/corporate-filings-annual-reports,1620592766,16:39:26,20210509
14,2007-06-30,GREAVESCOT.NS,INR,2007-06-30,2007-06-30,FY,12394200000.0,7570700000.0,4823500000.0,0.38917396846912267,0.0,101400000.0,90200000.0,69000000.0,3138200000.0,10708900000.0,157700000.0,176200000.0,1861500000.0,0.1501912184731568,1685300000.0,0.1359748914814994,0.0,1440200000.0,0.1161995126752836,224000000.0,1216200000.0,0.09812654306046377,4.982,4.982,244156140,244156140,https://www.nseindia.com/companies-listing/corporate-filings-annual-reports,https://www.nseindia.com/companies-listing/corporate-filings-annual-reports,1620592766,16:39:26,20210509
