,date,symbol,reportedCurrency,fillingDate,acceptedDate,period,revenue,costOfRevenue,grossProfit,grossProfitRatio,researchAndDevelopmentExpenses,generalAndAdministrativeExpenses,sellingAndMarketingExpenses,otherExpenses,operatingExpenses,costAndExpenses,interestExpense,depreciationAndAmortization,ebitda,ebitdaratio,operatingIncome,operatingIncomeRatio,totalOtherIncomeExpensesNet,incomeBeforeTax,incomeBeforeTaxRatio,incomeTaxExpense,netIncome,netIncomeRatio,eps,epsdiluted,weightedAverageShsOut,weightedAverageShsOutDil,link,finalLink,timestamp,est_time,est_date
0,2020-05-31,AIR,USD,2020-07-21,2020-07-21 17:19:15,FY,2072000000,1802800000,269200000,0.12992277992277992,0.0,220600000,0.0,-2100000.0,226000000,2028800000,9300000.0,43700000.0,86900000,0.04194015444015444,43200000.0,0.02084942084942085,-4000000.0,30400000.0,0.014671814671814672,5600000.0,4400000.0,0.0021235521235521237,0.12643678160919541,0.12571428571428572,34800000,35000000,https://www.sec.gov/Archives/edgar/data/1750/000110465920085310/0001104659-20-085310-index.htm,https://www.sec.gov/Archives/edgar/data/1750/000110465920085310/air-20200531x10k.htm,1620586391,14:53:11,20210509
1,2019-05-31,AIR,USD,2019-07-18,2019-07-18 17:29:33,FY,2051800000,1722300000,329500000,0.16059070084803587,0.0,215400000,0.0,-800000.0,231200000,1953500000,9500000.0,42800000.0,141100000,0.06876888585632128,98300000.0,0.04790915293888293,-800000.0,89000000.0,0.043376547421776004,4900000.0,7500000.0,0.003655327029924944,0.21739130434782608,0.2148997134670487,34500000,34900000,https://www.sec.gov/Archives/edgar/data/1750/000104746919004266/0001047469-19-004266-index.htm,https://www.sec.gov/Archives/edgar/data/1750/000104746919004266/a2239223z10-k.htm,1620586391,14:53:11,20210509
2,2018-05-31,AIR,USD,2018-07-11,2018-07-11 16:59:41,FY,1748300000,1453700000,294600000,0.16850654921924155,0.0,208600000,0.0,-900000.0,208600000,1662300000,8000000.0,40500000.0,126500000,0.0723560029743179,86000000.0,0.049190642338271466,-900000.0,77200000.0,0.04415718126179717,3500000.0,15600000.0,0.008922953726477148,0.44,0.41,34200000,34600000,https://www.sec.gov/Archives/edgar/data/1750/000104746918004978/0001047469-18-004978-index.htm,https://www.sec.gov/Archives/edgar/data/1750/000104746918004978/a2236183z10-k.htm,1620586391,14:53:11,20210509
3,2017-05-31,AIR,USD,2017-07-12,2017-07-12 15:26:07,FY,1767600000,1491100000,276500000,0.15642679339217017,0.0,196700000,0.0,0.0,196700000,1687800000,5500000.0,71000000.0,150800000,0.08531341932563928,79800000.0,0.045145960624575696,200000.0,74300000.0,0.04203439692238063,24100000.0,56500000.0,0.031964245304367506,1.66,1.64,33900000,34300000,https://www.sec.gov/Archives/edgar/data/1750/000104746917004528/0001047469-17-004528-index.htm,https://www.sec.gov/Archives/edgar/data/1750/000104746917004528/a2232622z10-k.htm,1620586391,14:53:11,20210509
4,2016-05-31,AIR,USD,2016-07-13,2016-07-13 15:13:34,FY,1662600000,1425700000,236900000,0.1424876699145916,0.0,170800000,0.0,0.0,170800000,1596500000,6400000.0,70800000.0,136900000,0.08234091182485265,66100000.0,0.03975700709731746,-700000.0,59300000.0,0.03566702754721521,18800000.0,47700000.0,0.028690003608805484,1.3866279069767442,1.3786127167630058,34400000,34600000,https://www.sec.gov/Archives/edgar/data/1750/000104746916014299/0001047469-16-014299-index.htm,https://www.sec.gov/Archives/edgar/data/1750/000104746916014299/a2228768z10-k.htm,1620586391,14:53:11,20210509
5,2015-05-31,AIR,USD,2015-07-15,2015-07-15 16:53:53,FY,1594300000,1435000000,159300000,0.09991845951201155,0.0,171400000,0.0,0.0,171400000,1606400000,26500000.0,123900000.0,111800000,0.07012481967007464,-12100000.0,-0.007589537728156558,-44700000.0,-83000000.0,-0.05206046540801606,-28500000.0,10200000.0,0.006397792134479082,0.26,0.24,39100000,39400000,https://www.sec.gov/Archives/edgar/data/1750/000104746915006136/0001047469-15-006136-index.htm,https://www.sec.gov/Archives/edgar/data/1750/000104746915006136/a2225345z10-k.htm,1620586391,14:53:11,20210509
6,2014-05-31,AIR,USD,2014-07-17,2014-07-17 15:35:22,FY,2035000000,1694800000,340200000,0.16717444717444718,0.0,197600000,0.0,0.0,197600000,1892400000,42000000.0,113400000.0,256000000,0.1257985257985258,142600000.0,0.07007371007371008,3100000.0,105300000.0,0.05174447174447174,32100000.0,72900000.0,0.03582309582309582,1.85,1.83,38600000,39100000,https://www.sec.gov/Archives/edgar/data/1750/000104746914006243/0001047469-14-006243-index.htm,https://www.sec.gov/Archives/edgar/data/1750/000104746914006243/a2220733z10-k.htm,1620586391,14:53:11,20210509
7,2013-05-31,AIR,USD,2013-07-26,2013-07-25 21:33:58,FY,2137300000,1823100000,314200000,0.14700790717260095,0.0,198400000,0.0,0.0,198400000,2021500000,41600000.0,108600000.0,224400000,0.10499227997941328,115800000.0,0.054180508117718615,6500000.0,82200000.0,0.038459738922940155,26700000.0,55000000.0,0.02573340195573855,1.4360313315926894,1.354679802955665,38300000,40600000,https://www.sec.gov/Archives/edgar/data/1750/000104746913007797/0001047469-13-007797-index.htm,https://www.sec.gov/Archives/edgar/data/1750/000104746913007797/a2216052z10-k.htm,1620586391,14:53:11,20210509
8,2012-05-31,AIR,USD,2012-07-19,2012-07-19 17:05:47,FY,2064998000,1742741000,322257000,0.15605680974025157,0.0,189397000,0.0,0.0,187855000,1930596000,37772000.0,80333000.0,214735000,0.10398799417723407,134402000.0,0.06508577732278675,-4364000.0,93509000.0,0.04528285257419135,25480000.0,67723000.0,0.032795673409853184,1.68,1.65,38814000,43084000,https://www.sec.gov/Archives/edgar/data/1750/000104746912007300/0001047469-12-007300-index.htm,https://www.sec.gov/Archives/edgar/data/1750/000104746912007300/a2210166z10-k.htm,1620586391,14:53:11,20210509
9,2011-05-31,AIR,USD,2011-07-13,2011-07-13 16:32:08,FY,1775782000,1467367000,308415000,0.17367841322865082,0.0,173599000,0.0,0.0,164900000,1632267000,30670000.0,59296000.0,202811000,0.11420940182972909,143515000.0,0.08081791571262689,664000.0,108503000.0,0.061101531606920216,35364000.0,69826000.0,0.039321268038531754,1.76,1.73,38355000,43593000,https://www.sec.gov/Archives/edgar/data/1750/000104746911006302/0001047469-11-006302-index.htm,https://www.sec.gov/Archives/edgar/data/1750/000104746911006302/a2204709z10-k.htm,1620586391,14:53:11,20210509
10,2010-05-31,AIR,USD,2010-07-16,2010-07-16 15:54:01,FY,1352151000,1108632000,243519000,0.180097489111793,0.0,153299000,0.0,0.0,153299000,1261931000,26832000.0,38930000.0,129150000,0.09551448026145008,90220000.0,0.06672331714431302,-145000.0,64188000.0,0.047471029493007806,20986000.0,44628000.0,0.03300518950915985,1.17,1.16,38182000,43091000,https://www.sec.gov/Archives/edgar/data/1750/000104746910006500/0001047469-10-006500-index.htm,https://www.sec.gov/Archives/edgar/data/1750/000104746910006500/a2199382z10-k.htm,1620586391,14:53:11,20210509
11,2009-05-31,AIR,USD,2009-07-16,2009-07-16 16:14:32,FY,1423976000,1182361000,241615000,0.16967631476935005,0.0,147219000,0.0,0.0,147219000,1329580000,18371000.0,40551000.0,134947000,0.09476774889464429,94396000.0,0.06629044309735557,33923000.0,119909000.0,0.08420717764906151,39309000.0,78651000.0,0.055233374719798646,2.07,1.87,38059000,42809000,https://www.sec.gov/Archives/edgar/data/1750/000104746909006783/0001047469-09-006783-index.htm,https://www.sec.gov/Archives/edgar/data/1750/000104746909006783/a2193700z10-k.htm,1620586391,14:53:11,20210509
12,2008-05-31,AIR,USD,2008-07-11,2008-07-11 17:20:22,FY,1384919000,1120847000,264072000,0.19067685546952565,0.0,135502000,0.0,0.0,129554000,1250401000,0.0,39952000.0,174470000,0.12597848682847157,134518000.0,0.0971305903088917,5743000.0,116088000.0,0.08382295282251165,40343000.0,75144000.0,0.054258768924391965,2.02,1.76,37200000,42695455,https://www.sec.gov/Archives/edgar/data/1750/000104746908008126/0001047469-08-008126-index.htm,https://www.sec.gov/Archives/edgar/data/1750/000104746908008126/a2186742z10-k.htm,1620586391,14:53:11,20210509
13,2007-05-31,AIR,USD,2007-07-20,2007-07-20 15:44:39,FY,1061169000,877022000,184147000,0.17353220834758648,0.0,105091000,0.0,0.0,88781000,965803000,0.0,32199000.0,127565000,0.12021176645755766,95366000.0,0.08986881448666517,19237000.0,87421000.0,0.08238178838620427,27974000.0,58660000.0,0.05527865966683912,1.61,1.4,36434783,41900000,https://www.sec.gov/Archives/edgar/data/1750/000110465907055173/0001104659-07-055173-index.htm,https://www.sec.gov/Archives/edgar/data/1750/000110465907055173/a07-18543_110k.htm,1620586391,14:53:11,20210509
14,2006-05-31,AIR,USD,2006-07-17,2006-07-17 13:42:14,FY,897284000,733303000,163981000,0.18275261790024117,0.0,101326000,0.0,0.0,99824000,833127000,0.0,29222000.0,93379000,0.10406850005126582,64157000.0,0.07150133068237036,-2391000.0,45496000.0,0.050704124892453226,10333000.0,35163000.0,0.039188261464597605,1.05,0.94,33488571,37407447,https://www.sec.gov/Archives/edgar/data/1750/000110465906047248/0001104659-06-047248-index.htm,https://www.sec.gov/Archives/edgar/data/1750/000110465906047248/a06-15961_110k.htm,1620586391,14:53:11,20210509
15,2005-05-31,AIR,USD,2005-07-22,2005-07-22 17:06:21,FY,747848000,627022000,120826000,0.16156491693499214,0.0,87902000,0.0,0.0,87334000,714356000,0.0,27950000.0,61442000,0.08215840652111124,33492000.0,0.04478450166343963,4130000.0,21639000.0,0.028935024229522578,3067000.0,15453000.0,0.02066328986638996,0.48,0.46,32193750,33593478,https://www.sec.gov/Archives/edgar/data/1750/000110465905033688/0001104659-05-033688-index.htm,https://www.sec.gov/Archives/edgar/data/1750/000110465905033688/a05-12324_110k.htm,1620586391,14:53:11,20210509
16,2004-05-31,AIR,USD,2004-07-22,2004-07-22 12:57:20,FY,651958000,551251000,100707000,0.15446853938443889,0.0,81929000,0.0,0.0,81929000,633180000,0.0,26680000.0,45458000,0.06972535040600775,18778000.0,0.028802468870694126,0.0,1707000.0,0.002618266820868829,-1797000.0,3504000.0,0.005374579344068176,0.11,0.11,31854545,31854545,https://www.sec.gov/Archives/edgar/data/1750/000104746904023905/0001047469-04-023905-index.htm,https://www.sec.gov/Archives/edgar/data/1750/000104746904023905/a2140220z10-k.htm,1620586391,14:53:11,20210509
17,2003-05-31,AIR,USD,2003-08-18,2003-08-18 11:31:26,FY,606337000,523919000,82418000,0.135927710167778,0.0,84205000,0.0,0.0,84205000,608124000,0.0,27172000.0,25385000,0.04186615693912791,-1787000.0,-0.0029472059267371116,0.0,-19490000.0,-0.03214384080140252,-7080000.0,-12410000.0,-0.020467165948968972,-0.39,-0.39,31820513,31820513,https://www.sec.gov/Archives/edgar/data/1750/000104746903028005/0001047469-03-028005-index.htm,https://www.sec.gov/Archives/edgar/data/1750/000104746903028005/a2116671z10-k.htm,1620586391,14:53:11,20210509
18,2002-05-31,AIR,USD,2002-08-26,2002-08-26 12:33:23,FY,638754000,624873000,13881000,0.021731370762453153,0.0,85037000,0.0,0.0,95170000,720043000,0.0,22496000.0,-58793000,-0.09204325922029451,-81289000.0,-0.12726182536625993,-10100000.0,-98229000.0,-0.1537822072347101,-39290000.0,-58939000.0,-0.09227182921750783,-2.08,-2.08,28336058,28336058,https://www.sec.gov/Archives/edgar/data/1750/000091205702033450/0000912057-02-033450-index.htm,https://www.sec.gov/Archives/edgar/data/1750/000091205702033450/a2087919z10-k.htm,1620586391,14:53:11,20210509
19,2001-05-31,AIR,USD,2001-05-31,2001-05-31,FY,874255000,737788000,136467000,0.15609518961858954,0.0,96077000,0.0,0.0,96077000,833865000,0.0,18577000.0,58967000,0.06744828453940784,40390000.0,0.04619933543416967,0.0,20220000.0,0.023128263492916825,1689000.0,18531000.0,0.021196332877707304,0.69,0.69,26856522,26856522,,,1620586391,14:53:11,20210509
20,2000-05-31,AIR,USD,2000-05-31,2000-05-31,FY,1024333000,851480000,172853000,0.1687468821174364,0.0,102195000,0.0,0.0,102195000,953675000,0.0,18373000.0,89031000,0.0869160712385523,70658000.0,0.06897952130801215,0.0,49526000.0,0.048349511340550384,14363000.0,35163000.0,0.03432770397907712,1.3,1.28,27048462,27471094,,,1620586391,14:53:11,20210509
21,1999-05-31,AIR,USD,1999-05-31,1999-05-31,FY,918036000,744777000,173259000,0.188727893023803,0.0,95878000,0.0,0.0,95878000,840655000,0.0,17063000.0,94444000,0.10287613993351023,77381000.0,0.08428972284311291,0.0,59786000.0,0.06512380778095848,18115000.0,41671000.0,0.045391466129868545,1.51,1.49,27596689,27967114,,,1620586391,14:53:11,20210509
22,1998-05-31,AIR,USD,1998-05-31,1998-05-31,FY,782123000,633717000,148406000,0.18974764838778554,0.0,83690000,0.0,0.0,83690000,717407000,0.0,14283000.0,78999000,0.10100585202071796,64716000.0,0.0827440185239406,0.0,51157000.0,0.06540787062904428,15500000.0,35657000.0,0.045590015892640924,1.29,1.27,27641085,28076378,,,1620586391,14:53:11,20210509
23,1997-05-31,AIR,USD,1997-05-31,1997-05-31,FY,589328000,480787000,108541000,0.1841775717427307,0.0,65651000,0.0,0.0,65651000,546438000,0.0,12287000.0,55177000,0.09362697852469253,42890000.0,0.0727778079439633,0.0,32975000.0,0.055953560665707384,9950000.0,23025000.0,0.03906992370971683,0.92,0.92,25027174,25027174,,,1620586391,14:53:11,20210509
24,1996-05-31,AIR,USD,1996-08-20,1996-08-20,FY,504990000,414225000,90765000,0.1797362324006416,0.0,58323000,0.0,0.0,58323000,472548000,0.0,10115000.0,42557000,0.08427295590011684,32442000.0,0.06424285629418404,0.0,22782000.0,0.04511376462900255,6770000.0,16012000.0,0.03170755856551615,0.666667,0.666667,24018000,24018000,https://www.sec.gov/Archives/edgar/data/1750/0000912057-96-018355-index.html,https://www.sec.gov/Archives/edgar/data/1750/,1620586391,14:53:11,20210509
25,1995-05-31,AIR,USD,1995-08-11 00:00:00,1995-08-11 00:00:00,FY,451395000,373524000,77871000,0.17251187983916524,0.0,53433000,0.0,0.0,53433000,426957000,0.0,10328000.0,34766000,0.07701901881943753,24438000.0,0.0541388362742166,0.0,14713000.0,0.0325945125665991,4250000.0,10463000.0,0.023179255419311245,0.44000000841058984,0.4382959115281501,23779545,23872000,https://www.sec.gov/Archives/edgar/data/1750/000091205795006316/0000912057-95-006316-index.html,https://www.sec.gov/Archives/edgar/data/1750/0000912057-95-006316.txt,1620586391,14:53:11,20210509
26,1994-05-31,AIR,USD,1994-08-24 00:00:00,1994-08-24 00:00:00,FY,407754000,335844000,71910000,0.17635633249459232,0.0,50086000,0.0,0.0,50086000,385930000,0.0,9928000.0,31752000,0.07787048073102901,21824000.0,0.053522466977638475,0.0,13684000.0,0.033559450060575736,4200000.0,9494000.0,0.023283646512357942,0.4,0.3981714477436672,23735000,23844000,https://www.sec.gov/Archives/edgar/data/1750/000091205794002818/0000912057-94-002818-index.html,https://www.sec.gov/Archives/edgar/data/1750/0000912057-94-002818.txt,1620586391,14:53:11,20210509
27,1993-05-31,AIR,USD,1993-05-31,1993-05-31,FY,382800000,303500000,79300000,0.20715778474399163,0.0,63100000,0.0,0.0,74000000,377500000,0.0,10900000.0,16200000,0.04231974921630094,5300000.0,0.013845350052246604,800000.0,-1900000.0,-0.004963427377220481,-2200000.0,300000.0,0.0007836990595611285,0.01,0.01,30000000,30000000,,,1620586391,14:53:11,20210509
28,1992-05-31,AIR,USD,1992-05-31,1992-05-31,FY,422700000,327600000,95100000,0.22498225691980128,0.0,56900000,0.0,0.0,68500000,396100000,0.0,11600000.0,38200000,0.09037142181215993,26600000.0,0.06292879110480246,-4600000.0,13600000.0,0.03217411876035013,3600000.0,10000000.0,0.02365744026496333,0.42,0.42,23809524,23809524,,,1620586391,14:53:11,20210509
29,1991-05-31,AIR,USD,1991-05-31,1991-05-31,FY,466500000,362600000,103900000,0.2227224008574491,0.0,61800000,0.0,0.0,73500000,436100000,0.0,11700000.0,42100000,0.0902465166130761,30400000.0,0.06516613076098607,1000000.0,21400000.0,0.04587352625937835,6600000.0,14800000.0,0.03172561629153269,0.62,0.62,23870968,23870968,,,1620586391,14:53:11,20210509
30,1990-05-31,AIR,USD,1990-05-31,1990-05-31,FY,444900000,334300000,110600000,0.24859518993032143,0.0,53900000,0.0,0.0,63700000,398000000,0.0,9800000.0,56700000,0.12744436952124072,46900000.0,0.1054169476286806,1300000.0,38200000.0,0.08586199145875478,12500000.0,25700000.0,0.05776579006518319,1.07,1.07,24018692,24018692,,,1620586391,14:53:11,20210509
31,1989-05-31,AIR,USD,1989-05-31,1989-05-31,FY,406400000,302700000,103700000,0.25516732283464566,0.0,52300000,0.0,0.0,59100000,361800000,0.0,6800000.0,51400000,0.1264763779527559,44600000.0,0.10974409448818898,200000.0,37000000.0,0.09104330708661418,12200000.0,24800000.0,0.0610236220472441,1.04,1.04,23846154,23846154,,,1620586391,14:53:11,20210509
32,1988-05-31,AIR,USD,1988-05-31,1988-05-31,FY,347600000,262000000,85600000,0.24626006904487918,0.0,50300000,0.0,0.0,56000000,318000000,0.0,5700000.0,35300000,0.10155350978135788,29600000.0,0.08515535097813579,6400000.0,30400000.0,0.08745684695051784,9200000.0,21200000.0,0.06098964326812428,0.89,0.89,23820225,23820225,,,1620586391,14:53:11,20210509
33,1987-05-31,AIR,USD,1987-05-31,1987-05-31,FY,298200000,224500000,73700000,0.2471495640509725,0.0,39500000,0.0,0.0,44900000,269400000,0.0,5400000.0,34200000,0.11468812877263582,28800000.0,0.096579476861167,2100000.0,27600000.0,0.0925553319919517,12200000.0,15400000.0,0.051643192488262914,0.67,0.67,22985075,22985075,,,1620586391,14:53:11,20210509
34,1986-05-31,AIR,USD,1986-05-31,1986-05-31,FY,248000000,185700000,62300000,0.25120967741935485,0.0,35000000,0.0,0.0,39600000,225300000,0.0,4600000.0,27300000,0.11008064516129032,22700000.0,0.09153225806451613,900000.0,20600000.0,0.08306451612903226,9100000.0,11500000.0,0.046370967741935484,0.57,0.57,20175439,20175439,,,1620586391,14:53:11,20210509
