,date,symbol,reportedCurrency,fillingDate,acceptedDate,period,revenue,costOfRevenue,grossProfit,grossProfitRatio,researchAndDevelopmentExpenses,generalAndAdministrativeExpenses,sellingAndMarketingExpenses,otherExpenses,operatingExpenses,costAndExpenses,interestExpense,depreciationAndAmortization,ebitda,ebitdaratio,operatingIncome,operatingIncomeRatio,totalOtherIncomeExpensesNet,incomeBeforeTax,incomeBeforeTaxRatio,incomeTaxExpense,netIncome,netIncomeRatio,eps,epsdiluted,weightedAverageShsOut,weightedAverageShsOutDil,link,finalLink,timestamp,est_time,est_date
0,2020-12-31,JSG.L,GBP,2020-12-31,2020-12-31,FY,229800000,0.0,0.0,0.0,0.0,0.0,0.0,0.0,0.0,0.0,3800000.0,77400000.0,50000000,0.2175805047867711,-27400000.0,-0.11923411662315056,0.0,-32300000.0,-0.14055700609225413,-5200000.0,-27100000.0,-0.11792863359442994,-0.066,-0.066,412947064,413782555,https://find-and-update.company-information.service.gov.uk/search/companies?q=Johnson+Service+Group+PLC,https://find-and-update.company-information.service.gov.uk/search/companies?q=Johnson+Service+Group+PLC,1620593993,16:59:53,20210509
1,2019-12-31,JSG.L,GBP,2019-12-31,2019-12-31,FY,350600000,197600000.0,153000000.0,0.43639475185396465,0.0,42500000.0,57700000.0,0.0,110300000.0,307900000.0,4300000.0,10100000.0,52800000,0.15059897318881918,42700000.0,0.12179121505989732,0.0,38100000.0,0.10867084997147747,7200000.0,30900000.0,0.0881346263548203,0.084,0.083,369145562,371856145,https://find-and-update.company-information.service.gov.uk/search/companies?q=Johnson+Service+Group+PLC,https://find-and-update.company-information.service.gov.uk/search/companies?q=Johnson+Service+Group+PLC,1620593993,16:59:53,20210509
2,2018-12-31,JSG.L,GBP,2018-12-31,2018-12-31,FY,321100000,182000000.0,139100000.0,0.4331983805668016,0.0,41000000.0,52100000.0,0.0,101900000.0,283900000.0,3200000.0,8800000.0,46000000,0.14325755216443475,37200000.0,0.11585175957645594,0.0,33100000.0,0.10308315166614762,6300000.0,26800000.0,0.0834630956088446,0.073,0.072,366547752,369601679,https://find-and-update.company-information.service.gov.uk/search/companies?q=Johnson+Service+Group+PLC,https://find-and-update.company-information.service.gov.uk/search/companies?q=Johnson+Service+Group+PLC,1620593993,16:59:53,20210509
3,2017-12-31,JSG.L,GBP,2017-12-31,2017-12-31,FY,290900000,161700000.0,129200000.0,0.44413887933997936,0.0,39200000.0,46700000.0,0.0,93900000.0,255600000.0,3300000.0,8000000.0,43300000,0.14884840151254727,35300000.0,0.12134754211069096,0.0,31200000.0,0.10725335166723961,5800000.0,25700000.0,0.08834651082846338,0.07018639378750242,0.06965404745373058,366167837,368966355,https://find-and-update.company-information.service.gov.uk/search/companies?q=Johnson+Service+Group+PLC,https://find-and-update.company-information.service.gov.uk/search/companies?q=Johnson+Service+Group+PLC,1620593993,16:59:53,20210509
4,2016-12-31,JSG.L,GBP,2016-12-31,2016-12-31,FY,256700000,145200000.0,111500000.0,0.43435917413322944,0.0,37800000.0,36000000.0,0.0,80700000.0,225900000.0,3600000.0,6900000.0,37700000,0.1468640436306973,30800000.0,0.11998441760810284,0.0,25900000.0,0.10089598753408648,5000000.0,20600000.0,0.0802493182703545,0.059,0.058,352481294,356902591,https://find-and-update.company-information.service.gov.uk/search/companies?q=Johnson+Service+Group+PLC,https://find-and-update.company-information.service.gov.uk/search/companies?q=Johnson+Service+Group+PLC,1620593993,16:59:53,20210509
5,2015-12-31,JSG.L,GBP,2015-12-31,2015-12-31,FY,234400000,144300000.0,90100000.0,0.3843856655290102,0.0,31700000.0,30500000.0,0.0,65700000.0,210000000.0,2400000.0,3500000.0,27900000,0.1190273037542662,24400000.0,0.10409556313993173,0.0,12700000.0,0.05418088737201365,2400000.0,10300000.0,0.0439419795221843,0.0321908535827684,0.03186817067229616,319966663,323206503,https://find-and-update.company-information.service.gov.uk/search/companies?q=Johnson+Service+Group+PLC,https://find-and-update.company-information.service.gov.uk/search/companies?q=Johnson+Service+Group+PLC,1620593993,16:59:53,20210509
6,2014-12-31,JSG.L,GBP,2014-12-31,2014-12-31,FY,210400000,134700000.0,75700000.0,0.3597908745247148,0.0,27800000.0,26100000.0,0.0,55500000.0,190200000.0,1500000.0,1600000.0,21800000,0.10361216730038023,20200000.0,0.09600760456273764,0.0,11600000.0,0.055133079847908745,3000000.0,8600000.0,0.0408745247148289,0.02946927585213555,0.028972755035211312,291829363,296830591,https://find-and-update.company-information.service.gov.uk/search/companies?q=Johnson+Service+Group+PLC,https://find-and-update.company-information.service.gov.uk/search/companies?q=Johnson+Service+Group+PLC,1620593993,16:59:53,20210509
7,2013-12-31,JSG.L,GBP,2013-12-31,2013-12-31,FY,193600000,127600000.0,66000000.0,0.3409090909090909,0.0,25600000.0,23400000.0,0.0,49600000.0,177200000.0,3100000.0,600000.0,17000000,0.0878099173553719,16400000.0,0.08471074380165289,0.0,12200000.0,0.06301652892561983,2400000.0,700000.0,0.003615702479338843,0.0027128326292253755,0.002550198851937637,258032874,274488399,https://find-and-update.company-information.service.gov.uk/search/companies?q=Johnson+Service+Group+PLC,https://find-and-update.company-information.service.gov.uk/search/companies?q=Johnson+Service+Group+PLC,1620593993,16:59:53,20210509
8,2012-12-31,JSG.L,GBP,2012-12-31,2012-12-31,FY,244200000,170300000.0,73900000.0,0.3026208026208026,0.0,30800000.0,23300000.0,0.0,56900000.0,227200000.0,2900000.0,2800000.0,19800000,0.08108108108108109,17000000.0,0.06961506961506962,0.0,-14200000.0,-0.05814905814905815,-5600000.0,-10900000.0,-0.04463554463554464,-0.0429067197441947,-0.04000818134274181,254039462,272444276,https://find-and-update.company-information.service.gov.uk/search/companies?q=Johnson+Service+Group+PLC,https://find-and-update.company-information.service.gov.uk/search/companies?q=Johnson+Service+Group+PLC,1620593993,16:59:53,20210509
9,2011-12-31,JSG.L,GBP,2011-12-31,2011-12-31,FY,242300000,8800000.0,233500000.0,0.9636813867106893,0.0,0.0,21700000.0,2200000.0,221700000.0,230500000.0,3500000.0,24100000.0,35900000,0.1481634337598019,11800000.0,0.04869995872884853,0.0,13700000.0,0.05654147750722245,3400000.0,10300000.0,0.042509286009079654,0.041,0.038,249834780,270833213,https://find-and-update.company-information.service.gov.uk/search/companies?q=Johnson+Service+Group+PLC,https://find-and-update.company-information.service.gov.uk/search/companies?q=Johnson+Service+Group+PLC,1620593993,16:59:53,20210509
10,2010-12-31,JSG.L,GBP,2010-12-31,2010-12-31,FY,235100000,7700000.0,227400000.0,0.9672479795831561,0.0,0.0,21200000.0,2400000.0,216700000.0,224400000.0,3700000.0,24100000.0,34800000,0.14802211824755424,10700000.0,0.045512547851977884,0.0,4200000.0,0.01786473840918758,1000000.0,3200000.0,0.013611229264142918,0.013,0.012,248170808,261684418,https://find-and-update.company-information.service.gov.uk/search/companies?q=Johnson+Service+Group+PLC,https://find-and-update.company-information.service.gov.uk/search/companies?q=Johnson+Service+Group+PLC,1620593993,16:59:53,20210509
11,2009-12-31,JSG.L,GBP,2009-12-31,2009-12-31,FY,236400000,7100000.0,229300000.0,0.9699661590524534,0.0,0.0,20800000.0,2100000.0,216900000.0,224000000.0,4900000.0,24000000.0,36400000,0.15397631133671744,12400000.0,0.05245346869712352,0.0,20600000.0,0.08714043993231811,5700000.0,11400000.0,0.048223350253807105,0.047,0.044,248214351,259007111,https://find-and-update.company-information.service.gov.uk/search/companies?q=Johnson+Service+Group+PLC,https://find-and-update.company-information.service.gov.uk/search/companies?q=Johnson+Service+Group+PLC,1620593993,16:59:53,20210509
12,2008-12-31,JSG.L,GBP,2008-12-31,2008-12-31,FY,252300000,9700000.0,242600000.0,0.9615537059056679,0.0,0.0,21800000.0,2100000.0,230800000.0,240500000.0,11800000.0,24600000.0,36400000,0.14427269124058661,11800000.0,0.04676971858898137,0.0,-6800000.0,-0.026952041220768927,-1800000.0,-6100000.0,-0.024177566389219182,-0.042489482459993365,-0.041765610939517216,143564940,146053173,https://find-and-update.company-information.service.gov.uk/search/companies?q=Johnson+Service+Group+PLC,https://find-and-update.company-information.service.gov.uk/search/companies?q=Johnson+Service+Group+PLC,1620593993,16:59:53,20210509
13,2007-12-31,JSG.L,GBP,2007-12-31,2007-12-31,FY,316800000,164500000.0,152300000.0,0.4807449494949495,0.0,0.0,22300000.0,2100000.0,96300000.0,260800000.0,12900000.0,32500000.0,88500000,0.2793560606060606,56000000.0,0.17676767676767677,0.0,-47400000.0,-0.14962121212121213,-9000000.0,-44900000.0,-0.14172979797979798,-0.7572191230579564,-0.7565039670377237,59295914,59351969,https://find-and-update.company-information.service.gov.uk/search/companies?q=Johnson+Service+Group+PLC,https://find-and-update.company-information.service.gov.uk/search/companies?q=Johnson+Service+Group+PLC,1620593993,16:59:53,20210509
14,2006-12-31,JSG.L,GBP,2006-12-31,2006-12-31,FY,410900000,50300000.0,360600000.0,0.8775857872961791,0.0,0.0,38200000.0,0.0,331300000.0,381600000.0,9600000.0,35100000.0,64400000,0.1567291311754685,29300000.0,0.07130688732051595,0.0,14500000.0,0.035288391336091504,1100000.0,2500000.0,0.006084205402774398,0.042485612247412416,0.04197953665506212,58843450,59552825,https://find-and-update.company-information.service.gov.uk/search/companies?q=Johnson+Service+Group+PLC,https://find-and-update.company-information.service.gov.uk/search/companies?q=Johnson+Service+Group+PLC,1620593993,16:59:53,20210509
15,2005-12-31,JSG.L,GBP,2005-12-31,2005-12-31,FY,422200000,68400000.0,353800000.0,0.8379914732354334,0.0,0.0,0.0,0.0,319900000.0,388300000.0,8500000.0,31400000.0,65300000,0.15466603505447654,33900000.0,0.0802936996684036,0.0,26200000.0,0.0620558976788252,7300000.0,17000000.0,0.04026527711984841,0.292,0.286,58208126,59357348,https://find-and-update.company-information.service.gov.uk/search/companies?q=Johnson+Service+Group+PLC,https://find-and-update.company-information.service.gov.uk/search/companies?q=Johnson+Service+Group+PLC,1620593993,16:59:53,20210509
16,2004-12-31,JSG.L,GBP,2004-12-31,2004-12-31,FY,364000000,258200000.0,105800000.0,0.2906593406593407,0.0,0.0,18300000.0,0.0,83300000.0,341500000.0,5500000.0,22200000.0,44700000,0.1228021978021978,22500000.0,0.061813186813186816,0.0,15400000.0,0.04230769230769231,6300000.0,9100000.0,0.025,0.159,0.156,57419393,58429266,https://find-and-update.company-information.service.gov.uk/search/companies?q=Johnson+Service+Group+PLC,https://find-and-update.company-information.service.gov.uk/search/companies?q=Johnson+Service+Group+PLC,1620593993,16:59:53,20210509
17,2003-12-31,JSG.L,GBP,2003-12-31,2003-12-31,FY,231600000,12000000.0,219600000.0,0.9481865284974094,0.0,0.0,0.0,4000000.0,195800000.0,195800000.0,4400000.0,25300000.0,61100000,0.26381692573402415,35800000.0,0.15457685664939552,0.0,9700000.0,0.041882556131260795,2800000.0,6900000.0,0.029792746113989636,0.123,0.122,56940711,57449593,https://find-and-update.company-information.service.gov.uk/search/companies?q=Johnson+Service+Group+PLC,https://find-and-update.company-information.service.gov.uk/search/companies?q=Johnson+Service+Group+PLC,1620593993,16:59:53,20210509
18,2002-12-31,JSG.L,GBP,2002-12-31,2002-12-31,FY,219200000,97201000.0,121999000.0,0.5565647810218978,0.0,0.0,0.0,5300000.0,93099000.0,190300000.0,5800000.0,28900000.0,57800000,0.2636861313868613,28900000.0,0.13184306569343066,0.0,15000000.0,0.06843065693430657,5800000.0,9200000.0,0.041970802919708027,0.16203668274487393,0.16061957254243325,56777267,57278200,https://find-and-update.company-information.service.gov.uk/search/companies?q=Johnson+Service+Group+PLC,https://find-and-update.company-information.service.gov.uk/search/companies?q=Johnson+Service+Group+PLC,1620593993,16:59:53,20210509
19,2001-12-31,JSG.L,GBP,2001-12-31,2001-12-31,FY,220400000,89118000.0,131282000.0,0.5956533575317604,0.0,0.0,0.0,0.0,94982000.0,184100000.0,6800000.0,30600000.0,66900000,0.30353901996370236,36300000.0,0.1647005444646098,0.0,19300000.0,0.08756805807622504,6500000.0,12800000.0,0.05807622504537205,0.226,0.225,56421000,56929000,https://find-and-update.company-information.service.gov.uk/search/companies?q=Johnson+Service+Group+PLC,https://find-and-update.company-information.service.gov.uk/search/companies?q=Johnson+Service+Group+PLC,1620593993,16:59:53,20210509
20,2000-12-31,JSG.L,GBP,2000-12-31,2000-12-31,FY,220404000,156794000.0,63610000.0,0.2886063773797209,0.0,0.0,0.0,0.0,30058000.0,186852000.0,7397000.0,32213000.0,65765000,0.2983838768806374,33552000.0,0.15222954211357326,0.0,19215000.0,0.08718081341536452,7138000.0,12077000.0,0.054794831309776595,0.219,0.215,53057000,56067000,https://find-and-update.company-information.service.gov.uk/search/companies?q=Johnson+Service+Group+PLC,https://find-and-update.company-information.service.gov.uk/search/companies?q=Johnson+Service+Group+PLC,1620593993,16:59:53,20210509
21,1999-12-31,JSG.L,GBP,1999-12-31,1999-12-31,FY,172533000,119304000.0,53229000.0,0.30851489280311595,0.0,0.0,0.0,0.0,29665000.0,148969000.0,1634000.0,23842000.0,47406000,0.2747648275981986,23564000.0,0.13657677082065459,0.0,27275000.0,0.15808569954733298,7895000.0,19380000.0,0.11232633757020397,0.368,0.348,50857000,55604000,https://find-and-update.company-information.service.gov.uk/search/companies?q=Johnson+Service+Group+PLC,https://find-and-update.company-information.service.gov.uk/search/companies?q=Johnson+Service+Group+PLC,1620593993,16:59:53,20210509
22,1998-12-31,JSG.L,GBP,1998-12-31,1998-12-31,FY,198376000,149022000.0,49354000.0,0.2487901762309957,0.0,0.0,0.0,0.0,-14161000.0,134861000.0,1553000.0,23073000.0,86588000,0.4364842521272735,63515000.0,0.3201748195346211,0.0,-17715000.0,-0.089300116949631,7203000.0,-24918000.0,-0.125609952816873,-0.4987190777359699,-0.45016530269362093,49964000,55353000,https://find-and-update.company-information.service.gov.uk/search/companies?q=Johnson+Service+Group+PLC,https://find-and-update.company-information.service.gov.uk/search/companies?q=Johnson+Service+Group+PLC,1620593993,16:59:53,20210509
23,1997-12-31,JSG.L,GBP,1997-12-31,1997-12-31,FY,191499000,0.0,0.0,0.0,0.0,0.0,0.0,0.0,167280000.0,167280000.0,2004000.0,21279000.0,45498000,0.2375887080350289,24219000.0,0.12647063431140632,0.0,17475000.0,0.0912537402284085,8202000.0,9273000.0,0.04842322936412201,0.169,0.167,49738000,57388000,https://find-and-update.company-information.service.gov.uk/search/companies?q=Johnson+Service+Group+PLC,https://find-and-update.company-information.service.gov.uk/search/companies?q=Johnson+Service+Group+PLC,1620593993,16:59:53,20210509
24,1996-12-31,JSG.L,GBP,1996-12-31,1996-12-31,FY,184405000,0.0,0.0,0.0,0.0,0.0,0.0,0.0,165136000.0,165136000.0,1749000.0,19052000.0,38321000,0.2078088988910279,19269000.0,0.1044928282855671,0.0,18778000.0,0.10183021067758466,5696000.0,13082000.0,0.07094167728640764,0.246,0.235,49583000,57336000,https://find-and-update.company-information.service.gov.uk/search/companies?q=Johnson+Service+Group+PLC,https://find-and-update.company-information.service.gov.uk/search/companies?q=Johnson+Service+Group+PLC,1620593993,16:59:53,20210509
25,1995-12-31,JSG.L,GBP,1995-12-31,1995-12-31,FY,172850000,0.0,0.0,0.0,0.0,0.0,0.0,0.0,153290000.0,153290000.0,1702000.0,16721000.0,36281000,0.20989875614694822,19560000.0,0.11316170089673128,0.0,15416000.0,0.08918715649407,3659000.0,11757000.0,0.06801851316170089,0.22,0.213,49493000,56627000,https://find-and-update.company-information.service.gov.uk/search/companies?q=Johnson+Service+Group+PLC,https://find-and-update.company-information.service.gov.uk/search/companies?q=Johnson+Service+Group+PLC,1620593993,16:59:53,20210509
26,1994-12-31,JSG.L,GBP,1994-12-31,1994-12-31,FY,169502000,0.0,0.0,0.0,0.0,0.0,0.0,0.0,149263000.0,149263000.0,1143000.0,14477000.0,34716000,0.2048117426343052,20239000.0,0.11940272091184764,0.0,14336000.0,0.08457717313070053,3997000.0,10339000.0,0.06099633042677963,0.192,0.187,49320000,56598000,https://find-and-update.company-information.service.gov.uk/search/companies?q=Johnson+Service+Group+PLC,https://find-and-update.company-information.service.gov.uk/search/companies?q=Johnson+Service+Group+PLC,1620593993,16:59:53,20210509
27,1993-12-31,JSG.L,GBP,1993-12-31,1993-12-31,FY,165165000,0.0,0.0,0.0,0.0,0.0,0.0,0.0,145901000.0,145901000.0,1252000.0,13787000.0,33051000,0.20010898192716375,19264000.0,0.11663488027124391,0.0,18210000.0,0.1102533829806557,5121000.0,13089000.0,0.07924802470257016,0.248,0.2368,49180000,56305000,https://find-and-update.company-information.service.gov.uk/search/companies?q=Johnson+Service+Group+PLC,https://find-and-update.company-information.service.gov.uk/search/companies?q=Johnson+Service+Group+PLC,1620593993,16:59:53,20210509
28,1992-12-31,JSG.L,GBP,1992-12-31,1992-12-31,FY,150833000,0.0,0.0,0.0,0.0,0.0,0.0,0.0,132226000.0,132226000.0,1968000.0,13306000.0,31913000,0.21157836812899034,18607000.0,0.12336159858916815,0.0,15115000.0,0.10021016621031206,4603000.0,10512000.0,0.06969297169717502,0.1976,0.192,48682500,56052500,https://find-and-update.company-information.service.gov.uk/search/companies?q=Johnson+Service+Group+PLC,https://find-and-update.company-information.service.gov.uk/search/companies?q=Johnson+Service+Group+PLC,1620593993,16:59:53,20210509
29,1991-12-31,JSG.L,GBP,1991-12-31,1991-12-31,FY,154531000,0.0,0.0,0.0,0.0,0.0,0.0,0.0,154531000.0,154531000.0,3062000.0,13538000.0,32575000,0.2107991276831186,0.0,0.10337731587836745,0.0,15975000.0,0.10337731587836745,5392000.0,7429000.0,0.04807449637936725,0.154393,0.154393,48117500,48117500,https://find-and-update.company-information.service.gov.uk/search/companies?q=Johnson+Service+Group+PLC,https://find-and-update.company-information.service.gov.uk/search/companies?q=Johnson+Service+Group+PLC,1620593993,16:59:53,20210509
30,1990-12-31,JSG.L,GBP,1990-12-31,1990-12-31,FY,149364000,0.0,0.0,0.0,0.0,0.0,0.0,0.0,149364000.0,149364000.0,3301000.0,12034000.0,32720000,0.21906215687849817,0.0,0.11639350847593798,0.0,17385000.0,0.11639350847593798,5381000.0,12004000.0,0.08036742454674486,0.24968,0.24968,48077500,48077500,https://find-and-update.company-information.service.gov.uk/search/companies?q=Johnson+Service+Group+PLC,https://find-and-update.company-information.service.gov.uk/search/companies?q=Johnson+Service+Group+PLC,1620593993,16:59:53,20210509
31,1989-12-31,JSG.L,GBP,1989-12-31,1989-12-31,FY,141091000,0.0,0.0,0.0,0.0,0.0,0.0,0.0,141091000.0,141091000.0,2063000.0,11183000.0,34586000,0.24513257401251676,0.0,0.15124990254516588,0.0,21340000.0,0.15124990254516588,7058000.0,14282000.0,0.1012254502413336,0.297309,0.297309,48037500,48037500,https://find-and-update.company-information.service.gov.uk/search/companies?q=Johnson+Service+Group+PLC,https://find-and-update.company-information.service.gov.uk/search/companies?q=Johnson+Service+Group+PLC,1620593993,16:59:53,20210509
32,1988-12-31,JSG.L,GBP,1988-12-31,1988-12-31,FY,124334000,0.0,0.0,0.0,0.0,0.0,0.0,0.0,124334000.0,124334000.0,2051000.0,10546000.0,31064000,0.24984316437981566,0.0,0.14852735374073062,0.0,18467000.0,0.14852735374073062,6412000.0,13628000.0,0.10960799137806232,0.283798,0.283798,48020000,48020000,https://find-and-update.company-information.service.gov.uk/search/companies?q=Johnson+Service+Group+PLC,https://find-and-update.company-information.service.gov.uk/search/companies?q=Johnson+Service+Group+PLC,1620593993,16:59:53,20210509
33,1987-12-31,JSG.L,GBP,1987-12-31,1987-12-31,FY,101805000,0.0,0.0,0.0,0.0,0.0,0.0,0.0,101805000.0,101805000.0,2037000.0,8816000.0,22466000,0.22067678404793478,0.0,0.11407101812288198,0.0,11613000.0,0.11407101812288198,4192000.0,9301000.0,0.09136093512106479,0.241679,0.241679,38485000,38485000,https://find-and-update.company-information.service.gov.uk/search/companies?q=Johnson+Service+Group+PLC,https://find-and-update.company-information.service.gov.uk/search/companies?q=Johnson+Service+Group+PLC,1620593993,16:59:53,20210509
34,1986-12-31,JSG.L,GBP,1986-12-31,1986-12-31,FY,90259000,0.0,0.0,0.0,0.0,0.0,0.0,0.0,90259000.0,90259000.0,2585000.0,9027000.0,20432000,0.22637077742939762,0.0,0.09771878704616714,0.0,8820000.0,0.09771878704616714,3041000.0,6523000.0,0.07226980134944992,0.162988,0.162988,40021388,40021388,https://find-and-update.company-information.service.gov.uk/search/companies?q=Johnson+Service+Group+PLC,https://find-and-update.company-information.service.gov.uk/search/companies?q=Johnson+Service+Group+PLC,1620593993,16:59:53,20210509
35,1985-12-31,JSG.L,GBP,1985-12-31,1985-12-31,FY,89594000,0.0,0.0,0.0,0.0,0.0,0.0,0.0,89594000.0,89594000.0,3073000.0,8373000.0,19230000,0.21463490858762863,0.0,0.08688081791191374,0.0,7784000.0,0.08688081791191374,2857000.0,7699000.0,0.08593209366698663,0.199014,0.199014,38685675,38685675,https://find-and-update.company-information.service.gov.uk/search/companies?q=Johnson+Service+Group+PLC,https://find-and-update.company-information.service.gov.uk/search/companies?q=Johnson+Service+Group+PLC,1620593993,16:59:53,20210509
