,date,symbol,reportedCurrency,fillingDate,acceptedDate,period,revenue,costOfRevenue,grossProfit,grossProfitRatio,researchAndDevelopmentExpenses,generalAndAdministrativeExpenses,sellingAndMarketingExpenses,otherExpenses,operatingExpenses,costAndExpenses,interestExpense,depreciationAndAmortization,ebitda,ebitdaratio,operatingIncome,operatingIncomeRatio,totalOtherIncomeExpensesNet,incomeBeforeTax,incomeBeforeTaxRatio,incomeTaxExpense,netIncome,netIncomeRatio,eps,epsdiluted,weightedAverageShsOut,weightedAverageShsOutDil,link,finalLink,timestamp,est_time,est_date
0,2020-12-31,ELVT,USD,2021-02-26,2021-02-26 11:53:52,FY,465346000,269419000,195927000.0,0.4210351007637328,0.0,50474000,3450000.0,-24079000.0,75716000.0,345135000,49020000.0,18133000.0,138344000,0.29729276710232816,120211000.0,0.258326062757604,-24079000.0,47112000.0,0.1012407971702776,10910000.0,20592000.0,0.04425094445853193,0.5,0.49,38851781,38851781,https://www.sec.gov/Archives/edgar/data/1651094/000165109421000016/0001651094-21-000016-index.htm,https://www.sec.gov/Archives/edgar/data/1651094/000165109421000016/elvt-20201231.htm,1620591588,16:19:48,20210509
1,2019-12-31,ELVT,USD,2020-02-14,2020-02-14 12:02:59,FY,746962000,547440000,199522000.0,0.26711131222204076,0.0,57427000,7381000.0,-681000.0,88099000.0,635539000,66646000.0,17380000.0,128803000,0.17243581333454713,111423000.0,0.1491682307801468,-347000.0,44430000.0,0.05948093745063337,12247000.0,32183000.0,0.043085190411292676,0.7346736491443094,0.7258525689075596,43805845,44338205,https://www.sec.gov/Archives/edgar/data/1651094/000165109420000010/0001651094-20-000010-index.htm,https://www.sec.gov/Archives/edgar/data/1651094/000165109420000010/elevate10-kx2019.htm,1620591588,16:19:48,20210509
2,2018-12-31,ELVT,USD,2019-03-08,2019-03-08 12:55:15,FY,786682000,515943000,270739000.0,0.344153037695028,0.0,147793000,9435000.0,-350000.0,175865000.0,691808000,79198000.0,12988000.0,107862000,0.13711003938058836,94874000.0,0.1206001916911789,-1759000.0,13917000.0,0.01769075687507786,1408000.0,12509000.0,0.015900961252450163,0.29,0.28,42791061,44299304,https://www.sec.gov/Archives/edgar/data/1651094/000165109419000028/0001651094-19-000028-index.htm,https://www.sec.gov/Archives/edgar/data/1651094/000165109419000028/elevate10-kx2018.htm,1620591588,16:19:48,20210509
3,2017-12-31,ELVT,USD,2018-03-09,2018-03-09 15:03:55,FY,673132000,450332000,222800000.0,0.3309900584135058,0.0,128712000,8353000.0,2295000.0,151937000.0,602269000,73043000.0,10272000.0,81135000,0.12053356548195598,70863000.0,0.10527355704378934,5195000.0,3015000.0,0.004479062056179174,9931000.0,-6916000.0,-0.010274359263859095,-0.2,-0.2,33911520,33911520,https://www.sec.gov/Archives/edgar/data/1651094/000165109418000014/0001651094-18-000014-index.htm,https://www.sec.gov/Archives/edgar/data/1651094/000165109418000014/elevate10-kx2017.htm,1620591588,16:19:48,20210509
4,2016-12-31,ELVT,USD,2016-12-31,2016-12-31,FY,580441000,400444000,179997000.0,0.31010386929937755,0.0,107791000,9684000.0,-43000.0,0.0,532637000,64277000.0,10906000.0,58710000,0.1011472311569996,47804000.0,0.08235806912330453,-8852000.0,-25325000.0,-0.043630618788128336,-2952000.0,-22373000.0,-0.03854483056848155,-0.83,-0.83,26992788,26992788,,,1620591588,16:19:48,20210509
5,2015-12-31,ELVT,USD,2015-12-31,2015-12-31,FY,434006000,308879000,125127000.0,0.28830707409574985,0.0,95392000,7567000.0,5523000.0,0.0,425039000,36674000.0,8898000.0,17865000,0.04116302539596227,8967000.0,0.020661004686571154,3138000.0,-24569000.0,-0.056609816454150405,-4658000.0,-19911000.0,-0.04587724593669212,-0.654932,-0.654932,30401632,30401632,,,1620591588,16:19:48,20210509
6,2014-12-31,ELVT,USD,2014-12-31,2014-12-31,FY,273717940,241677008,32040932.0,0.11705820962995703,0.0,74714306,7366403.0,0.0,0.0,334840685,12938566.0,8317423.0,-52805322,-0.1929187469407376,-61122745.0,-0.2233055860350257,-1408414.0,-75469725.0,-0.2757207839573833,-20709317.0,-54625270.0,-0.1995677375037968,-2.023699,-2.023699,26992788,26992788,,,1620591588,16:19:48,20210509
7,2013-12-31,ELVT,USD,2013-12-31,2013-12-31,FY,72095139,71839415,255724.0,0.003547035258507512,0.0,39263593,6557302.0,571577.0,0.0,124498848,59751.0,5328563.0,-47075146,-0.6529586689610238,-52403709.0,-0.72686882537254,334510.0,-52128950.0,-0.7230577639915501,-8771265.0,-44856544.0,-0.6221854153024103,-1.661797,-1.661797,26992788,26992788,,,1620591588,16:19:48,20210509
