,date,symbol,reportedCurrency,fillingDate,acceptedDate,period,revenue,costOfRevenue,grossProfit,grossProfitRatio,researchAndDevelopmentExpenses,generalAndAdministrativeExpenses,sellingAndMarketingExpenses,otherExpenses,operatingExpenses,costAndExpenses,interestExpense,depreciationAndAmortization,ebitda,ebitdaratio,operatingIncome,operatingIncomeRatio,totalOtherIncomeExpensesNet,incomeBeforeTax,incomeBeforeTaxRatio,incomeTaxExpense,netIncome,netIncomeRatio,eps,epsdiluted,weightedAverageShsOut,weightedAverageShsOutDil,link,finalLink,timestamp,est_time,est_date
0,2020-12-31,WCP.TO,CAD,2020-12-31,2020-12-31,FY,931898000.0,478655000.0,453243000.0,0.48636546059761904,0.0,98007000.0,23635000.0,0.0,0.0,913047000.0,43526000.0,0.0,376502000.0,0.40401631938259336,18851000.0,0.020228608710395345,-2393305000.0,-2417980000.0,-2.5946831090956306,-573007000.0,-1844973000.0,-1.9798014374963784,-4.478089805825243,-4.478089805825243,412000000.0,412000000.0,https://www.sedar.com/ModifyCompanyDocumentSearchForm.do?lang=EN&company_search=Whitecap Resources Inc&document_selection=0&industry_group=A&FromDate=13&FromMonth=05&FromYear=2000&ToDate=13&ToMonth=11&ToYear=2020&Variable=Issuer,https://www.sedar.com/ModifyCompanyDocumentSearchForm.do?lang=EN&company_search=Whitecap Resources Inc&document_selection=0&industry_group=A&FromDate=13&FromMonth=05&FromYear=2000&ToDate=13&ToMonth=11&ToYear=2020&Variable=Issuer,1620599749,18:35:49,20210509
1,2019-12-31,WCP.TO,CAD,2019-12-31,2019-12-31,FY,1454239000.0,769625000.0,684614000.0,0.4707713106305085,0.0,100197000.0,0.0,0.0,433655000.0,1203280000.0,52270000.0,0.0,737189000.0,0.5069242401008363,250959000.0,0.17257067098324277,-402034000.0,-203345000.0,-0.13982914775356733,-47472000.0,-155873000.0,-0.10718527009659348,-0.38,-0.38,412000000.0,412000000.0,https://www.sedar.com/ModifyCompanyDocumentSearchForm.do?lang=EN&company_search=Whitecap Resources Inc&document_selection=0&industry_group=A&FromDate=13&FromMonth=05&FromYear=2000&ToDate=13&ToMonth=11&ToYear=2020&Variable=Issuer,https://www.sedar.com/ModifyCompanyDocumentSearchForm.do?lang=EN&company_search=Whitecap Resources Inc&document_selection=0&industry_group=A&FromDate=13&FromMonth=05&FromYear=2000&ToDate=13&ToMonth=11&ToYear=2020&Variable=Issuer,1620599749,18:35:49,20210509
2,2018-12-31,WCP.TO,CAD,2018-12-31,2018-12-31,FY,1525299000.0,765376000.0,759923000.0,0.4982124816183581,0.0,42472000.0,58952000.0,-200000.0,445230000.0,1210606000.0,52702000.0,0.0,801506000.0,0.5254746774239019,314693000.0,0.2063156141844976,-168438000.0,93553000.0,0.061334203982301175,28425000.0,65128000.0,0.04269851353734579,0.16,0.15,417061000.0,420587000.0,https://www.sedar.com/ModifyCompanyDocumentSearchForm.do?lang=EN&company_search=Whitecap Resources Inc&document_selection=0&industry_group=A&FromDate=13&FromMonth=05&FromYear=2000&ToDate=13&ToMonth=11&ToYear=2020&Variable=Issuer,https://www.sedar.com/ModifyCompanyDocumentSearchForm.do?lang=EN&company_search=Whitecap Resources Inc&document_selection=0&industry_group=A&FromDate=13&FromMonth=05&FromYear=2000&ToDate=13&ToMonth=11&ToYear=2020&Variable=Issuer,1620599749,18:35:49,20210509
3,2017-12-31,WCP.TO,CAD,2017-12-31,2017-12-31,FY,1001343000.0,877910000.0,123433000.0,0.1232674518122162,0.0,44691000.0,34257000.0,-99000.0,317844000.0,1195754000.0,29635000.0,0.0,538837000.0,0.5381143124783416,-194411000.0,-0.19415025620591544,63423000.0,-160623000.0,-0.16040757262995797,-36655000.0,-123968000.0,-0.12380173427087422,-0.33,-0.33,371848000.0,371848000.0,https://www.sedar.com/ModifyCompanyDocumentSearchForm.do?lang=EN&company_search=Whitecap Resources Inc&document_selection=0&industry_group=A&FromDate=13&FromMonth=05&FromYear=2000&ToDate=13&ToMonth=11&ToYear=2020&Variable=Issuer,https://www.sedar.com/ModifyCompanyDocumentSearchForm.do?lang=EN&company_search=Whitecap Resources Inc&document_selection=0&industry_group=A&FromDate=13&FromMonth=05&FromYear=2000&ToDate=13&ToMonth=11&ToYear=2020&Variable=Issuer,1620599749,18:35:49,20210509
4,2016-12-31,WCP.TO,CAD,2016-12-31,2016-12-31,FY,635306000.0,111598000.0,523708000.0,0.8243397669784325,0.0,38509000.0,14903000.0,-350000.0,232661000.0,344259000.0,29277000.0,0.0,311440000.0,0.49022046069138336,291047000.0,0.4581209684781822,-22151000.0,239619000.0,0.37717100106090606,68871000.0,170748000.0,0.2687649730995772,0.5025917259040135,0.49941940899638193,339735000.0,341893000.0,https://www.sedar.com/ModifyCompanyDocumentSearchForm.do?lang=EN&company_search=Whitecap Resources Inc&document_selection=0&industry_group=A&FromDate=13&FromMonth=05&FromYear=2000&ToDate=13&ToMonth=11&ToYear=2020&Variable=Issuer,https://www.sedar.com/ModifyCompanyDocumentSearchForm.do?lang=EN&company_search=Whitecap Resources Inc&document_selection=0&industry_group=A&FromDate=13&FromMonth=05&FromYear=2000&ToDate=13&ToMonth=11&ToYear=2020&Variable=Issuer,1620599749,18:35:49,20210509
5,2015-12-31,WCP.TO,CAD,2015-12-31,2015-12-31,FY,622280000.0,908013000.0,-285733000.0,-0.4591711126823938,0.0,44409000.0,23503000.0,-364000.0,228215000.0,1136228000.0,42376000.0,0.0,310994000.0,0.49976537892909945,-513948000.0,-0.825911165391785,-51751000.0,-608075000.0,-0.9771726553962846,-107362000.0,-500713000.0,-0.8046426046152857,-1.76,-1.76,283889000.0,283889000.0,https://www.sedar.com/ModifyCompanyDocumentSearchForm.do?lang=EN&company_search=Whitecap Resources Inc&document_selection=0&industry_group=A&FromDate=13&FromMonth=05&FromYear=2000&ToDate=13&ToMonth=11&ToYear=2020&Variable=Issuer,https://www.sedar.com/ModifyCompanyDocumentSearchForm.do?lang=EN&company_search=Whitecap Resources Inc&document_selection=0&industry_group=A&FromDate=13&FromMonth=05&FromYear=2000&ToDate=13&ToMonth=11&ToYear=2020&Variable=Issuer,1620599749,18:35:49,20210509
6,2014-12-31,WCP.TO,CAD,2014-12-31,2014-12-31,FY,815689000.0,367027000.0,448662000.0,0.5500405178934619,0.0,24883000.0,17378000.0,-2015000.0,188228000.0,555255000.0,33454000.0,0.0,516560000.0,0.6332805762980744,260434000.0,0.3192810004793494,324320000.0,551300000.0,0.6758703378370923,98159000.0,453141000.0,0.5555315812766876,1.95,1.94,231879000.0,234130000.0,https://www.sedar.com/ModifyCompanyDocumentSearchForm.do?lang=EN&company_search=Whitecap Resources Inc&document_selection=0&industry_group=A&FromDate=13&FromMonth=05&FromYear=2000&ToDate=13&ToMonth=11&ToYear=2020&Variable=Issuer,https://www.sedar.com/ModifyCompanyDocumentSearchForm.do?lang=EN&company_search=Whitecap Resources Inc&document_selection=0&industry_group=A&FromDate=13&FromMonth=05&FromYear=2000&ToDate=13&ToMonth=11&ToYear=2020&Variable=Issuer,1620599749,18:35:49,20210509
7,2013-12-31,WCP.TO,CAD,2013-12-31,2013-12-31,FY,467095000.0,212145000.0,254950000.0,0.5458204433787559,0.0,17419000.0,17304000.0,-765000.0,111372000.0,323517000.0,15493000.0,0.0,296881000.0,0.6355901904323532,143578000.0,0.30738500733255547,-62674000.0,65411000.0,0.14003789379034243,24983000.0,40428000.0,0.08655198621265481,0.26918083215148914,0.2661242545124215,150189000.0,151914000.0,https://www.sedar.com/ModifyCompanyDocumentSearchForm.do?lang=EN&company_search=Whitecap Resources Inc&document_selection=0&industry_group=A&FromDate=13&FromMonth=05&FromYear=2000&ToDate=13&ToMonth=11&ToYear=2020&Variable=Issuer,https://www.sedar.com/ModifyCompanyDocumentSearchForm.do?lang=EN&company_search=Whitecap Resources Inc&document_selection=0&industry_group=A&FromDate=13&FromMonth=05&FromYear=2000&ToDate=13&ToMonth=11&ToYear=2020&Variable=Issuer,1620599749,18:35:49,20210509
8,2012-12-31,WCP.TO,CAD,2012-12-31,2012-12-31,FY,305770000.0,151157000.0,154613000.0,0.5056513065375936,0.0,13110000.0,12145000.0,-4416000.0,85155000.0,236312000.0,12893000.0,0.0,184640000.0,0.6038525689243549,69458000.0,0.22715766752788044,16370000.0,72935000.0,0.23852895967557314,20464000.0,52471000.0,0.1716028387349969,0.46,0.45,113102000.0,115484000.0,https://www.sedar.com/ModifyCompanyDocumentSearchForm.do?lang=EN&company_search=Whitecap Resources Inc&document_selection=0&industry_group=A&FromDate=13&FromMonth=05&FromYear=2000&ToDate=13&ToMonth=11&ToYear=2020&Variable=Issuer,https://www.sedar.com/ModifyCompanyDocumentSearchForm.do?lang=EN&company_search=Whitecap Resources Inc&document_selection=0&industry_group=A&FromDate=13&FromMonth=05&FromYear=2000&ToDate=13&ToMonth=11&ToYear=2020&Variable=Issuer,1620599749,18:35:49,20210509
9,2011-12-31,WCP.TO,CAD,2011-12-31,2011-12-31,FY,140177000.0,40959000.0,99218000.0,0.7078051320830093,0.0,6858000.0,4078000.0,0.0,59912000.0,100871000.0,4614000.0,0.0,88282000.0,0.6297894804425833,39306000.0,0.28040263381296504,0.0,34692000.0,0.24748710558793524,9180000.0,25512000.0,0.18199847335868224,0.4,0.39,63009000.0,65007000.0,https://www.sedar.com/ModifyCompanyDocumentSearchForm.do?lang=EN&company_search=Whitecap Resources Inc&document_selection=0&industry_group=A&FromDate=13&FromMonth=05&FromYear=2000&ToDate=13&ToMonth=11&ToYear=2020&Variable=Issuer,https://www.sedar.com/ModifyCompanyDocumentSearchForm.do?lang=EN&company_search=Whitecap Resources Inc&document_selection=0&industry_group=A&FromDate=13&FromMonth=05&FromYear=2000&ToDate=13&ToMonth=11&ToYear=2020&Variable=Issuer,1620599749,18:35:49,20210509
10,2010-12-31,WCP.TO,CAD,2010-12-31,2010-12-31,FY,24869000.0,11416000.0,13453000.0,0.5409546021150831,0.0,7697000.0,0.0,0.0,23118000.0,34534000.0,1984000.0,0.0,5756000.0,0.23145281273875107,-9665000.0,-0.3886364550243275,0.0,-11649000.0,-0.4684144919377538,-2026000.0,-9623000.0,-0.38694760545257145,-0.41546498575252566,-0.4114327247851554,23162000.0,23389000.0,https://www.sedar.com/ModifyCompanyDocumentSearchForm.do?lang=EN&company_search=Whitecap Resources Inc&document_selection=0&industry_group=A&FromDate=13&FromMonth=05&FromYear=2000&ToDate=13&ToMonth=11&ToYear=2020&Variable=Issuer,https://www.sedar.com/ModifyCompanyDocumentSearchForm.do?lang=EN&company_search=Whitecap Resources Inc&document_selection=0&industry_group=A&FromDate=13&FromMonth=05&FromYear=2000&ToDate=13&ToMonth=11&ToYear=2020&Variable=Issuer,1620599749,18:35:49,20210509
11,2010-03-31,WCP.TO,CAD,2010-03-31,2010-03-31,FY,6643722.0,3666354.0,2977368.0,0.44814758955898515,0.0,1027258.0,0.0,128610.0,3570887.0,7237241.0,212643.0,0.0,1821500.0,0.2741686060915854,-593519.0,-0.08933531535485681,128610.0,-934772.0,-0.14070004735297473,-253784.0,-680988.0,-0.10250097761465636,-0.2,-0.2,3890980.0,3890980.0,https://www.sedar.com/ModifyCompanyDocumentSearchForm.do?lang=EN&company_search=Whitecap Resources Inc&document_selection=0&industry_group=A&FromDate=13&FromMonth=05&FromYear=2000&ToDate=13&ToMonth=11&ToYear=2020&Variable=Issuer,https://www.sedar.com/ModifyCompanyDocumentSearchForm.do?lang=EN&company_search=Whitecap Resources Inc&document_selection=0&industry_group=A&FromDate=13&FromMonth=05&FromYear=2000&ToDate=13&ToMonth=11&ToYear=2020&Variable=Issuer,1620599749,18:35:49,20210509
12,2009-03-31,WCP.TO,CAD,2009-03-31,2009-03-31,FY,7184441.0,3229808.0,3954633.0,0.5504440776951193,0.0,852422.0,0.0,-352844.0,2971700.0,6201508.0,240206.0,0.0,2749367.0,0.38268349618293196,982933.0,0.13681412374323904,-352844.0,389883.0,0.05426768763220409,139904.0,249979.0,0.0347944954938039,0.1,0.1,4083388.0,4083388.0,https://www.sedar.com/ModifyCompanyDocumentSearchForm.do?lang=EN&company_search=Whitecap Resources Inc&document_selection=0&industry_group=A&FromDate=13&FromMonth=05&FromYear=2000&ToDate=13&ToMonth=11&ToYear=2020&Variable=Issuer,https://www.sedar.com/ModifyCompanyDocumentSearchForm.do?lang=EN&company_search=Whitecap Resources Inc&document_selection=0&industry_group=A&FromDate=13&FromMonth=05&FromYear=2000&ToDate=13&ToMonth=11&ToYear=2020&Variable=Issuer,1620599749,18:35:49,20210509
13,2008-03-31,WCP.TO,CAD,2008-03-31,2008-03-31,FY,5970504.0,2560607.0,3409897.0,0.5711238113231312,0.0,1327035.0,0.0,0.0,3018092.0,5578699.0,0.0,1691057.0,2082862.0,0.34885865581867126,391805.0,0.06562343815530482,0.0,198443.0,0.03323722754393934,-13408.0,211851.0,0.035482934104055536,0.1,0.1,4294324.0,4294324.0,https://www.sedar.com/ModifyCompanyDocumentSearchForm.do?lang=EN&company_search=Whitecap Resources Inc&document_selection=0&industry_group=A&FromDate=13&FromMonth=05&FromYear=2000&ToDate=13&ToMonth=11&ToYear=2020&Variable=Issuer,https://www.sedar.com/ModifyCompanyDocumentSearchForm.do?lang=EN&company_search=Whitecap Resources Inc&document_selection=0&industry_group=A&FromDate=13&FromMonth=05&FromYear=2000&ToDate=13&ToMonth=11&ToYear=2020&Variable=Issuer,1620599749,18:35:49,20210509
14,2007-03-31,WCP.TO,CAD,2007-03-31,2007-03-31,FY,4809773.0,2520703.0,2289070.0,0.4759205891837307,0.0,1136533.0,0.0,0.0,2539426.0,5060129.0,0.0,1402893.0,1152537.0,0.23962399057086478,-250356.0,-0.052051520934563854,0.0,-517263.0,-0.10754416060799543,-135461.0,-381802.0,-0.0793804614063907,-0.1,-0.1,2699650.0,2699650.0,https://www.sedar.com/ModifyCompanyDocumentSearchForm.do?lang=EN&company_search=Whitecap Resources Inc&document_selection=0&industry_group=A&FromDate=13&FromMonth=05&FromYear=2000&ToDate=13&ToMonth=11&ToYear=2020&Variable=Issuer,https://www.sedar.com/ModifyCompanyDocumentSearchForm.do?lang=EN&company_search=Whitecap Resources Inc&document_selection=0&industry_group=A&FromDate=13&FromMonth=05&FromYear=2000&ToDate=13&ToMonth=11&ToYear=2020&Variable=Issuer,1620599749,18:35:49,20210509
15,2006-03-31,WCP.TO,CAD,2006-03-31,2006-03-31,FY,2255185.0,1071808.0,1183377.0,0.5247361081241672,0.0,771449.0,0.0,0.0,1160073.0,2231881.0,0.0,388624.0,411928.0,0.1826581854703716,23304.0,0.010333520309863713,0.0,17302.0,0.007672097854499742,70028.0,-52726.0,-0.02337990009688784,-0.02186455388655031,-0.020513766236595787,2411483.0,2570274.0,https://www.sedar.com/ModifyCompanyDocumentSearchForm.do?lang=EN&company_search=Whitecap Resources Inc&document_selection=0&industry_group=A&FromDate=13&FromMonth=05&FromYear=2000&ToDate=13&ToMonth=11&ToYear=2020&Variable=Issuer,https://www.sedar.com/ModifyCompanyDocumentSearchForm.do?lang=EN&company_search=Whitecap Resources Inc&document_selection=0&industry_group=A&FromDate=13&FromMonth=05&FromYear=2000&ToDate=13&ToMonth=11&ToYear=2020&Variable=Issuer,1620599749,18:35:49,20210509
16,2005-03-31,WCP.TO,CAD,2005-03-31,2005-03-31,FY,715317.0,264724.0,450593.0,0.6299207204637943,0.0,481179.0,0.0,0.0,741970.0,1006694.0,0.0,134237.0,-157140.0,-0.2196788277085544,-291377.0,-0.4073396829657341,-145674.0,-284884.0,-0.39826258847476015,-6891.0,-277993.0,-0.38862909730930484,-0.1,-0.1,2007826.0,2007826.0,https://www.sedar.com/ModifyCompanyDocumentSearchForm.do?lang=EN&company_search=Whitecap Resources Inc&document_selection=0&industry_group=A&FromDate=13&FromMonth=05&FromYear=2000&ToDate=13&ToMonth=11&ToYear=2020&Variable=Issuer,https://www.sedar.com/ModifyCompanyDocumentSearchForm.do?lang=EN&company_search=Whitecap Resources Inc&document_selection=0&industry_group=A&FromDate=13&FromMonth=05&FromYear=2000&ToDate=13&ToMonth=11&ToYear=2020&Variable=Issuer,1620599749,18:35:49,20210509
17,2004-03-31,WCP.TO,CAD,2004-03-31,2004-03-31,FY,143841.0,57204.0,86637.0,0.6023108849354496,0.0,152235.0,0.0,0.0,196752.0,253956.0,0.0,44517.0,-65598.0,-0.4560452165933218,-110115.0,-0.7655327757732496,-32917.0,-140825.0,-0.9790324038347898,-47440.0,-93385.0,-0.649223795718884,-0.2,-0.2,767494.0,767494.0,https://www.sedar.com/ModifyCompanyDocumentSearchForm.do?lang=EN&company_search=Whitecap Resources Inc&document_selection=0&industry_group=A&FromDate=13&FromMonth=05&FromYear=2000&ToDate=13&ToMonth=11&ToYear=2020&Variable=Issuer,https://www.sedar.com/ModifyCompanyDocumentSearchForm.do?lang=EN&company_search=Whitecap Resources Inc&document_selection=0&industry_group=A&FromDate=13&FromMonth=05&FromYear=2000&ToDate=13&ToMonth=11&ToYear=2020&Variable=Issuer,1620599749,18:35:49,20210509
18,2002-12-31,WCP.TO,CAD,2002-12-31,2002-12-31,FY,0.0,0.0,0.0,0.0,0.0,16018.0,0.0,0.0,16018.0,16018.0,0.0,0.0,-16018.0,0.0,-16018.0,0.0,0.0,0.0,0.0,0.0,-13781.0,0.0,-0.1,-0.1,265015.0,265015.0,https://www.sedar.com/ModifyCompanyDocumentSearchForm.do?lang=EN&company_search=Whitecap Resources Inc&document_selection=0&industry_group=A&FromDate=13&FromMonth=05&FromYear=2000&ToDate=13&ToMonth=11&ToYear=2020&Variable=Issuer,https://www.sedar.com/ModifyCompanyDocumentSearchForm.do?lang=EN&company_search=Whitecap Resources Inc&document_selection=0&industry_group=A&FromDate=13&FromMonth=05&FromYear=2000&ToDate=13&ToMonth=11&ToYear=2020&Variable=Issuer,1620599749,18:35:49,20210509
19,2001-12-31,WCP.TO,CAD,2001-12-31,2001-12-31,FY,0.0,0.0,0.0,0.0,0.0,19377.0,0.0,0.0,19377.0,19377.0,0.0,0.0,-19377.0,0.0,-19377.0,0.0,0.0,0.0,0.0,0.0,-19377.0,0.0,-0.1,-0.1,265000.0,265000.0,https://www.sedar.com/ModifyCompanyDocumentSearchForm.do?lang=EN&company_search=Whitecap Resources Inc&document_selection=0&industry_group=A&FromDate=13&FromMonth=05&FromYear=2000&ToDate=13&ToMonth=11&ToYear=2020&Variable=Issuer,https://www.sedar.com/ModifyCompanyDocumentSearchForm.do?lang=EN&company_search=Whitecap Resources Inc&document_selection=0&industry_group=A&FromDate=13&FromMonth=05&FromYear=2000&ToDate=13&ToMonth=11&ToYear=2020&Variable=Issuer,1620599749,18:35:49,20210509
