,date,symbol,reportedCurrency,fillingDate,acceptedDate,period,revenue,costOfRevenue,grossProfit,grossProfitRatio,researchAndDevelopmentExpenses,generalAndAdministrativeExpenses,sellingAndMarketingExpenses,otherExpenses,operatingExpenses,costAndExpenses,interestExpense,depreciationAndAmortization,ebitda,ebitdaratio,operatingIncome,operatingIncomeRatio,totalOtherIncomeExpensesNet,incomeBeforeTax,incomeBeforeTaxRatio,incomeTaxExpense,netIncome,netIncomeRatio,eps,epsdiluted,weightedAverageShsOut,weightedAverageShsOutDil,link,finalLink,timestamp,est_time,est_date
0,2020-12-31,1118.HK,HKD,2020-12-31,2020-12-31,FY,2991068000,2495197000,495871000,0.16578392734635253,0.0,165078000,134609000,-12076000.0,0.0,2794884000,31836000.0,0.0,195424000.0,0.0653358599670753,196184000.0,0.04724198848036888,0.0,141304000,0.04724198848036888,23659000.0,93545000.0,0.031274782117959206,0.16494058244075196,0.1628630956504667,567143626,574378128,https://www1.hkexnews.hk/search/titlesearch.xhtml,https://www1.hkexnews.hk/search/titlesearch.xhtml,1620585084,14:31:24,20210509
1,2019-12-31,1118.HK,HKD,2019-12-31,2019-12-31,FY,2803735000,2425739000,377996000,0.1348187328688339,0.0,171011000,115121000,-38063000.0,273690000.0,2699429000,42204000.0,99588000.0,203894000.0,0.07272227938803061,104306000.0,0.037202517356312206,0.0,14396000,0.005134579409252301,5945000.0,-6233000.0,-0.002223105964008724,-0.011,-0.011,567143626,567143626,https://www1.hkexnews.hk/search/titlesearch.xhtml,https://www1.hkexnews.hk/search/titlesearch.xhtml,1620585084,14:31:24,20210509
2,2018-12-31,1118.HK,HKD,2018-12-31,2018-12-31,FY,3087200000,2842229000,244971000,0.07935054418243068,0.0,175877000,100099000,-26328000.0,268837000.0,3111066000,26664000.0,38432000.0,14566000.0,0.004718191241254211,-23866000.0,-0.007730629696812646,0.0,-78195000,-0.025328776885203422,1826000.0,-84782000.0,-0.027462425498833896,-0.1509,-0.1509,561922500,561922500,https://www1.hkexnews.hk/search/titlesearch.xhtml,https://www1.hkexnews.hk/search/titlesearch.xhtml,1620585084,14:31:24,20210509
3,2017-12-31,1118.HK,HKD,2017-12-31,2017-12-31,FY,2742207000,2379761000,362446000,0.13217309998843996,0.0,187933000,108442000,-17148000.0,265038000.0,2644799000,16408000.0,37840000.0,135248000.0,0.04932085725111197,97408000.0,0.03552175309887255,0.0,69168000,0.0252234787526981,20279000.0,42432000.0,0.015473667742807163,0.0755,0.0755,561922500,561922500,https://www1.hkexnews.hk/search/titlesearch.xhtml,https://www1.hkexnews.hk/search/titlesearch.xhtml,1620585084,14:31:24,20210509
4,2016-12-31,1118.HK,HKD,2016-12-31,2016-12-31,FY,2160454000,1762210000,398244000,0.1843334780560012,0.0,187259000,95943000,9213000.0,266812000.0,2029022000,12184000.0,40311000.0,171743000.0,0.07949393969971126,131432000.0,0.06083536145643462,0.0,110681000,0.051230435825062696,25528000.0,72670000.0,0.033636448635333126,0.1293,0.1293,561922500,561922500,https://www1.hkexnews.hk/search/titlesearch.xhtml,https://www1.hkexnews.hk/search/titlesearch.xhtml,1620585084,14:31:24,20210509
5,2015-12-31,1118.HK,HKD,2015-12-31,2015-12-31,FY,2524502000,2118365000,406137000,0.16087806624831352,0.0,172267000,91702000,11442000.0,272116000.0,2390481000,16620000.0,39765000.0,173786000.0,0.06883971571422799,134021000.0,0.053088094206302866,0.0,124809000,0.04943905768345599,23361000.0,92740000.0,0.03673595822067085,0.165,0.165,561922500,561922500,https://www1.hkexnews.hk/search/titlesearch.xhtml,https://www1.hkexnews.hk/search/titlesearch.xhtml,1620585084,14:31:24,20210509
6,2014-12-31,1118.HK,HKD,2014-12-31,2014-12-31,FY,3201314000,2760199000,441115000,0.13779185671883482,0.0,179165000,95357000,14164000.0,270706000.0,3030905000,28336000.0,41646000.0,212055000.0,0.06623998770504862,170409000.0,0.0532309545392923,0.0,141750000,0.04427869306166155,21004000.0,107436000.0,0.03355996943754971,0.1912,0.1912,561922500,561922500,https://www1.hkexnews.hk/search/titlesearch.xhtml,https://www1.hkexnews.hk/search/titlesearch.xhtml,1620585084,14:31:24,20210509
7,2013-12-31,1118.HK,HKD,2013-12-31,2013-12-31,FY,3070165000,2679381000,390784000,0.1272843641954097,0.0,174357000,91062000,14745000.0,278327000.0,2957708000,26422000.0,38807000.0,151264000.0,0.049269013228930694,112457000.0,0.036628975967089715,0.0,114855000,0.03741004147985532,13093000.0,92223000.0,0.03003845070216096,0.1641,0.1641,561922500,561922500,https://www1.hkexnews.hk/search/titlesearch.xhtml,https://www1.hkexnews.hk/search/titlesearch.xhtml,1620585084,14:31:24,20210509
8,2012-12-31,1118.HK,HKD,2012-12-31,2012-12-31,FY,2916502000,2564895000,351607000,0.12055777777625389,0.0,159566000,82748000,13929000.0,251860000.0,2816755000,29574000.0,36561000.0,136308000.0,0.04673681005533341,99747000.0,0.0342009023137992,0.0,93961000,0.03221701888083739,9045000.0,81748000.0,0.02802946817797485,0.1455,0.1455,561922500,561922500,https://www1.hkexnews.hk/search/titlesearch.xhtml,https://www1.hkexnews.hk/search/titlesearch.xhtml,1620585084,14:31:24,20210509
9,2011-12-31,1118.HK,HKD,2011-12-31,2011-12-31,FY,2826426000,2501334000,325092000,0.11501875513457632,0.0,145764000,70783000,0.0,192552000.0,2693886000,22217000.0,34509000.0,167049000.0,0.05910255566570644,132540000.0,0.046893143496415615,0.0,108204000,0.03828297645153279,7830000.0,101310000.0,0.03584385368659926,0.1803,0.1803,561922500,561922500,https://www1.hkexnews.hk/search/titlesearch.xhtml,https://www1.hkexnews.hk/search/titlesearch.xhtml,1620585084,14:31:24,20210509
10,2010-12-31,1118.HK,HKD,2010-12-31,2010-12-31,FY,3343356000,2967967000,375389000,0.11227909920451187,0.0,164389000,93773000,0.0,236428000.0,3204395000,25830000.0,39240000.0,178201000.0,0.05330003744740315,138961000.0,0.04156332738721213,0.0,114750000,0.0343218012081274,14586000.0,90868000.0,0.02717867914753918,0.1616,0.1616,562182144,562182144,https://www1.hkexnews.hk/search/titlesearch.xhtml,https://www1.hkexnews.hk/search/titlesearch.xhtml,1620585084,14:31:24,20210509
11,2009-12-31,1118.HK,HKD,2009-12-31,2009-12-31,FY,2933396000,2560201000,373195000,0.12722285023910854,0.0,154586000,95003000,0.0,276096000.0,2836297000,23032000.0,40137000.0,137236000.0,0.04678400052362518,97099000.0,0.033101224655655084,0.0,103204000,0.03518243019353678,18658000.0,65318000.0,0.022267024295390053,0.0151,0.0151,567362500,567362500,https://www1.hkexnews.hk/search/titlesearch.xhtml,https://www1.hkexnews.hk/search/titlesearch.xhtml,1620585084,14:31:24,20210509
12,2008-12-31,1118.HK,HKD,2008-12-31,2008-12-31,FY,3546116000,3262336000,283780000,0.08002558291945329,0.0,141120000,91646000,0.0,206997000.0,3469333000,40455000.0,38002000.0,114785000.0,0.03236921747624725,76783000.0,0.021652703972458883,0.0,60187000,0.016972654024854233,9505000.0,42183000.0,0.011895549948168644,0.0743,0.0743,567362500,567362500,https://www1.hkexnews.hk/search/titlesearch.xhtml,https://www1.hkexnews.hk/search/titlesearch.xhtml,1620585084,14:31:24,20210509
13,2007-12-31,1118.HK,HKD,2007-12-31,2007-12-31,FY,2728040000,2510794000,217246000,0.0796344628377883,0.0,113087000,77079000,0.0,190166000.0,2700960000,0.0,35838000.0,62918000.0,0.02306344481752467,27080000.0,0.00992654066655914,0.0,31014000,0.011368601633407135,807000.0,30207000.0,0.01107278485652703,0.0486,0.0486,567592593,567592593,https://www1.hkexnews.hk/search/titlesearch.xhtml,https://www1.hkexnews.hk/search/titlesearch.xhtml,1620585084,14:31:24,20210509
14,2006-12-31,1118.HK,HKD,2006-12-31,2006-12-31,FY,2053862000,1787956000,265906000,0.12946634194507714,0.0,128905000,69824000,0.0,198729000.0,1986685000,0.0,35861000.0,103038000.0,0.05016792754333056,67177000.0,0.03270765027056346,0.0,54495000,0.026532941356332607,6236000.0,48259000.0,0.023496710100289114,0.0724,0.0724,567182320,567182320,https://www1.hkexnews.hk/search/titlesearch.xhtml,https://www1.hkexnews.hk/search/titlesearch.xhtml,1620585084,14:31:24,20210509
15,2005-12-31,1118.HK,HKD,2005-12-31,2005-12-31,FY,2278449000,2004502000,273947000,0.12023398373191588,0.0,125777000,70286000,0.0,200641000.0,2205143000,0.0,36758000.0,110064000.0,0.04830654537362917,73306000.0,0.03217364092854393,0.0,64969000,0.02851457285197079,8351000.0,56618000.0,0.02484936024462255,0.0571,0.0571,567408056,567408056,https://www1.hkexnews.hk/search/titlesearch.xhtml,https://www1.hkexnews.hk/search/titlesearch.xhtml,1620585084,14:31:24,20210509
16,2004-12-31,1118.HK,HKD,2004-12-31,2004-12-31,FY,2554547000,2321589000,232958000,0.09119346796124714,0.0,150258000,83839000,0.0,238570000.0,2560159000,0.0,4473000.0,-1139000.0,-0.0004458716163766022,-5612000.0,-0.0021968669983366915,0.0,-22689000,-0.008881809573282464,-806000.0,-52271000.0,-0.020461944916261084,-0.0921,-0.0921,567546145,567546145,https://www1.hkexnews.hk/search/titlesearch.xhtml,https://www1.hkexnews.hk/search/titlesearch.xhtml,1620585084,14:31:24,20210509
17,2003-12-31,1118.HK,HKD,2003-12-31,2003-12-31,FY,2162479000,1942575000,219904000,0.10169069849926866,0.0,121807000,69945000,0.0,196254000.0,2138829000,0.0,4502000.0,28152000.0,0.013018392317335798,23650000.0,0.01093652238935037,0.0,41464000,0.019174290247442865,8009000.0,12647000.0,0.005848380492943515,0.0222,0.0222,569684685,569684685,https://www1.hkexnews.hk/search/titlesearch.xhtml,https://www1.hkexnews.hk/search/titlesearch.xhtml,1620585084,14:31:24,20210509
18,2002-12-31,1118.HK,HKD,2002-12-31,2002-12-31,FY,1239481000,993939000,245542000,0.19810065664580578,0.0,129760000,46986000,0.0,151562000.0,1145501000,0.0,526000.0,94506000.0,0.07624642894889071,93980000.0,0.07582205778063561,0.0,70384000,0.05678505761685738,6324000.0,41228000.0,0.033262308982549955,0.0727,0.0727,567097662,567097662,https://www1.hkexnews.hk/search/titlesearch.xhtml,https://www1.hkexnews.hk/search/titlesearch.xhtml,1620585084,14:31:24,20210509
19,2001-12-31,1118.HK,HKD,2001-12-31,2001-12-31,FY,1008158000,845618000,162540000,0.16122472866356266,0.0,95484000,32810000,0.0,87461000.0,933079000,0.0,0.0,75079000.0,0.07447146181451716,75079000.0,0.07447146181451716,0.0,53457000,0.053024426726763066,-2521000.0,34264000.0,0.033986736206031196,0.0604,0.06,567284768,571066667,https://www1.hkexnews.hk/search/titlesearch.xhtml,https://www1.hkexnews.hk/search/titlesearch.xhtml,1620585084,14:31:24,20210509
20,2000-12-31,1118.HK,HKD,2000-12-31,2000-12-31,FY,1121456000,929989000,191467000,0.1707307286242171,0.0,118217000,22757000,0.0,124450000.0,1054439000,0.0,0.0,67017000.0,0.05975892054614715,67017000.0,0.05975892054614715,0.0,59454000,0.05301500905965102,762000.0,33710000.0,0.030059137407085074,0.0596,0.0585,565604027,576239316,https://www1.hkexnews.hk/search/titlesearch.xhtml,https://www1.hkexnews.hk/search/titlesearch.xhtml,1620585084,14:31:24,20210509
