,date,symbol,reportedCurrency,fillingDate,acceptedDate,period,revenue,costOfRevenue,grossProfit,grossProfitRatio,researchAndDevelopmentExpenses,generalAndAdministrativeExpenses,sellingAndMarketingExpenses,otherExpenses,operatingExpenses,costAndExpenses,interestExpense,depreciationAndAmortization,ebitda,ebitdaratio,operatingIncome,operatingIncomeRatio,totalOtherIncomeExpensesNet,incomeBeforeTax,incomeBeforeTaxRatio,incomeTaxExpense,netIncome,netIncomeRatio,eps,epsdiluted,weightedAverageShsOut,weightedAverageShsOutDil,link,finalLink,timestamp,est_time,est_date
0,2020-12-31,WDDD,USD,2021-03-16,2021-03-16 16:52:08,FY,0.0,0.0,0.0,0.0,0.0,1239134.0,0.0,0.0,1239134.0,1239134.0,76091.0,0.0,-1224901.0,0.0,-1239134.0,0.0,-267647.0,-1568639.0,0.0,0.0,-1568639.0,0.0,-0.027609673692079673,-0.027609673692079673,56814833.0,56814833.0,https://www.sec.gov/Archives/edgar/data/1961/000126493121000033/0001264931-21-000033-index.htm,https://www.sec.gov/Archives/edgar/data/1961/000126493121000033/wddd10k20.htm,1620599755,18:35:55,20210509
1,2019-12-31,WDDD,USD,2020-03-30,2020-03-30 15:56:55,FY,0.0,0.0,0.0,0.0,0.0,844863.0,630655000.0,0.0,844863.0,1154650.0,82858000.0,0.0,81623530.0,0.0,-1154650.0,0.0,0.0,-1234470.0,0.0,0.0,-1234470.0,0.0,-0.02173,-0.02173,56814833.0,56814833.0,https://www.sec.gov/Archives/edgar/data/1961/000126493120000059/0001264931-20-000059-index.htm,https://www.sec.gov/Archives/edgar/data/1961/000126493120000059/wddd10k2019.htm,1620599755,18:35:55,20210509
2,2018-12-31,WDDD,USD,2019-02-28 00:00:00,2019-02-28 16:04:33,FY,0.0,0.0,0.0,0.0,0.0,1266889.0,0.0,1211400.0,1266889.0,2893680.0,-45000.0,0.0,1709320.0,0.0,-2893680.0,0.0,0.0,1754320.0,0.0,0.0,1754320.0,0.0,0.03043,0.03043,57652200.0,57652200.0,https://www.sec.gov/Archives/edgar/data/1961/000126493119000040/0001264931-19-000040-index.html,https://www.sec.gov/Archives/edgar/data/1961/000126493119000040/wddd10k2018.htm,1620599755,18:35:55,20210509
3,2017-12-31,WDDD,USD,2018-04-02 00:00:00,2018-04-02 16:12:48,FY,0.0,0.0,0.0,0.0,0.0,766222.0,0.0,1215240.0,766222.0,3028120.0,-45000.0,0.0,-2791970.0,0.0,-3028120.0,0.0,0.0,-2746970.0,0.0,0.0,-2746970.0,0.0,-0.05595,-0.05595,49096460.0,49096460.0,https://www.sec.gov/Archives/edgar/data/1961/000126493118000031/0001264931-18-000031-index.html,https://www.sec.gov/Archives/edgar/data/1961/000126493118000031/worlds10k1217r.htm,1620599755,18:35:55,20210509
4,2016-12-31,WDDD,USD,2017-08-28,2017-08-28,FY,0.0,0.0,0.0,0.0,0.0,828972.0,0.0,0.0,828972.0,1075390.0,-58712.0,0.0,-1191622.0,0.0,-1075390.0,0.0,-5000.0,-1132910.0,0.0,0.0,-1132910.0,0.0,-0.03503,-0.03503,32339670.0,32339670.0,https://www.sec.gov/Archives/edgar/data/1961/000126493117000071/0001264931-17-000071-index.htm,https://www.sec.gov/Archives/edgar/data/1961/000126493117000071/wddd10k2016a.htm,1620599755,18:35:55,20210509
5,2015-12-31,WDDD,USD,2015-12-31,2015-12-31,FY,0.0,0.0,0.0,0.0,0.0,723050.0,0.0,0.0,723050.0,3083210.0,-61935.0,0.0,-4099305.0,0.0,-3083210.0,0.0,-130500.0,-4037370.0,0.0,0.0,-4037370.0,0.0,-0.18089,-0.18089,22319410.0,22319410.0,,,1620599755,18:35:55,20210509
6,2014-12-31,WDDD,USD,2015-04-15,2015-04-15,FY,0.0,0.0,0.0,0.0,0.0,747393.0,0.0,0.0,749393.0,822840.0,-358835.0,0.0,-1341415.0,0.0,-822840.0,0.0,0.0,-982580.0,0.0,0.0,-982580.0,0.0,-0.05131,-0.05131,19151290.0,19151290.0,https://www.sec.gov/Archives/edgar/data/1961/000126493115000165/0001264931-15-000165-index.htm,https://www.sec.gov/Archives/edgar/data/1961/000126493115000165/wddd10k.htm,1620599755,18:35:55,20210509
7,2013-12-31,WDDD,USD,2014-04-01 00:00:00,2014-04-01 15:14:05,FY,0.0,0.0,0.0,0.0,0.0,3934914.0,0.0,0.0,3934914.0,3970000.0,-546790.0,0.0,-5436790.0,0.0,-3970000.0,0.0,0.0,-4890000.0,0.0,0.0,-4890000.0,0.0,-0.28087,-0.28087,17410000.0,17410000.0,https://www.sec.gov/Archives/edgar/data/1961/000126493114000125/0001264931-14-000125-index.html,https://www.sec.gov/Archives/edgar/data/1961/000126493114000125/worldsinc10k.htm,1620599755,18:35:55,20210509
8,2012-12-31,WDDD,USD,2015-02-06,2015-02-06,FY,0.0,0.0,0.0,0.0,0.0,958304.0,0.0,0.0,958304.0,1870000.0,0.0,0.0,-1870000.0,0.0,-1870000.0,0.0,0.0,-1870000.0,0.0,0.0,-1870000.0,0.0,-0.12174,-0.12174,15360000.0,15360000.0,https://www.sec.gov/Archives/edgar/data/1961/000126493115000058/0001264931-15-000058-index.htm,https://www.sec.gov/Archives/edgar/data/1961/000126493115000058/worldsincka.htm,1620599755,18:35:55,20210509
9,2011-12-31,WDDD,USD,2011-12-31,2011-12-31,FY,0.0,90000.0,-90000.0,0.0,0.0,533343.0,0.0,0.0,1608380.0,1690000.0,0.0,0.0,-1690000.0,0.0,-1690000.0,0.0,0.0,-1690000.0,0.0,0.0,-1690000.0,0.0,-0.12071,-0.12071,14000000.0,14000000.0,,,1620599755,18:35:55,20210509
10,2010-12-31,WDDD,USD,2010-12-31,2010-12-31,FY,420000.0,10000.0,400000.0,0.9523809523809523,0.0,998345.0,0.0,10000.0,998345.0,1010000.0,0.0,0.0,-600000.0,-1.428571,-600000.0,-1.4285714285714286,10000.0,-600000.0,-1.4285714285714286,0.0,-600000.0,-1.4285714285714286,-0.05314,-0.05314,11290000.0,11290000.0,,,1620599755,18:35:55,20210509
11,2009-12-31,WDDD,USD,2009-12-31,2009-12-31,FY,100000.0,170000.0,-60000.0,-0.6,0.0,658325.0,0.0,40000.0,658325.0,819999.9999999999,0.0,0.0,-730000.0,-7.3,-720000.0,-7.2,40000.0,-730000.0,-7.3,0.0,-730000.0,-7.3,-0.06803,-0.06803,10730000.0,10730000.0,,,1620599755,18:35:55,20210509
12,2008-12-31,WDDD,USD,2008-12-31,2008-12-31,FY,90000.0,200000.0,-110000.0,-1.2222222222222223,0.0,0.0,0.0,0.0,590690.0,790000.0000000001,-100000.0,0.0,-890000.0,-9.888889,-700000.0,-7.777777777777778,0.0,-790000.0,-8.777777777777779,0.0,-790000.0,-8.777777777777779,-0.07538,-0.07538,10480000.0,10480000.0,,,1620599755,18:35:55,20210509
13,2007-12-31,WDDD,USD,2007-12-31,2007-12-31,FY,10000.0,60000.0,-50000.0,-5.0,0.0,0.0,0.0,0.0,510958.0,-2170000.0,-120000.0,0.0,1940000.0,194.0,2180000.0,218.0,0.0,2060000.0,206.0,0.0,2060000.0,206.0,0.22991,0.22991,8960000.0,8960000.0,,,1620599755,18:35:55,20210509
14,2006-12-31,WDDD,USD,2006-12-31,2006-12-31,FY,0.0,0.0,0.0,0.0,0.0,0.0,0.0,0.0,50920.0,-30000.0,-150000.0,0.0,-280000.0,0.0,30000.0,0.0,0.0,-130000.0,0.0,0.0,-130000.0,0.0,-0.01923,-0.01923,6760000.0,6760000.0,,,1620599755,18:35:55,20210509
15,2005-12-31,WDDD,USD,2005-12-31,2005-12-31,FY,100000.0,90000.0,10000.0,0.1,0.0,0.0,0.0,0.0,19950.0,-140000.0,-150000.0,0.0,-70000.0,-0.7,240000.0,2.4,0.0,80000.0,0.8,0.0,80000.0,0.8,0.01182,0.01182,6770000.0,6770000.0,,,1620599755,18:35:55,20210509
16,2004-12-31,WDDD,USD,2004-12-31,2004-12-31,FY,90000.0,110000.0,-10000.0,-0.1111111111111111,0.0,0.0,0.0,0.0,16384.0,-210000.0,-150000.0,0.0,0.0,0.0,300000.0,3.3333333333333335,0.0,150000.0,1.6666666666666667,0.0,150000.0,1.6666666666666667,0.02216,0.02216,6770000.0,6770000.0,,,1620599755,18:35:55,20210509
17,2003-12-31,WDDD,USD,2003-12-31,2003-12-31,FY,80000.0,100000.0,-30000.0,-0.375,0.0,0.0,0.0,0.0,0.0,100000.0,-150000.0,0.0,-330000.0,-4.125,-30000.0,-0.375,0.0,-180000.0,-2.25,0.0,-180000.0,-2.25,-0.02659,-0.02659,6770000.0,6770000.0,,,1620599755,18:35:55,20210509
18,2002-12-31,WDDD,USD,2002-12-31,2002-12-31,FY,160000.0,80000.0,80000.0,0.5,0.0,0.0,0.0,0.0,24913.0,100000.0,-120000.0,0.0,-180000.0,-1.125,60000.0,0.375,0.0,-60000.0,-0.375,0.0,-60000.0,-0.375,-0.00886,-0.00886,6770000.0,6770000.0,,,1620599755,18:35:55,20210509
19,2001-12-31,WDDD,USD,2001-12-31,2001-12-31,FY,1460000.0,260000.0,1210000.0,0.8287671232876712,0.0,3330000.0,0.0,0.0,3333163.0,3590000.0,-900000.0,1380000.0,-750000.0,-0.5136986301369864,-2130000.0,-1.4589041095890412,-210000.0,-3290000.0,-2.2534246575342465,0.0,-3290000.0,-2.2534246575342465,-0.48597,-0.48597,6770000.0,6770000.0,,,1620599755,18:35:55,20210509
20,2000-12-31,WDDD,USD,2000-12-31,2000-12-31,FY,1410000.0,830000.0,580000.0,0.41134751773049644,0.0,9440000.0,0.0,0.0,9440000.0,10270000.0,-60000.0,1490000.0,-7370000.0,-5.226950354609929,-8860000.0,-6.283687943262412,0.0,-8920000.0,-6.326241134751773,0.0,-8920000.0,-6.326241134751773,-2.37234,-2.37234,3760000.0,3760000.0,,,1620599755,18:35:55,20210509
21,1999-12-31,WDDD,USD,1999-12-31,1999-12-31,FY,510000.0,320000.0,190000.0,0.37254901960784315,0.0,3430000.0,0.0,0.0,3430000.0,3750000.0,-100000.0,280000.0,-2960000.0,-5.803921568627451,-3240000.0,-6.352941176470588,0.0,-3340000.0,-6.549019607843137,0.0,-3340000.0,-6.549019607843137,-0.95977,-0.95977,3480000.0,3480000.0,,,1620599755,18:35:55,20210509
22,1998-12-31,WDDD,USD,1998-12-31,1998-12-31,FY,30000.0,30000.0,0.0,0.0,990000.0,2650000.0,0.0,0.0,2830000.0,2860000.0,10000.0,130000.0,-2700000.0,-90.0,-2830000.0,-94.33333333333333,0.0,-2820000.0,-94.0,0.0,-2650000.0,-88.33333333333333,-0.77259,-0.77259,3430000.0,3430000.0,,,1620599755,18:35:55,20210509
23,1997-12-31,WDDD,USD,1997-12-31 00:00:00,1997-12-31 00:00:00,FY,0.0,0.0,0.0,0.0,0.0,680000.0,0.0,0.0,6810000.0,6810000.0,0.0,20000.0,-6790000.0,0.0,-6810000.0,0.0,0.0,-6810000.0,0.0,0.0,-6690000.0,0.0,-3.57754,-3.57754,1870000.0,1870000.0,https://www.sec.gov/Archives/edgar/data/1961/000090389397001396/0000903893-97-001396-index.html,https://www.sec.gov/Archives/edgar/data/1961/0000903893-97-001396.txt,1620599755,18:35:55,20210509
