,date,symbol,reportedCurrency,fillingDate,acceptedDate,period,revenue,costOfRevenue,grossProfit,grossProfitRatio,researchAndDevelopmentExpenses,generalAndAdministrativeExpenses,sellingAndMarketingExpenses,otherExpenses,operatingExpenses,costAndExpenses,interestExpense,depreciationAndAmortization,ebitda,ebitdaratio,operatingIncome,operatingIncomeRatio,totalOtherIncomeExpensesNet,incomeBeforeTax,incomeBeforeTaxRatio,incomeTaxExpense,netIncome,netIncomeRatio,eps,epsdiluted,weightedAverageShsOut,weightedAverageShsOutDil,link,finalLink,timestamp,est_time,est_date
0,2020-12-31,8227.HK,CNY,2020-12-31,2020-12-31,FY,12177460.98,9803564.85,2373896.13,0.19494179730067177,4287730.38,6173386.61,180666.0,-2139736.85,0.0,40516192.91,190974.34,10739829.4,-17598902.53,-1.4452029498517023,-28338731.93,-2.3271461905353608,0.0,-34526956.7,-2.8353165538125173,11946.97,-34192415.93,-2.807844425546252,-0.0185,-0.0185,1847629000,1847629000,https://www1.hkexnews.hk/search/titlesearch.xhtml,https://www1.hkexnews.hk/search/titlesearch.xhtml,1620585851,14:44:11,20210509
1,2019-12-31,8227.HK,CNY,2019-12-31,2019-12-31,FY,39163021.88,37795984.51,1367037.37,0.03490633011387016,628709.24,9668993.22,688949.99,1043160.7,22759120.99,60555105.5,3179495.01,2311706.69,-19080376.93,-0.48720389832185235,-21392083.62,-0.5462316898207652,0.0,-24076183.17,-0.6147682690005943,21760.29,-24235186.54,-0.6188283073318345,-0.0158,-0.0158,1533872566,1533872566,https://www1.hkexnews.hk/search/titlesearch.xhtml,https://www1.hkexnews.hk/search/titlesearch.xhtml,1620585851,14:44:11,20210509
2,2018-12-31,8227.HK,CNY,2018-12-31,2018-12-31,FY,44115022.0,43302152.0,812870.0,0.018426149713809504,0.0,22202700.0,420995.0,199852.0,22581581.0,65883733.0,0.0,4607880.0,-17160831.0,-0.3890019821366064,-21768711.0,-0.4934534771398278,0.0,-40955544.0,-0.9283809039016233,12051.0,-41080398.0,-0.9312110963018447,-0.0268,-0.0268,1531058824,1531058824,https://www1.hkexnews.hk/search/titlesearch.xhtml,https://www1.hkexnews.hk/search/titlesearch.xhtml,1620585851,14:44:11,20210509
3,2017-12-31,8227.HK,CNY,2017-12-31,2017-12-31,FY,59925087.0,59777605.0,147482.0,0.0024611061474136865,0.0,21695224.0,911672.0,197197.0,22381196.0,82158801.0,444969.0,3166082.0,-19067632.0,-0.3181911442197823,-22233714.0,-0.37102514344284554,0.0,-16767281.0,-0.2798040326583089,-13282.0,-16682356.0,-0.2783868465639441,-0.0109,-0.0109,1531058824,1531058824,https://www1.hkexnews.hk/search/titlesearch.xhtml,https://www1.hkexnews.hk/search/titlesearch.xhtml,1620585851,14:44:11,20210509
4,2016-12-31,8227.HK,CNY,2016-12-31,2016-12-31,FY,36243095.0,33486186.0,2756909.0,0.07606715154983315,0.0,18902061.0,2027143.0,45907.0,19248107.0,52734293.0,758333.0,1420940.0,-15070258.0,-0.4158104598958781,-16491198.0,-0.4550162727548516,0.0,-37656283.0,-1.0389919238409413,0.0,-37653811.0,-1.0389237177454078,-0.0266,-0.0266,1414282868,1414282868,https://www1.hkexnews.hk/search/titlesearch.xhtml,https://www1.hkexnews.hk/search/titlesearch.xhtml,1620585851,14:44:11,20210509
5,2015-12-31,8227.HK,CNY,2015-12-31,2015-12-31,FY,23337552.0,17518031.0,5819521.0,0.24936295803433026,0.0,20145847.0,2903775.0,165266.0,21531084.0,39049115.0,1642478.0,247704.0,-15463859.0,-0.6626170131297404,-15711563.0,-0.6732309798388452,0.0,-21930481.0,-0.9397078579621376,5565.0,-21936046.0,-0.9399463148491324,-0.0234,-0.0234,938209509,938209509,https://www1.hkexnews.hk/search/titlesearch.xhtml,https://www1.hkexnews.hk/search/titlesearch.xhtml,1620585851,14:44:11,20210509
6,2014-12-31,8227.HK,CNY,2014-12-31,2014-12-31,FY,11028978.0,10208060.0,820918.0,0.07443282596084605,0.0,11486478.0,2047505.0,85543.0,10863183.0,21071243.0,2332219.0,14846.0,-10027419.0,-0.9091884125618892,-10042265.0,-0.9105345028342609,0.0,-2840491.0,-0.257547979513605,782442.0,-3622933.0,-0.3284921776070276,-0.0056,-0.0056,647058824,647058824,https://www1.hkexnews.hk/search/titlesearch.xhtml,https://www1.hkexnews.hk/search/titlesearch.xhtml,1620585851,14:44:11,20210509
7,2013-12-31,8227.HK,CNY,2013-12-31,2013-12-31,FY,25189899.0,21001320.0,4188579.0,0.16628010298890042,0.0,13669180.0,1563169.0,3345850.0,12934849.0,33936169.0,1352917.0,3890441.0,-4855829.0,-0.19276889518294615,-8746270.0,-0.347213381046109,0.0,-12467709.0,-0.494948749099788,2726801.0,-15194510.0,-0.6031985281084294,-0.0235,-0.0235,647058824,647058824,https://www1.hkexnews.hk/search/titlesearch.xhtml,https://www1.hkexnews.hk/search/titlesearch.xhtml,1620585851,14:44:11,20210509
8,2012-12-31,8227.HK,CNY,2012-12-31,2012-12-31,FY,46569471.0,36494316.0,10075155.0,0.21634677791379678,0.0,13454926.0,2520968.0,953227.0,13687577.0,50181893.0,199333.0,5809914.0,2197492.0,0.047187394505726725,-3612422.0,-0.07757060414106916,0.0,9688840.0,0.20805132186277142,-2715121.0,12403961.0,0.26635391671079967,0.0192,0.0192,647058824,647058824,https://www1.hkexnews.hk/search/titlesearch.xhtml,https://www1.hkexnews.hk/search/titlesearch.xhtml,1620585851,14:44:11,20210509
9,2011-12-31,8227.HK,CNY,2011-12-31,2011-12-31,FY,50886381.0,46538013.0,4348368.0,0.08545249071652393,0.0,33509604.0,10517533.0,1258115.0,29223906.0,75761919.0,3278531.0,11586325.0,-13289213.0,-0.2611546103072254,-24875538.0,-0.48884470679885844,0.0,-43078833.0,-0.8465690063516209,-600000.0,-42478833.0,-0.8347780322597513,-0.0656,-0.0656,647058824,647058824,https://www1.hkexnews.hk/search/titlesearch.xhtml,https://www1.hkexnews.hk/search/titlesearch.xhtml,1620585851,14:44:11,20210509
10,2010-12-31,8227.HK,CNY,2010-12-31,2010-12-31,FY,68469673.0,72889995.0,-4420322.0,-0.0645588303014095,5525774.0,47607508.0,15862204.0,0.0,52500510.0,125390505.0,7962991.0,15496347.0,-41424485.0,-0.605004861057245,-56920832.0,-0.8313291053690296,0.0,-81373761.0,-1.188464285494689,-1008690.0,-80365071.0,-1.1737323617713202,-0.1242,-0.1242,647058824,647058824,https://www1.hkexnews.hk/search/titlesearch.xhtml,https://www1.hkexnews.hk/search/titlesearch.xhtml,1620585851,14:44:11,20210509
11,2009-12-31,8227.HK,CNY,2009-12-31,2009-12-31,FY,195410138.0,153623223.0,41786915.0,0.2138421037295414,0.0,49994540.0,20168784.0,0.0,57444615.0,211067838.0,10208293.0,17551954.0,1894254.0,0.009693734518523291,-15657700.0,-0.08012736780319965,0.0,-25794050.0,-0.13199954855975793,725868.0,-26519918.0,-0.13571413577324223,-0.041,-0.041,647058824,647058824,https://www1.hkexnews.hk/search/titlesearch.xhtml,https://www1.hkexnews.hk/search/titlesearch.xhtml,1620585851,14:44:11,20210509
12,2008-12-31,8227.HK,CNY,2008-12-31,2008-12-31,FY,152020094.0,93153927.0,58866167.0,0.3872262241858632,0.0,55905410.0,18637571.0,0.0,69739579.0,162893506.0,10234449.0,21282354.0,10408942.0,0.06847082991541895,-10873412.0,-0.07152614969439501,0.0,-21107861.0,-0.13884915108656623,-60735.0,-21047126.0,-0.1384496315335787,-0.0325,-0.0325,647058824,647058824,https://www1.hkexnews.hk/search/titlesearch.xhtml,https://www1.hkexnews.hk/search/titlesearch.xhtml,1620585851,14:44:11,20210509
13,2007-12-31,8227.HK,CNY,2007-12-31,2007-12-31,FY,135011375.0,86267907.0,48743468.0,0.36103230561128646,0.0,29668812.0,-16542367.0,0.0,-30106286.0,56161621.0,7442762.0,27389946.0,106239700.0,0.7868944375983135,78849754.0,0.5840230425029003,0.0,886978.0,0.006569653853240143,-21867.0,921031.0,0.0068218770455452365,0.0014,0.0014,647058824,647058824,https://www1.hkexnews.hk/search/titlesearch.xhtml,https://www1.hkexnews.hk/search/titlesearch.xhtml,1620585851,14:44:11,20210509
14,2006-12-31,8227.HK,CNY,2006-12-31,2006-12-31,FY,117119020.0,95534192.0,21584828.0,0.18429822927138564,0.0,39303237.0,0.0,0.0,86396187.0,181930379.0,0.0,15996715.0,-48814644.0,-0.4167951883477167,-64811359.0,-0.5533803049239996,0.0,-73311767.0,-0.6259595324482735,-268451.0,-73043316.0,-0.6236674111514936,-0.105,-0.105,695650629,695650629,https://www1.hkexnews.hk/search/titlesearch.xhtml,https://www1.hkexnews.hk/search/titlesearch.xhtml,1620585851,14:44:11,20210509
15,2005-12-31,8227.HK,CNY,2005-12-31,2005-12-31,FY,176889046.0,97416207.0,79472839.0,0.44928072595292307,0.0,21567603.0,0.0,0.0,58113577.0,155529784.0,0.0,13725033.0,35084295.0,0.1983406875290627,21359262.0,0.12074948948506399,0.0,16004066.0,0.09047516712821212,611391.0,15392675.0,0.08701881404233476,0.024,0.024,644297375,644297375,https://www1.hkexnews.hk/search/titlesearch.xhtml,https://www1.hkexnews.hk/search/titlesearch.xhtml,1620585851,14:44:11,20210509
16,2004-12-31,8227.HK,CNY,2004-12-31,2004-12-31,FY,200999236.0,108662959.0,92336277.0,0.45938620881126135,0.0,19217014.0,0.0,0.0,71414404.0,180077363.0,0.0,7334237.0,28256110.0,0.140578196028566,20921873.0,0.10408931604098237,0.0,17096606.0,0.08505806459881271,2079248.0,15017358.0,0.07471350786626871,0.023,0.023,652928609,652928609,https://www1.hkexnews.hk/search/titlesearch.xhtml,https://www1.hkexnews.hk/search/titlesearch.xhtml,1620585851,14:44:11,20210509
17,2003-12-31,8227.HK,CNY,2003-12-31,2003-12-31,FY,226731785.0,112824028.0,113907757.0,0.5023898920921035,0.0,20898230.0,0.0,0.0,58413458.0,171237486.0,0.0,5147689.0,60641988.0,0.2674613442486681,55494299.0,0.24475747412300397,0.0,53526916.0,0.2360803360675699,10518081.0,43008835.0,0.18969036476292903,0.082,0.082,524497988,524497988,https://www1.hkexnews.hk/search/titlesearch.xhtml,https://www1.hkexnews.hk/search/titlesearch.xhtml,1620585851,14:44:11,20210509
18,2002-12-31,8227.HK,CNY,2002-12-31,2002-12-31,FY,164525831.0,73091608.0,91434223.0,0.5557438758659119,0.0,11897950.0,0.0,0.0,44967374.0,118058982.0,0.0,5042796.0,51509645.0,0.31307937900644917,46466849.0,0.28242889713773883,0.0,44561815.0,0.2708499615479833,8168467.0,36393348.0,0.2212014233801378,0.073,0.073,498539014,498539014,https://www1.hkexnews.hk/search/titlesearch.xhtml,https://www1.hkexnews.hk/search/titlesearch.xhtml,1620585851,14:44:11,20210509
