,date,symbol,reportedCurrency,fillingDate,acceptedDate,period,revenue,costOfRevenue,grossProfit,grossProfitRatio,researchAndDevelopmentExpenses,generalAndAdministrativeExpenses,sellingAndMarketingExpenses,otherExpenses,operatingExpenses,costAndExpenses,interestExpense,depreciationAndAmortization,ebitda,ebitdaratio,operatingIncome,operatingIncomeRatio,totalOtherIncomeExpensesNet,incomeBeforeTax,incomeBeforeTaxRatio,incomeTaxExpense,netIncome,netIncomeRatio,eps,epsdiluted,weightedAverageShsOut,weightedAverageShsOutDil,link,finalLink,timestamp,est_time,est_date
0,2020-11-30,IIT.L,GBP,2020-11-30,2020-11-30,FY,-6279000.0,0.0,0.0,0.0,0.0,683000.0,0.0,0.0,0.0,0.0,0.0,0.0,0.0,0.0,0.0,1.118330944417901,0.0,-7022000.0,1.118330944417901,5000.0,-7027000.0,1.1191272495620321,-0.12749729914199417,-0.12749729914199417,55114893,55114893,https://find-and-update.company-information.service.gov.uk/search/companies?q=Independent+Investment+Trust+PLC,https://find-and-update.company-information.service.gov.uk/search/companies?q=Independent+Investment+Trust+PLC,1620593520,16:52:00,20210509
1,2019-11-30,IIT.L,GBP,2019-11-30,2019-11-30,FY,25512000.0,0.0,0.0,0.0,0.0,680000.0,0.0,0.0,740000.0,0.0,0.0,0.0,0.0,0.0,0.0,0.9709940420194418,0.0,24772000.0,0.9709940420194418,7000.0,24765000.0,0.970719661335842,0.4493,0.4493,55114893,55114893,https://find-and-update.company-information.service.gov.uk/search/companies?q=Independent+Investment+Trust+PLC,https://find-and-update.company-information.service.gov.uk/search/companies?q=Independent+Investment+Trust+PLC,1620593520,16:52:00,20210509
2,2018-11-30,IIT.L,GBP,2018-11-30,2018-11-30,FY,-35153000.0,0.0,0.0,0.0,0.0,691000.0,0.0,0.0,751000.0,0.0,0.0,0.0,0.0,0.0,0.0,1.0213637527380308,0.0,-35904000.0,1.0213637527380308,11000.0,-35915000.0,1.0216766705544336,-0.6474,-0.6474,55469725,55469725,https://find-and-update.company-information.service.gov.uk/search/companies?q=Independent+Investment+Trust+PLC,https://find-and-update.company-information.service.gov.uk/search/companies?q=Independent+Investment+Trust+PLC,1620593520,16:52:00,20210509
3,2017-11-30,IIT.L,GBP,2017-11-30,2017-11-30,FY,121039000.0,0.0,0.0,0.0,0.0,580000.0,0.0,0.0,721000.0,0.0,0.0,0.0,0.0,0.0,0.0,0.9940432422607589,0.0,120318000.0,0.9940432422607589,3000.0,120315000.0,0.9940184568610118,2.1687,2.1687,55477890,55477890,https://find-and-update.company-information.service.gov.uk/search/companies?q=Independent+Investment+Trust+PLC,https://find-and-update.company-information.service.gov.uk/search/companies?q=Independent+Investment+Trust+PLC,1620593520,16:52:00,20210509
4,2016-11-30,IIT.L,GBP,2016-11-30,2016-11-30,FY,10998000.0,0.0,0.0,0.0,0.0,582000.0,0.0,0.0,719000.0,0.0,0.0,0.0,0.0,0.0,0.0,0.9346244771776687,0.0,10279000.0,0.9346244771776687,0.0,10279000.0,0.9346244771776687,0.1844,0.1844,55738196,55738196,https://find-and-update.company-information.service.gov.uk/search/companies?q=Independent+Investment+Trust+PLC,https://find-and-update.company-information.service.gov.uk/search/companies?q=Independent+Investment+Trust+PLC,1620593520,16:52:00,20210509
5,2015-11-30,IIT.L,GBP,2015-11-30,2015-11-30,FY,49345000.0,0.0,0.0,0.0,0.0,500000.0,0.0,0.0,635000.0,0.0,0.0,0.0,0.0,0.0,0.0,0.9871314216232647,0.0,48710000.0,0.9871314216232647,9000.0,48701000.0,0.986949032323437,0.8531,0.8531,57087403,57087403,https://find-and-update.company-information.service.gov.uk/search/companies?q=Independent+Investment+Trust+PLC,https://find-and-update.company-information.service.gov.uk/search/companies?q=Independent+Investment+Trust+PLC,1620593520,16:52:00,20210509
6,2014-11-30,IIT.L,GBP,2014-11-30,2014-11-30,FY,17702000.0,0.0,0.0,0.0,0.0,479000.0,0.0,0.0,619000.0,0.0,0.0,0.0,0.0,0.0,0.0,0.9650321997514405,0.0,17083000.0,0.9650321997514405,15000.0,17068000.0,0.964184837871427,0.2946,0.2946,57924245,57924245,https://find-and-update.company-information.service.gov.uk/search/companies?q=Independent+Investment+Trust+PLC,https://find-and-update.company-information.service.gov.uk/search/companies?q=Independent+Investment+Trust+PLC,1620593520,16:52:00,20210509
7,2013-11-30,IIT.L,GBP,2013-11-30,2013-11-30,FY,29022000.0,0.0,0.0,0.0,0.0,476000.0,0.0,0.0,617000.0,0.0,0.0,0.0,0.0,0.0,0.0,0.9787402660050996,0.0,28405000.0,0.9787402660050996,15000.0,28390000.0,0.9782234167183516,0.4851,0.4851,58520767,58520767,https://find-and-update.company-information.service.gov.uk/search/companies?q=Independent+Investment+Trust+PLC,https://find-and-update.company-information.service.gov.uk/search/companies?q=Independent+Investment+Trust+PLC,1620593520,16:52:00,20210509
8,2012-11-30,IIT.L,GBP,2012-11-30,2012-11-30,FY,13532000.0,0.0,0.0,0.0,0.0,608000.0,0.0,0.0,608000.0,0.0,0.0,0.0,0.0,0.0,0.0,0.9550694649719185,0.0,12924000.0,0.9550694649719185,28000.0,12896000.0,0.9530002955956252,0.2149,0.2149,60020591,60020591,https://find-and-update.company-information.service.gov.uk/search/companies?q=Independent+Investment+Trust+PLC,https://find-and-update.company-information.service.gov.uk/search/companies?q=Independent+Investment+Trust+PLC,1620593520,16:52:00,20210509
9,2011-11-30,IIT.L,GBP,2011-11-30,2011-11-30,FY,-1321000.0,0.0,0.0,0.0,0.0,620000.0,0.0,0.0,620000.0,0.0,0.0,0.0,0.0,0.0,0.0,1.469341408024224,0.0,-1941000.0,1.469341408024224,18000.0,-1959000.0,1.4829674489023468,-0.032,-0.032,61254684,61254684,https://find-and-update.company-information.service.gov.uk/search/companies?q=Independent+Investment+Trust+PLC,https://find-and-update.company-information.service.gov.uk/search/companies?q=Independent+Investment+Trust+PLC,1620593520,16:52:00,20210509
10,2010-11-30,IIT.L,GBP,2010-11-30,2010-11-30,FY,29569000.0,0.0,0.0,0.0,0.0,502000.0,0.0,0.0,519000.0,0.0,17000.0,0.0,0.0,0.0,0.0,0.9824478338800771,0.0,29050000.0,0.9824478338800771,61000.0,28989000.0,0.9803848625249416,0.4707,0.4707,61588730,61588730,https://find-and-update.company-information.service.gov.uk/search/companies?q=Independent+Investment+Trust+PLC,https://find-and-update.company-information.service.gov.uk/search/companies?q=Independent+Investment+Trust+PLC,1620593520,16:52:00,20210509
11,2009-11-30,IIT.L,GBP,2009-11-30,2009-11-30,FY,35248000.0,0.0,0.0,0.0,0.0,494000.0,0.0,0.0,534000.0,0.0,40000.0,0.0,0.0,0.0,0.0,0.9848502042669087,0.0,34714000.0,0.9848502042669087,92000.0,34622000.0,0.9822401270994099,0.5458,0.5458,63428586,63428586,https://find-and-update.company-information.service.gov.uk/search/companies?q=Independent+Investment+Trust+PLC,https://find-and-update.company-information.service.gov.uk/search/companies?q=Independent+Investment+Trust+PLC,1620593520,16:52:00,20210509
12,2008-11-30,IIT.L,GBP,2008-11-30,2008-11-30,FY,-50665000.0,0.0,0.0,0.0,0.0,554000.0,0.0,0.0,621000.0,0.0,67000.0,0.0,0.0,0.0,0.0,1.0122569821375702,0.0,-51286000.0,1.0122569821375702,61000.0,-51347000.0,1.013460969110826,-0.7782,-0.7782,65985599,65985599,https://find-and-update.company-information.service.gov.uk/search/companies?q=Independent+Investment+Trust+PLC,https://find-and-update.company-information.service.gov.uk/search/companies?q=Independent+Investment+Trust+PLC,1620593520,16:52:00,20210509
13,2007-11-30,IIT.L,GBP,2007-11-30,2007-11-30,FY,-31208000.0,0.0,0.0,0.0,0.0,500000.0,0.0,0.0,2449000.0,0.0,1949000.0,0.0,0.0,0.0,0.0,1.078473468341451,0.0,-33657000.0,1.078473468341451,63000.0,-33720000.0,1.080492181491925,-0.5099,-0.5099,66128985,66128985,https://find-and-update.company-information.service.gov.uk/search/companies?q=Independent+Investment+Trust+PLC,https://find-and-update.company-information.service.gov.uk/search/companies?q=Independent+Investment+Trust+PLC,1620593520,16:52:00,20210509
14,2006-11-30,IIT.L,GBP,2006-11-30,2006-11-30,FY,52116000.0,0.0,0.0,0.0,0.0,489000.0,0.0,0.0,2071000.0,0.0,1582000.0,0.0,0.0,0.0,0.0,0.9602617238468033,0.0,50045000.0,0.9602617238468033,7000.0,50038000.0,0.9601274080896461,0.7665,0.762,65280676,65280676,https://find-and-update.company-information.service.gov.uk/search/companies?q=Independent+Investment+Trust+PLC,https://find-and-update.company-information.service.gov.uk/search/companies?q=Independent+Investment+Trust+PLC,1620593520,16:52:00,20210509
15,2005-11-30,IIT.L,GBP,2005-11-30,2005-11-30,FY,36928000.0,0.0,0.0,0.0,0.0,433000.0,0.0,0.0,988000.0,0.0,555000.0,0.0,0.0,0.0,0.0,0.9732452339688041,0.0,35940000.0,0.9732452339688041,22000.0,35918000.0,0.9726494800693241,0.5506,0.5503,65228985,65228985,https://find-and-update.company-information.service.gov.uk/search/companies?q=Independent+Investment+Trust+PLC,https://find-and-update.company-information.service.gov.uk/search/companies?q=Independent+Investment+Trust+PLC,1620593520,16:52:00,20210509
16,2004-11-30,IIT.L,GBP,2004-11-30,2004-11-30,FY,12846000.0,0.0,0.0,0.0,0.0,402000.0,0.0,0.0,655000.0,0.0,253000.0,0.0,0.0,0.0,12191000.0,0.9490113654055737,0.0,12191000.0,0.9490113654055737,14000.0,12177000.0,0.9479215319943951,0.1867,0.1863,65228895,65228895,https://find-and-update.company-information.service.gov.uk/search/companies?q=Independent+Investment+Trust+PLC,https://find-and-update.company-information.service.gov.uk/search/companies?q=Independent+Investment+Trust+PLC,1620593520,16:52:00,20210509
17,2003-11-30,IIT.L,GBP,2003-11-30,2003-11-30,FY,21681000.0,0.0,0.0,0.0,0.0,400000.0,0.0,0.0,738000.0,0.0,338000.0,0.0,0.0,0.0,20943000.0,0.9659609796596098,0.0,20943000.0,0.9659609796596098,24000.0,20919000.0,0.9648540196485402,0.3376,0.3371,61958749,61958749,https://find-and-update.company-information.service.gov.uk/search/companies?q=Independent+Investment+Trust+PLC,https://find-and-update.company-information.service.gov.uk/search/companies?q=Independent+Investment+Trust+PLC,1620593520,16:52:00,20210509
18,2002-11-30,IIT.L,GBP,2002-11-30,2002-11-30,FY,3126000.0,0.0,0.0,0.0,0.0,360000.0,0.0,0.0,819000.0,0.0,459000.0,0.0,0.0,0.0,0.0,0.738003838771593,0.0,2307000.0,0.738003838771593,0.0,2307000.0,0.738003838771593,0.038838,0.038838,59400000,59400000,https://find-and-update.company-information.service.gov.uk/search/companies?q=Independent+Investment+Trust+PLC,https://find-and-update.company-information.service.gov.uk/search/companies?q=Independent+Investment+Trust+PLC,1620593520,16:52:00,20210509
