,date,symbol,reportedCurrency,fillingDate,acceptedDate,period,revenue,costOfRevenue,grossProfit,grossProfitRatio,researchAndDevelopmentExpenses,generalAndAdministrativeExpenses,sellingAndMarketingExpenses,otherExpenses,operatingExpenses,costAndExpenses,interestExpense,depreciationAndAmortization,ebitda,ebitdaratio,operatingIncome,operatingIncomeRatio,totalOtherIncomeExpensesNet,incomeBeforeTax,incomeBeforeTaxRatio,incomeTaxExpense,netIncome,netIncomeRatio,eps,epsdiluted,weightedAverageShsOut,weightedAverageShsOutDil,link,finalLink,timestamp,est_time,est_date
0,2020-06-30,BAP.AX,AUD,2020-06-30,2020-06-30,FY,1462747000.0,782473000.0,680274000.0,0.4650660708926424,0.0,387439000.0,52647000.0,1395000.0,550532000.0,0.0,13441000.0,78131000.0,207873000.0,0.14211138358171305,129742000.0,0.08869749861049109,1395000.0,111372000.0,0.07613893585151772,32655000.0,79172000.0,0.05412555964907123,0.28086553056136215,0.28086553056136215,281885783,281885783,,,1620589128,15:38:48,20210509
1,2019-06-30,BAP.AX,AUD,2019-06-30,2019-06-30,FY,1296582000.0,688811000.0,607771000.0,0.4687486020938128,0.0,370431000.0,47231000.0,3121000.0,460966000.0,0.0,15267000.0,16633000.0,163438000.0,0.12605296078458594,146805000.0,0.11322461672304567,3121000.0,134659000.0,0.10385690993704988,38127000.0,96978000.0,0.07479511515661948,0.344,0.3427,281885783,282982200,,,1620589128,15:38:48,20210509
2,2018-06-30,BAP.AX,AUD,2018-06-30,2018-06-30,FY,1236681000.0,667290000.0,569391000.0,0.4604186528296303,0.0,353867000.0,43955000.0,-702000.0,437203000.0,0.0,13452000.0,15048000.0,147236000.0,0.11905738019748019,132188000.0,0.10688932715874183,-702000.0,118034000.0,0.09544417679256009,33655000.0,94656000.0,0.07654035276680081,0.339,0.3373,279252093,280628521,,,1620589128,15:38:48,20210509
3,2017-06-30,BAP.AX,AUD,2017-06-30,2017-06-30,FY,1013553000.0,552683000.0,460870000.0,0.45470735126826123,0.0,288066000.0,41755000.0,-8482000.0,362902000.0,0.0,9766000.0,13198000.0,111166000.0,0.10967951355281864,97968000.0,0.0966579942045458,-8482000.0,79720000.0,0.07865400230673679,25988000.0,63830000.0,0.0629764797696815,0.2376,0.2364,269599050,270008460,,,1620589128,15:38:48,20210509
4,2016-06-30,BAP.AX,AUD,2016-06-30,2016-06-30,FY,685629000.0,382679000.0,302950000.0,0.4418570393025966,0.0,180163000.0,28794000.0,0.0,235976000.0,0.0,4858000.0,9673000.0,76647000.0,0.1117907789781354,66974000.0,0.09768256593580493,0.0,62116000.0,0.09059710134781347,18534000.0,43582000.0,0.06356498922886868,0.1785,0.1778,244185356,245118110,,,1620589128,15:38:48,20210509
5,2015-06-30,BAP.AX,AUD,2015-06-30,2015-06-30,FY,375317000.0,219886000.0,155431000.0,0.4141325865868053,0.0,96826000.0,5834000.0,-650000.0,122674000.0,0.0,3423000.0,5014000.0,37771000.0,0.10063759435357311,32757000.0,0.08727822081067471,-650000.0,28684000.0,0.07642606116962461,9177000.0,19507000.0,0.05197473069431974,0.1192,0.1188,163585666,164200337,,,1620589128,15:38:48,20210509
6,2014-06-30,BAP.AX,AUD,2014-06-30,2014-06-30,FY,341649000.0,201857000.0,139792000.0,0.4091684740771962,0.0,79540000.0,4050000.0,-2537000.0,115256000.0,0.0,20358000.0,4429000.0,28965000.0,0.08477999350210304,24536000.0,0.0718163963600069,-2537000.0,1641000.0,0.004803175188570726,481000.0,1160000.0,0.0033952975129445716,0.011193,0.011098,104090466,104090466,,,1620589128,15:38:48,20210509
7,2013-12-31,BAP.AX,AUD,2013-12-31,2013-12-31,FY,0.0,0.0,0.0,0.0,0.0,0.0,0.0,0.0,0.0,0.0,0.0,0.0,0.0,0.0,0.0,0.0,0.0,0.0,0.0,0.0,0.0,0.0,0.0,0.0,172462478,172462478,,,1620589128,15:38:48,20210509
