,date,symbol,reportedCurrency,fillingDate,acceptedDate,period,revenue,costOfRevenue,grossProfit,grossProfitRatio,researchAndDevelopmentExpenses,generalAndAdministrativeExpenses,sellingAndMarketingExpenses,otherExpenses,operatingExpenses,costAndExpenses,interestExpense,depreciationAndAmortization,ebitda,ebitdaratio,operatingIncome,operatingIncomeRatio,totalOtherIncomeExpensesNet,incomeBeforeTax,incomeBeforeTaxRatio,incomeTaxExpense,netIncome,netIncomeRatio,eps,epsdiluted,weightedAverageShsOut,weightedAverageShsOutDil,link,finalLink,timestamp,est_time,est_date
0,2020-03-31,NFL.NS,INR,2020-03-31,2020-03-31,FY,46750500000,72532500000,-25782000000,-0.5514807328263869,0.0,173000000,10211700000.0,389800000.0,0.0,42204800000,4054700000.0,3744300000,8290000000,0.17732430669190705,4545700000,0.0972331846718217,0.0,-2627600000,-0.05620474647329975,-817000000,-1810600000,-0.038728997550828335,-3.69,-3.69,490578400,490578400,,,1620595650,17:27:30,20210509
1,2019-03-31,NFL.NS,INR,2019-03-31,2019-03-31,FY,39432900000,66840900000,-27408000000,-0.6950541299270406,0.0,131600000,43900000.0,188600000.0,-34878400000.0,32119900000,3124200000.0,1011400000,8324400000,0.21110291152819094,7313000000,0.18545427802672387,0.0,4600000000,0.11665386010159029,1649200000,2950800000,0.07483091530168971,6.01,6.01,490578400,490578400,https://www.nseindia.com/companies-listing/corporate-filings-annual-reports,https://www.nseindia.com/companies-listing/corporate-filings-annual-reports,1620595650,17:27:30,20210509
2,2018-03-31,NFL.NS,INR,2018-03-31,2018-03-31,FY,29819200000,44310300000,-14491100000,-0.48596541825401085,0.0,136400000,50800000.0,300700000.0,-18977900000.0,25332400000,1871200000.0,733000000,5219800000,0.1750482910339647,4486800000,0.15046681332832537,0.0,3348200000,0.11228336105596394,1220600000,2127600000,0.07135000268283521,4.34,4.34,490578400,490578400,https://www.nseindia.com/companies-listing/corporate-filings-annual-reports,https://www.nseindia.com/companies-listing/corporate-filings-annual-reports,1620595650,17:27:30,20210509
3,2017-03-31,NFL.NS,INR,2017-03-31,2017-03-31,FY,76199400000,35445200000,40754200000,0.5348362323062911,0.0,124400000,86200000.0,273700000.0,35978100000.0,71423300000,1867800000.0,851700000,5627800000,0.07385622458969493,4776100000,0.06267897122549522,0.0,3246400000,0.042604010005328125,1167200000,2079200000,0.027286304091633268,4.24,4.24,490578400,490578400,https://www.nseindia.com/companies-listing/corporate-filings-annual-reports,https://www.nseindia.com/companies-listing/corporate-filings-annual-reports,1620595650,17:27:30,20210509
4,2016-03-31,NFL.NS,INR,2016-03-31,2016-03-31,FY,77658800000,36491600000,41167200000,0.5301034782922218,0.0,111000000,24600000.0,353700000.0,36514600000.0,73006200000,2247300000.0,800300000,5452900000,0.07021612489505374,4652600000,0.059910789247322904,0.0,2834800000,0.036503268142180925,864000000,1970800000,0.025377677739032795,4.02,4.02,490578400,490578400,https://www.nseindia.com/companies-listing/corporate-filings-annual-reports,https://www.nseindia.com/companies-listing/corporate-filings-annual-reports,1620595650,17:27:30,20210509
5,2015-03-31,NFL.NS,INR,2015-03-31,2015-03-31,FY,85196900000,44469600000,40727300000,0.4780373464292715,0.0,742400000,0.0,311800000.0,34203700000.0,78673300000,6508700000.0,725600000,7249200000,0.08508760295268959,6523600000,0.07657086114635626,0.0,447200000,0.0052490172764501995,184800000,262400000,0.0030799242695450186,0.53,0.53,490578400,490578400,https://www.nseindia.com/companies-listing/corporate-filings-annual-reports,https://www.nseindia.com/companies-listing/corporate-filings-annual-reports,1620595650,17:27:30,20210509
6,2014-03-31,NFL.NS,INR,2014-03-31,2014-03-31,FY,80170300000,48347900000,31822400000,0.3969350245664542,0.0,670500000,0.0,332300000.0,31848000000.0,80195900000,0.0,1291700000,1266100000,0.015792631435830973,-25600000,-0.00031932024702414734,0.0,-1611600000,-0.020102207425942025,-714500000,-897100000,-0.011189929437709476,-1.83,-1.83,490578400,490578400,https://www.nseindia.com/companies-listing/corporate-filings-annual-reports,https://www.nseindia.com/companies-listing/corporate-filings-annual-reports,1620595650,17:27:30,20210509
7,2013-03-31,NFL.NS,INR,2013-03-31,2013-03-31,FY,67202300000,60483500000,6718800000,0.0999787209663955,0.0,903800000,0.0,318400000.0,7489900000.0,67973400000,0.0,1176700000,405600000,0.00603550771327767,-771100000,-0.011474309659044408,0.0,-2306200000,-0.0343172778312647,-598900000,-1707300000,-0.025405380470608894,-3.48,-3.48,490578400,490578400,https://www.nseindia.com/companies-listing/corporate-filings-annual-reports,https://www.nseindia.com/companies-listing/corporate-filings-annual-reports,1620595650,17:27:30,20210509
8,2012-03-31,NFL.NS,INR,2012-03-31,2012-03-31,FY,73052900000,62225900000,10827000000,0.1482076686894018,0.0,724500000,2792100000.0,307300000.0,9717300000.0,71943200000,0.0,912200000,2021900000,0.027677203779726746,1109700000,0.015190362052704274,0.0,1842000000,0.025214604759017097,574700000,1267300000,0.0173477028290458,2.58,2.58,490578400,490578400,https://www.nseindia.com/companies-listing/corporate-filings-annual-reports,https://www.nseindia.com/companies-listing/corporate-filings-annual-reports,1620595650,17:27:30,20210509
9,2011-03-31,NFL.NS,INR,2011-03-31,2011-03-31,FY,18732600000,34680400000,-15947800000,-0.8513393762745161,0.0,12487700000,2455100000.0,-600000.0,-17970900000.0,16709500000,0.0,889000000,2912100000,0.15545626341244675,2023100000,0.10799888963624911,0.0,2039200000,0.1088583538857393,654200000,1385000000,0.0739352786052123,2.82,2.82,490578400,490578400,https://www.nseindia.com/companies-listing/corporate-filings-annual-reports,https://www.nseindia.com/companies-listing/corporate-filings-annual-reports,1620595650,17:27:30,20210509
10,2010-03-31,NFL.NS,INR,2010-03-31,2010-03-31,FY,16953900000,29526400000,-12572500000,-0.7415697863028565,0.0,10668500000,2286800000.0,500000.0,-14975000000.0,14551400000,0.0,937500000,3340000000,0.19700481895021205,2402500000,0.14170780764307916,0.0,2599500000,0.15332755295241804,884400000,1715100000,0.10116256436572116,3.5,3.5,490578400,490578400,https://www.nseindia.com/companies-listing/corporate-filings-annual-reports,https://www.nseindia.com/companies-listing/corporate-filings-annual-reports,1620595650,17:27:30,20210509
11,2009-03-31,NFL.NS,INR,2009-03-31,2009-03-31,FY,16831100000,29110800000,-12279700000,-0.7295839249959896,0.0,12403900000,2326600000.0,0.0,-13738900000.0,15371900000,0.0,964100000,2423300000,0.14397751780929352,1459200000,0.08669665084278508,0.0,1556100000,0.09245385031281378,581500000,974600000,0.057904712110319584,1.99,1.99,490578400,490578400,https://www.nseindia.com/companies-listing/corporate-filings-annual-reports,https://www.nseindia.com/companies-listing/corporate-filings-annual-reports,1620595650,17:27:30,20210509
12,2008-03-31,NFL.NS,INR,2008-03-31,2008-03-31,FY,16230200000,23348919000,-7118719000,-0.4386094441226849,0.0,8839746000,2180590000.0,0.0,-8481129000.0,14867790000,0.0,891465000,2253875000,0.13886920678734704,1362410000,0.0839428965755197,0.0,1558237000,0.09600849034515903,471716000,1086521000,0.0669443999457801,2.21,2.21,490578400,490578400,https://www.nseindia.com/companies-listing/corporate-filings-annual-reports,https://www.nseindia.com/companies-listing/corporate-filings-annual-reports,1620595650,17:27:30,20210509
13,2007-03-31,NFL.NS,INR,2007-03-31,2007-03-31,FY,16486600000,21735685000,-5249085000,-0.3183849307922798,0.0,8704751000,2041169000.0,0.0,-8059273000.0,13676412000,0.0,1068566000,3878754000,0.23526706537430397,2810188000,0.17045285261970328,0.0,2636723000,0.15993127752235148,875722000,1761001000,0.10681407931289653,3.59,3.59,490529526,490529526,https://www.nseindia.com/companies-listing/corporate-filings-annual-reports,https://www.nseindia.com/companies-listing/corporate-filings-annual-reports,1620595650,17:27:30,20210509
14,2006-03-31,NFL.NS,INR,2006-03-31,2006-03-31,FY,16339296000,20371201000,-4031905000,-0.24676124356887835,0.0,8183494000,1889714000.0,0.0,-5907779000.0,14463422000,0.0,1245106000,3120980000,0.19101067757142046,1875874000,0.11480751679876539,0.0,1792973000,0.10973379758834163,628968000,1164005000,0.07123960542730849,2.37,2.37,491141350,491141350,https://www.nseindia.com/companies-listing/corporate-filings-annual-reports,https://www.nseindia.com/companies-listing/corporate-filings-annual-reports,1620595650,17:27:30,20210509
