,date,symbol,reportedCurrency,fillingDate,acceptedDate,period,revenue,costOfRevenue,grossProfit,grossProfitRatio,researchAndDevelopmentExpenses,generalAndAdministrativeExpenses,sellingAndMarketingExpenses,otherExpenses,operatingExpenses,costAndExpenses,interestExpense,depreciationAndAmortization,ebitda,ebitdaratio,operatingIncome,operatingIncomeRatio,totalOtherIncomeExpensesNet,incomeBeforeTax,incomeBeforeTaxRatio,incomeTaxExpense,netIncome,netIncomeRatio,eps,epsdiluted,weightedAverageShsOut,weightedAverageShsOutDil,link,finalLink,timestamp,est_time,est_date
0,2020-08-31,PTM.TO,USD,2020-08-31,2020-08-31,FY,0.0,177000.0,-177000.0,0.0,0.0,5118000.0,0.0,0.0,0.0,5295000.0,5493000.0,177000.0,-5118000.0,0.0,-5295000.0,0.0,3574000.0,-7056000.0,0.0,72000.0,-7128000.0,0.0,-0.11,-0.11,61537004.0,61537004.0,https://www.sedar.com/ModifyCompanyDocumentSearchForm.do?lang=EN&company_search=Platinum Group Metals Ltd&document_selection=0&industry_group=A&FromDate=13&FromMonth=05&FromYear=2000&ToDate=13&ToMonth=11&ToYear=2020&Variable=Issuer,https://www.sedar.com/ModifyCompanyDocumentSearchForm.do?lang=EN&company_search=Platinum Group Metals Ltd&document_selection=0&industry_group=A&FromDate=13&FromMonth=05&FromYear=2000&ToDate=13&ToMonth=11&ToYear=2020&Variable=Issuer,1620596892,17:48:12,20210509
1,2019-08-31,PTM.TO,USD,2019-08-31,2019-08-31,FY,0.0,235000.0,-235000.0,0.0,0.0,4885000.0,0.0,0.0,4885000.0,5120000.0,8355000.0,235000.0,-4885000.0,0.0,-5120000.0,0.0,-3559000.0,-16670000.0,0.0,106000.0,-16776000.0,0.0,-0.52,-0.52,32534646.0,32534646.0,https://www.sedar.com/ModifyCompanyDocumentSearchForm.do?lang=EN&company_search=Platinum Group Metals Ltd&document_selection=0&industry_group=A&FromDate=13&FromMonth=05&FromYear=2000&ToDate=13&ToMonth=11&ToYear=2020&Variable=Issuer,https://www.sedar.com/ModifyCompanyDocumentSearchForm.do?lang=EN&company_search=Platinum Group Metals Ltd&document_selection=0&industry_group=A&FromDate=13&FromMonth=05&FromYear=2000&ToDate=13&ToMonth=11&ToYear=2020&Variable=Issuer,1620596892,17:48:12,20210509
2,2018-08-31,PTM.TO,USD,2018-08-31,2018-08-31,FY,0.0,347000.0,-347000.0,0.0,0.0,5814000.0,0.0,0.0,5814000.0,6161000.0,18414000.0,347000.0,-5814000.0,0.0,-6161000.0,0.0,-17188000.0,-41024000.0,0.0,0.0,-38682000.0,0.0,-2.0,-2.0,19053143.0,19053143.0,https://www.sedar.com/ModifyCompanyDocumentSearchForm.do?lang=EN&company_search=Platinum Group Metals Ltd&document_selection=0&industry_group=A&FromDate=13&FromMonth=05&FromYear=2000&ToDate=13&ToMonth=11&ToYear=2020&Variable=Issuer,https://www.sedar.com/ModifyCompanyDocumentSearchForm.do?lang=EN&company_search=Platinum Group Metals Ltd&document_selection=0&industry_group=A&FromDate=13&FromMonth=05&FromYear=2000&ToDate=13&ToMonth=11&ToYear=2020&Variable=Issuer,1620596892,17:48:12,20210509
3,2017-08-31,PTM.TO,USD,2017-08-31,2017-08-31,FY,0.0,508000.0,-508000.0,0.0,0.0,6226000.0,0.0,0.0,6385000.0,6893000.0,367000.0,535000.0,-6358000.0,0.0,-6893000.0,0.0,-582518000.0,-588716000.0,0.0,1655000.0,-542415000.0,0.0,-43.0,-43.0,12601907.0,12601907.0,https://www.sedar.com/ModifyCompanyDocumentSearchForm.do?lang=EN&company_search=Platinum Group Metals Ltd&document_selection=0&industry_group=A&FromDate=13&FromMonth=05&FromYear=2000&ToDate=13&ToMonth=11&ToYear=2020&Variable=Issuer,https://www.sedar.com/ModifyCompanyDocumentSearchForm.do?lang=EN&company_search=Platinum Group Metals Ltd&document_selection=0&industry_group=A&FromDate=13&FromMonth=05&FromYear=2000&ToDate=13&ToMonth=11&ToYear=2020&Variable=Issuer,1620596892,17:48:12,20210509
4,2016-08-31,PTM.TO,USD,2016-08-31,2016-08-31,FY,0.0,441000.0,-441000.0,0.0,0.0,4824000.0,0.0,0.0,4989000.0,5430000.0,0.0,446000.0,-4984000.0,0.0,-5430000.0,0.0,-39848000.0,-44145000.0,0.0,-7494000.0,-20675000.0,0.0,-2.6,-2.6,8043843.0,8043843.0,https://www.sedar.com/ModifyCompanyDocumentSearchForm.do?lang=EN&company_search=Platinum Group Metals Ltd&document_selection=0&industry_group=A&FromDate=13&FromMonth=05&FromYear=2000&ToDate=13&ToMonth=11&ToYear=2020&Variable=Issuer,https://www.sedar.com/ModifyCompanyDocumentSearchForm.do?lang=EN&company_search=Platinum Group Metals Ltd&document_selection=0&industry_group=A&FromDate=13&FromMonth=05&FromYear=2000&ToDate=13&ToMonth=11&ToYear=2020&Variable=Issuer,1620596892,17:48:12,20210509
5,2015-08-31,PTM.TO,USD,2015-08-31,2015-08-31,FY,0.0,473497.005717,-473497.005717,0.0,0.0,6736193.44656,0.0,0.0,6871370.422673,7344867.42839,0.0,473497.005717,-6871370.422673,0.0,-7344867.42839,0.0,1257372.431449,-2633307.908986,0.0,993815.086959,-2868168.46525,0.0,-0.755179,-0.755179,6958364.0,6958364.0,https://www.sedar.com/ModifyCompanyDocumentSearchForm.do?lang=EN&company_search=Platinum Group Metals Ltd&document_selection=0&industry_group=A&FromDate=13&FromMonth=05&FromYear=2000&ToDate=13&ToMonth=11&ToYear=2020&Variable=Issuer,https://www.sedar.com/ModifyCompanyDocumentSearchForm.do?lang=EN&company_search=Platinum Group Metals Ltd&document_selection=0&industry_group=A&FromDate=13&FromMonth=05&FromYear=2000&ToDate=13&ToMonth=11&ToYear=2020&Variable=Issuer,1620596892,17:48:12,20210509
6,2014-08-31,PTM.TO,USD,2014-08-31,2014-08-31,FY,0.0,435926.205235,-435926.205235,0.0,0.0,8902459.21239,0.0,0.0,8902459.21239,9338385.417625,0.0,435926.205235,-8902459.21239,0.0,-9338385.417625,0.0,-4046572.369268,-9811098.644398,0.0,-192212.18754,-9599573.27055,0.0,-1.839351,-1.839351,5016425.0,5016425.0,https://www.sedar.com/ModifyCompanyDocumentSearchForm.do?lang=EN&company_search=Platinum Group Metals Ltd&document_selection=0&industry_group=A&FromDate=13&FromMonth=05&FromYear=2000&ToDate=13&ToMonth=11&ToYear=2020&Variable=Issuer,https://www.sedar.com/ModifyCompanyDocumentSearchForm.do?lang=EN&company_search=Platinum Group Metals Ltd&document_selection=0&industry_group=A&FromDate=13&FromMonth=05&FromYear=2000&ToDate=13&ToMonth=11&ToYear=2020&Variable=Issuer,1620596892,17:48:12,20210509
7,2013-08-31,PTM.TO,USD,2013-08-31,2013-08-31,FY,0.0,366154.429899,-366154.429899,0.0,0.0,7320242.838171,0.0,0.0,7320242.838171,7686397.268071,0.0,366154.429899,-7320242.838172001,0.0,-7686397.268071,0.0,-8340922.026181,-11282489.091254,0.0,163156.896225,-11733067.729084,0.0,-3.794346,-3.794346,3249905.0,3249905.0,https://www.sedar.com/ModifyCompanyDocumentSearchForm.do?lang=EN&company_search=Platinum Group Metals Ltd&document_selection=0&industry_group=A&FromDate=13&FromMonth=05&FromYear=2000&ToDate=13&ToMonth=11&ToYear=2020&Variable=Issuer,https://www.sedar.com/ModifyCompanyDocumentSearchForm.do?lang=EN&company_search=Platinum Group Metals Ltd&document_selection=0&industry_group=A&FromDate=13&FromMonth=05&FromYear=2000&ToDate=13&ToMonth=11&ToYear=2020&Variable=Issuer,1620596892,17:48:12,20210509
8,2012-08-31,PTM.TO,USD,2012-08-31,2012-08-31,FY,0.0,389708.473894,-389708.473894,0.0,0.0,7040934.494738,0.0,0.0,7040934.494738,7430642.968632,0.0,389708.473894,-7040934.4947379995,0.0,-7430642.968632,0.0,-4474094.959972,-7934142.288908,0.0,2337243.844721,-10662101.606163,0.0,-6.041992,-6.041992,1775845.0,1775845.0,https://www.sedar.com/ModifyCompanyDocumentSearchForm.do?lang=EN&company_search=Platinum Group Metals Ltd&document_selection=0&industry_group=A&FromDate=13&FromMonth=05&FromYear=2000&ToDate=13&ToMonth=11&ToYear=2020&Variable=Issuer,https://www.sedar.com/ModifyCompanyDocumentSearchForm.do?lang=EN&company_search=Platinum Group Metals Ltd&document_selection=0&industry_group=A&FromDate=13&FromMonth=05&FromYear=2000&ToDate=13&ToMonth=11&ToYear=2020&Variable=Issuer,1620596892,17:48:12,20210509
9,2011-08-31,PTM.TO,USD,2011-08-31,2011-08-31,FY,0.0,0.0,0.0,0.0,0.0,13727281.270749,0.0,0.0,13995165.22805,13995165.22805,0.0,267883.957301,-13727281.270748999,0.0,-13995165.22805,0.0,-3408745.084019,-13537218.448338,0.0,-1615148.884008,-12479622.044027,0.0,-7.150518,-7.150518,1642172.0,1642172.0,https://www.sedar.com/ModifyCompanyDocumentSearchForm.do?lang=EN&company_search=Platinum Group Metals Ltd&document_selection=0&industry_group=A&FromDate=13&FromMonth=05&FromYear=2000&ToDate=13&ToMonth=11&ToYear=2020&Variable=Issuer,https://www.sedar.com/ModifyCompanyDocumentSearchForm.do?lang=EN&company_search=Platinum Group Metals Ltd&document_selection=0&industry_group=A&FromDate=13&FromMonth=05&FromYear=2000&ToDate=13&ToMonth=11&ToYear=2020&Variable=Issuer,1620596892,17:48:12,20210509
10,2010-08-31,PTM.TO,USD,2010-08-31,2010-08-31,FY,0.0,0.0,0.0,0.0,0.0,6420127.310449,100604.488872,0.0,6393182.761222,6393182.761222,0.0,98662.768767,-6294519.992455,0.0,-6393182.761222,0.0,44870474.349302,38894249.339872,0.0,13752629.19653,25141620.143342,0.0,27.348171,26.40513,934981.0,954469.0,https://www.sedar.com/ModifyCompanyDocumentSearchForm.do?lang=EN&company_search=Platinum Group Metals Ltd&document_selection=0&industry_group=A&FromDate=13&FromMonth=05&FromYear=2000&ToDate=13&ToMonth=11&ToYear=2020&Variable=Issuer,https://www.sedar.com/ModifyCompanyDocumentSearchForm.do?lang=EN&company_search=Platinum Group Metals Ltd&document_selection=0&industry_group=A&FromDate=13&FromMonth=05&FromYear=2000&ToDate=13&ToMonth=11&ToYear=2020&Variable=Issuer,1620596892,17:48:12,20210509
11,2009-08-31,PTM.TO,USD,2009-08-31,2009-08-31,FY,0.0,0.0,0.0,0.0,0.0,6973076.46656,178593.015293,0.0,7076988.815339,7076988.815339,0.0,107026.706231,-6969962.109108,0.0,-7076988.815339,0.0,288094.95549,-6648157.041771,0.0,-290353.800502,-6357803.241269,0.0,-9.130336,-9.130336,724660.0,724660.0,https://www.sedar.com/ModifyCompanyDocumentSearchForm.do?lang=EN&company_search=Platinum Group Metals Ltd&document_selection=0&industry_group=A&FromDate=13&FromMonth=05&FromYear=2000&ToDate=13&ToMonth=11&ToYear=2020&Variable=Issuer,https://www.sedar.com/ModifyCompanyDocumentSearchForm.do?lang=EN&company_search=Platinum Group Metals Ltd&document_selection=0&industry_group=A&FromDate=13&FromMonth=05&FromYear=2000&ToDate=13&ToMonth=11&ToYear=2020&Variable=Issuer,1620596892,17:48:12,20210509
12,2008-08-31,PTM.TO,USD,2008-08-31,2008-08-31,FY,0.0,0.0,0.0,0.0,0.0,5258585.145439,0.0,0.0,5383165.772381,5383165.772381,0.0,124420.596818,-5258745.175563,0.0,-5383165.772381,0.0,-35150.14591,-5189247.85842,0.0,-400968.652923,-4788279.205498,0.0,-7.530829,-7.530829,619788.0,619788.0,https://www.sedar.com/ModifyCompanyDocumentSearchForm.do?lang=EN&company_search=Platinum Group Metals Ltd&document_selection=0&industry_group=A&FromDate=13&FromMonth=05&FromYear=2000&ToDate=13&ToMonth=11&ToYear=2020&Variable=Issuer,https://www.sedar.com/ModifyCompanyDocumentSearchForm.do?lang=EN&company_search=Platinum Group Metals Ltd&document_selection=0&industry_group=A&FromDate=13&FromMonth=05&FromYear=2000&ToDate=13&ToMonth=11&ToYear=2020&Variable=Issuer,1620596892,17:48:12,20210509
13,2007-08-31,PTM.TO,USD,2007-08-31,2007-08-31,FY,0.0,0.0,0.0,0.0,0.0,5551879.200985,0.0,0.0,5671159.708416,5671159.708416,0.0,118381.141721,-5552778.566695,0.0,-5671159.708416,0.0,-1332988.734261,-6397920.098457,0.0,0.0,-6397920.098457,0.0,-11.360409,-11.360409,458042.0,458042.0,https://www.sedar.com/ModifyCompanyDocumentSearchForm.do?lang=EN&company_search=Platinum Group Metals Ltd&document_selection=0&industry_group=A&FromDate=13&FromMonth=05&FromYear=2000&ToDate=13&ToMonth=11&ToYear=2020&Variable=Issuer,https://www.sedar.com/ModifyCompanyDocumentSearchForm.do?lang=EN&company_search=Platinum Group Metals Ltd&document_selection=0&industry_group=A&FromDate=13&FromMonth=05&FromYear=2000&ToDate=13&ToMonth=11&ToYear=2020&Variable=Issuer,1620596892,17:48:12,20210509
14,2006-08-31,PTM.TO,USD,2006-08-31,2006-08-31,FY,0.0,2713.949701,-2713.949701,0.0,0.0,2552139.497015,0.0,0.0,2637860.502985,2640574.452687,0.0,84952.053555,-2555622.399132,0.0,-2640574.452687,0.0,-1058094.80731,-3485863.036005,0.0,0.0,-3485863.036005,0.0,-7.237199,-7.237199,472302.0,472302.0,https://www.sedar.com/ModifyCompanyDocumentSearchForm.do?lang=EN&company_search=Platinum Group Metals Ltd&document_selection=0&industry_group=A&FromDate=13&FromMonth=05&FromYear=2000&ToDate=13&ToMonth=11&ToYear=2020&Variable=Issuer,https://www.sedar.com/ModifyCompanyDocumentSearchForm.do?lang=EN&company_search=Platinum Group Metals Ltd&document_selection=0&industry_group=A&FromDate=13&FromMonth=05&FromYear=2000&ToDate=13&ToMonth=11&ToYear=2020&Variable=Issuer,1620596892,17:48:12,20210509
15,2005-08-31,PTM.TO,USD,2005-08-31,2005-08-31,FY,0.0,0.0,0.0,0.0,0.0,3091939.381183,0.0,0.0,3156703.009893,3156703.009893,0.0,63784.466428,-3092918.543465,0.0,-3156703.009893,0.0,-890462.639444,-3863311.302884,0.0,-667648.916018,-3195662.386866,0.0,-8.153260722354183,-7.415631060913918,391949.0,430936.0,https://www.sedar.com/ModifyCompanyDocumentSearchForm.do?lang=EN&company_search=Platinum Group Metals Ltd&document_selection=0&industry_group=A&FromDate=13&FromMonth=05&FromYear=2000&ToDate=13&ToMonth=11&ToYear=2020&Variable=Issuer,https://www.sedar.com/ModifyCompanyDocumentSearchForm.do?lang=EN&company_search=Platinum Group Metals Ltd&document_selection=0&industry_group=A&FromDate=13&FromMonth=05&FromYear=2000&ToDate=13&ToMonth=11&ToYear=2020&Variable=Issuer,1620596892,17:48:12,20210509
16,2004-08-31,PTM.TO,USD,2004-08-31,2004-08-31,FY,0.0,4951.701862,-4951.701862,0.0,0.0,1350877.59393,0.0,0.0,1378575.890545,1383527.592406,0.0,24200.8715,-1359326.7209060001,0.0,-1383527.592406,0.0,-864341.652192,-1920214.370601,0.0,-211780.479629,-1708433.890971,0.0,-5.399499032796471,-5.318711290272469,316406.0,321212.0,https://www.sedar.com/ModifyCompanyDocumentSearchForm.do?lang=EN&company_search=Platinum Group Metals Ltd&document_selection=0&industry_group=A&FromDate=13&FromMonth=05&FromYear=2000&ToDate=13&ToMonth=11&ToYear=2020&Variable=Issuer,https://www.sedar.com/ModifyCompanyDocumentSearchForm.do?lang=EN&company_search=Platinum Group Metals Ltd&document_selection=0&industry_group=A&FromDate=13&FromMonth=05&FromYear=2000&ToDate=13&ToMonth=11&ToYear=2020&Variable=Issuer,1620596892,17:48:12,20210509
17,2003-08-31,PTM.TO,USD,2003-08-31,2003-08-31,FY,0.0,21581.30463,-21581.30463,0.0,0.0,749098.461316,0.0,0.0,790254.280142,811835.584772,0.0,11170.988947,-800664.595825,0.0,-811835.584772,0.0,-732960.340967,-1416884.345879,0.0,-153434.949072,-1263449.396807,0.0,-4.862712439216547,-0.6151818434512524,259824.0,2053782.0,https://www.sedar.com/ModifyCompanyDocumentSearchForm.do?lang=EN&company_search=Platinum Group Metals Ltd&document_selection=0&industry_group=A&FromDate=13&FromMonth=05&FromYear=2000&ToDate=13&ToMonth=11&ToYear=2020&Variable=Issuer,https://www.sedar.com/ModifyCompanyDocumentSearchForm.do?lang=EN&company_search=Platinum Group Metals Ltd&document_selection=0&industry_group=A&FromDate=13&FromMonth=05&FromYear=2000&ToDate=13&ToMonth=11&ToYear=2020&Variable=Issuer,1620596892,17:48:12,20210509
18,2002-08-31,PTM.TO,USD,2002-08-31,2002-08-31,FY,0.0,30410.035934,-30410.035934,0.0,0.0,499161.319302,0.0,0.0,525292.607803,555702.643737,0.0,6581.10883,-549121.5349069999,0.0,-555702.643737,0.0,-713707.007187,-1254632.956879,0.0,-291067.761807,-963565.195072,0.0,-6.5010875686295675,-5.367303690694889,148216.0,179525.0,https://www.sedar.com/ModifyCompanyDocumentSearchForm.do?lang=EN&company_search=Platinum Group Metals Ltd&document_selection=0&industry_group=A&FromDate=13&FromMonth=05&FromYear=2000&ToDate=13&ToMonth=11&ToYear=2020&Variable=Issuer,https://www.sedar.com/ModifyCompanyDocumentSearchForm.do?lang=EN&company_search=Platinum Group Metals Ltd&document_selection=0&industry_group=A&FromDate=13&FromMonth=05&FromYear=2000&ToDate=13&ToMonth=11&ToYear=2020&Variable=Issuer,1620596892,17:48:12,20210509
19,2001-08-31,PTM.TO,USD,2001-08-31,2001-08-31,FY,0.0,0.0,0.0,0.0,0.0,309225.835178,0.0,0.0,313788.742119,313788.742119,0.0,4562.906941,-309225.835178,0.0,-313788.742119,0.0,-36782.02456,0.0,0.0,0.0,-311477.28226,0.0,-5.807688,-5.807688,53632.0,53632.0,https://www.sedar.com/ModifyCompanyDocumentSearchForm.do?lang=EN&company_search=Platinum Group Metals Ltd&document_selection=0&industry_group=A&FromDate=13&FromMonth=05&FromYear=2000&ToDate=13&ToMonth=11&ToYear=2020&Variable=Issuer,https://www.sedar.com/ModifyCompanyDocumentSearchForm.do?lang=EN&company_search=Platinum Group Metals Ltd&document_selection=0&industry_group=A&FromDate=13&FromMonth=05&FromYear=2000&ToDate=13&ToMonth=11&ToYear=2020&Variable=Issuer,1620596892,17:48:12,20210509
