,date,symbol,reportedCurrency,fillingDate,acceptedDate,period,revenue,costOfRevenue,grossProfit,grossProfitRatio,researchAndDevelopmentExpenses,generalAndAdministrativeExpenses,sellingAndMarketingExpenses,otherExpenses,operatingExpenses,costAndExpenses,interestExpense,depreciationAndAmortization,ebitda,ebitdaratio,operatingIncome,operatingIncomeRatio,totalOtherIncomeExpensesNet,incomeBeforeTax,incomeBeforeTaxRatio,incomeTaxExpense,netIncome,netIncomeRatio,eps,epsdiluted,weightedAverageShsOut,weightedAverageShsOutDil,link,finalLink,timestamp,est_time,est_date
0,2020-12-31,CTO,USD,2021-03-05,2021-03-05 16:07:37,FY,56381000.0,15211000.0,41170000.0,0.7302105319167804,0.0,10141000.0,0.0,0.0,29204000.0,44415000.0,10384000.0,19063000.0,31029000.0,0.5503449743707987,11966000.0,0.21223461804508612,-6118000.0,-4990000.0,-0.08850499281672904,-83499000.0,78509000.0,1.3924726414927013,15.728046964774816,15.728046964774816,4991656.0,4991656.0,https://www.sec.gov/Archives/edgar/data/23795/000155837021002457/0001558370-21-002457-index.htm,https://www.sec.gov/Archives/edgar/data/23795/000155837021002457/cto-20201231x10k.htm,1620590799,16:06:39,20210509
1,2019-12-31,CTO,USD,2020-03-06,2020-03-06 17:26:11,FY,44941246.0,7104667.0,37836579.0,0.8419121045286551,0.0,9818000.0,0.0,0.0,25615278.0,32719945.0,12022000.0,15797278.0,28018579.0,0.6234490917319025,12221301.0,0.27193952299408874,22322308.0,22077472.0,0.4912518891888311,5472178.0,114972858.0,2.558292620547281,23.03,23.0,4991656.0,4998043.0,https://www.sec.gov/Archives/edgar/data/23795/000155837020002154/0001558370-20-002154-index.htm,https://www.sec.gov/Archives/edgar/data/23795/000155837020002154/cto-20191231x10k.htm,1620590799,16:06:39,20210509
2,2018-12-31,CTO,USD,2019-02-28,2019-02-28 15:23:42,FY,86688600.0,19684001.0,67004599.0,0.7729343766077662,0.0,9785370.0,0.0,0.0,25546893.0,45230894.0,9928000.0,15761523.0,57219229.0,0.6600548284318815,41457706.0,0.4782371153761856,22087887.0,53122307.0,0.6127946119789685,14162966.0,37167790.0,0.42875060849984886,6.76,6.72,5495792.0,5529321.0,https://www.sec.gov/Archives/edgar/data/23795/000155837019001302/0001558370-19-001302-index.htm,https://www.sec.gov/Archives/edgar/data/23795/000155837019001302/cto-20181231x10k.htm,1620590799,16:06:39,20210509
3,2017-12-31,CTO,USD,2018-02-28,2018-02-28 17:02:03,FY,91412291.0,30452977.0,60959314.0,0.6668612429809904,0.0,10252610.0,0.0,2226526.0,22916569.0,53369546.0,8014000.0,12663959.0,50706704.0,0.5547033494653362,38042745.0,0.41616662905866786,2264549.0,31784158.0,0.34770114228949806,-9935266.0,41719424.0,0.4563874676327716,7.53,7.48,5540428.0,5577463.0,https://www.sec.gov/Archives/edgar/data/23795/000155837018001296/0001558370-18-001296-index.htm,https://www.sec.gov/Archives/edgar/data/23795/000155837018001296/cto-20171231x10k.htm,1620590799,16:06:39,20210509
4,2016-12-31,CTO,USD,2017-02-24,2017-02-24 16:42:16,FY,71074861.0,25840020.0,45234841.0,0.6364393874790695,0.0,10297877.0,0.0,0.0,18493294.0,44333314.0,8753338.0,8195417.0,34936964.0,0.4915516331435386,26741547.0,0.37624480194199744,10048059.0,28036268.0,0.39446110207658375,11836854.0,16251248.0,0.228649733131381,2.86,2.85,5682255.0,5702192.0,https://www.sec.gov/Archives/edgar/data/23795/000155837017001013/0001558370-17-001013-index.htm,https://www.sec.gov/Archives/edgar/data/23795/000155837017001013/cto-20161231x10k.htm,1620590799,16:06:39,20210509
5,2015-12-31,CTO,USD,2016-03-01,2016-03-01 16:22:01,FY,42997680.0,13768098.0,29229582.0,0.6797943982093918,0.0,8753779.0,0.0,0.0,13966676.0,27734774.0,6919767.0,5212897.0,20475803.0,0.4762071581536492,15262906.0,0.35497045421985557,5215282.0,13558421.0,0.31532912938558544,5269104.0,8347166.0,0.19413061355868502,1.44,1.43,5796643.0,5837179.0,https://www.sec.gov/Archives/edgar/data/23795/000156459016013810/0001564590-16-013810-index.htm,https://www.sec.gov/Archives/edgar/data/23795/000156459016013810/cto-10k_20151231.htm,1620590799,16:06:39,20210509
6,2014-12-31,CTO,USD,2015-02-27,2015-02-27 16:09:10,FY,35519723.0,11999956.0,23519767.0,0.6621607662875074,0.0,7017236.0,0.0,0.0,10507721.0,22507677.0,2439561.0,3490485.0,16502531.0,0.46460190582004257,13012046.0,0.3663329806935713,-419540.0,10214681.0,0.2875777212564411,3830863.0,6383818.0,0.17972600743536205,1.11,1.1,5751187.0,5803471.0,https://www.sec.gov/Archives/edgar/data/23795/000119312515069704/0001193125-15-069704-index.htm,https://www.sec.gov/Archives/edgar/data/23795/000119312515069704/d832402d10k.htm,1620590799,16:06:39,20210509
7,2013-12-31,CTO,USD,2014-03-10,2014-03-10 16:21:13,FY,25837844.0,10623310.0,15214534.0,0.5888468867603659,0.0,5433562.0,0.0,0.0,8318879.0,18942189.0,1826564.0,2885317.0,9780972.0,0.3785521733160089,6895655.0,0.26688198132940194,-616278.0,4453218.0,0.17235253839290926,1891680.0,3683247.0,0.14255241265486393,0.64,0.64,5755073.0,5755073.0,https://www.sec.gov/Archives/edgar/data/23795/000119312514091567/0001193125-14-091567-index.htm,https://www.sec.gov/Archives/edgar/data/23795/000119312514091567/d644404d10k.htm,1620590799,16:06:39,20210509
8,2012-12-31,CTO,USD,2013-03-08,2013-03-08 17:18:11,FY,17329830.0,6973625.0,10356205.0,0.5975941483557542,0.0,6624584.0,0.0,0.0,8932619.0,15906244.0,536018.0,2308035.0,3731621.0,0.21532934829712697,1423586.0,0.08214656462296514,-6081.0,882972.0,0.05095099028669064,323078.0,599202.0,0.03457633456300495,0.1,0.1,5992020.0,5992020.0,https://www.sec.gov/Archives/edgar/data/23795/000119312513098925/0001193125-13-098925-index.htm,https://www.sec.gov/Archives/edgar/data/23795/000119312513098925/d444750d10k.htm,1620590799,16:06:39,20210509
9,2011-12-31,CTO,USD,2012-03-15,2012-03-15 09:13:52,FY,14242756.0,10369209.0,3873547.0,0.27196611386167113,0.0,0.0,0.0,0.0,6089133.0,16458342.0,0.0,2512366.0,296780.0,0.020837259305713025,-2215586.0,-0.15555879774953668,-6618888.0,-8375083.0,-0.5880240453462799,-3286642.0,-4706191.0,-0.3304269903942748,-0.82,-0.82,5724104.0,5724104.0,https://www.sec.gov/Archives/edgar/data/23795/000119312512116243/0001193125-12-116243-index.htm,https://www.sec.gov/Archives/edgar/data/23795/000119312512116243/d263202d10k.htm,1620590799,16:06:39,20210509
10,2010-12-31,CTO,USD,2011-03-11,2011-03-11 14:02:54,FY,13410733.0,10350812.0,3059921.0,0.22816955642916759,0.0,3914218.0,0.0,0.0,3914218.0,14265030.0,0.0,2727399.0,1873102.0,0.1396718583540512,-854297.0,-0.06370248367482971,-156914.0,-854297.0,-0.06370248367482971,-251343.0,-602954.0,-0.04496055510164881,-0.11,-0.11,5723795.0,5723795.0,https://www.sec.gov/Archives/edgar/data/23795/000119312511063638/0001193125-11-063638-index.htm,https://www.sec.gov/Archives/edgar/data/23795/000119312511063638/d10k.htm,1620590799,16:06:39,20210509
11,2009-12-31,CTO,USD,2010-03-12,2010-03-12 14:28:56,FY,16927901.0,10170105.0,6757796.0,0.399210510505703,0.0,5744659.0,0.0,0.0,5744659.0,15914764.0,0.0,2771633.0,3784770.0,0.22358176598504445,1013137.0,0.05985012554125878,-231448.0,1244585.0,0.0735227007766645,444015.0,800570.0,0.0472929278119006,0.14,0.14,5724067.0,5724067.0,https://www.sec.gov/Archives/edgar/data/23795/000119312510055155/0001193125-10-055155-index.htm,https://www.sec.gov/Archives/edgar/data/23795/000119312510055155/d10k.htm,1620590799,16:06:39,20210509
12,2008-12-31,CTO,USD,2009-03-12,2009-03-12 14:04:06,FY,18472992.0,10006562.0,8466430.0,0.4583139536897975,0.0,0.0,0.0,0.0,13000000.0,7924370.0,0.0,2655088.0,13203710.0,0.7147575227662092,10548622.0,0.5710294250113896,1369696.0,7735819.0,0.41876372814972257,2900919.0,4834900.0,0.2617280405902844,0.84,0.84,5727183.0,5727183.0,https://www.sec.gov/Archives/edgar/data/23795/000119312509051952/0001193125-09-051952-index.htm,https://www.sec.gov/Archives/edgar/data/23795/000119312509051952/d10k.htm,1620590799,16:06:39,20210509
13,2007-12-31,CTO,USD,2008-03-13,2008-03-13 16:45:22,FY,39832966.0,15612724.0,24220242.0,0.6080451553620185,0.0,0.0,0.0,0.0,22000000.0,12369666.0,0.0,2466981.0,29930281.0,0.7513947367112959,27463300.0,0.6894615881729721,2579827.0,21293058.0,0.5345586868926607,7760220.0,13532838.0,0.3397396518250737,2.37,2.36,5710058.0,5734253.0,https://www.sec.gov/Archives/edgar/data/23795/000119312508055582/0001193125-08-055582-index.htm,https://www.sec.gov/Archives/edgar/data/23795/000119312508055582/d10k.htm,1620590799,16:06:39,20210509
14,2006-12-31,CTO,USD,2006-12-31,2006-12-31,FY,42336203.0,15279698.0,27056505.0,0.6390867173421292,0.0,0.0,0.0,0.0,22000000.0,14026648.0,0.0,2265848.0,30575403.0,0.7222046577960711,28309555.0,0.668684317296948,679315.0,21490184.0,0.50760773232309,7486245.0,14028322.0,0.3313552233297823,2.47,2.46,5679483.0,5702570.0,,,1620590799,16:06:39,20210509
15,2005-12-31,CTO,USD,2006-03-13 00:00:00,2006-03-13 15:47:19,FY,43554030.0,13824905.0,29729125.0,0.6825803490515114,0.0,0.0,0.0,0.0,22000000.0,12614633.0,0.0,1755127.0,32694524.0,0.7506658740878858,30939397.0,0.7103681794773067,272293.0,22942339.0,0.5267558248915198,8124589.0,14817750.0,0.34021536009411757,2.62,2.58,5655630.0,5743314.0,https://www.sec.gov/Archives/edgar/data/23795/000002379506000026/0000023795-06-000026-index.html,https://www.sec.gov/Archives/edgar/data/23795/000002379506000026/k05a.txt,1620590799,16:06:39,20210509
16,2004-12-31,CTO,USD,2004-12-31,2004-12-31,FY,41984926.0,14305105.0,27679821.0,0.6592799758656238,0.0,0.0,0.0,0.0,-1213420.0,13091685.0,0.0,1344315.0,30237556.0,0.7202002928384345,28893241.0,0.6881813010698173,209713.0,23819956.0,0.5673454325011791,9168217.0,14651739.0,0.3489761777834264,2.6,2.58,5635284.0,5678969.0,,,1620590799,16:06:39,20210509
17,2003-12-31,CTO,USD,2003-12-31,2003-12-31,FY,33145140.0,8874922.0,24270218.0,0.7322406241156321,0.0,0.0,0.0,0.0,-1745949.0,7128973.0,0.0,1120153.0,27136320.0,0.8187118835521587,26016167.0,0.784916491527868,631875.0,21428133.0,0.6464939656311603,8233738.0,13194395.0,0.3980793262601998,2.35,2.35,5614636.0,5614636.0,,,1620590799,16:06:39,20210509
18,2002-12-31,CTO,USD,2002-12-31,2002-12-31,FY,26916039.0,10167979.0,16748060.0,0.622233457159131,0.0,0.0,0.0,0.0,-1614685.0,8553294.0,0.0,806842.0,19169587.0,0.7121994064579859,18362745.0,0.6822231532656049,150865.0,14955570.0,0.555637848496207,5669729.0,9285841.0,0.3449928498023056,1.65,1.65,5627782.0,5627782.0,,,1620590799,16:06:39,20210509
19,2001-12-31,CTO,USD,2002-03-15 00:00:00,2002-03-15 00:00:00,FY,9248555.0,7922714.0,1325841.0,0.1433565567810323,0.0,4594330.0,0.0,0.0,4594330.0,12517044.0,0.0,739007.0,-2529482.0,-0.27350023868593526,-3268489.0,-0.35340536981182463,56607.0,-1167057.0,-0.12618803694198716,-531161.0,-635896.0,-0.06875625435541012,-0.11,-0.11,5780873.0,5780873.0,https://www.sec.gov/Archives/edgar/data/23795/000002379502000006/0000023795-02-000006-index.html,https://www.sec.gov/Archives/edgar/data/23795/000002379502000006/k01b.txt,1620590799,16:06:39,20210509
20,2000-12-31,CTO,USD,2001-03-16 00:00:00,2001-03-16 00:00:00,FY,19860503.0,8045078.0,11815425.0,0.594920732873684,0.0,3364792.0,0.0,0.0,3364792.0,11409870.0,0.0,278655.0,8729288.0,0.4395300562125743,8450633.0,0.4254994448025813,1378918.0,11816159.0,0.5949576906486206,2956348.0,8859811.0,0.4461020448475046,1.51,1.51,5867425.0,5867425.0,https://www.sec.gov/Archives/edgar/data/23795/000002379501000004/0000023795-01-000004-index.html,https://www.sec.gov/Archives/edgar/data/23795/000002379501000004/0000023795-01-000004-0001.txt,1620590799,16:06:39,20210509
21,1999-12-31,CTO,USD,1999-12-31,1999-12-31,FY,17100000.0,8300000.0,8800000.0,0.5146198830409356,0.0,2900000.0,0.0,0.0,3200000.0,11500000.0,0.0,300000.0,5900000.0,0.34502923976608185,5600000.0,0.32748538011695905,4000000.0,9700000.0,0.5672514619883041,3300000.0,15800000.0,0.9239766081871345,2.48,2.48,5483871.0,5483871.0,,,1620590799,16:06:39,20210509
22,1998-12-31,CTO,USD,1999-03-22 00:00:00,1999-03-22 00:00:00,FY,6400000.0,4700000.0,1700000.0,0.265625,0.0,2300000.0,0.0,0.0,2500000.0,7200000.0,0.0,200000.0,-600000.0,-0.09375,-800000.0,-0.125,900000.0,0.0,0.0,0.0,1300000.0,0.203125,0.2,0.2,6500000.0,6500000.0,https://www.sec.gov/Archives/edgar/data/23795/000002379599000007/0000023795-99-000007-index.html,https://www.sec.gov/Archives/edgar/data/23795/0000023795-99-000007.txt,1620590799,16:06:39,20210509
23,1997-12-31,CTO,USD,1998-03-20 00:00:00,1998-03-20 00:00:00,FY,22600000.0,10900000.0,11700000.0,0.5176991150442478,0.0,5900000.0,0.0,0.0,6800000.0,17700000.0,0.0,900000.0,5800000.0,0.25663716814159293,4900000.0,0.2168141592920354,1400000.0,6200000.0,0.2743362831858407,2200000.0,4000000.0,0.17699115044247787,0.64,0.64,6250000.0,6250000.0,https://www.sec.gov/Archives/edgar/data/23795/000002379598000005/0000023795-98-000005-index.html,https://www.sec.gov/Archives/edgar/data/23795/0000023795-98-000005.txt,1620590799,16:06:39,20210509
24,1996-12-31,CTO,USD,1996-12-31,1996-12-31,FY,21500000.0,13000000.0,8500000.0,0.3953488372093023,0.0,3400000.0,0.0,0.0,4500000.0,17500000.0,0.0,1100000.0,5100000.0,0.2372093023255814,4000000.0,0.18604651162790697,6500000.0,10600000.0,0.4930232558139535,4000000.0,6600000.0,0.30697674418604654,1.05,1.05,6261272.0,6261272.0,,,1620590799,16:06:39,20210509
25,1995-12-31,CTO,USD,1996-03-25 00:00:00,1996-03-25 00:00:00,FY,16600000.0,11900000.0,4700000.0,0.28313253012048195,0.0,3500000.0,0.0,0.0,4600000.0,16500000.0,0.0,1100000.0,1200000.0,0.07228915662650602,100000.0,0.006024096385542169,7100000.0,7100000.0,0.42771084337349397,2700000.0,4400000.0,0.26506024096385544,0.71,0.71,6261272.0,6261272.0,https://www.sec.gov/Archives/edgar/data/23795/000002379596000010/0000023795-96-000010-index.html,https://www.sec.gov/Archives/edgar/data/23795/0000023795-96-000010.txt,1620590799,16:06:39,20210509
26,1994-12-31,CTO,USD,1995-04-28,1995-04-28,FY,24700000.0,13900000.0,10800000.0,0.43724696356275305,0.0,3500000.0,0.0,0.0,4600000.0,18500000.0,0.0,1100000.0,7300000.0,0.29554655870445345,6200000.0,0.25101214574898784,4000000.0,10300000.0,0.41700404858299595,3800000.0,6400000.0,0.2591093117408907,1.01,1.01,6261272.0,6261272.0,https://www.sec.gov/Archives/edgar/data/23795/0000950144-95-001105-index.html,https://www.sec.gov/Archives/edgar/data/23795/,1620590799,16:06:39,20210509
27,1993-12-31,CTO,USD,1993-12-31,1993-12-31,FY,34700000.0,28600000.0,6100000.0,0.17579250720461095,0.0,3600000.0,0.0,0.0,5400000.0,34000000.0,0.0,1800000.0,2500000.0,0.07204610951008646,700000.0,0.020172910662824207,400000.0,700000.0,0.020172910662824207,200000.0,800000.0,0.023054755043227664,0.25,0.25,6190476.0,6190476.0,,,1620590799,16:06:39,20210509
28,1992-12-31,CTO,USD,1992-12-31,1992-12-31,FY,41000000.0,31800000.0,9200000.0,0.22439024390243903,0.0,3200000.0,0.0,0.0,5200000.0,37000000.0,0.0,2000000.0,6000000.0,0.14634146341463414,4000000.0,0.0975609756097561,1400000.0,4000000.0,0.0975609756097561,1500000.0,4000000.0,0.0975609756097561,0.64,0.64,6250000.0,6250000.0,,,1620590799,16:06:39,20210509
29,1991-12-31,CTO,USD,1991-12-31,1991-12-31,FY,46400000.0,37300000.0,9100000.0,0.1961206896551724,0.0,3500000.0,0.0,0.0,6000000.0,43300000.0,0.0,2500000.0,5600000.0,0.1206896551724138,3100000.0,0.0668103448275862,-300000.0,3200000.0,0.06896551724137931,1200000.0,3200000.0,0.06896551724137931,0.255,0.255,12549020.0,12549020.0,,,1620590799,16:06:39,20210509
30,1990-12-31,CTO,USD,1990-12-31,1990-12-31,FY,31900000.0,33600000.0,-1700000.0,-0.05329153605015674,0.0,2200000.0,0.0,0.0,5000000.0,38600000.0,0.0,2800000.0,-3900000.0,-0.12225705329153605,-6700000.0,-0.21003134796238246,-9900000.0,-16300000.0,-0.5109717868338558,-3600000.0,-12700000.0,-0.3981191222570533,-1.01,-1.01,13861386.0,13861386.0,,,1620590799,16:06:39,20210509
31,1989-12-31,CTO,USD,1989-12-31,1989-12-31,FY,47100000.0,39700000.0,7400000.0,0.15711252653927812,0.0,1800000.0,0.0,0.0,4500000.0,44200000.0,0.0,2700000.0,5600000.0,0.11889596602972399,2900000.0,0.06157112526539278,0.0,2800000.0,0.059447983014861996,1000000.0,1800000.0,0.03821656050955414,0.145,0.135,3448276.0,3703704.0,,,1620590799,16:06:39,20210509
32,1988-12-31,CTO,USD,1988-12-31,1988-12-31,FY,45600000.0,0.0,45600000.0,1.0,0.0,0.0,0.0,0.0,42400000.0,42400000.0,0.0,0.0,3200000.0,0.07017543859649122,3200000.0,0.07017543859649122,0.0,3200000.0,0.07017543859649122,1100000.0,2100000.0,0.046052631578947366,0.17,0.16,12352941.0,13125000.0,,,1620590799,16:06:39,20210509
33,1987-12-31,CTO,USD,1987-12-31,1987-12-31,FY,37900000.0,0.0,0.0,0.0,0.0,0.0,0.0,0.0,34600000.0,34600000.0,0.0,0.0,3300000.0,0.0870712401055409,3300000.0,0.0870712401055409,0.0,3800000.0,0.10026385224274406,1200000.0,2600000.0,0.06860158311345646,0.21,0.2,12380952.0,13000000.0,,,1620590799,16:06:39,20210509
34,1986-12-31,CTO,USD,1986-12-31,1986-12-31,FY,24000000.0,17800000.0,6200000.0,0.25833333333333336,0.0,1800000.0,0.0,0.0,3600000.0,21400000.0,0.0,1800000.0,4400000.0,0.18333333333333332,2600000.0,0.10833333333333334,600000.0,3000000.0,0.125,800000.0,2200000.0,0.09166666666666666,0.185,0.175,11891892.0,12571429.0,,,1620590799,16:06:39,20210509
35,1985-12-31,CTO,USD,1985-12-31,1985-12-31,FY,23600000.0,15200000.0,8400000.0,0.3559322033898305,0.0,2200000.0,0.0,0.0,3800000.0,19000000.0,0.0,1600000.0,6200000.0,0.2627118644067797,4600000.0,0.19491525423728814,1200000.0,5800000.0,0.2457627118644068,2200000.0,3600000.0,0.15254237288135594,0.145,0.14,24827586.0,25714286.0,,,1620590799,16:06:39,20210509
