,date,symbol,reportedCurrency,fillingDate,acceptedDate,period,revenue,costOfRevenue,grossProfit,grossProfitRatio,researchAndDevelopmentExpenses,generalAndAdministrativeExpenses,sellingAndMarketingExpenses,otherExpenses,operatingExpenses,costAndExpenses,interestExpense,depreciationAndAmortization,ebitda,ebitdaratio,operatingIncome,operatingIncomeRatio,totalOtherIncomeExpensesNet,incomeBeforeTax,incomeBeforeTaxRatio,incomeTaxExpense,netIncome,netIncomeRatio,eps,epsdiluted,weightedAverageShsOut,weightedAverageShsOutDil,link,finalLink,timestamp,est_time,est_date
0,2020-12-31,AIRE.SW,CHF,2020-12-31,2020-12-31,FY,101787000,76877000,24910000,0.2447267332763516,383000.0,2554000.0,32805000.0,223000.0,0.0,120849000,3318000.0,7671000.0,-11391000.0,-0.11191016534527985,-19062000.0,-0.2249108432314539,0.0,-22893000.0,-0.2249108432314539,551000.0,-18525000.0,-0.18199770108167054,-0.2987243960336947,-0.2987243960336947,62013683,62013683,https://www.six-group.com/en/products-services/the-swiss-stock-exchange.html,https://www.six-group.com/en/products-services/the-swiss-stock-exchange.html,1620586396,14:53:16,20210509
1,2019-12-31,AIRE.SW,CHF,2019-12-31,2019-12-31,FY,157484000,111705000,45779000,0.29068984785756014,17000.0,2857000.0,46669000.0,199000.0,56797000.0,168502000,2950000.0,6778000.0,-4240000.0,-0.02692336999314216,-11018000.0,-0.06996266287368876,0.0,-13646000.0,-0.08665007238830612,351000.0,-11371000.0,-0.07220416042264612,-0.18,-0.18,62013683,62013683,https://www.six-group.com/en/products-services/the-swiss-stock-exchange.html,https://www.six-group.com/en/products-services/the-swiss-stock-exchange.html,1620586396,14:53:16,20210509
2,2018-12-31,AIRE.SW,CHF,2018-12-31,2018-12-31,FY,152873000,100142000,52731000,0.34493337607033286,891000.0,3133000.0,37441000.0,188000.0,49396000.0,149538000,2704000.0,2458000.0,5793000.0,0.037894199760585584,3335000.0,0.021815493906706875,0.0,-304000.0,-0.0019885787549142097,467000.0,-903000.0,-0.0059068638673931955,-0.01,-0.01,61989638,61989638,https://www.six-group.com/en/products-services/the-swiss-stock-exchange.html,https://www.six-group.com/en/products-services/the-swiss-stock-exchange.html,1620586396,14:53:16,20210509
3,2017-12-31,AIRE.SW,CHF,2017-12-31,2017-12-31,FY,140102000,99459000,40643000,0.29009578735492714,265000.0,2954000.0,32120000.0,994000.0,45494000.0,144953000,2080000.0,3485000.0,-1366000.0,-0.009750039257112675,-4851000.0,-0.03462477337939501,0.0,-3107000.0,-0.02217669983297883,-299000.0,-2930000.0,-0.020913334570527187,-0.047,-0.048,61943805,61943805,https://www.six-group.com/en/products-services/the-swiss-stock-exchange.html,https://www.six-group.com/en/products-services/the-swiss-stock-exchange.html,1620586396,14:53:16,20210509
4,2016-12-31,AIRE.SW,CHF,2016-12-31,2016-12-31,FY,128257000,97063000,31194000,0.24321479529382412,385000.0,2626000.0,31011000.0,167000.0,45119000.0,142182000,2052000.0,3671000.0,-10254000.0,-0.07994885269419992,-13925000.0,-0.10857107214421045,0.0,-16912000.0,-0.13186024934311577,1067000.0,-14998000.0,-0.11693708725449684,-0.253,-0.253,59275582,59275582,https://www.six-group.com/en/products-services/the-swiss-stock-exchange.html,https://www.six-group.com/en/products-services/the-swiss-stock-exchange.html,1620586396,14:53:16,20210509
5,2015-12-31,AIRE.SW,CHF,2015-12-31,2015-12-31,FY,117564000,90193000,27371000,0.23281786941580757,443000.0,1928000.0,29396000.0,159000.0,42834000.0,133027000,1842000.0,3121000.0,-12342000.0,-0.10498111666836787,-15463000.0,-0.13152835902146914,0.0,-17457000.0,-0.1484893334694294,-4142000.0,-11294000.0,-0.09606682317716307,-0.199,-0.199,56894177,56894177,https://www.six-group.com/en/products-services/the-swiss-stock-exchange.html,https://www.six-group.com/en/products-services/the-swiss-stock-exchange.html,1620586396,14:53:16,20210509
6,2014-12-31,AIRE.SW,CHF,2014-12-31,2014-12-31,FY,122289000,88815000,33474000,0.27372862645045754,357000.0,0.0,33425000.0,103000.0,37377000.0,126192000,1831000.0,3249000.0,-654000.0,-0.005347987145205211,-3903000.0,-0.0319161985133577,0.0,-5560000.0,-0.04546606808461922,-920000.0,-3721000.0,-0.030427920745120168,-0.065,-0.065,57007802,57007802,https://www.six-group.com/en/products-services/the-swiss-stock-exchange.html,https://www.six-group.com/en/products-services/the-swiss-stock-exchange.html,1620586396,14:53:16,20210509
7,2013-12-31,AIRE.SW,CHF,2013-12-31,2013-12-31,FY,124170000,91579000,32591000,0.26247080615285495,629000.0,0.0,33764000.0,245000.0,39515000.0,131094000,1920000.0,3285000.0,-3639000.0,-0.02930659579608601,-6924000.0,-0.055762261415800915,0.0,-8582000.0,-0.06911492308931304,395000.0,11125000.0,0.08959491020375292,0.199,0.198,55834615,55834615,https://www.six-group.com/en/products-services/the-swiss-stock-exchange.html,https://www.six-group.com/en/products-services/the-swiss-stock-exchange.html,1620586396,14:53:16,20210509
8,2012-12-31,AIRE.SW,CHF,2012-12-31,2012-12-31,FY,198262000,137940000,60322000,0.30425396697299534,3061000.0,0.0,45477000.0,442000.0,52136000.0,190076000,2615000.0,3112000.0,11298000.0,0.056985201400167454,8186000.0,0.041288799669124694,0.0,5679000.0,0.028643915626796863,-696000.0,5294000.0,0.02670204073397827,0.097,0.088,54786944,54786944,https://www.six-group.com/en/products-services/the-swiss-stock-exchange.html,https://www.six-group.com/en/products-services/the-swiss-stock-exchange.html,1620586396,14:53:16,20210509
9,2011-12-31,AIRE.SW,CHF,2011-12-31,2011-12-31,FY,169387000,90142000,79245000,0.46783401323596263,3046000.0,30791000.0,8546000.0,-1435000.0,71639000.0,161781000,0.0,2658000.0,10264000.0,0.06059496891733132,7606000.0,0.044903091736674006,0.0,6142000.0,0.03626016164168443,-813000.0,6955000.0,0.04105982159197577,0.101,0.093,54789498,54789498,https://www.six-group.com/en/products-services/the-swiss-stock-exchange.html,https://www.six-group.com/en/products-services/the-swiss-stock-exchange.html,1620586396,14:53:16,20210509
10,2010-12-31,AIRE.SW,CHF,2010-12-31,2010-12-31,FY,171078000,89303000,81775000,0.4779983399385076,3171000.0,32940000.0,9324000.0,-784000.0,75643000.0,164946000,0.0,2531000.0,8663000.0,0.050637720805714354,6132000.0,0.03584329954757479,0.0,5522000.0,0.03227767451104175,-1115000.0,6637000.0,0.038795169454868536,0.082,0.07,53595402,54540402,https://www.six-group.com/en/products-services/the-swiss-stock-exchange.html,https://www.six-group.com/en/products-services/the-swiss-stock-exchange.html,1620586396,14:53:16,20210509
11,2009-12-31,AIRE.SW,CHF,2009-12-31,2009-12-31,FY,171221000,92356000,78865000,0.46060354746205195,2462000.0,31427000.0,8699000.0,-3705000.0,71257000.0,163613000,0.0,3412000.0,11020000.0,0.06436126409727778,7608000.0,0.044433801928501764,0.0,3903000.0,0.022795101068210092,-753000.0,4656000.0,0.02719292610135439,0.06,0.056,53595402,54540402,https://www.six-group.com/en/products-services/the-swiss-stock-exchange.html,https://www.six-group.com/en/products-services/the-swiss-stock-exchange.html,1620586396,14:53:16,20210509
12,2008-12-31,AIRE.SW,CHF,2008-12-31,2008-12-31,FY,158507000,85760000,72747000,0.458951339688468,3056000.0,30500000.0,15496000.0,-3050000.0,82438000.0,168198000,0.0,6470000.0,-3221000.0,-0.02032086910988158,-9691000.0,-0.06113925567955989,0.0,-12741000.0,-0.08038130808103112,965000.0,-13706000.0,-0.08646936728346383,-0.24,-0.24,50099497,50099497,https://www.six-group.com/en/products-services/the-swiss-stock-exchange.html,https://www.six-group.com/en/products-services/the-swiss-stock-exchange.html,1620586396,14:53:16,20210509
13,2007-12-31,AIRE.SW,CHF,2007-12-31,2007-12-31,FY,140306000,84146000,56160000,0.40026798568842387,0.0,34612000.0,12243000.0,-4205000.0,74543000.0,158689000,0.0,1544000.0,-16839000.0,-0.12001625019600017,-18383000.0,-0.13102076889085285,0.0,-22588000.0,-0.16099097686485253,-812000.0,-21776000.0,-0.15520362635952845,-0.4,-0.4,46710434,46710434,https://www.six-group.com/en/products-services/the-swiss-stock-exchange.html,https://www.six-group.com/en/products-services/the-swiss-stock-exchange.html,1620586396,14:53:16,20210509
14,2006-12-31,AIRE.SW,CHF,2006-12-31,2006-12-31,FY,108752000,69179000,39573000,0.3638829630719435,0.0,25151000.0,10200000.0,-155000.0,61049000.0,130228000,0.0,1476000.0,-20000000.0,-0.18390466382227452,-21476000.0,-0.19747682801235839,0.0,-27361000.0,-0.2515907753420627,23000.0,-26771000.0,-0.24616558775930558,-0.42,-0.42,45672426,45672426,https://www.six-group.com/en/products-services/the-swiss-stock-exchange.html,https://www.six-group.com/en/products-services/the-swiss-stock-exchange.html,1620586396,14:53:16,20210509
15,2005-12-31,AIRE.SW,CHF,2005-12-31,2005-12-31,FY,75876000,43651000,32225000,0.42470609942537824,0.0,19138000.0,5107000.0,388000.0,36978000.0,80629000,0.0,888000.0,-3865000.0,-0.050938373135115185,-4753000.0,-0.06264167852812484,0.0,-3234000.0,-0.04262217301913648,-908000.0,3343000.0,0.04405872739733249,0.05,0.05,45426275,45426275,https://www.six-group.com/en/products-services/the-swiss-stock-exchange.html,https://www.six-group.com/en/products-services/the-swiss-stock-exchange.html,1620586396,14:53:16,20210509
