,date,symbol,reportedCurrency,fillingDate,acceptedDate,period,revenue,costOfRevenue,grossProfit,grossProfitRatio,researchAndDevelopmentExpenses,generalAndAdministrativeExpenses,sellingAndMarketingExpenses,otherExpenses,operatingExpenses,costAndExpenses,interestExpense,depreciationAndAmortization,ebitda,ebitdaratio,operatingIncome,operatingIncomeRatio,totalOtherIncomeExpensesNet,incomeBeforeTax,incomeBeforeTaxRatio,incomeTaxExpense,netIncome,netIncomeRatio,eps,epsdiluted,weightedAverageShsOut,weightedAverageShsOutDil,link,finalLink,timestamp,est_time,est_date
0,2020-12-31,LAUR,USD,2021-02-25,2021-02-25 07:14:48,FY,1024917000,802458000.0,222459000,0.21705074654825707,0.0,199790000.0,0.0,-2420000.0,199790000.0,1002248000,100894000.0,223719000.0,246388000.0,0.24039800296023972,22669000.0,0.022117888570489123,-374783000.0,-450839000.0,-0.43987854626277056,-130069000.0,-613331000.0,-0.5984201647548045,-2.93,-2.93,210033000,210033000,https://www.sec.gov/Archives/edgar/data/912766/000162828021003163/0001628280-21-003163-index.htm,https://www.sec.gov/Archives/edgar/data/912766/000162828021003163/laur-20201231.htm,1620594325,17:05:25,20210509
1,2019-12-31,LAUR,USD,2020-02-27,2020-02-27 06:48:13,FY,3250326000,2671557000.0,578769000,0.1780649079507717,0.0,252179000.0,0.0,9222000.0,252179000.0,2923736000,167331000.0,316029000.0,642619000.0,0.1977090913342231,326590000.0,0.1004791519373749,-77070000.0,94398000.0,0.029042625262819793,80656000.0,938484000.0,0.2887353453161314,4.23,4.22,221900000,222500000,https://www.sec.gov/Archives/edgar/data/912766/000162828020002350/0001628280-20-002350-index.htm,https://www.sec.gov/Archives/edgar/data/912766/000162828020002350/laur12312019-10xk.htm,1620594325,17:05:25,20210509
2,2018-12-31,LAUR,USD,2019-02-28,2019-02-28 06:48:41,FY,3350224000,2746868000.0,603356000,0.18009422653530033,0.0,299264000.0,0.0,12173000.0,299264000.0,3046132000,235235000.0,239998000.0,544090000.0,0.1624040661161761,304092000.0,0.09076766210259374,47719000.0,128432000.0,0.03833534712902779,133160000.0,370067000.0,0.11046037518685317,1.79,1.73,212800000,212800000,https://www.sec.gov/Archives/edgar/data/912766/000104746919000767/0001047469-19-000767-index.htm,https://www.sec.gov/Archives/edgar/data/912766/000104746919000767/a2237646z10-k.htm,1620594325,17:05:25,20210509
3,2017-12-31,LAUR,USD,2018-03-20,2018-03-20 16:22:26,FY,4377989000,3665134000.0,712855000,0.1628270422790007,0.0,315471000.0,0.0,-2193000.0,315471000.0,3980605000,362904000.0,264742000.0,662126000.0,0.15123975871113426,397384000.0,0.09076861545335084,-27350000.0,26799000.0,0.006121303639639113,-66813000.0,91465000.0,0.02089201229148817,-1.2,-1.2,172409000,172409000,https://www.sec.gov/Archives/edgar/data/912766/000104746918001893/0001047469-18-001893-index.htm,https://www.sec.gov/Archives/edgar/data/912766/000104746918001893/a2234890z10-k.htm,1620594325,17:05:25,20210509
4,2016-12-31,LAUR,USD,2017-03-29,2017-03-29 06:43:10,FY,4244192000,3615338000.0,628854000,0.14816813188470268,0.0,222496000.0,0.0,910000.0,222496000.0,3837834000,421936000.0,264879000.0,671237000.0,0.15815424938362826,406358000.0,0.09574449035293409,428005000.0,431097000.0,0.10157339724498797,65001000.0,371847000.0,0.08761314285498865,2.787608,2.787608,133376000,133376000,https://www.sec.gov/Archives/edgar/data/912766/000104746917002108/0001047469-17-002108-index.htm,https://www.sec.gov/Archives/edgar/data/912766/000104746917002108/a2231512z10-k.htm,1620594325,17:05:25,20210509
5,2015-12-31,LAUR,USD,2015-12-31,2015-12-31,FY,4291659000,3760016000.0,531643000,0.12387820187950627,0.0,194686000.0,0.0,195000.0,194686000.0,3954702000,398042000.0,282946000.0,619903000.0,0.144443675511032,336957000.0,0.07851439268590538,-152853000.0,-200610000.0,-0.046744161174035494,117730000.0,-316248000.0,-0.07368898600750898,-2.37,-2.37,133300971,133300971,,,1620594325,17:05:25,20210509
6,2014-12-31,LAUR,USD,2014-12-31,2014-12-31,FY,4414682000,3838179000.0,576503000,0.13058766180667147,0.0,151215000.0,0.0,-1184000.0,151215000.0,3989394000,385754000.0,288331000.0,713619000.0,0.16164675054737804,425288000.0,0.09633491155195323,-263027000.0,-201671000.0,-0.04568188603392045,-39060000.0,-158291000.0,-0.035855583709087084,-1.1875239131250235,-1.1777078404237906,133295000,134406000,,,1620594325,17:05:25,20210509
7,2013-12-31,LAUR,USD,2013-12-31,2013-12-31,FY,3913881000,3418449000.0,495432000,0.1265833069528685,0.0,141197000.0,0.0,7499000.0,0.0,3559646000,350196000.0,242725000.0,596960000.0,0.1525237992672746,354235000.0,0.09050735063227523,-23915000.0,1929000.0,0.0004928611779458803,91246000.0,-69678000.0,-0.017802789609597226,-0.594264,-0.594264,133300971,133300971,,,1620594325,17:05:25,20210509
8,2012-12-31,LAUR,USD,2012-12-31,2012-12-31,FY,3567117000,3148530000.0,418587000,0.11734602481499766,0.0,110078000.0,0.0,-5533000.0,0.0,3258608000,307728000.0,221235000.0,529744000.0,0.14850760432023957,308509000.0,0.08648693048195503,-160832000.0,-140584000.0,-0.03941109865473995,68061000.0,-201058000.0,-0.056364285219688615,-1.526141,-1.526141,133295000,134406000,,,1620594325,17:05:25,20210509
9,2006-12-31,LAUR,USD,2007-03-01,2007-03-01 16:46:39,FY,1145761000,951283000.0,194478000,0.16973696957742496,0.0,46079000.0,0.0,0.0,46079000.0,997362000,37064000.0,48858000.0,197257000.0,0.17216243178114807,148399000.0,0.12952003079176197,13134000.0,144494000.0,0.1261118156404346,24108000.0,105623000.0,0.09218589217122942,1.98,1.91,51216667,53093717,https://www.sec.gov/Archives/edgar/data/912766/000110465907015586/0001104659-07-015586-index.htm,https://www.sec.gov/Archives/edgar/data/912766/000110465907015586/a07-5495_110k.htm,1620594325,17:05:25,20210509
10,2005-12-31,LAUR,USD,2006-03-16,2006-03-16 12:09:35,FY,875376000,714906000.0,160470000,0.1833155124198059,0.0,25460000.0,0.0,0.0,30048000.0,744954000,10440000.0,50765000.0,181187000.0,0.20698191405750216,130422000.0,0.14898969128694411,964000.0,130268000.0,0.1488137668841732,19667000.0,75183000.0,0.08588652190601524,1.52,1.45,49462500,51850345,https://www.sec.gov/Archives/edgar/data/912766/000110465906017188/0001104659-06-017188-index.htm,https://www.sec.gov/Archives/edgar/data/912766/000110465906017188/a06-1924_110k.htm,1620594325,17:05:25,20210509
11,2004-12-31,LAUR,USD,2005-03-11,2005-03-11 16:34:19,FY,648019000,529674000.0,118345000,0.1826258180701492,0.0,21380000.0,0.0,0.0,27098000.0,556772000,7670000.0,30317000.0,121564000.0,0.18759326501229132,91247000.0,0.14080914294179647,7597000.0,110800000.0,0.1709826409410835,6798000.0,63011000.0,0.09723634646514995,1.36,1.29,46331618,48845736,https://www.sec.gov/Archives/edgar/data/912766/000110465905010637/0001104659-05-010637-index.htm,https://www.sec.gov/Archives/edgar/data/912766/000110465905010637/a05-2050_110k.htm,1620594325,17:05:25,20210509
12,2003-12-31,LAUR,USD,2004-03-15,2004-03-12 17:32:22,FY,472806000,396634000.0,76172000,0.16110624653663447,0.0,19530000.0,0.0,0.0,42580000.0,439214000,8844000.0,25087000.0,58679000.0,0.12410798509325177,33592000.0,0.07104816774744821,-16023000.0,23478000.0,0.049656730244540044,2930000.0,46135000.0,0.09757701890415943,1.1,1.05,41940909,43938095,https://www.sec.gov/Archives/edgar/data/912766/000110465904007274/0001104659-04-007274-index.htm,https://www.sec.gov/Archives/edgar/data/912766/000110465904007274/a04-3311_110k.htm,1620594325,17:05:25,20210509
13,2002-12-31,LAUR,USD,2003-03-31,2003-03-31 15:18:02,FY,603998000,541256000.0,62742000,0.10387782741002453,0.0,26122000.0,0.0,0.0,494890000.0,1036146000,8391000.0,31037000.0,-401111000.0,-0.664093258586949,-432148000.0,-0.7154791903284448,-19827000.0,-18365000.0,-0.03040572982029742,-3490000.0,-95943000.0,-0.15884655247202806,-2.4,-2.4,39976250,39976250,https://www.sec.gov/Archives/edgar/data/912766/000110465903005508/0001104659-03-005508-index.htm,https://www.sec.gov/Archives/edgar/data/912766/000110465903005508/j8977_10k.htm,1620594325,17:05:25,20210509
14,2001-12-31,LAUR,USD,2002-03-28,2002-03-28 00:00:00,FY,484804000,413809000.0,70995000,0.14644062342719943,0.0,22003000.0,0.0,0.0,367688000.0,781497000,9169000.0,37968000.0,-258725000.0,-0.5336692766561332,-296693000.0,-0.6119854621661538,-38831000.0,-23126000.0,-0.04770175163571257,-5680000.0,-17446000.0,-0.035985676685835924,-0.46,-0.46,37926087,37926087,https://www.sec.gov/Archives/edgar/data/912766/000091205702012104/0000912057-02-012104-index.htm,https://www.sec.gov/Archives/edgar/data/912766/000091205702012104/a2074497z10-k.htm,1620594325,17:05:25,20210509
15,2000-12-31,LAUR,USD,2000-12-31,2000-12-31,FY,316651000,270619000.0,46032000,0.14537140258518053,0.0,0.0,0.0,0.0,0.0,309108000,7322000.0,30442000.0,37985000.0,0.11995856637117837,7543000.0,0.023821178521463694,-2655000.0,-5925000.0,-0.018711452040258834,-4308000.0,305222000.0,0.9639066353809084,7.02,7.02,43478917,43478917,,,1620594325,17:05:25,20210509
16,1999-12-31,LAUR,USD,2000-06-27,2000-06-27,FY,338496000,285967000.0,52529000,0.15518351767820004,0.0,0.0,0.0,0.0,0.0,312822000,0.0,46787000.0,72461000.0,0.21406752221591982,25674000.0,0.07584727736812252,-18497000.0,-55000.0,-0.00016248345622991113,-1056000.0,-14988000.0,-0.04427821894498015,-0.29,-0.29,51682759,53528571,https://www.sec.gov/Archives/edgar/data/912766/000095016900000654/0000950169-00-000654-index.htm,https://www.sec.gov/Archives/edgar/data/912766/000095016900000654/0000950169-00-000654-0001.txt,1620594325,17:05:25,20210509
17,1998-12-31,LAUR,USD,1998-12-31,1998-12-31,FY,440330000,359613000.0,80717000,0.1833102445892853,0.0,0.0,0.0,0.0,0.0,380143000,943000.0,32323000.0,92510000.0,0.21009243067699226,60187000.0,0.13668612177230713,-3730000.0,57291000.0,0.13010923625462723,21582000.0,35709000.0,0.08109599618467968,0.73,0.7,48916438,51012857,,,1620594325,17:05:25,20210509
18,1997-12-31,LAUR,USD,1997-12-31,1997-12-31,FY,246211733,206620955.0,39590778,0.16079972110833565,0.0,0.0,0.0,0.0,0.0,231088838,0.0,18219222.0,33342117.0,0.1354205041073327,15122895.0,0.06142231653923658,0.0,45497999.0,0.1847921642304512,16064000.0,29433999.0,0.11954750751053769,1.09,1.03,27003669,28576698,,,1620594325,17:05:25,20210509
19,1996-12-31,LAUR,USD,1996-12-31,1996-12-31,FY,157116660,2951771.0,154164889,0.9812128707420333,0.0,0.0,0.0,0.0,0.0,131949495,529469.0,12607713.0,37774878.0,0.24042566841734034,25167165.0,0.1601813900575534,1907181.0,23593106.0,0.15016298080674575,8850000.0,14743106.0,0.09383540867021994,0.6,0.6,24571843,24571843,,,1620594325,17:05:25,20210509
20,1995-12-31,LAUR,USD,1995-12-31,1995-12-31,FY,88000000,58300000.0,29700000,0.3375,0.0,0.0,0.0,0.0,0.0,80300000,1800000.0,7700000.0,15400000.0,0.175,7700000.0,0.0875,-2000000.0,3700000.0,0.042045454545454546,200000.0,3500000.0,0.03977272727272727,0.16,0.14,22666667,25000000,,,1620594325,17:05:25,20210509
21,1994-12-31,LAUR,USD,1994-12-31,1994-12-31,FY,39600000,23200000.0,16400000,0.41414141414141414,0.0,0.0,0.0,0.0,0.0,37100000,500000.0,3200000.0,5700000.0,0.14393939393939395,2500000.0,0.06313131313131314,900000.0,2900000.0,0.07323232323232323,100000.0,2800000.0,0.0707070707070707,0.16,0.14,17500000,20000000,,,1620594325,17:05:25,20210509
22,1993-12-31,LAUR,USD,1993-12-31,1993-12-31,FY,18100000,7400000.0,10700000,0.5911602209944752,0.0,0.0,0.0,0.0,0.0,17200000,1000000.0,2300000.0,3200000.0,0.17679558011049723,900000.0,0.049723756906077346,-200000.0,0.0,0.0,0.0,-300000.0,-0.016574585635359115,-0.02,-0.02,15000000,15000000,,,1620594325,17:05:25,20210509
