,date,symbol,reportedCurrency,fillingDate,acceptedDate,period,revenue,costOfRevenue,grossProfit,grossProfitRatio,researchAndDevelopmentExpenses,generalAndAdministrativeExpenses,sellingAndMarketingExpenses,otherExpenses,operatingExpenses,costAndExpenses,interestExpense,depreciationAndAmortization,ebitda,ebitdaratio,operatingIncome,operatingIncomeRatio,totalOtherIncomeExpensesNet,incomeBeforeTax,incomeBeforeTaxRatio,incomeTaxExpense,netIncome,netIncomeRatio,eps,epsdiluted,weightedAverageShsOut,weightedAverageShsOutDil,link,finalLink,timestamp,est_time,est_date
0,2020-12-31,GLBZ,USD,2021-03-26,2021-03-26 12:09:54,FY,12925000.0,0.0,0.0,0.0,0.0,8664000.0,88000.0,0.0,0.0,0.0,1515000.0,59000.0,0.0,0.0,0.0,0.16704061895551256,0.0,2159000.0,0.16704061895551256,491000.0,1668000.0,0.12905222437137331,0.5911522791259453,0.5911522791259453,2821608.0,2821608.0,https://www.sec.gov/Archives/edgar/data/890066/000155837021003520/0001558370-21-003520-index.htm,https://www.sec.gov/Archives/edgar/data/890066/000155837021003520/glbz-20201231x10k.htm,1620592587,16:36:27,20210509
1,2019-12-31,GLBZ,USD,2020-03-27,2020-03-27 11:00:47,FY,13775000.0,0.0,0.0,0.0,0.0,8644000.0,107000.0,0.0,14000000.0,0.0,1927000.0,932000.0,0.0,0.0,0.0,0.1488929219600726,0.0,2051000.0,0.1488929219600726,452000.0,1599000.0,0.11607985480943739,0.57,0.57,2821608.0,2821608.0,https://www.sec.gov/Archives/edgar/data/890066/000155837020003222/0001558370-20-003222-index.htm,https://www.sec.gov/Archives/edgar/data/890066/000155837020003222/glbz-20191231x10k.htm,1620592587,16:36:27,20210509
2,2018-12-31,GLBZ,USD,2019-03-29,2019-03-29 14:19:36,FY,13963000.0,0.0,0.0,0.0,0.0,8636000.0,104000.0,0.0,14000000.0,0.0,2102000.0,1069000.0,0.0,0.0,0.0,0.12268137219795174,0.0,1713000.0,0.12268137219795174,130000.0,1583000.0,0.11337105206617488,0.56,0.56,2808031.0,2808031.0,https://www.sec.gov/Archives/edgar/data/890066/000155837019002616/0001558370-19-002616-index.htm,https://www.sec.gov/Archives/edgar/data/890066/000155837019002616/glbz-20181231x10k.htm,1620592587,16:36:27,20210509
3,2017-12-31,GLBZ,USD,2018-04-02,2018-04-02 12:07:02,FY,12877000.0,0.0,0.0,0.0,0.0,8036000.0,162000.0,0.0,13000000.0,0.0,1937000.0,925000.0,0.0,0.0,0.0,0.14164789935543992,0.0,1824000.0,0.14164789935543992,913000.0,911000.0,0.07074629183816106,0.33,0.33,2794381.0,2794381.0,https://www.sec.gov/Archives/edgar/data/890066/000155837018002683/0001558370-18-002683-index.htm,https://www.sec.gov/Archives/edgar/data/890066/000155837018002683/glbz-20171231x10k.htm,1620592587,16:36:27,20210509
4,2016-12-31,GLBZ,USD,2017-03-29,2017-03-29 08:47:59,FY,12787643.0,0.0,0.0,0.0,0.0,7687436.0,78851.0,0.0,14000000.0,0.0,2123362.0,1190711.0,0.0,0.0,0.0,0.07958120194628518,0.0,1017656.0,0.07958120194628518,-83064.0,1100720.0,0.08607684778187817,0.4,0.4,2780477.0,2780477.0,https://www.sec.gov/Archives/edgar/data/890066/000157104917002969/0001571049-17-002969-index.htm,https://www.sec.gov/Archives/edgar/data/890066/000157104917002969/t1700170_10k.htm,1620592587,16:36:27,20210509
5,2015-12-31,GLBZ,USD,2016-03-10,2016-03-10 08:18:57,FY,14223034.0,0.0,0.0,0.0,0.0,7886008.0,142224.0,0.0,15000000.0,0.0,2390685.0,1139547.0,0.0,0.0,0.0,0.1123204092741394,0.0,1597537.0,0.1123204092741394,244921.0,1352616.0,0.09510038434837462,0.49,0.49,2768966.0,2768966.0,https://www.sec.gov/Archives/edgar/data/890066/000157104916012875/0001571049-16-012875-index.htm,https://www.sec.gov/Archives/edgar/data/890066/000157104916012875/t1600121_10k.htm,1620592587,16:36:27,20210509
6,2014-12-31,GLBZ,USD,2015-03-18,2015-03-18 15:08:39,FY,14656313.0,0.0,0.0,0.0,0.0,7995582.0,239437.0,0.0,15000000.0,0.0,2533922.0,812331.0,0.0,0.0,0.0,0.15168739914329069,0.0,2223178.0,0.15168739914329069,308652.0,1914526.0,0.13062807815307984,0.69,0.69,2755671.0,2755671.0,https://www.sec.gov/Archives/edgar/data/890066/000157104915002039/0001571049-15-002039-index.htm,https://www.sec.gov/Archives/edgar/data/890066/000157104915002039/t81692_10k.htm,1620592587,16:36:27,20210509
7,2013-12-31,GLBZ,USD,2014-03-18,2014-03-18 09:15:59,FY,14621276.0,0.0,0.0,0.0,0.0,6752595.0,0.0,0.0,14000000.0,0.0,2661805.0,1187689.0,0.0,0.0,0.0,0.22214422325383912,0.0,3248032.0,0.22214422325383912,633855.0,2614177.0,0.17879267172030677,0.95,0.95,2742003.0,2742003.0,https://www.sec.gov/Archives/edgar/data/890066/000118811214000720/0001188112-14-000720-index.htm,https://www.sec.gov/Archives/edgar/data/890066/000118811214000720/t78578_10k.htm,1620592587,16:36:27,20210509
8,2012-12-31,GLBZ,USD,2013-03-29,2013-03-29 17:21:44,FY,14384206.0,0.0,0.0,0.0,0.0,6812117.0,0.0,0.0,14000000.0,0.0,3255096.0,1716701.0,0.0,0.0,0.0,0.2321217451974756,0.0,3338887.0,0.2321217451974756,673807.0,2665080.0,0.18527821417463014,0.98,0.98,2728072.0,2728072.0,https://www.sec.gov/Archives/edgar/data/890066/000114420413018789/0001144204-13-018789-index.htm,https://www.sec.gov/Archives/edgar/data/890066/000114420413018789/v337520_10k.htm,1620592587,16:36:27,20210509
9,2011-12-31,GLBZ,USD,2012-03-16,2012-03-16 11:20:51,FY,15538915.0,0.0,0.0,0.0,0.0,6574847.0,0.0,0.0,15000000.0,0.0,3682580.0,1310578.0,0.0,0.0,0.0,0.24200550681949157,0.0,3760503.0,0.24200550681949157,767410.0,2993093.0,0.1926191757918748,1.1,1.1,2710455.0,2710455.0,https://www.sec.gov/Archives/edgar/data/890066/000114420412015477/0001144204-12-015477-index.htm,https://www.sec.gov/Archives/edgar/data/890066/000114420412015477/v305492_10k.htm,1620592587,16:36:27,20210509
10,2010-12-31,GLBZ,USD,2011-03-11,2011-03-11 12:59:54,FY,14778619.0,0.0,0.0,0.0,0.0,6680504.0,0.0,0.0,17000000.0,0.0,5298955.0,1001488.0,0.0,0.0,0.0,0.17256659773149305,0.0,2550296.0,0.17256659773149305,485511.0,2064785.0,0.13971434002053912,0.76,0.76,2690218.0,2690218.0,https://www.sec.gov/Archives/edgar/data/890066/000114420411014227/0001144204-11-014227-index.htm,https://www.sec.gov/Archives/edgar/data/890066/000114420411014227/v214181_10k.htm,1620592587,16:36:27,20210509
11,2009-12-31,GLBZ,USD,2010-03-12,2010-03-12 11:15:48,FY,14467036.0,0.0,0.0,0.0,0.0,1503848.0,0.0,0.0,20000000.0,0.0,6542510.0,652780.0,0.0,0.0,0.0,0.07114166301929435,0.0,1029209.0,0.07114166301929435,-233253.0,1262462.0,0.08726473066079327,0.46167523122854287,0.45848173154060673,2734524.0,2753571.0,https://www.sec.gov/Archives/edgar/data/890066/000114420410013003/0001144204-10-013003-index.htm,https://www.sec.gov/Archives/edgar/data/890066/000114420410013003/v176911_10k.htm,1620592587,16:36:27,20210509
12,2008-12-31,GLBZ,USD,2009-03-17,2009-03-17 13:11:25,FY,13972590.0,0.0,0.0,0.0,0.0,6219484.0,0.0,0.0,18000000.0,0.0,6254033.0,421229.0,0.0,0.0,0.0,-0.01971001797089874,0.0,-275400.0,-0.01971001797089874,-679362.0,403962.0,0.02891103224241175,0.14,0.14,2981124.0,2981124.0,https://www.sec.gov/Archives/edgar/data/890066/000114420409014471/0001144204-09-014471-index.htm,https://www.sec.gov/Archives/edgar/data/890066/000114420409014471/v142830_10k.htm,1620592587,16:36:27,20210509
13,2007-12-31,GLBZ,USD,2008-03-14,2008-03-14 17:28:10,FY,14023500.0,0.0,0.0,0.0,0.0,6353559.0,0.0,0.0,16000000.0,0.0,5971048.0,496172.0,0.0,0.0,0.0,0.25246771490712017,0.0,3540481.0,0.25246771490712017,758340.0,2782141.0,0.19839134310264914,0.933333,0.933333,2980865.0,2980865.0,https://www.sec.gov/Archives/edgar/data/890066/000114420408015500/0001144204-08-015500-index.htm,https://www.sec.gov/Archives/edgar/data/890066/000114420408015500/v106996_10k.htm,1620592587,16:36:27,20210509
14,2006-12-31,GLBZ,USD,2007-03-09,2007-03-09 17:01:40,FY,14065821.0,0.0,0.0,0.0,0.0,6517789.0,0.0,0.0,16000000.0,0.0,5833765.0,571741.0,0.0,0.0,0.0,0.24222972836068368,0.0,3407160.0,0.24222972836068368,687115.0,2720045.0,0.19337975365959797,0.916667,0.916667,2967322.0,2967322.0,https://www.sec.gov/Archives/edgar/data/890066/000114420407012096/0001144204-07-012096-index.htm,https://www.sec.gov/Archives/edgar/data/890066/000114420407012096/v067977_10-k.htm,1620592587,16:36:27,20210509
15,2005-12-31,GLBZ,USD,2006-03-16,2006-03-16 12:20:58,FY,14080000.0,0.0,0.0,0.0,0.0,6409000.0,0.0,0.0,15000000.0,0.0,4132000.0,761000.0,0.0,0.0,0.0,0.2489346590909091,0.0,3505000.0,0.2489346590909091,730000.0,2775000.0,0.19708806818181818,0.944444,0.944444,2938235.0,2938235.0,https://www.sec.gov/Archives/edgar/data/890066/000114420406010190/0001144204-06-010190-index.htm,https://www.sec.gov/Archives/edgar/data/890066/000114420406010190/v037630_10k.htm,1620592587,16:36:27,20210509
16,2004-12-31,GLBZ,USD,2005-03-15,2005-03-15 17:30:07,FY,14388102.0,0.0,0.0,0.0,0.0,6295849.0,0.0,0.0,0.0,0.0,3644661.0,828444.0,0.0,0.0,0.0,0.25637328676152005,0.0,3688725.0,0.25637328676152005,633224.0,3055501.0,0.21236303440161877,1.041667,1.041667,2933281.0,2933281.0,https://www.sec.gov/Archives/edgar/data/890066/000114420405007682/0001144204-05-007682-index.htm,https://www.sec.gov/Archives/edgar/data/890066/000114420405007682/v014283_10k.htm,1620592587,16:36:27,20210509
17,2003-12-31,GLBZ,USD,2004-03-29,2004-03-29 16:57:30,FY,13552707.0,0.0,0.0,0.0,0.0,5821396.0,0.0,0.0,0.0,0.0,4276724.0,1503805.0,0.0,0.0,0.0,0.2778053122523788,0.0,3765014.0,0.2778053122523788,687940.0,3077074.0,0.22704497337690543,1.270833,1.270833,2421304.0,2421304.0,https://www.sec.gov/Archives/edgar/data/890066/000095013304001202/0000950133-04-001202-index.htm,https://www.sec.gov/Archives/edgar/data/890066/000095013304001202/w95593e10vk.htm,1620592587,16:36:27,20210509
18,2002-12-31,GLBZ,USD,2002-12-31,2002-12-31,FY,13852875.0,0.0,0.0,0.0,0.0,5780278.0,0.0,0.0,0.0,0.0,5202132.0,1241007.0,0.0,0.0,0.0,0.28124327982458514,0.0,3896028.0,0.28124327982458514,1084945.0,2811083.0,0.20292415834258232,0.972222,0.972222,2891400.0,2891400.0,,,1620592587,16:36:27,20210509
19,2001-12-31,GLBZ,USD,2001-12-31,2001-12-31,FY,12494868.0,0.0,0.0,0.0,0.0,5852324.0,0.0,0.0,0.0,0.0,6533274.0,805988.0,0.0,0.0,0.0,0.18509799383234782,0.0,2312775.0,0.18509799383234782,587539.0,1725236.0,0.13807556830532344,0.601852,0.601852,2866546.0,2866546.0,,,1620592587,16:36:27,20210509
20,2000-12-31,GLBZ,USD,2000-12-31,2000-12-31,FY,14458976.0,0.0,0.0,0.0,0.0,6217022.0,0.0,0.0,0.0,0.0,5901617.0,744678.0,0.0,0.0,0.0,0.2567904532105178,0.0,3712927.0,0.2567904532105178,1438061.0,2274866.0,0.1573324417994746,0.798611,0.798611,2848528.0,2848528.0,,,1620592587,16:36:27,20210509
21,1999-12-31,GLBZ,USD,1999-12-31,1999-12-31,FY,12753000.0,0.0,0.0,0.0,0.0,5521000.0,0.0,0.0,0.0,0.0,5623000.0,831000.0,0.0,0.0,0.0,0.20630439896494943,0.0,2631000.0,0.20630439896494943,1186000.0,1445000.0,0.11330667293970047,0.443673,0.443673,3256904.0,3256904.0,,,1620592587,16:36:27,20210509
22,1998-12-31,GLBZ,USD,1998-12-31,1998-12-31,FY,3622369.0,0.0,0.0,0.0,0.0,5051743.0,0.0,0.0,0.0,0.0,6095291.0,953579.0,0.0,0.0,0.0,0.4525875193830336,0.0,1639439.0,0.4525875193830336,806247.0,833192.0,0.23001301082247558,0.250772,0.250772,3322513.0,3322513.0,,,1620592587,16:36:27,20210509
23,1997-12-31,GLBZ,USD,1997-12-31,1997-12-31,FY,1997814.0,0.0,0.0,0.0,0.0,5260094.0,0.0,0.0,0.0,0.0,6909326.0,664428.0,0.0,0.0,0.0,0.21621782608390971,0.0,431963.0,0.21621782608390971,-315284.0,747247.0,0.3740323173228339,0.218621,0.218621,3398945.0,3398945.0,,,1620592587,16:36:27,20210509
