,date,symbol,reportedCurrency,fillingDate,acceptedDate,period,revenue,costOfRevenue,grossProfit,grossProfitRatio,researchAndDevelopmentExpenses,generalAndAdministrativeExpenses,sellingAndMarketingExpenses,otherExpenses,operatingExpenses,costAndExpenses,interestExpense,depreciationAndAmortization,ebitda,ebitdaratio,operatingIncome,operatingIncomeRatio,totalOtherIncomeExpensesNet,incomeBeforeTax,incomeBeforeTaxRatio,incomeTaxExpense,netIncome,netIncomeRatio,eps,epsdiluted,weightedAverageShsOut,weightedAverageShsOutDil,link,finalLink,timestamp,est_time,est_date
0,2020-03-31,SHOPERSTOP.NS,INR,2020-03-31,2020-03-31,FY,34638900000,20065300000,14573600000,0.4207292956762484,0.0,237200000.0,609300000.0,179600000.0,13559500000,33624800000,1971100000.0,4503800000,5517900000,0.15929778370560266,1014100000,0.029276333832771825,0.0,-716400000,-0.0206819500619246,703900000.0,-1420200000.0,-0.041000147233312835,-15.27868,-15.27868,92950272,92950272,https://www.nseindia.com/companies-listing/corporate-filings-annual-reports,https://www.nseindia.com/companies-listing/corporate-filings-annual-reports,1620597883,18:04:43,20210509
1,2019-03-31,SHOPERSTOP.NS,INR,2019-03-31,2019-03-31,FY,35779315000,20782508000,14996807000,0.41914740402380535,0.0,91607000.0,804048000.0,13434000.0,13947504000,34730012000,130620000.0,1406019000,2455322000,0.06862406393191149,1049303000,0.029327084657713543,0.0,1099166000,0.030720711114787972,449335000.0,649706000.0,0.01815870426809457,6.986162,6.986162,92947987,92947987,https://www.nseindia.com/companies-listing/corporate-filings-annual-reports,https://www.nseindia.com/companies-listing/corporate-filings-annual-reports,1620597883,18:04:43,20210509
2,2018-03-31,SHOPERSTOP.NS,INR,2018-03-31,2018-03-31,FY,36967243000,22679300000,14287943000,0.38650280195361064,0.0,116806000.0,997351000.0,19328000.0,13318315000,35997615000,370000000.0,1149046000,2118674000,0.05731219934361889,969628000,0.02622938367354038,0.0,2914175000,0.07883127773418212,175563000.0,2442166000.0,0.0660629736439907,27.366753114104085,27.361625631686238,89238427,89255150,https://www.nseindia.com/companies-listing/corporate-filings-annual-reports,https://www.nseindia.com/companies-listing/corporate-filings-annual-reports,1620597883,18:04:43,20210509
3,2017-03-31,SHOPERSTOP.NS,INR,2017-03-31,2017-03-31,FY,49101389000,31891652000,17209737000,0.3504938933601247,0.0,136294000.0,1180994000.0,141553000.0,16965144000,48856796000,853721000.0,1509971000,1754564000,0.03573349014627672,244593000,0.004981386575438834,0.0,-581116000,-0.011835021612117734,202540000.0,-372797000.0,-0.007592392141900507,-4.22199,-4.22199,88204640,88204640,https://www.nseindia.com/companies-listing/corporate-filings-annual-reports,https://www.nseindia.com/companies-listing/corporate-filings-annual-reports,1620597883,18:04:43,20210509
4,2016-03-31,SHOPERSTOP.NS,INR,2016-03-31,2016-03-31,FY,45823658000,29466248000,16357410000,0.35696429996924295,0.0,209496000.0,1146023000.0,0.0,15094351000,44560599000,821687000.0,1365264000,2628323000,0.05735733712048916,1263059000,0.02756346950738852,0.0,-88877000,-0.0019395439796622085,345790000.0,20474000.0,0.0004467997731652065,0.23231737053682208,0.23216575714289295,88129441,88186993,https://www.nseindia.com/companies-listing/corporate-filings-annual-reports,https://www.nseindia.com/companies-listing/corporate-filings-annual-reports,1620597883,18:04:43,20210509
5,2015-03-31,SHOPERSTOP.NS,INR,2015-03-31,2015-03-31,FY,42789447000,26925384000,15864063000,0.37074709098250325,0.0,0.0,0.0,0.0,14336158000,41261542000,746487000.0,1253061000,2780966000,0.06499186586823616,1527905000,0.03570751919275797,0.0,778422000,0.0181919154038144,288277000.0,424043000.0,0.009909990189870882,4.818369,4.808903,87985434,88203591,https://www.nseindia.com/companies-listing/corporate-filings-annual-reports,https://www.nseindia.com/companies-listing/corporate-filings-annual-reports,1620597883,18:04:43,20210509
6,2014-03-31,SHOPERSTOP.NS,INR,2014-03-31,2014-03-31,FY,37782971000,24463657000,13319314000,0.35252161615347827,0.0,0.0,0.0,0.0,12924689000,37388346000,611757000.0,980650000,1375275000,0.036399334504425285,394625000,0.010444520098750307,0.0,-245383000,-0.006494539563868601,256911000.0,-82783000.0,-0.0021910135124101277,-0.9433747894947639,-0.9417920777746899,87751974,87899444,https://www.nseindia.com/companies-listing/corporate-filings-annual-reports,https://www.nseindia.com/companies-listing/corporate-filings-annual-reports,1620597883,18:04:43,20210509
7,2013-03-31,SHOPERSTOP.NS,INR,2013-03-31,2013-03-31,FY,31771908000,20788552000,10983356000,0.3456939381796019,0.0,0.0,0.0,0.0,10802293000,31590845000,0.0,790739000,971802000,0.030586831612379087,181063000,0.0056988393646362065,0.0,-314474000,-0.009897863231883965,227528000.0,-112922000.0,-0.003554146008480196,-1.2912062090230527,-1.2854355210518837,87454660,87847269,https://www.nseindia.com/companies-listing/corporate-filings-annual-reports,https://www.nseindia.com/companies-listing/corporate-filings-annual-reports,1620597883,18:04:43,20210509
8,2012-03-31,SHOPERSTOP.NS,INR,2012-03-31,2012-03-31,FY,27876890000,18460463000,9416427000,0.3377861375497769,0.0,2411300000.0,1020934000.0,71652000.0,8988796000,27449259000,422111000.0,609342000,1036973000,0.037198302967081334,427631000,0.015339982329449232,0.0,77172000,0.0027683145429780727,321696000.0,-244187000.0,-0.008759477832713764,2.186726,2.167793,87072343,87554753,https://www.nseindia.com/companies-listing/corporate-filings-annual-reports,https://www.nseindia.com/companies-listing/corporate-filings-annual-reports,1620597883,18:04:43,20210509
9,2011-03-31,SHOPERSTOP.NS,INR,2011-03-31,2011-03-31,FY,22322452000,14767892000,7554560000,0.33842877117621306,0.0,4871513000.0,0.0,0.0,6688416000,21456308000,0.0,468944000,1335088000,0.05980920017209579,866144000,0.03880147216802168,0.0,570854000,0.025573086684204764,388764000.0,182090000.0,0.008157257992983925,5.17809,5.121292,83451576,84316813,https://www.nseindia.com/companies-listing/corporate-filings-annual-reports,https://www.nseindia.com/companies-listing/corporate-filings-annual-reports,1620597883,18:04:43,20210509
10,2010-03-31,SHOPERSTOP.NS,INR,2010-03-31,2010-03-31,FY,14489642000,9022010000,5467632000,0.377347625289845,0.0,3485867000.0,0.0,0.0,4691732000,13713742000,0.0,380709000,1156609000,0.07982315919192483,775900000,0.05354859699087113,0.0,521572000,0.03599619645537136,163545000.0,358027000.0,0.024709168107811083,4.870434,4.842035,73673371,74093007,https://www.nseindia.com/companies-listing/corporate-filings-annual-reports,https://www.nseindia.com/companies-listing/corporate-filings-annual-reports,1620597883,18:04:43,20210509
11,2009-03-31,SHOPERSTOP.NS,INR,2009-03-31,2009-03-31,FY,12993810000,8147370000,4846440000,0.37298067310511696,0.0,3735180000.0,0.0,0.0,5374970000,13522340000,0.0,768070000,239540000,0.018434931709791047,-528530000,-0.04067552165223287,0.0,-820910000,-0.06317700505086653,1000000.0,-819910000.0,-0.06310004532927602,-8.638039,-8.638039,73662211,73662211,https://www.nseindia.com/companies-listing/corporate-filings-annual-reports,https://www.nseindia.com/companies-listing/corporate-filings-annual-reports,1620597883,18:04:43,20210509
12,2008-03-31,SHOPERSTOP.NS,INR,2008-03-31,2008-03-31,FY,11037020000,6888980000,4148040000,0.37582970765659574,0.0,2789400000.0,0.0,0.0,3945050000,10834030000,0.0,426540000,629530000,0.05703804106543252,202990000,0.01839173979932989,0.0,72110000,0.006533466461055611,78840000.0,-6730000.0,-0.0006097660419207358,-0.09140430022056142,-0.0913749848392879,73628921,73652543,https://www.nseindia.com/companies-listing/corporate-filings-annual-reports,https://www.nseindia.com/companies-listing/corporate-filings-annual-reports,1620597883,18:04:43,20210509
13,2007-03-31,SHOPERSTOP.NS,INR,2007-03-31,2007-03-31,FY,8279760000,5229570000,3050190000,0.36839111278587783,0.0,1767810000.0,0.0,0.0,2530390000,7759960000,0.0,282560000,802360000,0.09690619051759955,519800000,0.06277959747625535,0.0,469760000,0.05673594403702523,225860000.0,243900000.0,0.029457375576103655,3.313221,3.308487,72966648,73001099,https://www.nseindia.com/companies-listing/corporate-filings-annual-reports,https://www.nseindia.com/companies-listing/corporate-filings-annual-reports,1620597883,18:04:43,20210509
14,2006-03-31,SHOPERSTOP.NS,INR,2006-03-31,2006-03-31,FY,6344850000,4035200000,2309650000,0.36401963797410497,0.0,1386600000.0,0.0,0.0,1910830000,5946030000,0.0,165820000,564640000,0.08899185953962663,398820000,0.06285727794983333,0.0,370710000,0.05842691316579588,132500000.0,238210000.0,0.037543834763627194,3.441016,3.43155,70534918,70740482,https://www.nseindia.com/companies-listing/corporate-filings-annual-reports,https://www.nseindia.com/companies-listing/corporate-filings-annual-reports,1620597883,18:04:43,20210509
15,2005-03-31,SHOPERSTOP.NS,INR,2005-03-31,2005-03-31,FY,4487000000,2820790000,1666210000,0.37134165366614663,0.0,1011170000.0,0.0,0.0,1422580000,4243370000,0.0,111870000,355500000,0.07922888344105193,243630000,0.05429685758858926,0.0,203920000,0.04544684644528638,17200000.0,186720000.0,0.04161355025629596,3.270622,3.251689,57935511,58195176,https://www.nseindia.com/companies-listing/corporate-filings-annual-reports,https://www.nseindia.com/companies-listing/corporate-filings-annual-reports,1620597883,18:04:43,20210509
