,date,symbol,reportedCurrency,fillingDate,acceptedDate,period,revenue,costOfRevenue,grossProfit,grossProfitRatio,researchAndDevelopmentExpenses,generalAndAdministrativeExpenses,sellingAndMarketingExpenses,otherExpenses,operatingExpenses,costAndExpenses,interestExpense,depreciationAndAmortization,ebitda,ebitdaratio,operatingIncome,operatingIncomeRatio,totalOtherIncomeExpensesNet,incomeBeforeTax,incomeBeforeTaxRatio,incomeTaxExpense,netIncome,netIncomeRatio,eps,epsdiluted,weightedAverageShsOut,weightedAverageShsOutDil,link,finalLink,timestamp,est_time,est_date
0,2020-03-31,0476.HK,HKD,2020-03-31,2020-03-31,FY,5086000.0,4406000.0,680000.0,0.13370035391270155,0.0,108769000,221000.0,26000.0,0.0,111942000,483000.0,29933000.0,-76923000.0,-15.124459300039323,-106856000.0,-21.009830908375935,0.0,-164103000.0,-32.26563114431774,-2081000.0,-146850000.0,-28.873377900117973,-0.02,-0.02,6884139267,6884139267,https://www1.hkexnews.hk/search/titlesearch.xhtml,https://www1.hkexnews.hk/search/titlesearch.xhtml,1620584747,14:25:47,20210509
1,2019-03-31,0476.HK,HKD,2019-03-31,2019-03-31,FY,3003000.0,2754000.0,249000.0,0.08291708291708291,0.0,134699000,620000.0,0.0,0.0,133206000,69000.0,22133000.0,-108070000.0,-35.98734598734599,-130203000.0,-43.357642357642355,0.0,-161560000.0,-53.7995337995338,-2220000.0,-156625000.0,-52.15617715617716,-0.03,-0.03,5110183786,5110183786,https://www1.hkexnews.hk/search/titlesearch.xhtml,https://www1.hkexnews.hk/search/titlesearch.xhtml,1620584747,14:25:47,20210509
2,2018-03-31,0476.HK,HKD,2018-03-31,2018-03-31,FY,59568000.0,58732000.0,836000.0,0.014034380875637926,0.0,170488000,2234000.0,0.0,0.0,228164000,690000.0,24468000.0,-144128000.0,-2.4195541230190707,-168596000.0,-2.8303115766854687,0.0,-272161000.0,-4.568912839108246,-2241000.0,-321861000.0,-5.403253424657534,-0.07,-0.07,4681690636,4681690636,https://www1.hkexnews.hk/search/titlesearch.xhtml,https://www1.hkexnews.hk/search/titlesearch.xhtml,1620584747,14:25:47,20210509
3,2017-03-31,0476.HK,HKD,2017-03-31,2017-03-31,FY,127841000.0,120301000.0,7540000.0,0.058979513614568095,0.0,154871000,2432000.0,5990000.0,0.0,277604000,867000.0,15201000.0,-134562000.0,-1.0525731181702271,-149763000.0,-1.1714786336151939,0.0,-142855000.0,-1.1174427609295923,-172000.0,-118408000.0,-0.9262130302485119,-0.03,-0.03,3922978307,3922978307,https://www1.hkexnews.hk/search/titlesearch.xhtml,https://www1.hkexnews.hk/search/titlesearch.xhtml,1620584747,14:25:47,20210509
4,2016-03-31,0476.HK,HKD,2016-03-31,2016-03-31,FY,331020000.0,315528000.0,15492000.0,0.04680079753489215,0.0,130197000,1365000.0,4421000.0,0.0,447090000,24714000.0,11020000.0,-105050000.0,-0.31735242583529694,-116070000.0,-0.35064346565162224,0.0,-145307000.0,-0.4389674339919038,-203000.0,-120140000.0,-0.3629387952389584,-0.03,-0.03,3697458581,3697458581,https://www1.hkexnews.hk/search/titlesearch.xhtml,https://www1.hkexnews.hk/search/titlesearch.xhtml,1620584747,14:25:47,20210509
5,2015-03-31,0476.HK,HKD,2015-03-31,2015-03-31,FY,22999000.0,18395000.0,4604000.0,0.20018261663550588,0.0,85914000,236000.0,2990000.0,0.0,104545000,22867000.0,4230000.0,-77316000.0,-3.361711378755598,-81546000.0,-3.5456324188008175,0.0,-60714000.0,-2.639853906691595,6000.0,-48414000.0,-2.1050480455671985,-0.02,-0.02,3151864608,3151864608,https://www1.hkexnews.hk/search/titlesearch.xhtml,https://www1.hkexnews.hk/search/titlesearch.xhtml,1620584747,14:25:47,20210509
6,2014-03-31,0476.HK,HKD,2014-03-31,2014-03-31,FY,69233000.0,66064000.0,3169000.0,0.04577296953764823,0.0,45081000,0.0,2968000.0,0.0,111145000,2202000.0,3695000.0,-38217000.0,-0.5520055464879465,-41912000.0,-0.6053760489939769,0.0,-41013000.0,-0.592390911848396,0.0,-35986000.0,-0.5197810292779454,-0.0195,-0.0195,1843904355,1843904355,https://www1.hkexnews.hk/search/titlesearch.xhtml,https://www1.hkexnews.hk/search/titlesearch.xhtml,1620584747,14:25:47,20210509
7,2013-03-31,0476.HK,HKD,2013-03-31,2013-03-31,FY,271767000.0,247915000.0,23852000.0,0.08776635868225355,0.0,51395000,0.0,2788000.0,0.0,299310000,2944000.0,7192000.0,-20351000.0,-0.07488399989697056,-27543000.0,-0.10134784576493835,0.0,-27281000.0,-0.10038378463904742,0.0,-23209000.0,-0.08540036133894108,-0.0168,-0.0168,1384396800,1384396800,https://www1.hkexnews.hk/search/titlesearch.xhtml,https://www1.hkexnews.hk/search/titlesearch.xhtml,1620584747,14:25:47,20210509
8,2012-03-31,0476.HK,HKD,2012-03-31,2012-03-31,FY,144226000.0,133704000.0,10522000.0,0.07295494571020482,0.0,37050000,5000.0,1829000.0,0.0,170759000,1376000.0,4522000.0,-22011000.0,-0.15261464645764286,-26533000.0,-0.18396821654902723,0.0,-25909000.0,-0.1796416734846699,-564000.0,-21289000.0,-0.14760861425817814,-0.0154,-0.0154,1384019760,1384019760,https://www1.hkexnews.hk/search/titlesearch.xhtml,https://www1.hkexnews.hk/search/titlesearch.xhtml,1620584747,14:25:47,20210509
9,2011-03-31,0476.HK,HKD,2011-03-31,2011-03-31,FY,312408000.0,306698000.0,5710000.0,0.018277380860925455,0.0,58429000,3000.0,0.0,0.0,364201000,1590000.0,5659000.0,-46134000.0,-0.14767227471767688,-51793000.0,-0.1657864075183734,0.0,-52890000.0,-0.16929784128447414,0.0,-43077000.0,-0.13788699393101328,-0.0331,-0.0331,1302715500,1302715500,https://www1.hkexnews.hk/search/titlesearch.xhtml,https://www1.hkexnews.hk/search/titlesearch.xhtml,1620584747,14:25:47,20210509
10,2010-03-31,0476.HK,HKD,2010-03-31,2010-03-31,FY,389755000.0,329994000.0,59761000.0,0.15332965580941874,0.0,79818000,5533000.0,0.0,0.0,415129000,7133000.0,1283000.0,-24091000.0,-0.061810624623160705,-25374000.0,-0.06510243614578388,0.0,-32362000.0,-0.08303164808661852,0.0,-25187000.0,-0.06462264756064708,-0.02,-0.02,1258296800,1258296800,https://www1.hkexnews.hk/search/titlesearch.xhtml,https://www1.hkexnews.hk/search/titlesearch.xhtml,1620584747,14:25:47,20210509
11,2009-03-31,0476.HK,HKD,2009-03-31,2009-03-31,FY,284636000.0,252564000.0,32072000.0,0.11267724391854861,0.0,43099000,1882000.0,0.0,0.0,294549000,16712000.0,1161000.0,-8752000.0,-0.030748043114714935,-9913000.0,-0.03482693685970854,0.0,-24324000.0,-0.08545651287960764,0.0,-20469000.0,-0.07191289928188985,-0.0163,-0.0163,1258296800,1258296800,https://www1.hkexnews.hk/search/titlesearch.xhtml,https://www1.hkexnews.hk/search/titlesearch.xhtml,1620584747,14:25:47,20210509
12,2008-03-31,0476.HK,HKD,2008-03-31,2008-03-31,FY,251287000.0,231725000.0,19562000.0,0.07784724239614464,0.0,58326000,1522000.0,0.0,0.0,291573000,0.0,859000.0,-39427000.0,-0.15690027737208848,-40286000.0,-0.16031867943825187,0.0,-44736000.0,-0.17802751435609482,0.0,-44736000.0,-0.17802751435609482,-0.0382,-0.0382,1151832461,1151832461,https://www1.hkexnews.hk/search/titlesearch.xhtml,https://www1.hkexnews.hk/search/titlesearch.xhtml,1620584747,14:25:47,20210509
13,2007-03-31,0476.HK,HKD,2007-03-31,2007-03-31,FY,48833000.0,47456000.0,1377000.0,0.02819814469723343,0.0,17660000,196000.0,0.0,0.0,65510000,0.0,602000.0,-16075000.0,-0.32918313435586594,-16677000.0,-0.3415108635553826,0.0,-13997000.0,-0.28662994286650423,0.0,-13936000.0,-0.2853807875821678,-0.0147,-0.0147,982312925,982312925,https://www1.hkexnews.hk/search/titlesearch.xhtml,https://www1.hkexnews.hk/search/titlesearch.xhtml,1620584747,14:25:47,20210509
14,2006-03-31,0476.HK,HKD,2006-03-31,2006-03-31,FY,105273000.0,94298000.0,10975000.0,0.10425275236765362,0.0,22678000,2153000.0,0.0,0.0,126490000,0.0,949000.0,-20268000.0,-0.19252799863212788,-21217000.0,-0.20154265576168628,0.0,-15547000.0,-0.147682691668329,0.0,-15547000.0,-0.147682691668329,-0.0125,-0.0125,883440000,883440000,https://www1.hkexnews.hk/search/titlesearch.xhtml,https://www1.hkexnews.hk/search/titlesearch.xhtml,1620584747,14:25:47,20210509
15,2005-03-31,0476.HK,HKD,2005-03-31,2005-03-31,FY,182169000.0,169764000.0,12405000.0,0.0680961085585363,0.0,22847000,3314000.0,0.0,0.0,189851000,699000.0,1523000.0,-6159000.0,-0.03380926502313786,-7682000.0,-0.042169633691791684,0.0,-4808000.0,-0.026393074562631402,573000.0,-823000.0,-0.004517782937821474,-0.0009,-0.0009,883296800,883296800,https://www1.hkexnews.hk/search/titlesearch.xhtml,https://www1.hkexnews.hk/search/titlesearch.xhtml,1620584747,14:25:47,20210509
16,2004-03-31,0476.HK,HKD,2004-03-31,2004-03-31,FY,163077000.0,144570000.0,18507000.0,0.11348626722345885,0.0,24433000,9235000.0,0.0,0.0,229933000,726000.0,4780000.0,-62076000.0,-0.380654537427105,-66856000.0,-0.4099658443557338,0.0,-66661000.0,-0.40877009020278765,0.0,-67510000.0,-0.4139762198225378,-0.1216,-0.1216,555340067,555340067,https://www1.hkexnews.hk/search/titlesearch.xhtml,https://www1.hkexnews.hk/search/titlesearch.xhtml,1620584747,14:25:47,20210509
