,date,symbol,reportedCurrency,fillingDate,acceptedDate,period,revenue,costOfRevenue,grossProfit,grossProfitRatio,researchAndDevelopmentExpenses,generalAndAdministrativeExpenses,sellingAndMarketingExpenses,otherExpenses,operatingExpenses,costAndExpenses,interestExpense,depreciationAndAmortization,ebitda,ebitdaratio,operatingIncome,operatingIncomeRatio,totalOtherIncomeExpensesNet,incomeBeforeTax,incomeBeforeTaxRatio,incomeTaxExpense,netIncome,netIncomeRatio,eps,epsdiluted,weightedAverageShsOut,weightedAverageShsOutDil,link,finalLink,timestamp,est_time,est_date
0,2020-06-30,AFA.AX,AUD,2020-06-30,2020-06-30,FY,4338000.0,0.0,4338000.0,1.0,0.0,2966000.0,61000.0,32000.0,7797000.0,0.0,1784000.0,942000.0,-2517000.0,-0.5802213001383126,-3459000.0,-0.7973720608575381,-454000.0,-5534000.0,-1.2757030889810972,0.0,-5946000.0,-1.3706777316735823,-0.008179539319844067,-0.008179539319844067,726935805.0,726935805.0,,,1620586264,14:51:04,20210509
1,2019-06-30,AFA.AX,AUD,2019-06-30,2019-06-30,FY,1050000.0,0.0,1050000.0,1.0,0.0,4898000.0,241000.0,6517000.0,9710000.0,0.0,1865000.0,110000.0,-8550000.0,-8.142857142857142,-8660000.0,-8.247619047619047,6226000.0,-3877000.0,-3.6923809523809523,0.0,-2963000.0,-2.821904761904762,-0.0041,-0.0041,726935805.0,726935805.0,,,1620586264,14:51:04,20210509
2,2018-06-30,AFA.AX,AUD,2018-06-30,2018-06-30,FY,1302000.0,0.0,1302000.0,1.0,0.0,4774000.0,185000.0,13374000.0,8833000.0,0.0,2005000.0,121000.0,-7410000.0,-5.691244239631336,-7531000.0,-5.7841781874039935,10509000.0,1164000.0,0.8940092165898618,0.0,1456000.0,1.118279569892473,0.0021,0.0021,677871061.0,677871061.0,,,1620586264,14:51:04,20210509
3,2017-06-30,AFA.AX,AUD,2017-06-30,2017-06-30,FY,847000.0,0.0,847000.0,1.0,0.0,4899000.0,313000.0,1136000.0,9706000.0,0.0,1863000.0,171000.0,-8688000.0,-10.257378984651712,-8859000.0,-10.459268004722551,-9231000.0,-19923000.0,-23.521841794569067,0.0,-19530000.0,-23.05785123966942,-0.0323,-0.0323,604045958.0,604045958.0,,,1620586264,14:51:04,20210509
4,2016-06-30,AFA.AX,AUD,2016-06-30,2016-06-30,FY,981000.0,0.0,981000.0,1.0,0.0,4554000.0,473000.0,1122000.0,8191000.0,0.0,805000.0,222000.0,-6988000.0,-7.123343527013252,-7210000.0,-7.349643221202855,-7717000.0,-15629000.0,-15.931702344546382,0.0,-15253000.0,-15.54841997961264,-0.024988,-0.024988,611454869.0,611454869.0,,,1620586264,14:51:04,20210509
5,2015-06-30,AFA.AX,AUD,2015-06-30,2015-06-30,FY,568000.0,0.0,568000.0,1.0,0.0,4647000.0,122000.0,-719000.0,10270000.0,0.0,484000.0,36000.0,-9666000.0,-17.017605633802816,-9702000.0,-17.080985915492956,-4727000.0,-14842000.0,-26.130281690140844,0.0,-14226000.0,-25.045774647887324,-0.024691,-0.024691,562599130.0,562599130.0,,,1620586264,14:51:04,20210509
6,2014-06-30,AFA.AX,AUD,2014-06-30,2014-06-30,FY,1232000.0,0.0,1232000.0,1.0,0.0,2308000.0,323000.0,8262000.0,7502000.0,0.0,831000.0,37000.0,-6233000.0,-5.059253246753247,-6270000.0,-5.089285714285714,6494000.0,-577000.0,-0.46834415584415584,0.0,956000.0,0.775974025974026,0.002386,0.002386,402997930.0,402997930.0,,,1620586264,14:51:04,20210509
7,2013-06-30,AFA.AX,AUD,2013-06-30,2013-06-30,FY,1130251.0,168231.0,962020.0,0.8511560706427156,0.0,2400978.0,402599.0,849081.0,5307880.0,0.0,1036698.0,46472.0,-4299388.0,-3.8039231993601423,-4345860.0,-3.845039730113046,-25442391.0,-30758989.0,-27.214299301659544,-219214.0,-30505915.0,-26.990389745286667,-0.088493,-0.088493,344615902.0,344615902.0,,,1620586264,14:51:04,20210509
8,2012-06-30,AFA.AX,AUD,2012-06-30,2012-06-30,FY,811615.0,564855.0,246760.0,0.30403578051169583,0.0,1802245.0,228100.0,25378399.0,3627150.0,0.0,0.0,38489.0,-3341901.0,-4.117593933084036,-3380390.0,-4.16501666430512,24406040.0,21388560.0,26.353086130739328,219214.0,21243999.0,26.174970891370908,0.061999,0.061999,342724624.0,342724624.0,,,1620586264,14:51:04,20210509
9,2011-06-30,AFA.AX,AUD,2011-06-30,2011-06-30,FY,1008794.0,1996811.0,-988017.0,-0.9794041201672492,0.0,1544217.0,188607.0,2706365.0,3492582.0,0.0,9798.0,28845.0,-4451754.0,-4.412946548056392,-4480599.0,-4.441540096392326,2676068.0,-1747372.0,-1.7321395646683069,0.0,-1643961.0,-1.6296300334855283,-0.004776,-0.004776,342556223.0,342556223.0,,,1620586264,14:51:04,20210509
10,2010-06-30,AFA.AX,AUD,2010-06-30,2010-06-30,FY,144445.0,0.0,144445.0,1.0,0.0,1293687.0,437744.0,160057.0,2967684.0,0.0,61729.0,24058.0,-2799181.0,-19.378870850496728,-2823239.0,-19.545425594516946,47750.0,-2756515.0,-19.083491986569282,0.0,-2756515.0,-19.083491986569282,-0.009192,-0.009192,300538929.0,300538929.0,,,1620586264,14:51:04,20210509
11,2009-06-30,AFA.AX,AUD,2009-06-30,2009-06-30,FY,86168.0,97696.0,86168.0,1.0,0.0,1379619.0,574580.0,41174.0,3387037.0,0.0,71241.0,33086.0,-3267783.0,-37.923393835298484,-3300869.0,-38.30736468294494,-1983666.0,-5328110.0,-61.83397548974097,0.0,-5328110.0,-61.83397548974097,-0.02352,-0.02352,226533799.0,226533799.0,,,1620586264,14:51:04,20210509
12,2008-06-30,AFA.AX,AUD,2008-06-30,2008-06-30,FY,19755324.0,16551419.0,3203905.0,0.16217931935715152,0.0,3528854.0,1009067.0,79837.0,6373810.0,0.0,212035.0,219848.0,-2950057.0,-0.1493297199276509,-3169905.0,-0.16045826431396418,-920860.0,-4196853.0,-0.21244161826958646,74539.0,-4516427.0,-0.22861821957463213,-0.0237,-0.0237,190563437.0,190563437.0,,,1620586264,14:51:04,20210509
13,2007-06-30,AFA.AX,AUD,2007-06-30,2007-06-30,FY,20028643.0,17693984.0,2334659.0,0.11656600998879454,0.0,1430870.0,504298.0,0.0,3588011.0,0.0,169902.0,270067.0,-983285.0,-0.04909394011366621,-1253352.0,-0.0625779789474504,0.0,-1334897.0,-0.06664939806456184,18972.0,-1541413.0,-0.07696043111857354,-0.009012,-0.009012,175420493.0,175420493.0,,,1620586264,14:51:04,20210509
14,2006-06-30,AFA.AX,AUD,2006-06-30,2006-06-30,FY,0.0,0.0,0.0,0.0,11415.0,808465.0,0.0,3465995.0,822048.0,0.0,0.0,2168.0,-819880.0,0.0,-822048.0,0.0,3465995.0,2643947.0,0.0,0.0,2643947.0,0.0,0.045058,0.045058,58621674.0,58621674.0,,,1620586264,14:51:04,20210509
15,2005-06-30,AFA.AX,AUD,2005-06-30,2005-06-30,FY,0.0,0.0,0.0,0.0,294000.0,466000.0,31000.0,294000.0,791000.0,0.0,0.0,0.0,-791000.0,0.0,-791000.0,0.0,294000.0,-492000.0,0.0,-492000.0,-492000.0,0.0,-0.016221,-0.016221,31195027.0,31195027.0,,,1620586264,14:51:04,20210509
16,2004-06-30,AFA.AX,AUD,2004-06-30,2004-06-30,FY,0.0,0.0,0.0,0.0,814000.0,1530000.0,198000.0,651000.0,2542000.0,0.0,0.0,0.0,11462000.0,0.0,-2542000.0,0.0,-13353000.0,-15877000.0,0.0,-15877000.0,-15877000.0,0.0,-0.509153,-0.509153,31195027.0,31195027.0,,,1620586264,14:51:04,20210509
17,2003-06-30,AFA.AX,AUD,2003-06-30,2003-06-30,FY,0.0,0.0,0.0,0.0,1549000.0,1002000.0,300000.0,0.0,2851000.0,0.0,0.0,0.0,-2851000.0,0.0,-2851000.0,0.0,0.0,-2494000.0,0.0,-2494000.0,-2494000.0,0.0,-0.088566,-0.088566,28473388.0,28473388.0,,,1620586264,14:51:04,20210509
18,2002-06-30,AFA.AX,AUD,2002-06-30,2002-06-30,FY,0.0,0.0,0.0,0.0,1424000.0,1274000.0,578000.0,6000.0,3276000.0,0.0,24000.0,171000.0,-3105000.0,0.0,-3276000.0,0.0,-2116000.0,-5344000.0,0.0,-5344000.0,-5344000.0,0.0,-0.239127,-0.239127,22723582.0,22723582.0,,,1620586264,14:51:04,20210509
19,2001-06-30,AFA.AX,AUD,2001-06-30,2001-06-30,FY,483000.0,0.0,483000.0,1.0,1285000.0,1210000.0,111000.0,0.0,2606000.0,0.0,0.0,0.0,-2123000.0,-4.395445134575569,-2123000.0,-4.395445134575569,0.0,-1889000.0,-3.910973084886128,-1889000.0,-1766000.0,-3.6563146997929605,-0.088566,-0.088566,21875930.0,21875930.0,,,1620586264,14:51:04,20210509
20,2000-06-30,AFA.AX,AUD,2000-06-30,2000-06-30,FY,0.0,0.0,0.0,0.0,0.0,0.0,0.0,0.0,0.0,0.0,0.0,0.0,-1450000.0,0.0,0.0,0.0,298000.0,-1450155.0,0.0,-1450155.0,-1450155.0,0.0,-0.088566,-0.088566,16136568.0,16136568.0,,,1620586264,14:51:04,20210509
21,1999-06-30,AFA.AX,AUD,1999-06-30,1999-06-30,FY,0.0,0.0,0.0,0.0,0.0,0.0,0.0,0.0,0.0,0.0,0.0,0.0,0.0,0.0,0.0,0.0,0.0,-881369.0,0.0,-881369.0,-881369.0,0.0,0.112096,0.112096,7825718.0,7825718.0,,,1620586264,14:51:04,20210509
22,1998-06-30,AFA.AX,AUD,1998-06-30,1998-06-30,FY,0.0,0.0,0.0,0.0,0.0,0.0,0.0,0.0,0.0,0.0,98633.0,0.0,-3773291.0,0.0,0.0,0.0,0.0,-3871924.0,0.0,-3871924.0,-3871924.0,0.0,-0.603592,-0.603592,6414931.0,6414931.0,,,1620586264,14:51:04,20210509
23,1997-06-30,AFA.AX,AUD,1997-06-30,1997-06-30,FY,0.0,0.0,0.0,0.0,0.0,0.0,0.0,0.0,0.0,0.0,53069.0,0.0,-1846746.0,0.0,0.0,0.0,0.0,-1899815.0,0.0,-1899815.0,-1899815.0,0.0,-0.431137,-0.431137,4383757.0,4383757.0,,,1620586264,14:51:04,20210509
24,1996-06-30,AFA.AX,AUD,1996-06-30,1996-06-30,FY,0.0,0.0,0.0,0.0,0.0,0.0,0.0,0.0,0.0,0.0,36899.0,0.0,-191924.0,0.0,0.0,0.0,0.0,-228823.0,0.0,-228823.0,-311872.0,0.0,-0.071569,-0.071569,4357656.0,4357656.0,,,1620586264,14:51:04,20210509
25,1995-06-30,AFA.AX,AUD,1995-06-30,1995-06-30,FY,0.0,0.0,0.0,0.0,0.0,0.0,0.0,0.0,0.0,0.0,28000.0,0.0,-273000.0,0.0,0.0,0.0,0.0,-301000.0,0.0,-301000.0,-567000.0,0.0,-0.129341,-0.129341,4383756.0,4383756.0,,,1620586264,14:51:04,20210509
26,1994-06-30,AFA.AX,AUD,1994-06-30,1994-06-30,FY,0.0,0.0,0.0,0.0,0.0,0.0,0.0,0.0,0.0,0.0,3000.0,0.0,-264000.0,0.0,0.0,0.0,0.0,-267000.0,0.0,-267000.0,-267000.0,0.0,-0.061221,-0.061221,4361216.0,4361216.0,,,1620586264,14:51:04,20210509
27,1993-06-30,AFA.AX,AUD,1993-06-30,1993-06-30,FY,0.0,0.0,0.0,0.0,0.0,0.0,0.0,0.0,0.0,0.0,0.0,0.0,-328000.0,0.0,0.0,0.0,0.0,-328000.0,0.0,-328000.0,-328000.0,0.0,-0.075018,-0.075018,4372293.0,4372293.0,,,1620586264,14:51:04,20210509
28,1992-06-30,AFA.AX,AUD,1992-06-30,1992-06-30,FY,0.0,0.0,0.0,0.0,0.0,0.0,0.0,0.0,0.0,0.0,1000.0,0.0,-748000.0,0.0,0.0,0.0,0.0,-749000.0,0.0,-749000.0,-749000.0,0.0,-0.1897,-0.1897,4371927.0,4371927.0,,,1620586264,14:51:04,20210509
29,1991-06-30,AFA.AX,AUD,1991-06-30,1991-06-30,FY,0.0,0.0,0.0,0.0,0.0,0.0,0.0,0.0,0.0,0.0,10000.0,0.0,-1279000.0,0.0,0.0,0.0,0.0,-1289000.0,0.0,-1289000.0,-1289000.0,0.0,-0.0017731964654017834,-0.0017731964654017834,726935805.0,726935805.0,,,1620586264,14:51:04,20210509
30,1990-06-30,AFA.AX,AUD,1990-06-30,1990-06-30,FY,0.0,0.0,0.0,0.0,0.0,0.0,0.0,0.0,0.0,0.0,511000.0,0.0,-1958000.0,0.0,0.0,0.0,0.0,-2469000.0,0.0,-2469000.0,-2469000.0,0.0,-0.0033964484663126476,-0.0033964484663126476,726935805.0,726935805.0,,,1620586264,14:51:04,20210509
31,1989-06-30,AFA.AX,AUD,1989-06-30,1989-06-30,FY,0.0,0.0,0.0,0.0,0.0,0.0,0.0,0.0,0.0,0.0,355000.0,0.0,-2232000.0,0.0,0.0,0.0,0.0,-2587000.0,0.0,-2587000.0,-2587000.0,0.0,-0.003558773666403734,-0.003558773666403734,726935805.0,726935805.0,,,1620586264,14:51:04,20210509
