,date,symbol,reportedCurrency,fillingDate,acceptedDate,period,revenue,costOfRevenue,grossProfit,grossProfitRatio,researchAndDevelopmentExpenses,generalAndAdministrativeExpenses,sellingAndMarketingExpenses,otherExpenses,operatingExpenses,costAndExpenses,interestExpense,depreciationAndAmortization,ebitda,ebitdaratio,operatingIncome,operatingIncomeRatio,totalOtherIncomeExpensesNet,incomeBeforeTax,incomeBeforeTaxRatio,incomeTaxExpense,netIncome,netIncomeRatio,eps,epsdiluted,weightedAverageShsOut,weightedAverageShsOutDil,link,finalLink,timestamp,est_time,est_date
0,2020-12-31,BPFH,USD,2021-03-01,2021-03-01 15:10:55,FY,327310000.0,0.0,58026000.0,1.0,0.0,180818000.0,6292000.0,6524000.0,6524000.0,6524000.0,40279000.0,2697000.0,54199000.0,0.1655891967859216,51502000.0,0.16512480523051543,0.0,54047000.0,0.16512480523051543,8888000.0,45153000.0,0.1379517888240506,0.5412033981719447,0.5412033981719447,82292450.0,82764339.0,https://www.sec.gov/Archives/edgar/data/821127/000082112721000029/0000821127-21-000029-index.htm,https://www.sec.gov/Archives/edgar/data/821127/000082112721000029/bpfh-20201231.htm,1620589609,15:46:49,20210509
1,2019-12-31,BPFH,USD,2020-02-28,2020-02-28 15:26:52,FY,329623000.0,0.0,0.0,0.0,0.0,167424000.0,6439000.0,0.0,305000000.0,0.0,80371000.0,2691000.0,0.0,0.0,0.0,0.31242055317741785,0.0,102981000.0,0.31242055317741785,22591000.0,80028000.0,0.2427864560422058,0.972915,0.97,83430740.0,83920792.0,https://www.sec.gov/Archives/edgar/data/821127/000082112720000044/0000821127-20-000044-index.htm,https://www.sec.gov/Archives/edgar/data/821127/000082112720000044/bpfh-20191231.htm,1620589609,15:46:49,20210509
2,2018-12-31,BPFH,USD,2019-02-27,2019-02-27 17:10:03,FY,366421000.0,0.0,0.0,0.0,0.0,200080000.0,7648000.0,0.0,316000000.0,0.0,58338000.0,2929000.0,0.0,0.0,0.0,0.32587106088351925,0.0,119406000.0,0.32587106088351925,37537000.0,80384000.0,0.2193760728779191,0.941449,0.92,83596685.0,85331314.0,https://www.sec.gov/Archives/edgar/data/821127/000082112719000033/0000821127-19-000033-index.htm,https://www.sec.gov/Archives/edgar/data/821127/000082112719000033/a2018q410-kbpfh.htm,1620589609,15:46:49,20210509
3,2017-12-31,BPFH,USD,2018-02-28,2018-02-28 16:55:19,FY,379916000.0,0.0,0.0,0.0,0.0,214800000.0,7766000.0,0.0,326000000.0,0.0,34009000.0,5601000.0,0.0,0.0,0.0,0.22737921014118911,0.0,86385000.0,0.22737921014118911,46196000.0,40591000.0,0.10684203876646417,0.43314,0.42,82430633.0,84802565.0,https://www.sec.gov/Archives/edgar/data/821127/000082112718000044/0000821127-18-000044-index.htm,https://www.sec.gov/Archives/edgar/data/821127/000082112718000044/a2017q410-kbpfh.htm,1620589609,15:46:49,20210509
4,2016-12-31,BPFH,USD,2017-02-28,2017-02-28 16:18:17,FY,356363000.0,0.0,0.0,0.0,0.0,186566000.0,7626000.0,0.0,283000000.0,0.0,27201000.0,6282000.0,0.0,0.0,0.0,0.2839997418362737,0.0,101207000.0,0.2839997418362737,30963000.0,71628000.0,0.2009972976992561,0.831423,0.81,81264273.0,83209126.0,https://www.sec.gov/Archives/edgar/data/821127/000082112717000023/0000821127-17-000023-index.htm,https://www.sec.gov/Archives/edgar/data/821127/000082112717000023/a2016q410-kbpfh.htm,1620589609,15:46:49,20210509
5,2015-12-31,BPFH,USD,2016-02-26,2016-02-26 16:24:49,FY,346939000.0,0.0,0.0,0.0,0.0,183062000.0,9063000.0,0.0,278000000.0,0.0,27898000.0,6711000.0,0.0,0.0,0.0,0.2689608259665244,0.0,93313000.0,0.2689608259665244,30392000.0,64925000.0,0.1871366436174659,0.762155,0.74,81116055.0,83225153.0,https://www.sec.gov/Archives/edgar/data/821127/000082112716000158/0000821127-16-000158-index.htm,https://www.sec.gov/Archives/edgar/data/821127/000082112716000158/a2015q410-kbpfh.htm,1620589609,15:46:49,20210509
6,2014-12-31,BPFH,USD,2015-03-02,2015-03-02 15:29:33,FY,320499000.0,0.0,0.0,0.0,0.0,166869000.0,7989000.0,0.0,247000000.0,0.0,27141000.0,4836000.0,0.0,0.0,0.0,0.31129582307589104,0.0,99770000.0,0.31129582307589104,32365000.0,68815000.0,0.21471205838395752,0.81134,0.79,79605355.0,80879231.0,https://www.sec.gov/Archives/edgar/data/821127/000082112715000042/0000821127-15-000042-index.htm,https://www.sec.gov/Archives/edgar/data/821127/000082112715000042/a2014q410-kbpfh.htm,1620589609,15:46:49,20210509
7,2013-12-31,BPFH,USD,2014-02-28,2014-02-28 14:32:51,FY,299165000.0,0.0,0.0,0.0,0.0,161220000.0,7199000.0,0.0,240000000.0,0.0,29156000.0,4327000.0,0.0,0.0,0.0,0.3309177209900891,0.0,98999000.0,0.3309177209900891,32308000.0,70535000.0,0.23577290124178965,0.666578,0.666578,80859229.0,80859229.0,https://www.sec.gov/Archives/edgar/data/821127/000082112714000057/0000821127-14-000057-index.htm,https://www.sec.gov/Archives/edgar/data/821127/000082112714000057/a2013q410-kbpfh.htm,1620589609,15:46:49,20210509
8,2012-12-31,BPFH,USD,2013-03-12,2013-03-12 16:08:18,FY,294194000.0,0.0,0.0,0.0,0.0,165454000.0,7422000.0,0.0,263000000.0,0.0,40012000.0,4369000.0,0.0,0.0,0.0,0.23483823599393597,0.0,69088000.0,0.23483823599393597,20330000.0,53271000.0,0.18107439308755446,0.553724,0.553724,85186796.0,85186796.0,https://www.sec.gov/Archives/edgar/data/821127/000082112713000009/0000821127-13-000009-index.htm,https://www.sec.gov/Archives/edgar/data/821127/000082112713000009/a2012q410kbpfhdocument.htm,1620589609,15:46:49,20210509
9,2011-12-31,BPFH,USD,2012-03-13,2012-03-13 11:32:17,FY,303914000.0,0.0,0.0,0.0,0.0,158743000.0,6922000.0,0.0,290000000.0,0.0,50788000.0,5014000.0,0.0,0.0,0.0,0.16656356732496694,0.0,50621000.0,0.16656356732496694,14367000.0,39137000.0,0.12877656179050653,0.51,0.46,75169611.0,83451422.0,https://www.sec.gov/Archives/edgar/data/821127/000082112712000009/0000821127-12-000009-index.htm,https://www.sec.gov/Archives/edgar/data/821127/000082112712000009/a2011q4bpfh10k.htm,1620589609,15:46:49,20210509
10,2010-12-31,BPFH,USD,2011-03-11,2011-03-11 15:35:10,FY,292497000.0,0.0,0.0,0.0,0.0,157249000.0,7312000.0,0.0,387000000.0,0.0,69212000.0,5264000.0,0.0,0.0,0.0,-0.10781649042554282,0.0,-31536000.0,-0.10781649042554282,-19451000.0,-10970000.0,-0.037504658167434195,-0.29,-0.29,71321162.0,71321162.0,https://www.sec.gov/Archives/edgar/data/821127/000082112711000003/0000821127-11-000003-index.htm,https://www.sec.gov/Archives/edgar/data/821127/000082112711000003/bpfh1231201010k.htm,1620589609,15:46:49,20210509
11,2009-12-31,BPFH,USD,2010-03-12,2010-03-12 16:21:08,FY,285934000.0,0.0,0.0,0.0,0.0,142724000.0,6462000.0,0.0,368000000.0,0.0,99829000.0,8289000.0,0.0,0.0,0.0,0.06301104450677429,0.0,18017000.0,0.06301104450677429,1632000.0,5231000.0,0.018294431582113354,-0.52,-0.52,66696977.0,66696977.0,https://www.sec.gov/Archives/edgar/data/821127/000119312510055394/0001193125-10-055394-index.htm,https://www.sec.gov/Archives/edgar/data/821127/000119312510055394/d10k.htm,1620589609,15:46:49,20210509
12,2008-12-31,BPFH,USD,2009-03-11,2009-03-11 16:09:01,FY,431509000.0,0.0,0.0,0.0,0.0,202517000.0,10832000.0,0.0,677000000.0,0.0,170724000.0,16301000.0,0.0,0.0,0.0,-1.0609767119573403,0.0,-457821000.0,-1.0609767119573403,-69069000.0,-388752000.0,-0.9009128430693218,-8.87,-8.87,47528418.0,47528418.0,https://www.sec.gov/Archives/edgar/data/821127/000119312509050843/0001193125-09-050843-index.htm,https://www.sec.gov/Archives/edgar/data/821127/000119312509050843/d10k.htm,1620589609,15:46:49,20210509
13,2007-12-31,BPFH,USD,2008-03-14,2008-03-13 19:05:40,FY,403648000.0,0.0,0.0,0.0,0.0,195224000.0,11083000.0,0.0,379000000.0,0.0,181774000.0,16389000.0,0.0,0.0,0.0,0.0456387743776756,0.0,18422000.0,0.0456387743776756,14252000.0,4170000.0,0.010330783256698907,0.11352616319328787,0.10883372269010863,36731621.0,38315330.0,https://www.sec.gov/Archives/edgar/data/821127/000119312508055833/0001193125-08-055833-index.htm,https://www.sec.gov/Archives/edgar/data/821127/000119312508055833/d10k.htm,1620589609,15:46:49,20210509
14,2006-12-31,BPFH,USD,2007-02-28,2007-02-28 13:49:31,FY,344854000.0,0.0,0.0,0.0,0.0,176784000.0,8705000.0,0.0,387000000.0,0.0,126519000.0,26403000.0,0.0,0.0,0.0,0.24510952461041485,0.0,84527000.0,0.24510952461041485,30154000.0,54373000.0,0.15766962250691596,1.53,1.43,35452880.0,40089380.0,https://www.sec.gov/Archives/edgar/data/821127/000119312507042339/0001193125-07-042339-index.htm,https://www.sec.gov/Archives/edgar/data/821127/000119312507042339/d10k.htm,1620589609,15:46:49,20210509
15,2005-12-31,BPFH,USD,2006-03-10,2006-03-10 14:44:13,FY,263326000.0,0.0,0.0,0.0,0.0,118897000.0,6792000.0,0.0,255000000.0,0.0,61251000.0,23047000.0,0.0,0.0,0.0,0.279490061748555,0.0,73597000.0,0.279490061748555,27279000.0,46318000.0,0.17589603761117398,1.57,1.47,29425157.0,33666358.0,https://www.sec.gov/Archives/edgar/data/821127/000119312506050888/0001193125-06-050888-index.htm,https://www.sec.gov/Archives/edgar/data/821127/000119312506050888/d10k.htm,1620589609,15:46:49,20210509
16,2004-12-31,BPFH,USD,2005-03-15,2005-03-15 15:57:47,FY,196792000.0,0.0,0.0,0.0,0.0,93218000.0,5148000.0,0.0,0.0,0.0,32066000.0,12003000.0,0.0,0.0,0.0,0.2638674336355136,0.0,51927000.0,0.2638674336355136,18293000.0,33634000.0,0.17091141916338062,1.23,1.18,27313171.0,28963856.0,https://www.sec.gov/Archives/edgar/data/821127/000104746905006526/0001047469-05-006526-index.htm,https://www.sec.gov/Archives/edgar/data/821127/000104746905006526/a2153121z10-k.htm,1620589609,15:46:49,20210509
17,2003-12-31,BPFH,USD,2004-03-12,2004-03-12 17:25:03,FY,133849000.0,0.0,0.0,0.0,0.0,62668000.0,3647000.0,0.0,0.0,0.0,24915000.0,-21000.0,0.0,0.0,0.0,0.2587019701305202,0.0,34627000.0,0.2587019701305202,12804000.0,21823000.0,0.16304193531516858,0.96,0.92,22822608.0,23714644.0,https://www.sec.gov/Archives/edgar/data/821127/000104746904007754/0001047469-04-007754-index.htm,https://www.sec.gov/Archives/edgar/data/821127/000104746904007754/a2130497z10-k.htm,1620589609,15:46:49,20210509
18,2002-12-31,BPFH,USD,2003-03-07,2003-03-07 16:55:59,FY,115896000.0,0.0,0.0,0.0,0.0,52494000.0,3618000.0,0.0,0.0,0.0,26265000.0,2818000.0,0.0,0.0,0.0,0.2988714019465728,0.0,34638000.0,0.2988714019465728,10893000.0,23745000.0,0.20488196313936632,1.06,1.02,22412665.0,23357066.0,https://www.sec.gov/Archives/edgar/data/821127/000104746903008101/0001047469-03-008101-index.htm,https://www.sec.gov/Archives/edgar/data/821127/000104746903008101/a2104909z10-k.htm,1620589609,15:46:49,20210509
19,2001-12-31,BPFH,USD,2002-03-13,2002-03-13 00:00:00,FY,105429000.0,0.0,0.0,0.0,0.0,45952000.0,3282000.0,0.0,0.0,0.0,38321000.0,5116000.0,0.0,0.0,0.0,0.1940073414335714,0.0,20454000.0,0.1940073414335714,8118000.0,11546000.0,0.10951445996831992,0.52,0.5,22119726.0,23053052.0,https://www.sec.gov/Archives/edgar/data/821127/000091205702009831/0000912057-02-009831-index.htm,https://www.sec.gov/Archives/edgar/data/821127/000091205702009831/a2072761z10-k.htm,1620589609,15:46:49,20210509
20,2000-12-31,BPFH,USD,2001-03-01,2001-03-01 00:00:00,FY,56980000.0,0.0,0.0,0.0,0.0,27456000.0,2137000.0,0.0,0.0,0.0,26463000.0,1085000.0,0.0,0.0,0.0,0.24792909792909792,0.0,14127000.0,0.24792909792909792,4399000.0,9728000.0,0.17072657072657071,0.76,0.73,12734119.0,13322878.0,https://www.sec.gov/Archives/edgar/data/821127/000091205701007063/0000912057-01-007063-index.htm,https://www.sec.gov/Archives/edgar/data/821127/000091205701007063/a2040236z10-k.htm,1620589609,15:46:49,20210509
21,1999-12-31,BPFH,USD,1999-12-31,1999-12-31,FY,42500000.0,0.0,0.0,0.0,0.0,20800000.0,1500000.0,0.0,0.0,0.0,17400000.0,1400000.0,0.0,0.0,0.0,0.2564705882352941,0.0,10900000.0,0.2564705882352941,3600000.0,7400000.0,0.17411764705882352,0.62,0.6,11590757.0,11910444.0,,,1620589609,15:46:49,20210509
22,1998-12-31,BPFH,USD,1998-12-31,1998-12-31,FY,32300000.0,0.0,0.0,0.0,0.0,16400000.0,400000.0,0.0,0.0,0.0,15200000.0,1100000.0,0.0,0.0,0.0,0.26006191950464397,0.0,8400000.0,0.26006191950464397,2900000.0,5500000.0,0.17027863777089783,0.51,0.5,10718117.0,11122660.0,,,1620589609,15:46:49,20210509
23,1997-12-31,BPFH,USD,1997-12-31,1997-12-31,FY,25200000.0,0.0,0.0,0.0,0.0,11900000.0,300000.0,0.0,0.0,0.0,11300000.0,1000000.0,0.0,0.0,0.0,0.21428571428571427,0.0,5400000.0,0.21428571428571427,1900000.0,3500000.0,0.1388888888888889,0.33,0.32,10590000.0,10960000.0,,,1620589609,15:46:49,20210509
24,1996-12-31,BPFH,USD,1996-12-31,1996-12-31,FY,13100000.0,0.0,0.0,0.0,0.0,5500000.0,400000.0,0.0,0.0,0.0,9400000.0,600000.0,0.0,0.0,0.0,0.25190839694656486,0.0,3300000.0,0.25190839694656486,1100000.0,2200000.0,0.16793893129770993,0.44,0.43,5000000.0,5116279.0,,,1620589609,15:46:49,20210509
25,1995-12-31,BPFH,USD,1995-12-31,1995-12-31,FY,9700000.0,0.0,0.0,0.0,0.0,4100000.0,300000.0,0.0,0.0,0.0,8500000.0,500000.0,0.0,0.0,0.0,0.18556701030927836,0.0,1800000.0,0.18556701030927836,100000.0,1700000.0,0.17525773195876287,0.48,0.47,5714286.0,5714286.0,,,1620589609,15:46:49,20210509
26,1994-12-31,BPFH,USD,1994-12-31,1994-12-31,FY,6400000.0,0.0,0.0,0.0,0.0,2800000.0,0.0,0.0,0.0,0.0,4600000.0,300000.0,0.0,0.0,0.0,0.140625,0.0,900000.0,0.140625,-300000.0,1200000.0,0.1875,0.26,0.26,4615385.0,4615385.0,,,1620589609,15:46:49,20210509
27,1993-12-31,BPFH,USD,1993-12-31,1993-12-31,FY,3700000.0,0.0,0.0,0.0,0.0,1800000.0,0.0,0.0,0.0,0.0,2100000.0,300000.0,0.0,0.0,0.0,0.02702702702702703,0.0,100000.0,0.02702702702702703,-400000.0,500000.0,0.13513513513513514,0.15,0.15,5567000.0,5567000.0,,,1620589609,15:46:49,20210509
