,date,symbol,reportedCurrency,fillingDate,acceptedDate,period,revenue,costOfRevenue,grossProfit,grossProfitRatio,researchAndDevelopmentExpenses,generalAndAdministrativeExpenses,sellingAndMarketingExpenses,otherExpenses,operatingExpenses,costAndExpenses,interestExpense,depreciationAndAmortization,ebitda,ebitdaratio,operatingIncome,operatingIncomeRatio,totalOtherIncomeExpensesNet,incomeBeforeTax,incomeBeforeTaxRatio,incomeTaxExpense,netIncome,netIncomeRatio,eps,epsdiluted,weightedAverageShsOut,weightedAverageShsOutDil,link,finalLink,timestamp,est_time,est_date
0,2020-12-31,0174.HK,HKD,2020-12-31,2020-12-31,FY,603856000,193293000.0,410563000.0,0.6799021621048726,0.0,129153000.0,0.0,139675000.0,0.0,322446000,187479000.0,10137000.0,291547000.0,0.48280881534670517,281410000.0,0.46602170053787656,0.0,-137456000.0,-0.22763042844651704,95780000.0,-233036000.0,-0.3859131978484937,-0.5162630984292962,-0.5162630984292962,451390000,451390000,https://www1.hkexnews.hk/search/titlesearch.xhtml,https://www1.hkexnews.hk/search/titlesearch.xhtml,1620584572,14:22:52,20210509
1,2019-12-31,0174.HK,HKD,2019-12-31,2019-12-31,FY,115499000,69403000.0,46096000.0,0.39910302253699165,0.0,22481000.0,0.0,-32323000.0,0.0,98969000,16864000.0,3231000.0,19761000.0,0.17109239041030658,16530000.0,0.14311812223482454,0.0,-52648000.0,-0.4558307864137352,-687000.0,-94713000.0,-0.8200330738794275,-0.21,-0.21,451390000,451390000,https://www1.hkexnews.hk/search/titlesearch.xhtml,https://www1.hkexnews.hk/search/titlesearch.xhtml,1620584572,14:22:52,20210509
2,2018-12-31,0174.HK,HKD,2018-12-31,2018-12-31,FY,189815000,26479000.0,163336000.0,0.8605010141453521,0.0,0.0,0.0,-81376000.0,0.0,28422000,27726000.0,1943000.0,163336000.0,0.8605010141453521,161393000.0,0.8502647314490425,0.0,43397000.0,0.22862787450939073,12664000.0,12229000.0,0.06442588836498696,0.03,0.01,451237000,743107000,https://www1.hkexnews.hk/search/titlesearch.xhtml,https://www1.hkexnews.hk/search/titlesearch.xhtml,1620584572,14:22:52,20210509
3,2017-12-31,0174.HK,HKD,2017-12-31,2017-12-31,FY,55565000,31495000.0,24070000.0,0.43318635831908575,0.0,0.0,0.0,-77858000.0,0.0,31984000,85959000.0,489000.0,24070000.0,0.43318635831908575,23581000.0,0.4243858544047512,0.0,-72341000.0,-1.3019166741653918,14677000.0,-87018000.0,-1.5660577701790697,-0.19,-0.19,450990000,450990000,https://www1.hkexnews.hk/search/titlesearch.xhtml,https://www1.hkexnews.hk/search/titlesearch.xhtml,1620584572,14:22:52,20210509
4,2016-12-31,0174.HK,HKD,2016-12-31,2016-12-31,FY,83097000,17529000.0,65568000.0,0.7890537564533016,0.0,0.0,0.0,-45335000.0,0.0,19400000,245325000.0,1143000.0,64840000.0,0.7802929106947303,63697000.0,0.7665379014886218,0.0,-248109000.0,-2.985775659771111,5269000.0,-253378000.0,-3.0491834843616497,-0.56,-0.56,450990000,450990000,https://www1.hkexnews.hk/search/titlesearch.xhtml,https://www1.hkexnews.hk/search/titlesearch.xhtml,1620584572,14:22:52,20210509
5,2015-12-31,0174.HK,HKD,2015-12-31,2015-12-31,FY,22633000,23350000.0,-717000.0,-0.031679406176821454,0.0,0.0,0.0,-36566000.0,0.0,30399000,88524000.0,1785000.0,-5981000.0,-0.26426015110679096,-7766000.0,-0.34312729200724607,0.0,-1133009000.0,-50.060045066937654,2238000.0,-1135247000.0,-50.15892723015067,-2.52,-2.52,449825753,449825753,https://www1.hkexnews.hk/search/titlesearch.xhtml,https://www1.hkexnews.hk/search/titlesearch.xhtml,1620584572,14:22:52,20210509
6,2014-12-31,0174.HK,HKD,2014-12-31,2014-12-31,FY,91915000,69421000.0,22494000.0,0.24472610564108144,0.0,0.0,0.0,-107329000.0,0.0,76729000,34622000.0,2246000.0,17432000.0,0.18965348419735625,15186000.0,0.16521786433117555,0.0,-144738000.0,-1.574694010770821,100000.0,-144838000.0,-1.575781972474569,-0.3248,-0.3248,445913151,445913151,https://www1.hkexnews.hk/search/titlesearch.xhtml,https://www1.hkexnews.hk/search/titlesearch.xhtml,1620584572,14:22:52,20210509
7,2013-12-31,0174.HK,HKD,2013-12-31,2013-12-31,FY,186676000,172838000.0,13838000.0,0.07412843643532109,0.0,0.0,0.0,-14202000.0,0.0,187189000,24527000.0,409000.0,-104000.0,-0.0005571150013927875,-513000.0,-0.0027480768818701922,0.0,43868000.0,0.23499539308748849,4715000.0,39153000.0,0.20973772739934432,0.0879,0.0875,445500000,447514000,https://www1.hkexnews.hk/search/titlesearch.xhtml,https://www1.hkexnews.hk/search/titlesearch.xhtml,1620584572,14:22:52,20210509
8,2012-12-31,0174.HK,HKD,2012-12-31,2012-12-31,FY,50545000,33142000.0,17403000.0,0.3443070531209813,0.0,0.0,0.0,-9957000.0,0.0,41166000,16682000.0,186000.0,9565000.0,0.18923731328519142,9379000.0,0.18555742407755466,0.0,8644000.0,0.17101592640221586,1999000.0,6645000.0,0.13146700959541002,0.0149,0.0149,445500000,445500000,https://www1.hkexnews.hk/search/titlesearch.xhtml,https://www1.hkexnews.hk/search/titlesearch.xhtml,1620584572,14:22:52,20210509
9,2011-12-31,0174.HK,HKD,2011-12-31,2011-12-31,FY,12872000,0.0,0.0,0.0,0.0,0.0,0.0,0.0,0.0,18082000,0.0,130000.0,-5080000.0,-0.39465506525792415,-5210000.0,-0.40475450590428835,0.0,-16527000.0,-1.283949658172778,1752000.0,-18699000.0,-1.4526880049720323,-0.042,-0.042,445500000,445500000,https://www1.hkexnews.hk/search/titlesearch.xhtml,https://www1.hkexnews.hk/search/titlesearch.xhtml,1620584572,14:22:52,20210509
10,2010-12-31,0174.HK,HKD,2010-12-31,2010-12-31,FY,18727000,0.0,0.0,0.0,0.0,0.0,0.0,-32214000.0,0.0,21549000,0.0,682000.0,-2140000.0,-0.11427350883750734,-2822000.0,-0.15069151492497462,0.0,-24965000.0,-1.3331019383777434,1372000.0,-29490000.0,-1.5747316708495755,-0.0662,-0.0662,445500000,445500000,https://www1.hkexnews.hk/search/titlesearch.xhtml,https://www1.hkexnews.hk/search/titlesearch.xhtml,1620584572,14:22:52,20210509
11,2009-12-31,0174.HK,HKD,2009-12-31,2009-12-31,FY,964715000,914107000.0,50608000.0,0.05245901639344262,0.0,0.0,0.0,75904000.0,0.0,959197000,2201000.0,1712000.0,7230000.0,0.007494441363511503,5518000.0,0.005719823989468392,0.0,95941000.0,0.09945009666067181,10262000.0,79711000.0,0.08262647517660657,0.1789,0.1789,445500000,445500000,https://www1.hkexnews.hk/search/titlesearch.xhtml,https://www1.hkexnews.hk/search/titlesearch.xhtml,1620584572,14:22:52,20210509
12,2008-12-31,0174.HK,HKD,2008-12-31,2008-12-31,FY,1782553000,1734876000.0,47677000.0,0.026746469810434808,0.0,0.0,0.0,0.0,0.0,1822437000,0.0,1951000.0,-37933000.0,-0.021280152679892268,-39884000.0,-0.022374650290902992,0.0,-87146000.0,-0.04888830794932886,1812000.0,-89227000.0,-0.05005573466819781,-0.2003,-0.2003,445500000,445500000,https://www1.hkexnews.hk/search/titlesearch.xhtml,https://www1.hkexnews.hk/search/titlesearch.xhtml,1620584572,14:22:52,20210509
13,2007-12-31,0174.HK,HKD,2007-12-31,2007-12-31,FY,2771092000,2695690000.0,75402000.0,0.027210211714371085,0.0,0.0,0.0,-19398000.0,0.0,2698329000,26337000.0,2639000.0,75402000.0,0.027210211714371085,72763000.0,0.02625787956516781,0.0,111799000.0,0.04034474495974872,9953000.0,94974000.0,0.03427313131429776,0.2132,0.2132,445500000,445500000,https://www1.hkexnews.hk/search/titlesearch.xhtml,https://www1.hkexnews.hk/search/titlesearch.xhtml,1620584572,14:22:52,20210509
14,2006-12-31,0174.HK,HKD,2006-12-31,2006-12-31,FY,2240998000,2138242000.0,102756000.0,0.04585278523229382,0.0,0.0,0.0,-20638000.0,0.0,2140907000,15574000.0,2665000.0,102756000.0,0.04585278523229382,100091000.0,0.04466358292153764,0.0,90099000.0,0.040204855158282156,9923000.0,77637000.0,0.034643939887496554,0.1743,0.1743,445421687,445421687,https://www1.hkexnews.hk/search/titlesearch.xhtml,https://www1.hkexnews.hk/search/titlesearch.xhtml,1620584572,14:22:52,20210509
15,2005-12-31,0174.HK,HKD,2005-12-31,2005-12-31,FY,1964169000,38271000.0,1925898000.0,0.9805154240801072,0.0,0.0,0.0,0.0,0.0,41006000,0.0,2735000.0,1925898000.0,0.9805154240801072,1923163000.0,0.9791229777071118,0.0,81289000.0,0.04138594998699195,11881000.0,69408000.0,0.03533708148331432,0.24,0.24,445500000,445500000,https://www1.hkexnews.hk/search/titlesearch.xhtml,https://www1.hkexnews.hk/search/titlesearch.xhtml,1620584572,14:22:52,20210509
16,2004-12-31,0174.HK,HKD,2004-12-31,2004-12-31,FY,1770634000,29164000.0,1741470000.0,0.9835290636009475,0.0,0.0,0.0,0.0,0.0,1700255000,0.0,2165000.0,72544000.0,0.04097063537693278,70379000.0,0.039747909505860615,0.0,62031000.0,0.03503321409167564,9297000.0,51362000.0,0.02900768877136664,0.1153,0.1153,445464007,445464007,https://www1.hkexnews.hk/search/titlesearch.xhtml,https://www1.hkexnews.hk/search/titlesearch.xhtml,1620584572,14:22:52,20210509
17,2003-12-31,0174.HK,HKD,2003-12-31,2003-12-31,FY,1224230000,1184116000.0,40114000.0,0.03276671867214494,0.0,0.0,0.0,0.0,0.0,1216636000,0.0,1970000.0,9564000.0,0.007812257500633051,7594000.0,0.006203082754057653,0.0,46300000.0,0.037819690744386264,6029000.0,38707000.0,0.03161742483030149,0.0869,0.0869,445420023,445420023,https://www1.hkexnews.hk/search/titlesearch.xhtml,https://www1.hkexnews.hk/search/titlesearch.xhtml,1620584572,14:22:52,20210509
18,2002-12-31,0174.HK,HKD,2002-12-31,2002-12-31,FY,1072821000,1010766000.0,62055000.0,0.05784282746143112,0.0,0.0,0.0,0.0,0.0,1055279000,0.0,2495000.0,20037000.0,0.018676927465066398,17542000.0,0.016351283205679232,0.0,8527000.0,0.007948203847612976,3884000.0,4152000.0,0.003870170326643494,0.009,0.009,461333333,461333333,https://www1.hkexnews.hk/search/titlesearch.xhtml,https://www1.hkexnews.hk/search/titlesearch.xhtml,1620584572,14:22:52,20210509
19,2001-12-31,0174.HK,HKD,2001-12-31,2001-12-31,FY,860920000,783499000.0,77421000.0,0.08992821632672025,0.0,0.0,0.0,0.0,0.0,821329000,0.0,2893000.0,42484000.0,0.0493472099614366,39591000.0,0.045986851275379825,0.0,36524000.0,0.04242438321795289,4640000.0,30756000.0,0.03572457371184314,0.069,0.069,445739130,445739130,https://www1.hkexnews.hk/search/titlesearch.xhtml,https://www1.hkexnews.hk/search/titlesearch.xhtml,1620584572,14:22:52,20210509
20,2000-12-31,0174.HK,HKD,2000-12-31,2000-12-31,FY,1053704000,19490000.0,1034214000.0,0.9815033443927327,0.0,0.0,0.0,0.0,0.0,992044000,0.0,3403000.0,65063000.0,0.061746942215271085,61660000.0,0.05851738249071846,0.0,48208000.0,0.0457509888925163,2946000.0,43878000.0,0.04164167546104029,0.098,0.098,447734694,447734694,https://www1.hkexnews.hk/search/titlesearch.xhtml,https://www1.hkexnews.hk/search/titlesearch.xhtml,1620584572,14:22:52,20210509
21,1999-12-31,0174.HK,HKD,1999-12-31,1999-12-31,FY,1223055000,9625000.0,1213430000.0,0.9921303620851065,0.0,0.0,0.0,0.0,0.0,1130640000,0.0,3507000.0,95922000.0,0.07842819824128923,92415000.0,0.07556078835375352,0.0,85669000.0,0.07004509200322144,6810000.0,78032000.0,0.06380089202856781,0.175,0.175,445897143,445897143,https://www1.hkexnews.hk/search/titlesearch.xhtml,https://www1.hkexnews.hk/search/titlesearch.xhtml,1620584572,14:22:52,20210509
22,1998-12-31,0174.HK,HKD,1998-12-31,1998-12-31,FY,1826177000,21111000.0,1805066000.0,0.9884397843144449,0.0,0.0,0.0,0.0,0.0,1734594000,0.0,3152000.0,94735000.0,0.051876132488800374,91583000.0,0.0501501223594427,0.0,82050000.0,0.04492992738381876,7540000.0,69508000.0,0.03806202794143174,0.156,0.156,445564103,445564103,https://www1.hkexnews.hk/search/titlesearch.xhtml,https://www1.hkexnews.hk/search/titlesearch.xhtml,1620584572,14:22:52,20210509
