,date,symbol,reportedCurrency,fillingDate,acceptedDate,period,revenue,costOfRevenue,grossProfit,grossProfitRatio,researchAndDevelopmentExpenses,generalAndAdministrativeExpenses,sellingAndMarketingExpenses,otherExpenses,operatingExpenses,costAndExpenses,interestExpense,depreciationAndAmortization,ebitda,ebitdaratio,operatingIncome,operatingIncomeRatio,totalOtherIncomeExpensesNet,incomeBeforeTax,incomeBeforeTaxRatio,incomeTaxExpense,netIncome,netIncomeRatio,eps,epsdiluted,weightedAverageShsOut,weightedAverageShsOutDil,link,finalLink,timestamp,est_time,est_date
0,2019-12-31,VERB,USD,2020-05-14,2020-05-14 17:05:36,FY,9100000.0,4870000.0,4230000.0,0.46483516483516485,4312000.0,14710000.0,0.0,-11000.0,20064000.0,24934000.0,1844000.0,1042000.0,-14792000.0,-1.6254945054945056,-15834000.0,-1.74,3387000.0,-15916000.0,-1.749010989010989,2000.0,-15918000.0,-1.7492307692307691,-0.79,-0.79,20186249.0,20186249.0,https://www.sec.gov/Archives/edgar/data/1566610/000149315220008807/form10-k.htm,https://www.sec.gov/Archives/edgar/data/1566610/000149315220008807/form10-k.htm,1620599470,18:31:10,20210509
1,2018-12-31,VERB,USD,2019-02-07 00:00:00,2019-02-07 09:01:51,FY,32000.0,52000.0,-20000.0,-0.625,980000.0,6792000.0,0.0,-5000.0,7772000.0,7824000.0,1830000.0,20000.0,-7772000.0,-242.875,-7792000.0,-243.5,-1706000.0,-12126000.0,-378.9375,1000.0,-12127000.0,-378.96875,-1.229994,-1.229994,9870890.0,9870890.0,https://www.sec.gov/Archives/edgar/data/1566610/000149315219001508/0001493152-19-001508-index.html,https://www.sec.gov/Archives/edgar/data/1566610/000149315219001508/form10-k.htm,1620599470,18:31:10,20210509
2,2017-12-31,VERB,USD,2018-04-02 00:00:00,2018-04-02 16:06:56,FY,5914.0,0.0,0.0,0.0,375220.0,4327529.0,0.0,20099.0,4702749.0,4702749.0,973433.0,21512.0,-4675323.0,-790.5517416300304,-4696835.0,-794.1892120392289,-951204.0,-7264953.0,-1228.43304024349,1600.0,-7266553.0,-1228.7035847142374,-1.049995,-1.049995,7076575.0,7076575.0,https://www.sec.gov/Archives/edgar/data/1566610/000149315218004470/0001493152-18-004470-index.html,https://www.sec.gov/Archives/edgar/data/1566610/000149315218004470/form10-k.htm,1620599470,18:31:10,20210509
3,2016-12-31,VERB,USD,2017-03-31 00:00:00,2017-03-31 15:01:42,FY,0.0,0.0,0.0,0.0,257803.0,0.0,0.0,0.0,3130988.0,3130988.0,739174.0,21301.0,-3109687.0,0.0,-3130988.0,0.0,-403077.0,-4273239.0,0.0,866.0,-4274105.0,0.0,-0.749996,-0.749996,5306837.0,5306837.0,https://www.sec.gov/Archives/edgar/data/1566610/000149315217003155/0001493152-17-003155-index.html,https://www.sec.gov/Archives/edgar/data/1566610/000149315217003155/form10-k.htm,1620599470,18:31:10,20210509
4,2015-12-31,VERB,USD,2016-03-30 00:00:00,2016-03-30 10:56:38,FY,0.0,0.0,0.0,0.0,81588.0,0.0,0.0,0.0,5416152.0,5416152.0,0.0,362626.0,-5053526.0,0.0,-5416152.0,0.0,-1387100.0,-6955228.0,0.0,0.0,-6955228.0,0.0,-1.649992,-1.649992,4180545.0,4180545.0,https://www.sec.gov/Archives/edgar/data/1566610/000149315216008379/0001493152-16-008379-index.html,https://www.sec.gov/Archives/edgar/data/1566610/000149315216008379/form10-k.htm,1620599470,18:31:10,20210509
5,2014-12-31,VERB,USD,2015-03-31,2015-03-31 16:00:54,FY,0.0,0.0,0.0,0.0,156762.0,0.0,0.0,0.0,4864925.0,4864925.0,314316.0,14668.0,-4850257.0,0.0,-4864925.0,0.0,0.0,-5179241.0,0.0,0.0,-5179241.0,0.0,-1.94999,-1.94999,2738643.0,2738643.0,https://www.sec.gov/Archives/edgar/data/1566610/000155724015000213/dec3114-bbth_10k.htm,https://www.sec.gov/Archives/edgar/data/1566610/000155724015000213/dec3114-bbth_10k.htm,1620599470,18:31:10,20210509
6,2013-11-30,VERB,USD,2014-02-28,2014-02-28 15:50:48,FY,6966.0,0.0,6966.0,1.0,0.0,0.0,0.0,0.0,25210.0,25210.0,0.0,0.0,-18244.0,-2.6190066035027275,-18244.0,-2.6190066035027275,0.0,-18244.0,-2.6190066035027275,0.0,-18244.0,-2.6190066035027275,-0.03311677821161411,-0.03311677821161411,550899.0,550899.0,https://www.sec.gov/Archives/edgar/data/1566610/000116552714000122/g7290.htm,https://www.sec.gov/Archives/edgar/data/1566610/000116552714000122/g7290.htm,1620599470,18:31:10,20210509
