,date,symbol,reportedCurrency,fillingDate,acceptedDate,period,revenue,costOfRevenue,grossProfit,grossProfitRatio,researchAndDevelopmentExpenses,generalAndAdministrativeExpenses,sellingAndMarketingExpenses,otherExpenses,operatingExpenses,costAndExpenses,interestExpense,depreciationAndAmortization,ebitda,ebitdaratio,operatingIncome,operatingIncomeRatio,totalOtherIncomeExpensesNet,incomeBeforeTax,incomeBeforeTaxRatio,incomeTaxExpense,netIncome,netIncomeRatio,eps,epsdiluted,weightedAverageShsOut,weightedAverageShsOutDil,link,finalLink,timestamp,est_time,est_date
0,2019-12-31,AEX.L,USD,2019-12-31,2019-12-31,FY,357000.0,806000.0,-449000.0,-1.257703081232493,0.0,2411000.0,0.0,0.0,2411000.0,3217000.0,82000.0,240000.0,-2620000.0,-7.338935574229692,-2860000.0,-8.011204481792717,0.0,-15231000.0,-42.66386554621849,0.0,-15231000.0,-42.66386554621849,-0.0041,-0.0041,3757787000.0,3757787000.0,https://find-and-update.company-information.service.gov.uk/search/companies?q=Aminex+PLC,https://find-and-update.company-information.service.gov.uk/search/companies?q=Aminex+PLC,1620586256,14:50:56,20210509
1,2018-12-31,AEX.L,USD,2018-12-31,2018-12-31,FY,617000.0,2017000.0,-1400000.0,-2.2690437601296596,0.0,3636000.0,0.0,0.0,3636000.0,5653000.0,64000.0,58000.0,-4978000.0,-8.06807131280389,-5036000.0,-8.162074554294975,0.0,-48509000.0,-78.62074554294976,0.0,-48509000.0,-78.62074554294976,-0.0133,-0.0133,3643458000.0,3643458000.0,https://find-and-update.company-information.service.gov.uk/search/companies?q=Aminex+PLC,https://find-and-update.company-information.service.gov.uk/search/companies?q=Aminex+PLC,1620586256,14:50:56,20210509
2,2017-12-31,AEX.L,USD,2017-12-31,2017-12-31,FY,6633000.0,5463000.0,1170000.0,0.17639077340569878,0.0,2291000.0,0.0,0.0,2291000.0,7754000.0,619000.0,4566000.0,3445000.0,0.5193728328056686,-1121000.0,-0.1690034675109302,0.0,-2278000.0,-0.3434343434343434,0.0,-2278000.0,-0.3434343434343434,-0.0006,-0.0006,3578729000.0,3578729000.0,https://find-and-update.company-information.service.gov.uk/search/companies?q=Aminex+PLC,https://find-and-update.company-information.service.gov.uk/search/companies?q=Aminex+PLC,1620586256,14:50:56,20210509
3,2016-12-31,AEX.L,USD,2016-12-31,2016-12-31,FY,4934000.0,1699000.0,3235000.0,0.655654641264694,0.0,2840000.0,0.0,0.0,2370000.0,4069000.0,1297000.0,11000.0,876000.0,0.17754357519254155,865000.0,0.17531414673692744,0.0,-2534000.0,-0.5135792460478313,0.0,-2534000.0,-0.5135792460478313,-0.001,-0.001,2600190000.0,2600190000.0,https://find-and-update.company-information.service.gov.uk/search/companies?q=Aminex+PLC,https://find-and-update.company-information.service.gov.uk/search/companies?q=Aminex+PLC,1620586256,14:50:56,20210509
4,2015-12-31,AEX.L,USD,2015-12-31,2015-12-31,FY,350000.0,356000.0,-6000.0,-0.017142857142857144,0.0,1615000.0,0.0,0.0,1615000.0,1971000.0,1686000.0,15000.0,-1606000.0,-4.588571428571429,-1621000.0,-4.631428571428572,0.0,-3778000.0,-10.794285714285714,0.0,-3778000.0,-10.794285714285714,-0.002,-0.002,1934014000.0,1934014000.0,https://find-and-update.company-information.service.gov.uk/search/companies?q=Aminex+PLC,https://find-and-update.company-information.service.gov.uk/search/companies?q=Aminex+PLC,1620586256,14:50:56,20210509
5,2014-12-31,AEX.L,USD,2014-12-31,2014-12-31,FY,444000.0,421000.0,23000.0,0.0518018018018018,0.0,2795000.0,0.0,0.0,2795000.0,3216000.0,2237000.0,9000.0,-2763000.0,-6.222972972972973,-2772000.0,-6.243243243243243,0.0,-5865000.0,-13.20945945945946,0.0,-7008000.0,-15.783783783783784,-0.0041,-0.0041,1704114000.0,1704114000.0,https://find-and-update.company-information.service.gov.uk/search/companies?q=Aminex+PLC,https://find-and-update.company-information.service.gov.uk/search/companies?q=Aminex+PLC,1620586256,14:50:56,20210509
6,2013-12-31,AEX.L,USD,2013-12-31,2013-12-31,FY,2276000.0,10763000.0,-8487000.0,-3.7289103690685415,0.0,3171000.0,0.0,0.0,4110000.0,14873000.0,4571000.0,939000.0,-11658000.0,-5.122144112478032,-12597000.0,-5.534710017574692,0.0,-17277000.0,-7.590949033391916,0.0,-17277000.0,-7.590949033391916,-0.0211,-0.0211,818658000.0,818658000.0,https://find-and-update.company-information.service.gov.uk/search/companies?q=Aminex+PLC,https://find-and-update.company-information.service.gov.uk/search/companies?q=Aminex+PLC,1620586256,14:50:56,20210509
7,2012-12-31,AEX.L,USD,2012-12-31,2012-12-31,FY,4914000.0,3298000.0,1616000.0,0.32885632885632887,0.0,3879000.0,0.0,-186000.0,5613000.0,8911000.0,180000.0,1734000.0,-2263000.0,-0.46052096052096053,-3997000.0,-0.8133903133903134,0.0,-5333000.0,-1.0852665852665853,0.0,-5333000.0,-1.0852665852665853,-0.0065,-0.0065,818658000.0,818658000.0,https://find-and-update.company-information.service.gov.uk/search/companies?q=Aminex+PLC,https://find-and-update.company-information.service.gov.uk/search/companies?q=Aminex+PLC,1620586256,14:50:56,20210509
8,2011-12-31,AEX.L,USD,2011-12-31,2011-12-31,FY,9328865.2,5592645.6,3736219.6,0.40050097411633734,0.0,0.0,0.0,0.0,5786077.4,11378723.0,0.0,37647.8,-2012210.0,-0.21569718897856946,-2049857.8,-0.21973281380462012,0.0,-894459.8,-0.09588087948789314,0.0,-894459.8,-0.09588087948789314,-0.001,-0.001,728145000.0,728145000.0,https://find-and-update.company-information.service.gov.uk/search/companies?q=Aminex+PLC,https://find-and-update.company-information.service.gov.uk/search/companies?q=Aminex+PLC,1620586256,14:50:56,20210509
9,2010-12-31,AEX.L,USD,2010-12-31,2010-12-31,FY,7080964.8,5174551.2,1906413.6,0.2692307692307693,0.0,0.0,0.0,237463.2,6161968.8,11336520.0,1341.6,79154.4,-4176400.8000000003,-0.5898067449791589,-4255555.2,-0.6009852216748769,0.0,-4494360.0,-0.6347101174687382,0.0,-4494360.0,-0.6347101174687382,-0.010745,-0.010745,435845020.0,435845020.0,https://find-and-update.company-information.service.gov.uk/search/companies?q=Aminex+PLC,https://find-and-update.company-information.service.gov.uk/search/companies?q=Aminex+PLC,1620586256,14:50:56,20210509
10,2009-12-31,AEX.L,USD,2009-12-31,2009-12-31,FY,7848582.3,6976837.8,871744.5,0.11107031393427574,0.0,0.0,0.0,0.0,3221852.4,10198690.2,1440.9,50431.5,-2299676.4,-0.29300532403157703,-2350107.9,-0.29943087938314666,0.0,-2894768.1,-0.36882687718009916,0.0,-2894768.1,-0.36882687718009916,-0.008791,-0.008791,322658278.0,322658278.0,https://find-and-update.company-information.service.gov.uk/search/companies?q=Aminex+PLC,https://find-and-update.company-information.service.gov.uk/search/companies?q=Aminex+PLC,1620586256,14:50:56,20210509
11,2008-12-31,AEX.L,USD,2008-12-31,2008-12-31,FY,10177318.2,7244397.6,2932920.6,0.28818206745270086,0.0,0.0,0.0,0.0,7611361.5,14855759.1,4185.9,79532.1,-4598908.800000001,-0.451878256100905,-4678440.9,-0.45969289827255283,0.0,-9662452.5,-0.9494104743624898,0.0,-9662452.5,-0.9494104743624898,-0.039072,-0.039072,247865881.0,247865881.0,https://find-and-update.company-information.service.gov.uk/search/companies?q=Aminex+PLC,https://find-and-update.company-information.service.gov.uk/search/companies?q=Aminex+PLC,1620586256,14:50:56,20210509
12,2007-12-31,AEX.L,USD,2007-12-31,2007-12-31,FY,9303463.7,7812023.8,1491439.9,0.16031017566070582,0.0,0.0,0.0,0.0,4949872.6,12761896.4,1472.3,89810.3,-3368622.4000000004,-0.36208260800759623,-3458432.7,-0.3717360341826239,0.0,-3268506.0,-0.351321411615762,0.0,-3268506.0,-0.351321411615762,-0.015629,-0.015629,211677696.0,211677696.0,https://find-and-update.company-information.service.gov.uk/search/companies?q=Aminex+PLC,https://find-and-update.company-information.service.gov.uk/search/companies?q=Aminex+PLC,1620586256,14:50:56,20210509
13,2006-12-31,AEX.L,USD,2006-12-31,2006-12-31,FY,5018563.2,3401499.9,1617063.3,0.32221638655462187,0.0,0.0,0.0,0.0,4414965.0,7816464.9,1317.9,430953.3,-2366948.4000000004,-0.4716386554621849,-2797901.7,-0.5575105042016807,0.0,-2862478.8,-0.5703781512605042,0.0,-2862478.8,-0.5703781512605042,-0.015764,-0.015764,177170188.0,177170188.0,https://find-and-update.company-information.service.gov.uk/search/companies?q=Aminex+PLC,https://find-and-update.company-information.service.gov.uk/search/companies?q=Aminex+PLC,1620586256,14:50:56,20210509
14,2005-12-31,AEX.L,USD,2005-12-31,2005-12-31,FY,3000393.6,2038003.2,962390.4,0.32075471698113206,0.0,0.0,0.0,0.0,5876950.2,7914953.4,10614.6,996593.0,-3917966.8,-1.3058176100628929,-4914559.8,-1.6379716981132075,0.0,-4979426.8,-1.6595911949685533,0.0,-4979426.8,-1.6595911949685533,-0.035237,-0.035237,139582359.0,139582359.0,https://find-and-update.company-information.service.gov.uk/search/companies?q=Aminex+PLC,https://find-and-update.company-information.service.gov.uk/search/companies?q=Aminex+PLC,1620586256,14:50:56,20210509
15,2004-12-31,AEX.L,USD,2004-12-31,2004-12-31,FY,5383786.5,3182197.5,2201589.0,0.4089294774226281,0.0,0.0,0.0,0.0,6629350.5,9811548.0,28680.75,1289268.0,-3138493.5,-0.5829528158295282,-4427761.5,-0.8224251648909183,0.0,-4508340.75,-0.8373921867072552,0.0,-4508340.75,-0.8373921867072552,-0.04451,-0.04451,100307903.0,100307903.0,https://find-and-update.company-information.service.gov.uk/search/companies?q=Aminex+PLC,https://find-and-update.company-information.service.gov.uk/search/companies?q=Aminex+PLC,1620586256,14:50:56,20210509
16,2003-12-31,AEX.L,USD,2003-12-31,2003-12-31,FY,7760486.4,4361484.3,3399002.1,0.43798828125,0.0,0.0,0.0,8841.7,3458367.8,7819852.1,39156.1,1165841.3,1106475.6,0.142578125,-59365.7,-0.007649739583333332,0.0,-4132863.2,-0.5325520833333334,0.0,-4132863.2,-0.5325520833333334,-0.041728,-0.041728,98033545.0,98033545.0,https://find-and-update.company-information.service.gov.uk/search/companies?q=Aminex+PLC,https://find-and-update.company-information.service.gov.uk/search/companies?q=Aminex+PLC,1620586256,14:50:56,20210509
17,2002-12-31,AEX.L,USD,2002-12-31,2002-12-31,FY,3495999.06,2316335.31,1179663.75,0.3374325134973005,0.0,0.0,0.0,-623911.05,4181776.92,6498112.23,40895.01,922759.2,-2079353.97,-0.5947810437912417,-3002113.17,-0.8587282543491301,0.0,-4822465.41,-1.3794241151769646,126879.39,-4949344.8,-1.4157168566286742,-0.052856,-0.052856,94191186.0,94191186.0,https://find-and-update.company-information.service.gov.uk/search/companies?q=Aminex+PLC,https://find-and-update.company-information.service.gov.uk/search/companies?q=Aminex+PLC,1620586256,14:50:56,20210509
18,2001-12-31,AEX.L,USD,2001-12-31,2001-12-31,FY,11305408.8,7272787.2,4032621.6,0.35669843270063795,0.0,0.0,0.0,6019104.0,10862880.0,18135667.2,193216.8,1732718.4,-5097540.0,-0.4508939119477042,-6830258.4,-0.6041584626289674,0.0,5591712.0,0.49460502480901,318763.2,4940829.6,0.43703236985114585,0.060274,0.059347,82533621.0,83293897.0,https://find-and-update.company-information.service.gov.uk/search/companies?q=Aminex+PLC,https://find-and-update.company-information.service.gov.uk/search/companies?q=Aminex+PLC,1620586256,14:50:56,20210509
19,2000-12-31,AEX.L,USD,2000-12-31,2000-12-31,FY,19001027.2,0.0,19001027.2,1.0,0.0,0.0,0.0,989459.32,17328851.6,17328851.6,187454.08,2013001.2,3685176.8,0.19394618834080718,1672175.6,0.08800448430493274,0.0,3306008.32,0.17399103139013453,518693.96,1827677.28,0.0961883408071749,0.022151006953153838,0.021630535400574046,82509896.0,84495240.0,https://find-and-update.company-information.service.gov.uk/search/companies?q=Aminex+PLC,https://find-and-update.company-information.service.gov.uk/search/companies?q=Aminex+PLC,1620586256,14:50:56,20210509
20,1999-12-31,AEX.L,USD,1999-12-31,1999-12-31,FY,15903726.56,0.0,0.0,0.0,0.0,0.0,0.0,65195.65,16711149.61,16711149.61,357071.56,2235709.29,1428286.24,0.08980827447023208,-807423.05,-0.050769424823410694,0.0,1101304.98,0.06924823410696267,25075.25,365095.64,0.022956609485368314,0.004946976745950673,0.004895260225339926,73801770.0,74581457.0,https://find-and-update.company-information.service.gov.uk/search/companies?q=Aminex+PLC,https://find-and-update.company-information.service.gov.uk/search/companies?q=Aminex+PLC,1620586256,14:50:56,20210509
21,1998-12-31,AEX.L,USD,1998-12-31,1998-12-31,FY,11850083.68,0.0,11850083.68,1.0,0.0,0.0,0.0,85006.08,17948089.28,17948089.28,206612.0,2544279.2,-3553726.3999999994,-0.29989040549965124,-6098005.6,-0.5145959948191691,0.0,-9579712.96,-0.8084088871176648,0.0,-8672981.44,-0.7318919996014746,-0.13095829728059144,-0.12874036905532688,66227048.0,67368002.0,https://find-and-update.company-information.service.gov.uk/search/companies?q=Aminex+PLC,https://find-and-update.company-information.service.gov.uk/search/companies?q=Aminex+PLC,1620586256,14:50:56,20210509
22,1997-12-31,AEX.L,USD,1997-12-31,1997-12-31,FY,16228316.228316,0.0,0.0,0.0,0.0,0.0,0.0,38500.0385,17878317.878318,17878317.878318,193600.1936,1194601.194601,-455400.45540099987,-0.02806208906666446,-1650001.650002,-0.10167423574868428,0.0,-1500401.500402,-0.09245577170748143,0.0,-1062601.062601,-0.06547820782213494,-0.01836,-0.01836,58160574.0,58160574.0,https://find-and-update.company-information.service.gov.uk/search/companies?q=Aminex+PLC,https://find-and-update.company-information.service.gov.uk/search/companies?q=Aminex+PLC,1620586256,14:50:56,20210509
23,1996-12-31,AEX.L,USD,1996-12-31,1996-12-31,FY,16492215.017362,0.0,16492215.017362,1.0,0.0,0.0,0.0,36093.444684,17710679.925822,17710679.925822,174244.215714,1102716.965164,-115747.94329600013,-0.00701833823862639,-1218464.90846,-0.0738812165119891,0.0,-1213486.502296,-0.07357935250168127,0.0,-1006882.646521,-0.06105199607578577,-0.024236,-0.024236,41314799.0,41314799.0,https://find-and-update.company-information.service.gov.uk/search/companies?q=Aminex+PLC,https://find-and-update.company-information.service.gov.uk/search/companies?q=Aminex+PLC,1620586256,14:50:56,20210509
24,1995-12-31,AEX.L,USD,1995-12-31,1995-12-31,FY,16469849.085151,0.0,16469849.085151,1.0,0.0,0.0,0.0,33337.179931,17221217.832827,17221217.832827,97447.141337,1284763.626572,533394.8788960001,0.032386142467868875,-751368.747676,-0.04562086414947324,0.0,-3072149.350566,-0.1865317244063766,271826.236361,-2645177.007603,-0.16060724017124461,-0.071339,-0.071339,37111174.0,37111174.0,https://find-and-update.company-information.service.gov.uk/search/companies?q=Aminex+PLC,https://find-and-update.company-information.service.gov.uk/search/companies?q=Aminex+PLC,1620586256,14:50:56,20210509
25,1994-12-31,AEX.L,USD,1994-12-31,1994-12-31,FY,13245284.869889,0.0,13245284.869889,1.0,0.0,0.0,0.0,12263.017193,11735707.453462,11735707.453462,133666.887401,1174797.047065,2684374.463493,0.20266641977595273,1509577.416428,0.1139709286177588,0.0,2143575.405293,0.16183686695678925,285728.300591,1232433.227871,0.09304694009811268,0.034114,0.034114,35894732.0,35894732.0,https://find-and-update.company-information.service.gov.uk/search/companies?q=Aminex+PLC,https://find-and-update.company-information.service.gov.uk/search/companies?q=Aminex+PLC,1620586256,14:50:56,20210509
26,1993-12-31,AEX.L,USD,1993-12-31,1993-12-31,FY,445208.154339,0.0,445208.154339,1.0,0.0,0.0,0.0,94843.842403,771024.648241,771024.648241,2231.619821,54674.685621,-271141.808281,-0.6090225563895251,-325816.493902,-0.7318295739343305,0.0,-214235.50284,-0.4812030075192023,0.0,-214235.50284,-0.4812030075192023,-0.011382,-0.011382,19655021.0,19655021.0,https://find-and-update.company-information.service.gov.uk/search/companies?q=Aminex+PLC,https://find-and-update.company-information.service.gov.uk/search/companies?q=Aminex+PLC,1620586256,14:50:56,20210509
27,1992-12-31,AEX.L,USD,1992-12-31,1992-12-31,FY,604193.100115,0.0,604193.100115,1.0,0.0,0.0,0.0,-76128.330614,573983.445109,573983.445109,16917.406803,27792.882605,58002.537611,0.09599999999993379,30209.655006,0.050000000000413776,0.0,-138964.413026,-0.2299999999992552,0.0,-138964.413026,-0.2299999999992552,-0.010862428231067214,-0.010862428231067214,12793126.0,12793126.0,https://find-and-update.company-information.service.gov.uk/search/companies?q=Aminex+PLC,https://find-and-update.company-information.service.gov.uk/search/companies?q=Aminex+PLC,1620586256,14:50:56,20210509
28,1991-12-31,AEX.L,USD,1991-12-31,1991-12-31,FY,1852471.523604,0.0,1852471.523604,1.0,0.0,0.0,0.0,-10127022.794501,-7964021.362316,-7964021.362316,30785.292661,240928.377347,10057421.263267,5.429190751445504,9816492.88592,5.299132947977481,0.0,-10157808.087163,-5.483381502891279,0.0,-10157808.087163,-5.483381502891279,-1.234992,-1.234992,8225000.0,8225000.0,https://find-and-update.company-information.service.gov.uk/search/companies?q=Aminex+PLC,https://find-and-update.company-information.service.gov.uk/search/companies?q=Aminex+PLC,1620586256,14:50:56,20210509
29,1990-12-31,AEX.L,USD,1990-12-31,1990-12-31,FY,2346008.90716,0.0,2346008.90716,1.0,0.0,0.0,0.0,-230215.827338,1882836.587873,1882836.587873,102774.922919,0.0,235697.15656,0.10046728971942699,463172.319287,0.1974299065418728,0.0,-330250.085646,-0.1407710280374808,0.0,-896197.327852,-0.38200934579438856,-0.024967,-0.024967,35894732.0,35894732.0,https://find-and-update.company-information.service.gov.uk/search/companies?q=Aminex+PLC,https://find-and-update.company-information.service.gov.uk/search/companies?q=Aminex+PLC,1620586256,14:50:56,20210509
30,1989-12-31,AEX.L,USD,1989-12-31,1989-12-31,FY,1591748.074115,0.0,1591748.074115,1.0,0.0,0.0,0.0,-273006.75395,1236839.293981,1236839.293981,86649.969732,0.0,100893.800373,0.06338553318438674,354908.780135,0.22296793437763487,0.0,-340664.949494,-0.21401938851624316,0.0,-2370410.815815,-1.4891871737510538,-0.066038,-0.066038,35894732.0,35894732.0,https://find-and-update.company-information.service.gov.uk/search/companies?q=Aminex+PLC,https://find-and-update.company-information.service.gov.uk/search/companies?q=Aminex+PLC,1620586256,14:50:56,20210509
