,date,symbol,reportedCurrency,fillingDate,acceptedDate,period,revenue,costOfRevenue,grossProfit,grossProfitRatio,researchAndDevelopmentExpenses,generalAndAdministrativeExpenses,sellingAndMarketingExpenses,otherExpenses,operatingExpenses,costAndExpenses,interestExpense,depreciationAndAmortization,ebitda,ebitdaratio,operatingIncome,operatingIncomeRatio,totalOtherIncomeExpensesNet,incomeBeforeTax,incomeBeforeTaxRatio,incomeTaxExpense,netIncome,netIncomeRatio,eps,epsdiluted,weightedAverageShsOut,weightedAverageShsOutDil,link,finalLink,timestamp,est_time,est_date
0,2020-12-27,RUTH,USD,2021-03-05,2021-03-05 17:09:34,FY,277748.0,75831.0,201917.0,0.7269791321629678,0.0,26389.0,6859.0,110313.0,150420.0,306297.0,4681.0,21964.0,27212.0,0.09797370278093812,5248.0,0.01889482552529631,5248.0,-33204.0,-0.11954721546149748,-7910.0,-25294.0,-0.09106816250702075,-0.0008445033993482093,-0.0008445033993482093,29951330,29951330,https://www.sec.gov/Archives/edgar/data/1324272/000156459021011297/0001564590-21-011297-index.htm,https://www.sec.gov/Archives/edgar/data/1324272/000156459021011297/ruth-10k_20201227.htm,1620597471,17:57:51,20210509
1,2019-12-29,RUTH,USD,2020-02-27,2020-02-27 15:44:39,FY,468026000.0,342312000.0,125714000.0,0.2686047356343451,0.0,35931000.0,15432000.0,15432000.0,73253000.0,415565000.0,2197000.0,21354000.0,73815000.0,0.15771559699674803,52461000.0,0.11208992662800785,115000.0,50379000.0,0.1076414558165572,8173000.0,42206000.0,0.09017875075316328,1.4554605150039062,1.4367031600933793,28998382,29376980,https://www.sec.gov/Archives/edgar/data/1324272/000156459020007328/0001564590-20-007328-index.htm,https://www.sec.gov/Archives/edgar/data/1324272/000156459020007328/ruth-10k_20191229.htm,1620597471,17:57:51,20210509
2,2018-12-30,RUTH,USD,2019-02-28,2019-02-28 11:41:30,FY,452334000.0,326370000.0,125964000.0,0.27847563968218175,0.0,37628000.0,16639000.0,16639000.0,74305000.0,400675000.0,1739000.0,18538000.0,70197000.0,0.15518842271418906,51659000.0,0.11420543226907551,-73000.0,49847000.0,0.11019954281570697,8247000.0,41680000.0,0.09214430045055202,1.4052851466181397,1.3767661658789845,29659461,30273841,https://www.sec.gov/Archives/edgar/data/1324272/000156459019005274/0001564590-19-005274-index.htm,https://www.sec.gov/Archives/edgar/data/1324272/000156459019005274/ruth-10k_20181230.htm,1620597471,17:57:51,20210509
3,2017-12-31,RUTH,USD,2018-03-16,2018-03-16 10:14:22,FY,414823000.0,301805000.0,113018000.0,0.27244873114557294,0.0,32700000.0,12724000.0,53000.0,62432000.0,364237000.0,821000.0,14995000.0,65581000.0,0.15809393403933725,50586000.0,0.12194598660151439,-3851000.0,45914000.0,0.11068335169457817,15669000.0,30137000.0,0.07265026288320561,0.99,0.97,30346999,30916364,https://www.sec.gov/Archives/edgar/data/1324272/000156459018005966/0001564590-18-005966-index.htm,https://www.sec.gov/Archives/edgar/data/1324272/000156459018005966/ruth-10k_20171231.htm,1620597471,17:57:51,20210509
4,2016-12-25,RUTH,USD,2017-03-08,2017-03-08 12:05:04,FY,385947000.0,280074000.0,105873000.0,0.27432004912591623,0.0,33474000.0,11406000.0,184405000.0,58314000.0,338388000.0,1154000.0,13434000.0,60993000.0,0.15803465242636944,47559000.0,0.12322676429665214,10000.0,46415000.0,0.12026262673372251,15660000.0,30465000.0,0.07893570878903061,0.9619456328473442,0.9488004362644514,31670189,32108965,https://www.sec.gov/Archives/edgar/data/1324272/000143774917004007/0001437749-17-004007-index.htm,https://www.sec.gov/Archives/edgar/data/1324272/000143774917004007/ruth20161225_10k.htm,1620597471,17:57:51,20210509
5,2015-12-27,RUTH,USD,2016-03-04,2016-03-04 16:00:24,FY,373433000.0,273948000.0,99485000.0,0.26640655753508663,0.0,31274000.0,10925000.0,176772000.0,54719000.0,328667000.0,790000.0,12520000.0,57286000.0,0.15340368955073602,44766000.0,0.11987692571358181,358000.0,44334000.0,0.11872009168980781,14168000.0,30004000.0,0.08034640752156344,0.8819885555488468,0.8713377872312423,34018582,34434407,https://www.sec.gov/Archives/edgar/data/1324272/000143774916026852/0001437749-16-026852-index.htm,https://www.sec.gov/Archives/edgar/data/1324272/000143774916026852/ruth20151227_10k.htm,1620597471,17:57:51,20210509
6,2014-12-28,RUTH,USD,2015-03-10,2015-03-10 16:04:19,FY,346097000.0,259501000.0,86596000.0,0.25020731182298606,0.0,25941000.0,10076000.0,121855000.0,46934000.0,306435000.0,1159000.0,13185000.0,52847000.0,0.15269418688980257,39662000.0,0.11459793063794255,37000.0,38540000.0,0.11135606491821656,11830000.0,16455000.0,0.0475444745259277,0.47073786981029736,0.46462729309663797,34955760,35415483,https://www.sec.gov/Archives/edgar/data/1324272/000143774915004629/0001437749-15-004629-index.htm,https://www.sec.gov/Archives/edgar/data/1324272/000143774915004629/ruth20141229_10k.htm,1620597471,17:57:51,20210509
7,2013-12-29,RUTH,USD,2014-03-11,2014-03-11 16:35:47,FY,322400000.0,239100000.0,83300000.0,0.25837468982630274,0.0,26127000.0,11673000.0,152438000.0,46300000.0,285400000.0,1640000.0,13060000.0,50060000.0,0.15527295285359802,37000000.0,0.11476426799007444,-100000.0,35200000.0,0.10918114143920596,9102000.0,22500000.0,0.06978908188585609,0.6472741415994173,0.6287650802318215,34761160,35784430,https://www.sec.gov/Archives/edgar/data/1324272/000143774914003872/0001437749-14-003872-index.htm,https://www.sec.gov/Archives/edgar/data/1324272/000143774914003872/ruth20131229_10k.htm,1620597471,17:57:51,20210509
8,2012-12-30,RUTH,USD,2013-03-13,2013-03-13 07:31:31,FY,310300000.0,233800000.0,76500000.0,0.24653561069932323,0.0,24080000.0,11220000.0,203631000.0,49800000.0,283600000.0,2365000.0,14560000.0,41260000.0,0.13296809539155655,26700000.0,0.08604576216564615,-300000.0,24000000.0,0.07734450531743474,6659000.0,16400000.0,0.05285207863358041,0.47813,0.47813,34313636,34313636,https://www.sec.gov/Archives/edgar/data/1324272/000119312513104234/0001193125-13-104234-index.htm,https://www.sec.gov/Archives/edgar/data/1324272/000119312513104234/d444017d10k.htm,1620597471,17:57:51,20210509
9,2011-12-25,RUTH,USD,2012-03-02,2012-03-02 16:44:52,FY,367300000.0,290600000.0,76700000.0,0.20882112714402395,0.0,22894000.0,11806000.0,148685000.0,52500000.0,343100000.0,2892000.0,14860000.0,39060000.0,0.10634358834739994,24200000.0,0.06588619656956167,-500000.0,20800000.0,0.05662945820854887,1597000.0,19500000.0,0.053090117070514566,0.5719631747229587,0.4508451508517471,34093104,43252101,https://www.sec.gov/Archives/edgar/data/1324272/000119312512094607/0001193125-12-094607-index.htm,https://www.sec.gov/Archives/edgar/data/1324272/000119312512094607/d294589d10k.htm,1620597471,17:57:51,20210509
10,2010-12-26,RUTH,USD,2011-03-04,2011-03-04 17:16:10,FY,353000000.0,278000000.0,75000000.0,0.21246458923512748,0.0,23085000.0,11615000.0,146357000.0,49200000.0,327200000.0,4244000.0,15360000.0,41160000.0,0.11660056657223795,25800000.0,0.07308781869688386,3730000.0,21600000.0,0.06118980169971672,4642000.0,16000000.0,0.0453257790368272,0.4920977255642954,0.39761575675697036,32513867,40239854,https://www.sec.gov/Archives/edgar/data/1324272/000119312511056419/0001193125-11-056419-index.htm,https://www.sec.gov/Archives/edgar/data/1324272/000119312511056419/d10k.htm,1620597471,17:57:51,20210509
11,2009-12-27,RUTH,USD,2010-03-05,2010-03-05 17:27:21,FY,339900000.0,269000000.0,70900000.0,0.20859076198882023,0.0,23703000.0,11697000.0,141521000.0,61600000.0,330600000.0,7754000.0,16500000.0,25900000.0,0.07619888202412474,9400000.0,0.027655192703736394,500000.0,2100000.0,0.00617828773168579,-1668000.0,2400000.0,0.00706090026478376,0.10184008916439273,0.10112390796713136,23566358,23733260,https://www.sec.gov/Archives/edgar/data/1324272/000119312510049114/0001193125-10-049114-index.htm,https://www.sec.gov/Archives/edgar/data/1324272/000119312510049114/d10k.htm,1620597471,17:57:51,20210509
12,2008-12-28,RUTH,USD,2009-03-13,2009-03-13 16:11:46,FY,387800000.0,305200000.0,82600000.0,0.21299638989169675,0.0,31781000.0,13819000.0,0.0,142900000.0,448100000.0,10334000.0,17030000.0,-43170000.0,-0.11132026817947395,-60200000.0,-0.1552346570397112,900000.0,-69700000.0,-0.17973182052604436,-27395000.0,-53900000.0,-0.13898916967509026,-2.3133,-2.3133,23308906,23308906,https://www.sec.gov/Archives/edgar/data/1324272/000119312509053838/0001193125-09-053838-index.htm,https://www.sec.gov/Archives/edgar/data/1324272/000119312509053838/d10k.htm,1620597471,17:57:51,20210509
13,2007-12-30,RUTH,USD,2008-03-12,2008-03-11 18:58:10,FY,308400000.0,228700000.0,79700000.0,0.2584306095979248,0.0,-8409700000.0,8447000000.0,107919000000.0,46800000.0,275500000.0,5956000000.0,12010000.0,44910000.0,0.14562256809338522,32900000.0,0.10667963683527885,700000.0,27600000.0,0.08949416342412451,8541000000.0,18100000.0,0.05869001297016861,0.7735,0.7735,23264102,23264102,https://www.sec.gov/Archives/edgar/data/1324272/000119312508053122/0001193125-08-053122-index.htm,https://www.sec.gov/Archives/edgar/data/1324272/000119312508053122/d10k.htm,1620597471,17:57:51,20210509
14,2006-12-31,RUTH,USD,2007-03-16,2007-03-16 15:17:31,FY,271479000.0,195762000.0,75717000.0,0.27890555070557943,0.0,0.0,0.0,0.0,43652000.0,239414000.0,0.0,8690000.0,40755000.0,0.15012210889240052,32065000.0,0.11811226651048516,3643000.0,33822000.0,0.12458422198402086,10098000.0,23790000.0,0.08763108748742997,1.03,1.02,23175323,23429185,https://www.sec.gov/Archives/edgar/data/1324272/000119312507056995/0001193125-07-056995-index.htm,https://www.sec.gov/Archives/edgar/data/1324272/000119312507056995/d10k.htm,1620597471,17:57:51,20210509
15,2005-12-25,RUTH,USD,2006-03-27,2006-03-27 16:35:58,FY,207200000.0,148700000.0,58500000.0,0.28233590733590735,0.0,-6759800000.0,6783000000.0,70959000000.0,32300000.0,181000000.0,8453000000.0,6620000.0,32820000.0,0.1583976833976834,26200000.0,0.12644787644787644,-1900000.0,15800000.0,0.07625482625482626,4937000000.0,10900000.0,0.052606177606177605,0.58289,0.58289,28771052,28771052,https://www.sec.gov/Archives/edgar/data/1324272/000119312506063939/0001193125-06-063939-index.htm,https://www.sec.gov/Archives/edgar/data/1324272/000119312506063939/d10k.htm,1620597471,17:57:51,20210509
16,2004-12-31,RUTH,USD,2004-12-31,2004-12-31,FY,192197000.0,144368000.0,47829000.0,0.24885404038564599,0.0,0.0,0.0,0.0,0.0,168869000.0,0.0,6469000.0,29797000.0,0.15503363736166537,23328000.0,0.12137546371691546,-841000.0,7096000.0,0.03692045141183265,735000.0,2442000.0,0.012705713408638013,-0.25,-0.25,11917093,11917093,,,1620597471,17:57:51,20210509
17,2003-12-31,RUTH,USD,2003-12-31,2003-12-31,FY,167780000.0,129741000.0,38039000.0,0.22671951364882584,0.0,0.0,0.0,0.0,0.0,152290000.0,0.0,6782000.0,22272000.0,0.13274526165216355,15490000.0,0.09232328048635118,512000.0,4240000.0,0.025271188461079987,1344000.0,1248000.0,0.007438312075336751,-0.5,-0.5,11749000,11749000,,,1620597471,17:57:51,20210509
18,2002-12-31,RUTH,USD,2002-12-31,2002-12-31,FY,153583000.0,113867000.0,39716000.0,0.25859632902079005,0.0,0.0,0.0,0.0,0.0,113867000.0,0.0,0.0,39716000.0,0.25859632902079005,39716000.0,0.25859632902079005,0.0,6650000.0,0.043299063047342476,428000.0,6760000.0,0.04401528815038123,-0.41,-0.41,13037746,14217516,,,1620597471,17:57:51,20210509
19,2001-12-31,RUTH,USD,2001-12-31,2001-12-31,FY,153744000.0,0.0,0.0,0.0,0.0,11346000.0,6217000.0,0.0,0.0,138751000.0,0.0,7193000.0,22186000.0,0.14430481839941722,14993000.0,0.09751925278384847,0.0,4238000.0,0.02756530336143199,0.0,2573000.0,0.016735612446664584,-0.42,-0.42,11728571,11728571,,,1620597471,17:57:51,20210509
20,2000-12-31,RUTH,USD,2000-12-31,2000-12-31,FY,161625000.0,0.0,0.0,0.0,0.0,11545000.0,6307000.0,0.0,0.0,141975000.0,0.0,6667000.0,26317000.0,0.16282753286929622,19650000.0,0.12157772621809745,0.0,6365000.0,0.03938128383604022,0.0,3565000.0,0.02205723124516628,0.273437,0.250747,13037746,14217516,,,1620597471,17:57:51,20210509
