,date,symbol,reportedCurrency,fillingDate,acceptedDate,period,revenue,costOfRevenue,grossProfit,grossProfitRatio,researchAndDevelopmentExpenses,generalAndAdministrativeExpenses,sellingAndMarketingExpenses,otherExpenses,operatingExpenses,costAndExpenses,interestExpense,depreciationAndAmortization,ebitda,ebitdaratio,operatingIncome,operatingIncomeRatio,totalOtherIncomeExpensesNet,incomeBeforeTax,incomeBeforeTaxRatio,incomeTaxExpense,netIncome,netIncomeRatio,eps,epsdiluted,weightedAverageShsOut,weightedAverageShsOutDil,link,finalLink,timestamp,est_time,est_date
0,2020-06-30,VIG.AX,AUD,2020-06-30,2020-06-30,FY,5811709.0,5082316.0,729393.0,0.12550404708838656,0.0,176358.0,0.0,302727.0,1198054.0,0.0,1849.0,617151.0,148490.0,0.025550143684069524,-468661.0,-0.08064082355121359,302727.0,-165155.0,-0.028417630683160496,44178.0,-111734.0,-0.019225670108396688,-0.00021505504657787358,-0.00021505504657787358,519560000,519560000,,,1620599512,18:31:52,20210509
1,2019-06-30,VIG.AX,AUD,2019-06-30,2019-06-30,FY,9021023.0,8002720.0,1018303.0,0.11288110007035787,0.0,615171.0,0.0,136283.0,615171.0,0.0,2011.0,0.0,542171.0,0.0601008333533791,403132.0,0.044688058106048506,136283.0,540160.0,0.05987790963397389,237335.0,121150.0,0.013429740728961671,0.0004,0.0004,519560000,519560000,,,1620599512,18:31:52,20210509
2,2018-06-30,VIG.AX,AUD,2018-06-30,2018-06-30,FY,5188228.0,2965237.0,2222991.0,0.4284682554428988,0.0,543497.0,0.0,977752.0,1773665.0,0.0,14001.0,768690.0,1218016.0,0.23476531871768164,449326.0,0.08660490633796356,977752.0,1413077.0,0.2723621629581429,635934.0,777143.0,0.14978967770884394,0.0015,0.0015,519560000,519560000,,,1620599512,18:31:52,20210509
3,2017-06-30,VIG.AX,AUD,2017-06-30,2017-06-30,FY,7941180.0,4555521.0,3385659.0,0.42634205495908667,0.0,719295.0,6969.0,-5286.0,1894004.0,0.0,2443.0,591679.0,2083334.0,0.26234564636489793,1491655.0,0.18783795355350213,-5286.0,1505737.0,0.18961124165426296,667543.0,838194.0,0.10555030864430727,0.0016,0.0016,519560000,519560000,,,1620599512,18:31:52,20210509
4,2016-06-30,VIG.AX,AUD,2016-06-30,2016-06-30,FY,4846345.0,2957776.0,1888569.0,0.3896893432060656,0.0,732437.0,129325.0,762234.0,2358848.0,0.0,2748.0,167537.0,-302742.0,-0.06246810740877919,-470279.0,-0.09703787080779433,762234.0,300758.0,0.06205872673117576,272250.0,28508.0,0.005882371147741236,0.0001,0.0001,519560000,519560000,,,1620599512,18:31:52,20210509
5,2015-06-30,VIG.AX,AUD,2015-06-30,2015-06-30,FY,10480201.0,4263280.0,6216921.0,0.5932062753376581,0.0,770289.0,0.0,225306.0,1884501.0,0.0,1946.0,73828.0,4406248.0,0.4204354477552482,4332420.0,0.41339092637631664,225306.0,4617446.0,0.44058754216641455,1521655.0,3095791.0,0.29539423909904017,0.006,0.006,519560000,519560000,,,1620599512,18:31:52,20210509
6,2014-06-30,VIG.AX,AUD,2014-06-30,2014-06-30,FY,9150028.0,2678377.0,6471651.0,0.7072820979345636,0.0,375389.0,0.0,46391.0,1080176.0,0.0,11876.0,31446.0,5422921.0,0.5926671481223883,5391475.0,0.5892304373276235,46391.0,5425990.0,0.5930025569320663,1422041.0,4003949.0,0.43758871557551515,0.0183,0.0183,218561297,218561297,,,1620599512,18:31:52,20210509
7,2013-11-30,VIG.AX,AUD,2013-11-30,2013-11-30,FY,0.0,0.0,0.0,0.0,0.0,0.0,0.0,0.0,0.0,0.0,0.0,0.0,0.0,0.0,0.0,0.0,0.0,0.0,0.0,0.0,0.0,0.0,0.0,0.0,515000000,515000000,,,1620599512,18:31:52,20210509
