,date,symbol,reportedCurrency,fillingDate,acceptedDate,period,revenue,costOfRevenue,grossProfit,grossProfitRatio,researchAndDevelopmentExpenses,generalAndAdministrativeExpenses,sellingAndMarketingExpenses,otherExpenses,operatingExpenses,costAndExpenses,interestExpense,depreciationAndAmortization,ebitda,ebitdaratio,operatingIncome,operatingIncomeRatio,totalOtherIncomeExpensesNet,incomeBeforeTax,incomeBeforeTaxRatio,incomeTaxExpense,netIncome,netIncomeRatio,eps,epsdiluted,weightedAverageShsOut,weightedAverageShsOutDil,link,finalLink,timestamp,est_time,est_date
0,2020-12-31,NXRT,USD,2021-02-22,2021-02-22 17:13:37,FY,204800000.0,85149000.0,119651000.0,0.5842333984375,0.0,23676000.0,0.0,1772000.0,106087000.0,191236000.0,32546000.0,82411000.0,95975000.0,0.4686279296875,13564000.0,0.06623046875,66002000.0,44150000.0,0.215576171875,0.0,44018000.0,0.214931640625,1.8252612373527948,1.8252612373527948,24372000,24372000,https://www.sec.gov/Archives/edgar/data/1620393/000156459021007197/0001564590-21-007197-index.htm,https://www.sec.gov/Archives/edgar/data/1620393/000156459021007197/nxrt-10k_20201231.htm,1620595966,17:32:46,20210509
1,2019-12-31,NXRT,USD,2020-02-21 00:00:00,2020-02-21 17:30:33,FY,181066000.0,74570000.0,106496000.0,0.588161222979466,0.0,22501000.0,0.0,587000.0,91587000.0,166157000.0,41744000.0,69086000.0,83995000.0,0.46389161963041103,14909000.0,0.08234014116399545,128386000.0,99438000.0,0.5491809616382977,0.0,99140000.0,0.5475351529276618,4.11,4.03,24116000,24593000,https://www.sec.gov/Archives/edgar/data/1620393/000156459020005798/0001564590-20-005798-index.html,https://www.sec.gov/Archives/edgar/data/1620393/000156459020005798/nxrt-10k_20191231.htm,1620595966,17:32:46,20210509
2,2018-12-31,NXRT,USD,2019-02-19 00:00:00,2019-02-19 16:22:03,FY,146597000.0,62671000.0,83926000.0,0.57249466223729,0.0,19664000.0,0.0,0.0,67134000.0,129805000.0,30870000.0,47470000.0,64262000.0,0.43835822015457343,16792000.0,0.11454531811701467,14390000.0,-1614000.0,-0.01100977509771687,0.0,-1609000.0,-0.010975667987748726,-0.07593562697626127,-0.07426039599390778,21189000,21667000,https://www.sec.gov/Archives/edgar/data/1620393/000156459019003281/0001564590-19-003281-index.html,https://www.sec.gov/Archives/edgar/data/1620393/000156459019003281/nxrt-10k_20181231.htm,1620595966,17:32:46,20210509
3,2017-12-31,NXRT,USD,2018-02-15 00:00:00,2018-02-14 18:16:32,FY,144235000.0,64170000.0,80065000.0,0.5551010503691892,0.0,18024000.0,0.0,0.0,66776000.0,130946000.0,26268000.0,48752000.0,62041000.0,0.43013831594273233,13289000.0,0.09213436405865429,71842000.0,56359000.0,0.3907442715013693,0.0,53374000.0,0.3700488785662287,2.53,2.49,21057000,21399000,https://www.sec.gov/Archives/edgar/data/1620393/000156459018002112/0001564590-18-002112-index.html,https://www.sec.gov/Archives/edgar/data/1620393/000156459018002112/nxrt-10k_20171231.htm,1620595966,17:32:46,20210509
4,2016-12-31,NXRT,USD,2017-03-15 00:00:00,2017-03-14 20:22:47,FY,132848000.0,60175000.0,72673000.0,0.547038720944237,0.0,14799000.0,0.0,0.0,50442000.0,110617000.0,19587000.0,35643000.0,57874000.0,0.43564073226544625,22231000.0,0.16734162350957485,25407000.0,25888000.0,0.19486932434059978,0.0,21882000.0,0.16471456100204745,1.0306141672946496,1.026649150792906,21232000,21314000,https://www.sec.gov/Archives/edgar/data/1620393/000156459017004340/0001564590-17-004340-index.html,https://www.sec.gov/Archives/edgar/data/1620393/000156459017004340/nxrt-10k_20161231.htm,1620595966,17:32:46,20210509
5,2015-12-31,NXRT,USD,2016-03-21 00:00:00,2016-03-18 18:48:20,FY,117658000.0,54884000.0,62774000.0,0.5335293817674956,0.0,11521000.0,0.0,0.0,52322000.0,107206000.0,17103000.0,40801000.0,51253000.0,0.43560998827109076,10452000.0,0.08883373846232301,-2975000.0,-10993000.0,-0.09343181084159173,0.0,-10832000.0,-0.09206343810025668,-0.51,-0.51,21294000,21294000,https://www.sec.gov/Archives/edgar/data/1620393/000156459016015074/0001564590-16-015074-index.html,https://www.sec.gov/Archives/edgar/data/1620393/000156459016015074/nxrt-10k_20151231.htm,1620595966,17:32:46,20210509
6,2014-12-31,NXRT,USD,2014-12-31,2014-12-31,FY,43150000.0,20182000.0,22968000.0,0.5322827346465817,0.0,2942000.0,0.0,0.0,24587000.0,44769000.0,6178000.0,21645000.0,20026000.0,0.46410196987253766,-1619000.0,-0.037520278099652374,-8640000.0,-17533000.0,-0.40632676709154114,0.0,-15601000.0,-0.3615527230590962,-0.732648,-0.732648,21294000,21294000,,,1620595966,17:32:46,20210509
7,2013-12-31,NXRT,USD,2013-12-31,2013-12-31,FY,316000.0,172000.0,144000.0,0.45569620253164556,0.0,35000.0,0.0,0.0,0.0,349000.0,0.0,142000.0,109000.0,0.3449367088607595,-33000.0,-0.10443037974683544,-137000.0,-170000.0,-0.5379746835443038,0.0,-170000.0,-0.5379746835443038,-0.007983,-0.007983,21294000,21294000,,,1620595966,17:32:46,20210509
