,date,symbol,reportedCurrency,fillingDate,acceptedDate,period,revenue,costOfRevenue,grossProfit,grossProfitRatio,researchAndDevelopmentExpenses,generalAndAdministrativeExpenses,sellingAndMarketingExpenses,otherExpenses,operatingExpenses,costAndExpenses,interestExpense,depreciationAndAmortization,ebitda,ebitdaratio,operatingIncome,operatingIncomeRatio,totalOtherIncomeExpensesNet,incomeBeforeTax,incomeBeforeTaxRatio,incomeTaxExpense,netIncome,netIncomeRatio,eps,epsdiluted,weightedAverageShsOut,weightedAverageShsOutDil,link,finalLink,timestamp,est_time,est_date
0,2020-12-31,CMS,USD,2021-02-11,2021-02-11 08:20:56,FY,6680000000,577000000.0,6103000000.0,0.9136227544910179,0.0,0.0,0.0,5318000000.0,5318000000.0,5895000000.0,-12000000.0,1048000000.0,2410000000,0.36077844311377244,1362000000,0.20389221556886228,6000000.0,885000000.0,0.13248502994011976,133000000.0,752000000,0.1125748502994012,2.6500000084574467,2.6500000084574467,283773584,283773584,https://www.sec.gov/Archives/edgar/data/811156/000081115621000016/0000811156-21-000016-index.htm,https://www.sec.gov/Archives/edgar/data/811156/000081115621000016/cms-20201231.htm,1620590448,16:00:48,20210509
1,2019-12-31,CMS,USD,2020-02-06 00:00:00,2020-02-06 08:59:52,FY,6845000000,4281000000.0,2564000000.0,0.3745799853907962,0.0,0.0,0.0,82000000.0,1325000000.0,5606000000.0,519000000.0,992000000.0,2231000000,0.3259313367421475,1239000000,0.18100803506208912,102000000.0,829000000.0,0.12111029948867787,147000000.0,680000000,0.09934258582907232,2.4,2.39,283000000,284300000,https://www.sec.gov/Archives/edgar/data/201533/000081115620000004/0000811156-20-000004-index.html,https://www.sec.gov/Archives/edgar/data/201533/000081115620000004/a2019form10-kxcmsenerg.htm,1620590448,16:00:48,20210509
2,2018-12-31,CMS,USD,2019-02-05,2019-02-05 07:05:06,FY,6873000000,4475000000.0,2398000000.0,0.3489014986177797,0.0,0.0,0.0,44000000.0,1236000000.0,5711000000.0,458000000.0,933000000.0,2095000000,0.30481594645715115,1162000000,0.1690673650516514,59000000.0,774000000.0,0.11261457878655609,115000000.0,657000000,0.09559144478393715,2.33,2.32,282200000,282900000,https://www.sec.gov/Archives/edgar/data/811156/000081115619000003/consumersenergy10k12312018.htm,https://www.sec.gov/Archives/edgar/data/811156/000081115619000003/consumersenergy10k12312018.htm,1620590448,16:00:48,20210509
3,2017-12-31,CMS,USD,2018-02-14,2018-02-14 10:22:00,FY,6583000000,4080000000.0,2503000000.0,0.38022178338143703,0.0,0.0,0.0,-46000000.0,1165000000.0,5245000000.0,438000000.0,881000000.0,2219000000,0.3370803584991645,1338000000,0.20325079750873462,-26000000.0,886000000.0,0.13458909311863892,424000000.0,460000000,0.06987695579523014,1.6428571428571428,1.6381766381766383,280000000,280800000,https://www.sec.gov/Archives/edgar/data/811156/000110465918009493/a18-1030_110k.htm,https://www.sec.gov/Archives/edgar/data/811156/000110465918009493/a18-1030_110k.htm,1620590448,16:00:48,20210509
4,2016-12-31,CMS,USD,2017-02-07,2017-02-07 10:08:29,FY,6399000000,4010000000.0,2389000000.0,0.37333958431004843,0.0,0.0,0.0,-67000000.0,1092000000.0,5102000000.0,435000000.0,811000000.0,2108000000,0.3294264728863885,1297000000,0.20268791998749805,-42000000.0,826000000.0,0.12908266916705735,273000000.0,551000000,0.08610720425066416,1.99,1.98,278000000,279000000,https://www.sec.gov/Archives/edgar/data/811156/000110465917006823/a17-1055_110k.htm,https://www.sec.gov/Archives/edgar/data/811156/000110465917006823/a17-1055_110k.htm,1620590448,16:00:48,20210509
5,2015-12-31,CMS,USD,2016-02-11,2016-02-11 09:30:53,FY,6456000000,4281000000.0,2175000000.0,0.33689591078066916,0.0,0.0,0.0,-7000000.0,1012000000.0,5293000000.0,396000000.0,750000000.0,1913000000,0.29631350681536556,1163000000,0.18014250309789342,17000000.0,796000000.0,0.12329615861214374,271000000.0,523000000,0.08100991325898389,1.9,1.89,276000000,276000000,https://www.sec.gov/Archives/edgar/data/811156/000110465916095725/a15-23273_110k.htm,https://www.sec.gov/Archives/edgar/data/811156/000110465916095725/a15-23273_110k.htm,1620590448,16:00:48,20210509
6,2014-12-31,CMS,USD,2015-02-05,2015-02-05 08:41:56,FY,7179000000,5090000000.0,2089000000.0,0.29098760273018526,0.0,0.0,0.0,-44000000.0,937000000.0,6027000000.0,407000000.0,685000000.0,1837000000,0.2558852207828388,1152000000,0.16046803175929794,-21000000.0,729000000.0,0.10154617634768073,250000000.0,477000000,0.06644379440033431,1.76,1.74,271000000,275000000,https://www.sec.gov/Archives/edgar/data/811156/000110465915006843/a15-1932_110k.htm,https://www.sec.gov/Archives/edgar/data/811156/000110465915006843/a15-1932_110k.htm,1620590448,16:00:48,20210509
7,2013-12-31,CMS,USD,2014-02-06,2014-02-06 09:01:23,FY,6566000000,4562000000.0,2004000000.0,0.30520865062442887,0.0,0.0,0.0,-10000000.0,862000000.0,5424000000.0,398000000.0,628000000.0,1770000000,0.2695705147730734,1142000000,0.17392628693268353,9000000.0,756000000.0,0.11513859275053305,302000000.0,452000000,0.06883947608894304,1.71,1.66,265000000,272000000,https://www.sec.gov/Archives/edgar/data/811156/000110465914006974/a14-1343_210k.htm,https://www.sec.gov/Archives/edgar/data/811156/000110465914006974/a14-1343_210k.htm,1620590448,16:00:48,20210509
8,2012-12-31,CMS,USD,2013-02-21,2013-02-21 12:46:29,FY,6253000000,4424000000.0,1829000000.0,0.2924996001919079,0.0,0.0,0.0,-22000000.0,827000000.0,5251000000.0,389000000.0,598000000.0,1600000000,0.25587717895410206,1002000000,0.1602430833200064,4000000.0,622000000.0,0.09947225331840716,245000000.0,382000000,0.06109067647529186,1.46,1.42,260700000,268600000,https://www.sec.gov/Archives/edgar/data/811156/000104746913001373/a2212663z10-k.htm,https://www.sec.gov/Archives/edgar/data/811156/000104746913001373/a2212663z10-k.htm,1620590448,16:00:48,20210509
9,2011-12-31,CMS,USD,2012-02-23,2012-02-23 10:03:21,FY,6503000000,3512000000.0,2991000000.0,0.4599415654313394,0.0,0.0,0.0,0.0,1988000000.0,5500000000.0,415000000.0,546000000.0,1549000000,0.238197754882362,1003000000,0.1542365062278948,9000000.0,606000000.0,0.0931877594956174,191000000.0,415000000,0.06381669998462249,1.66,1.58,250800000,263400000,https://www.sec.gov/Archives/edgar/data/811156/000119312512074276/d287367d10k.htm,https://www.sec.gov/Archives/edgar/data/811156/000119312512074276/d287367d10k.htm,1620590448,16:00:48,20210509
10,2010-12-31,CMS,USD,2011-02-24,2011-02-24 17:21:57,FY,6432000000,3518000000.0,2914000000.0,0.45304726368159204,0.0,0.0,0.0,0.0,1936000000.0,5454000000.0,431000000.0,576000000.0,1554000000,0.2416044776119403,978000000,0.15205223880597016,24000000.0,590000000.0,0.09172885572139304,224000000.0,340000000,0.05286069651741294,1.4,1.28,231500000,252900000,https://www.sec.gov/Archives/edgar/data/811156/000095012311017966/k50057e10vk.htm,https://www.sec.gov/Archives/edgar/data/811156/000095012311017966/k50057e10vk.htm,1620590448,16:00:48,20210509
11,2009-12-31,CMS,USD,2010-03-01,2010-02-26 18:41:11,FY,6205000000,3570000000.0,2635000000.0,0.4246575342465753,0.0,0.0,0.0,0.0,1937000000.0,5507000000.0,435000000.0,570000000.0,1268000000,0.20435132957292507,698000000,0.11248992747784045,50000000.0,335000000.0,0.053988718775181306,115000000.0,229000000,0.03690572119258662,0.96,0.91,227200000,237900000,https://www.sec.gov/Archives/edgar/data/811156/000095012310018474/k48861e10vk.htm,https://www.sec.gov/Archives/edgar/data/811156/000095012310018474/k48861e10vk.htm,1620590448,16:00:48,20210509
12,2008-12-31,CMS,USD,2009-02-25,2009-02-25 17:31:23,FY,6821000000,4212000000.0,2609000000.0,0.38249523530274154,0.0,0.0,0.0,0.0,1823000000.0,6035000000.0,0.0,0.0,1350000000,0.19791819381322387,786000000,0.11523237062014367,25000000.0,442000000.0,0.0647998827151444,142000000.0,300000000,0.04398182084738308,1.29,1.23,224031008,234959350,https://www.sec.gov/Archives/edgar/data/811156/000095015209001765/k47328e10vk.htm,https://www.sec.gov/Archives/edgar/data/811156/000095015209001765/k47328e10vk.htm,1620590448,16:00:48,20210509
13,2007-12-31,CMS,USD,2008-02-21,2008-02-21 17:21:38,FY,6464000000,4102000000.0,2362000000.0,0.3654084158415842,0.0,0.0,0.0,0.0,2450000000.0,6552000000.0,0.0,0.0,335000000,0.05182549504950495,-88000000,-0.013613861386138614,122000000.0,-321000000.0,-0.04965965346534654,-195000000.0,-215000000,-0.03326113861386139,-1.02,-1.02,222549020,222549020,https://www.sec.gov/Archives/edgar/data/811156/000095012408000749/k23633e10vk.htm,https://www.sec.gov/Archives/edgar/data/811156/000095012408000749/k23633e10vk.htm,1620590448,16:00:48,20210509
14,2006-12-31,CMS,USD,2006-12-31,2006-12-31,FY,6810000000,4148000000.0,2662000000.0,0.3908957415565345,0.0,0.0,0.0,0.0,2788000000.0,6936000000.0,0.0,0.0,242000000,0.035535976505139504,-126000000,-0.018502202643171806,208000000.0,-243000000.0,-0.035682819383259914,-158000000.0,-79000000,-0.011600587371512481,-0.41,-0.41,219512195,219512195,,,1620590448,16:00:48,20210509
15,2005-12-31,CMS,USD,2006-02-24,2006-02-24 17:21:32,FY,6288000000,1066000000.0,5222000000.0,0.830470737913486,0.0,0.0,0.0,0.0,5617000000.0,6683000000.0,0.0,0.0,18000000,0.0028625954198473282,-395000000,-0.06281806615776081,112000000.0,-266000000.0,-0.0423027989821883,-168000000.0,-84000000,-0.013358778625954198,-0.44,-0.44,213636364,213636364,https://www.sec.gov/Archives/edgar/data/811156/000095012406000851/k02628e10vk.txt,https://www.sec.gov/Archives/edgar/data/811156/000095012406000851/k02628e10vk.txt,1620590448,16:00:48,20210509
16,2004-12-31,CMS,USD,2005-03-10,2005-03-10 16:08:04,FY,5472000000,1137000000.0,4335000000.0,0.7922149122807017,0.0,0.0,0.0,0.0,3744000000.0,4881000000.0,0.0,0.0,869000000,0.15880847953216373,591000000,0.10800438596491228,153000000.0,122000000.0,0.0222953216374269,-5000000.0,121000000,0.022112573099415205,0.65,0.64,169230769,171875000,https://www.sec.gov/Archives/edgar/data/811156/000095012405001425/k91832e10vk.txt,https://www.sec.gov/Archives/edgar/data/811156/000095012405001425/k91832e10vk.txt,1620590448,16:00:48,20210509
17,2003-12-31,CMS,USD,2003-12-31,2003-12-31,FY,5513000000,1400000000.0,4113000000.0,0.7460547796118266,0.0,0.0,0.0,0.0,3682000000.0,5082000000.0,0.0,0.0,743000000,0.13477235624886633,431000000,0.07817884999093053,150000000.0,15000000.0,0.0027208416470161437,58000000.0,-44000000,-0.007981135497914021,-0.3,-0.3,146666667,146666667,,,1620590448,16:00:48,20210509
18,2002-12-31,CMS,USD,2002-12-31,2002-12-31,FY,8687000000,3535000000.0,5152000000.0,0.5930701047542305,0.0,0.0,0.0,0.0,5053000000.0,8588000000.0,0.0,0.0,612000000,0.07045009784735812,99000000,0.011396339357660873,2000000.0,-403000000.0,-0.04639115920340739,13000000.0,-620000000,-0.0713710141590883,-4.46,-4.46,139013453,139013453,,,1620590448,16:00:48,20210509
19,2001-12-31,CMS,USD,2001-12-31,2001-12-31,FY,9597000000,2856000000.0,6741000000.0,0.7024070021881839,0.0,0.0,0.0,0.0,6440000000.0,9296000000.0,0.0,0.0,842000000,0.08773575075544442,301000000,0.031363967906637494,-11000000.0,-404000000.0,-0.042096488485985205,-73000000.0,-545000000,-0.056788579764509746,-4.17,-4.17,130695444,130695444,,,1620590448,16:00:48,20210509
20,2000-12-31,CMS,USD,2000-12-31,2000-12-31,FY,8998000000,2949000000.0,6049000000.0,0.6722605023338519,0.0,0.0,0.0,0.0,5322000000.0,8271000000.0,0.0,0.0,1302000000,0.14469882196043565,727000000,0.08079573238497444,62000000.0,101000000.0,0.011224716603689708,60000000.0,36000000,0.004000889086463659,0.32,0.32,112500000,112500000,,,1620590448,16:00:48,20210509
21,1999-12-31,CMS,USD,1999-12-31,1999-12-31,FY,6103000000,4042000000.0,2061000000.0,0.3377027691299361,0.0,0.0,0.0,0.0,1149000000.0,5191000000.0,0.0,0.0,1532000000,0.25102408651482877,912000000,0.14943470424381453,10000000.0,341000000.0,0.05587416024905784,64000000.0,277000000,0.04538751433721121,2.18,2.17,127064220,127649770,,,1620590448,16:00:48,20210509
22,1998-12-31,CMS,USD,1998-12-31,1998-12-31,FY,5141000000,3491000000.0,1650000000.0,0.32094923166699085,0.0,0.0,0.0,0.0,912000000.0,4403000000.0,0.0,0.0,1282000000,0.24936782727095896,738000000,0.14355183816378136,-9000000.0,342000000.0,0.06652402256370356,100000000.0,285000000,0.055436685469752965,2.65,2.62,107547170,108778626,,,1620590448,16:00:48,20210509
23,1997-12-31,CMS,USD,1997-12-31,1997-12-31,FY,4787000000,3179000000.0,1608000000.0,0.335909755588051,0.0,0.0,0.0,0.0,862000000.0,4041000000.0,0.0,0.0,1279000000,0.2671819511176102,746000000,0.15583872989346145,-12000000.0,385000000.0,0.08042615416753708,117000000.0,268000000,0.055984959264675165,2.63,2.61,101901141,102681992,,,1620590448,16:00:48,20210509
24,1996-12-31,CMS,USD,1996-12-31,1996-12-31,FY,4333000000,2835000000.0,1498000000.0,0.345718901453958,0.0,0.0,0.0,0.0,821000000.0,3656000000.0,0.0,0.0,1170000000,0.27002077082852527,677000000,0.15624278790676205,-11000000.0,379000000.0,0.08746826678975306,139000000.0,240000000,0.0553888760673898,2.608695652173913,2.4612244850241565,92000000,97512438,,,1620590448,16:00:48,20210509
25,1995-12-31,CMS,USD,1996-03-14 00:00:00,1996-03-14 00:00:00,FY,3890000000,2489000000.0,1401000000.0,0.36015424164524423,0.0,0.0,0.0,0.0,798000000.0,3287000000.0,0.0,0.0,1078000000,0.27712082262210797,603000000,0.15501285347043703,2000000.0,334000000.0,0.08586118251928021,130000000.0,204000000,0.05244215938303342,2.27,2.26,89867841,90265487,https://www.sec.gov/Archives/edgar/data/811156/000020153396000043/0000201533-96-000043-index.html,https://www.sec.gov/Archives/edgar/data/811156/0000201533-96-000043.txt,1620590448,16:00:48,20210509
26,1994-12-31,CMS,USD,1995-03-15 00:00:00,1995-03-15 00:00:00,FY,3619000000,2360000000.0,1259000000.0,0.3478861563967947,0.0,0.0,0.0,0.0,755000000.0,3115000000.0,0.0,0.0,948000000,0.2619508151423045,504000000,0.13926499032882012,8000000.0,283000000.0,0.07819839734733351,104000000.0,179000000,0.04946117712075159,2.09,2.08,85645933,86057692,https://www.sec.gov/Archives/edgar/data/811156/000020153395000029/0000201533-95-000029-index.html,https://www.sec.gov/Archives/edgar/data/811156/0000201533-95-000029.txt,1620590448,16:00:48,20210509
27,1993-12-31,CMS,USD,1993-12-31,1993-12-31,FY,3482000000,0.0,0.0,0.0,0.0,0.0,0.0,0.0,0.0,0.0,0.0,0.0,3482000000,1.0,3482000000,1.0,0.0,0.0,0.0,0.0,155000000,0.04451464675473866,1.9,1.9,81578947,81578947,,,1620590448,16:00:48,20210509
28,1992-12-31,CMS,USD,1992-12-31,1992-12-31,FY,3073000000,0.0,0.0,0.0,0.0,0.0,0.0,0.0,0.0,0.0,0.0,0.0,3073000000,1.0,3073000000,1.0,0.0,0.0,0.0,0.0,-297000000,-0.09664822648877319,-3.72,-3.72,79838710,79838710,,,1620590448,16:00:48,20210509
29,1991-12-31,CMS,USD,1991-12-31,1991-12-31,FY,2941000000,0.0,0.0,0.0,0.0,0.0,0.0,0.0,0.0,0.0,0.0,0.0,2941000000,1.0,2941000000,1.0,0.0,0.0,0.0,0.0,-262000000,-0.08908534512070725,-3.26,-3.26,80368098,80368098,,,1620590448,16:00:48,20210509
30,1990-12-31,CMS,USD,1990-12-31,1990-12-31,FY,2977000000,0.0,0.0,0.0,0.0,0.0,0.0,0.0,0.0,0.0,0.0,0.0,2977000000,1.0,2977000000,1.0,0.0,0.0,0.0,0.0,-494000000,-0.16593886462882096,-6.07,-6.07,81383855,81383855,,,1620590448,16:00:48,20210509
31,1989-12-31,CMS,USD,1989-12-31,1989-12-31,FY,2961100000,0.0,0.0,0.0,0.0,0.0,0.0,0.0,0.0,0.0,0.0,0.0,2961100000,1.0,2961100000,1.0,0.0,0.0,0.0,0.0,312100000,0.1054000202627402,3.8,3.8,82131579,82131579,,,1620590448,16:00:48,20210509
32,1988-12-31,CMS,USD,1988-12-31,1988-12-31,FY,2942700000,0.0,0.0,0.0,0.0,0.0,0.0,0.0,0.0,0.0,0.0,0.0,2942700000,1.0,2942700000,1.0,0.0,0.0,0.0,0.0,271600000,0.09229619057328305,3.31,3.31,82054381,82054381,,,1620590448,16:00:48,20210509
33,1987-12-31,CMS,USD,1987-12-31,1987-12-31,FY,2800500000,0.0,0.0,0.0,0.0,0.0,0.0,0.0,0.0,0.0,0.0,0.0,2800500000,1.0,2800500000,1.0,0.0,0.0,0.0,0.0,186900000,0.06673808248527048,2.19,2.19,85342466,85342466,,,1620590448,16:00:48,20210509
34,1986-12-31,CMS,USD,1986-12-31,1986-12-31,FY,3108400000,0.0,0.0,0.0,0.0,0.0,0.0,0.0,0.0,0.0,0.0,0.0,3108400000,1.0,3108400000,1.0,0.0,0.0,0.0,0.0,177800000,0.05719984557971947,0.74,0.74,87837838,87837838,,,1620590448,16:00:48,20210509
35,1985-12-31,CMS,USD,1985-12-31,1985-12-31,FY,3298300000,0.0,0.0,0.0,0.0,0.0,0.0,0.0,0.0,0.0,0.0,0.0,3298300000,1.0,3298300000,1.0,0.0,0.0,0.0,0.0,-269800000,-0.08179971500469939,-4.42,-4.42,88144796,88144796,,,1620590448,16:00:48,20210509
