,date,symbol,reportedCurrency,fillingDate,acceptedDate,period,revenue,costOfRevenue,grossProfit,grossProfitRatio,researchAndDevelopmentExpenses,generalAndAdministrativeExpenses,sellingAndMarketingExpenses,otherExpenses,operatingExpenses,costAndExpenses,interestExpense,depreciationAndAmortization,ebitda,ebitdaratio,operatingIncome,operatingIncomeRatio,totalOtherIncomeExpensesNet,incomeBeforeTax,incomeBeforeTaxRatio,incomeTaxExpense,netIncome,netIncomeRatio,eps,epsdiluted,weightedAverageShsOut,weightedAverageShsOutDil,link,finalLink,timestamp,est_time,est_date
0,2020-09-30,NJR,USD,2020-11-30,2020-11-30 15:51:26,FY,1953668000,1582862000.0,370806000.0,0.1897999045897256,0.0,0.0,0.0,23878000.0,154423000.0,1737285000.0,67597000.0,119894000.0,336277000,0.17212597022626158,216383000,0.11075730369745525,23878000.0,172664000.0,0.08837939711353208,-6944000.0,193919000.0,0.09925893242864192,2.05,2.04,94798000,95107000,https://www.sec.gov/Archives/edgar/data/356309/000035630920000098/0000356309-20-000098-index.htm,https://www.sec.gov/Archives/edgar/data/356309/000035630920000098/njr-20200930.htm,1620595708,17:28:28,20210509
1,2019-09-30,NJR,USD,2019-11-22,2019-11-22 16:24:42,FY,2592045000,2301253000.0,290792000.0,0.11218632392570345,0.0,0.0,0.0,11273000.0,136857000.0,2438110000.0,47082000.0,91730000.0,245665000,0.0947765181545845,153935000,0.05938747205391882,11273000.0,118126000.0,0.04557251127970386,-37751000.0,169505000.0,0.06539431221294384,1.9,1.89,89242000,89616000,https://www.sec.gov/Archives/edgar/data/356309/000035630919000133/0000356309-19-000133-index.htm,https://www.sec.gov/Archives/edgar/data/356309/000035630919000133/njr10k2019.htm,1620595708,17:28:28,20210509
2,2018-09-30,NJR,USD,2018-11-20,2018-11-20 16:47:09,FY,2915109000,2542261000.0,372848000.0,0.1279019069269794,0.0,0.0,0.0,16853000.0,176772000.0,2719033000.0,46286000.0,85701000.0,281777000,0.09666087957602958,196076000,0.06726197888312238,16853000.0,166643000.0,0.05716527237918033,-53785000.0,233436000.0,0.08007796620983984,2.66,2.64,87689000,88315000,https://www.sec.gov/Archives/edgar/data/356309/000035630918000139/0000356309-18-000139-index.htm,https://www.sec.gov/Archives/edgar/data/356309/000035630918000139/njr10k2018.htm,1620595708,17:28:28,20210509
3,2017-09-30,NJR,USD,2017-11-21,2017-11-21 16:07:58,FY,2268617000,1930123000.0,338494000.0,0.14920720421296324,0.0,0.0,0.0,14437000.0,171450000.0,2101573000.0,44886000.0,81841000.0,248885000,0.10970780876631005,167044000,0.07363252589573295,14437000.0,136595000.0,0.06021069224113193,18343000.0,132065000.0,0.05821388096800826,1.53,1.52,86321000,87144000,https://www.sec.gov/Archives/edgar/data/356309/000035630917000185/0000356309-17-000185-index.htm,https://www.sec.gov/Archives/edgar/data/356309/000035630917000185/njr10k2017.htm,1620595708,17:28:28,20210509
4,2016-09-30,NJR,USD,2016-11-22,2016-11-22 15:48:29,FY,1880905000,1561107000.0,319798000.0,0.17002347274317417,0.0,0.0,0.0,9196000.0,152263000.0,1713370000.0,31044000.0,72748000.0,240283000,0.12774861037638796,167535000,0.08907148420574139,9196000.0,145687000.0,0.07745579920304321,23530000.0,131672000.0,0.07000459885002167,1.53,1.52,85884000,86731000,https://www.sec.gov/Archives/edgar/data/356309/000035630916000283/0000356309-16-000283-index.htm,https://www.sec.gov/Archives/edgar/data/356309/000035630916000283/njr10ksep2016.htm,1620595708,17:28:28,20210509
5,2015-09-30,NJR,USD,2015-11-24,2015-11-24 14:29:59,FY,2733987000,2295098000.0,438889000.0,0.16053075599847402,0.0,0.0,0.0,6545000.0,190438000.0,2485536000.0,27721000.0,61399000.0,309850000,0.11333265300822572,248451000,0.09087497489929543,6545000.0,227275000.0,0.08312951012568824,59724000.0,180960000.0,0.0661890491798242,2.12,2.1,85186000,86265000,https://www.sec.gov/Archives/edgar/data/356309/000035630915000097/0000356309-15-000097-index.htm,https://www.sec.gov/Archives/edgar/data/356309/000035630915000097/njr10ksep2015.htm,1620595708,17:28:28,20210509
6,2014-09-30,NJR,USD,2014-11-25,2014-11-25 13:58:45,FY,3738145000,3354705000.0,383440000.0,0.10257494024442605,0.0,0.0,0.0,7551000.0,182250000.0,3536955000.0,25463000.0,52742000.0,253932000,0.06792994921277799,201190000,0.05382081219428353,7551000.0,183278000.0,0.049029130758705186,51840000.0,141970000.0,0.03797873009206438,1.685,1.67,84198000,84922000,https://www.sec.gov/Archives/edgar/data/356309/000035630914000113/0000356309-14-000113-index.htm,https://www.sec.gov/Archives/edgar/data/356309/000035630914000113/njr10ksep2014.htm,1620595708,17:28:28,20210509
7,2013-09-30,NJR,USD,2013-11-26,2013-11-25 18:19:21,FY,3198068000,2885696000.0,312372000.0,0.09767522141492926,0.0,0.0,0.0,4783000.0,153141000.0,3038837000.0,23979000.0,47310000.0,206541000,0.06458305451916595,159231000,0.049789748060391464,4783000.0,140035000.0,0.043787374127129255,35575000.0,114809000.0,0.03589948681516465,1.38,1.375,83316000,83628000,https://www.sec.gov/Archives/edgar/data/356309/000035630913000103/0000356309-13-000103-index.htm,https://www.sec.gov/Archives/edgar/data/356309/000035630913000103/njr10ksep2013.htm,1620595708,17:28:28,20210509
8,2012-09-30,NJR,USD,2012-11-29,2012-11-28 18:02:33,FY,2248923000,2012453000.0,236470000.0,0.10514810867246233,0.0,0.0,0.0,2128000.0,127780000.0,2140233000.0,20844000.0,41643000.0,150333000,0.06684666393647093,108690000,0.04832980053118759,2128000.0,89974000.0,0.040007594746463086,7729000.0,92879000.0,0.04129932416538939,1.12,1.115,83054000,83264000,https://www.sec.gov/Archives/edgar/data/356309/000035630912000060/0000356309-12-000060-index.htm,https://www.sec.gov/Archives/edgar/data/356309/000035630912000060/njr10ksep2012.htm,1620595708,17:28:28,20210509
9,2011-09-30,NJR,USD,2011-11-23,2011-11-23 16:12:51,FY,3009209000,2550571000.0,458638000.0,0.15241148089082546,0.0,51246000.0,0.0,0.0,315637000.0,2866208000.0,19623000.0,0.0,178201000,0.05921855211784891,143001000,0.04752112598360566,3747000.0,127125000.0,0.04224532094646799,37665000.0,101299000.0,0.03366299914695191,1.225,1.22,82718000,83136000,https://www.sec.gov/Archives/edgar/data/356309/000035630911000033/0000356309-11-000033-index.htm,https://www.sec.gov/Archives/edgar/data/356309/000035630911000033/njr10ksep2011.htm,1620595708,17:28:28,20210509
10,2010-09-30,NJR,USD,2010-11-24,2010-11-24 15:42:29,FY,2639304000,2167558000.0,471746000.0,0.1787387887109632,0.0,45966000.0,0.0,0.0,283621000.0,2451179000.0,21251000.0,32267000.0,220392000,0.08350383282865483,188125000,0.07127826123856895,5258000.0,172132000.0,0.06521870917484307,64692000.0,117457000.0,0.04450302049328156,1.42,1.41,82728000,83260000,https://www.sec.gov/Archives/edgar/data/356309/000035630910000025/0000356309-10-000025-index.htm,https://www.sec.gov/Archives/edgar/data/356309/000035630910000025/njr201010k.htm,1620595708,17:28:28,20210509
11,2009-09-30,NJR,USD,2009-11-30,2009-11-30 17:20:13,FY,2592460000,2245169000.0,347291000.0,0.13396195119693263,0.0,44992000.0,0.0,0.0,299221000.0,2544390000.0,21014000.0,30328000.0,78398000,0.030240775171073035,48070000,0.01854223401711116,4409000.0,31465000.0,0.012137120727031468,8488000.0,27242000.0,0.010508165989060583,0.325,0.32,84238000,84930000,https://www.sec.gov/Archives/edgar/data/356309/000114036109027697/0001140361-09-027697-index.htm,https://www.sec.gov/Archives/edgar/data/356309/000114036109027697/form10-k.htm,1620595708,17:28:28,20210509
12,2008-09-30,NJR,USD,2008-11-24,2008-11-21 20:52:42,FY,3816210000,3322644000.0,493566000.0,0.1293340775271801,0.0,0.0,0.0,0.0,292116000.0,3614760000.0,0.0,0.0,234461000,0.061438180812900756,201450000,0.05278797550449268,6356000.0,181995000.0,0.04768998561399923,68085000.0,113910000.0,0.029848986297923857,1.36,1.35,83756000,84352000,https://www.sec.gov/Archives/edgar/data/356309/000035630908000064/0000356309-08-000064-index.htm,https://www.sec.gov/Archives/edgar/data/356309/000035630908000064/form10k_2008.htm,1620595708,17:28:28,20210509
13,2007-09-30,NJR,USD,2007-12-10,2007-12-10 15:41:52,FY,3021765000,2621575000.0,400190000.0,0.13243584461399216,0.0,0.0,0.0,0.0,272940000.0,2894515000.0,0.0,0.0,157830000,0.05223106363334012,127250000,0.042111150271447316,5956000.0,105593000.0,0.03494414688104469,40312000.0,65281000.0,0.021603599220985086,0.78,0.776667,83709000,84225000,https://www.sec.gov/Archives/edgar/data/356309/000035630907000114/0000356309-07-000114-index.htm,https://www.sec.gov/Archives/edgar/data/356309/000035630907000114/form_10-k.htm,1620595708,17:28:28,20210509
14,2006-09-30,NJR,USD,2006-11-22,2006-11-22 17:10:37,FY,3299608000,2909789000.0,389819000.0,0.11814100341616338,0.0,0.0,0.0,0.0,243356000.0,3153145000.0,0.0,0.0,173770000,0.052663831582418275,146463000,0.04438800002909436,7747000.0,128541000.0,0.0389564457353722,50022000.0,78519000.0,0.023796463095010073,0.94,0.933333,83586000,84243000,https://www.sec.gov/Archives/edgar/data/356309/000110465906077505/0001104659-06-077505-index.htm,https://www.sec.gov/Archives/edgar/data/356309/000110465906077505/a06-23841_110k.htm,1620595708,17:28:28,20210509
15,2005-09-30,NJR,USD,2005-11-29,2005-11-29 17:23:06,FY,3148262000,2780343000.0,367919000.0,0.11686416187725164,0.0,0.0,0.0,0.0,229551000.0,3009894000.0,0.0,0.0,166236000,0.05280246688490348,138368000,0.04395059877481607,7359000.0,125253000.0,0.03978480825293448,48913000.0,76340000.0,0.024248299537967297,0.923333,0.903333,82773000,84363000,https://www.sec.gov/Archives/edgar/data/356309/000110465905058182/0001104659-05-058182-index.htm,https://www.sec.gov/Archives/edgar/data/356309/000110465905058182/a05-20441_110k.htm,1620595708,17:28:28,20210509
16,2004-09-30,NJR,USD,2004-12-01,2004-12-01 09:47:51,FY,2533607000,2213374000.0,320233000.0,0.12639410926793304,0.0,0.0,0.0,0.0,193015000.0,2406389000.0,0.0,0.0,155772000,0.061482305661454205,127218000,0.05021220733918086,5696000.0,117519000.0,0.04638406824736433,45945000.0,71574000.0,0.02824984301038006,0.866667,0.85,82590000,84159000,https://www.sec.gov/Archives/edgar/data/356309/000110465904037977/0001104659-04-037977-index.htm,https://www.sec.gov/Archives/edgar/data/356309/000110465904037977/a04-13799_110k.htm,1620595708,17:28:28,20210509
17,2003-09-30,NJR,USD,2003-12-16,2003-12-16 11:23:07,FY,2544379000,2238394000.0,305985000.0,0.12025920666693131,0.0,0.0,0.0,0.0,184634000.0,2423028000.0,0.0,0.0,157211000,0.06178757174147405,121351000,0.047693759459577365,515000.0,107874000.0,0.042396985669194726,42462000.0,65412000.0,0.02570843416016246,0.803333,0.793333,81285000,82596000,https://www.sec.gov/Archives/edgar/data/356309/000095012303013828/0000950123-03-013828-index.htm,https://www.sec.gov/Archives/edgar/data/356309/000095012303013828/y92489e10vk.htm,1620595708,17:28:28,20210509
18,2002-09-30,NJR,USD,2002-12-20 00:00:00,2002-12-20 15:21:05,FY,1830754000,1565717000.0,265037000.0,0.14476931362706294,0.0,0.0,0.0,0.0,160658000.0,1726375000.0,0.0,0.0,135171000,0.07383351340485941,104379000,0.05701421381572838,4945000.0,92768000.0,0.050672018195781626,35924000.0,56844000.0,0.03104950200846209,0.706667,0.696667,80580000,81504000,https://www.sec.gov/Archives/edgar/data/356309/000095012302012107/0000950123-02-012107-index.html,https://www.sec.gov/Archives/edgar/data/356309/000095012302012107/y66677e10vk.txt,1620595708,17:28:28,20210509
19,2001-09-30,NJR,USD,2001-09-30,2001-09-30,FY,2048408000,1782840000.0,265568000.0,0.12964604707655897,0.0,0.0,0.0,0.0,165755000.0,1948595000.0,0.0,0.0,130055000,0.0634907694170302,99813000,0.04872710905249345,6446000.0,86554000.0,0.04225427746816064,32891000.0,52316000.0,0.02553983386122296,0.655556,0.651111,79794000,80401500,,,1620595708,17:28:28,20210509
20,2000-09-30,NJR,USD,2000-09-30,2000-09-30,FY,1164549000,919903000.0,244646000.0,0.21007789281515848,0.0,0.0,0.0,0.0,150734000.0,1070637000.0,0.0,0.0,128624000,0.11044962470449934,93912000,0.08064237743538485,1948000.0,77110000.0,0.06621447444461333,29147000.0,48791000.0,0.041896906012542194,0.613333,0.608889,79641000,80199000,,,1620595708,17:28:28,20210509
21,1999-09-30,NJR,USD,1999-09-30,1999-09-30,FY,904268000,669835000.0,234433000.0,0.25925168202347093,0.0,0.0,0.0,0.0,146916000.0,816751000.0,0.0,0.0,117257000,0.12967062861894926,87517000,0.09678214865504474,2407000.0,70367000.0,0.07781653226698279,25445000.0,44922000.0,0.04967775040142967,0.557778,0.553333,80334000,80928000,,,1620595708,17:28:28,20210509
22,1998-09-30,NJR,USD,1998-09-30,1998-09-30,FY,710300000,483700000.0,226600000.0,0.31902013233844856,0.0,0.0,0.0,0.0,142700000.0,626400000.0,0.0,0.0,112100000,0.15782063916654934,83900000,0.11811910460368859,2400000.0,66700000.0,0.09390398423201464,23400000.0,43300000.0,0.060960157679853584,0.522222,0.517778,80091000,80523000,,,1620595708,17:28:28,20210509
23,1997-09-30,NJR,USD,1997-09-30,1997-09-30,FY,696500000,465600000.0,230900000.0,0.33151471643933955,0.0,0.0,0.0,0.0,148800000.0,614400000.0,0.0,0.0,108400000,0.15563531945441494,82100000,0.11787508973438622,600000.0,62300000.0,0.08944723618090453,20800000.0,41500000.0,0.05958363244795405,0.5118906650878232,0.5077293908541713,81072000,81736454,,,1620595708,17:28:28,20210509
24,1996-09-30,NJR,USD,1996-09-30,1996-09-30,FY,548500000,328000000.0,220500000.0,0.40200546946216953,0.0,0.0,0.0,0.0,142200000.0,470200000.0,0.0,0.0,104800000,0.1910665451230629,78300000,0.14275296262534184,100000.0,57400000.0,0.10464904284412033,18700000.0,38700000.0,0.07055606198723792,0.457778,0.457778,81135000,81135000,,,1620595708,17:28:28,20210509
25,1995-09-30,NJR,USD,1995-12-29 00:00:00,1995-12-29 00:00:00,FY,454600000,251100000.0,203500000.0,0.4476462824461065,0.0,0.0,0.0,0.0,128200000.0,379300000.0,0.0,0.0,104200000,0.22921249450065992,75300000,0.16564012318521779,400000.0,51500000.0,0.11328640563132424,16000000.0,26400000.0,0.05807303123625165,0.313333,0.313333,79222500,79222500,https://www.sec.gov/Archives/edgar/data/356309/000095011095000883/0000950110-95-000883-index.html,https://www.sec.gov/Archives/edgar/data/356309/0000950110-95-000883.txt,1620595708,17:28:28,20210509
26,1994-09-30,NJR,USD,1994-12-29 00:00:00,1994-12-29 00:00:00,FY,498700000,0.0,0.0,0.0,0.0,0.0,0.0,0.0,0.0,0.0,0.0,27600000.0,526300000,1.0553438941247242,498700000,1.0,0.0,0.0,0.0,0.0,34600000.0,0.06938038901142972,0.428889,0.428889,76932000,76932000,https://www.sec.gov/Archives/edgar/data/356309/000095011094000358/0000950110-94-000358-index.html,https://www.sec.gov/Archives/edgar/data/356309/0000950110-94-000358.txt,1620595708,17:28:28,20210509
27,1993-09-30,NJR,USD,1993-09-30,1993-09-30,FY,454700000,0.0,0.0,0.0,0.0,0.0,0.0,0.0,0.0,0.0,0.0,0.0,454700000,1.0,454700000,1.0,0.0,0.0,0.0,0.0,30500000.0,0.0670771937541236,0.364809,0.362585,78123073,78602367,,,1620595708,17:28:28,20210509
28,1992-09-30,NJR,USD,1992-09-30,1992-09-30,FY,412300000,0.0,0.0,0.0,0.0,0.0,0.0,0.0,0.0,0.0,0.0,0.0,412300000,1.0,412300000,1.0,0.0,0.0,0.0,0.0,25900000.0,0.06281833616298811,0.364809,0.364809,64143154,64143154,,,1620595708,17:28:28,20210509
29,1991-09-30,NJR,USD,1991-09-30,1991-09-30,FY,334900000,0.0,0.0,0.0,0.0,0.0,0.0,0.0,0.0,0.0,0.0,0.0,334900000,1.0,334900000,1.0,0.0,0.0,0.0,0.0,12400000.0,0.0370259779038519,0.184629,0.184629,61745446,61745446,,,1620595708,17:28:28,20210509
30,1990-09-30,NJR,USD,1990-09-30,1990-09-30,FY,324800000,0.0,0.0,0.0,0.0,0.0,0.0,0.0,0.0,0.0,0.0,0.0,324800000,1.0,324800000,1.0,0.0,0.0,0.0,0.0,13900000.0,0.04279556650246306,0.215771,0.215771,60249060,60249060,,,1620595708,17:28:28,20210509
31,1989-09-30,NJR,USD,1989-09-30,1989-09-30,FY,329900000,0.0,0.0,0.0,0.0,0.0,0.0,0.0,0.0,0.0,0.0,0.0,329900000,1.0,329900000,1.0,0.0,0.0,0.0,0.0,17400000.0,0.05274325553197939,0.322545,0.322545,50845697,50845697,,,1620595708,17:28:28,20210509
32,1988-09-30,NJR,USD,1988-09-30,1988-09-30,FY,295400000,0.0,0.0,0.0,0.0,0.0,0.0,0.0,0.0,0.0,0.0,0.0,295400000,1.0,295400000,1.0,0.0,0.0,0.0,0.0,17000000.0,0.05754908598510494,0.371483,0.371483,43070670,43070670,,,1620595708,17:28:28,20210509
33,1987-09-30,NJR,USD,1987-09-30,1987-09-30,FY,269200000,0.0,0.0,0.0,0.0,0.0,0.0,0.0,0.0,0.0,0.0,0.0,269200000,1.0,269200000,1.0,0.0,0.0,0.0,0.0,11200000.0,0.041604754829123326,0.282505,0.282505,36459596,36459596,,,1620595708,17:28:28,20210509
34,1986-09-30,NJR,USD,1986-09-30,1986-09-30,FY,253100000,0.0,0.0,0.0,0.0,0.0,0.0,0.0,0.0,0.0,0.0,0.0,253100000,1.0,253100000,1.0,0.0,0.0,0.0,0.0,5900000.0,0.023310944290794153,0.153487,0.153487,32576155,32576155,,,1620595708,17:28:28,20210509
35,1985-09-30,NJR,USD,1985-09-30,1985-09-30,FY,283300000,0.0,0.0,0.0,0.0,0.0,0.0,0.0,0.0,0.0,0.0,0.0,283300000,1.0,283300000,1.0,0.0,0.0,0.0,0.0,10400000.0,0.03671020120014119,0.3003,0.3003,31635032,31635032,,,1620595708,17:28:28,20210509
