,date,symbol,reportedCurrency,fillingDate,acceptedDate,period,revenue,costOfRevenue,grossProfit,grossProfitRatio,researchAndDevelopmentExpenses,generalAndAdministrativeExpenses,sellingAndMarketingExpenses,otherExpenses,operatingExpenses,costAndExpenses,interestExpense,depreciationAndAmortization,ebitda,ebitdaratio,operatingIncome,operatingIncomeRatio,totalOtherIncomeExpensesNet,incomeBeforeTax,incomeBeforeTaxRatio,incomeTaxExpense,netIncome,netIncomeRatio,eps,epsdiluted,weightedAverageShsOut,weightedAverageShsOutDil,link,finalLink,timestamp,est_time,est_date
0,2020-03-31,1050.HK,HKD,2020-03-31,2020-03-31,FY,2902208000,2372714000,529494000,0.18244522790923326,0,120129000,30668000,5771000,150797000,2523511000,24858000,64475000,443172000,0.15270166714446382,378697000,0.13048582320770943,0,361738000,0.12464234127946722,111472000,250266000,0.0862329646944671,0.1256086800714305,0.1256086800714305,1992426000,1992426000,https://www1.hkexnews.hk/search/titlesearch.xhtml,https://www1.hkexnews.hk/search/titlesearch.xhtml,1620585050,14:30:50,20210509
1,2019-03-31,1050.HK,HKD,2019-03-31,2019-03-31,FY,2651169000,2210972000,440197000,0.166038830417827,0,107872000,24918000,7239000,132790000,2343762000,19187000,53458000,360865000,0.13611542681737754,307407000,0.11595149158729602,0,300086000,0.1131900682302788,78700000,221386000,0.0835050500364179,0.111,0.11,1992426000,2008931000,https://www1.hkexnews.hk/search/titlesearch.xhtml,https://www1.hkexnews.hk/search/titlesearch.xhtml,1620585050,14:30:50,20210509
2,2018-03-31,1050.HK,HKD,2018-03-31,2018-03-31,FY,2919880000,2497094000,422786000,0.1447956765346521,0,136885000,29677000,2714000,166562000,2663656000,14883000,59155000,315379000,0.10801094565530091,256224000,0.08775155143362055,0,251722000,0.08620970724824308,34015000,182563000,0.06252414482786964,0.092,0.091,1995081000,2013346000,https://www1.hkexnews.hk/search/titlesearch.xhtml,https://www1.hkexnews.hk/search/titlesearch.xhtml,1620585050,14:30:50,20210509
3,2017-03-31,1050.HK,HKD,2017-03-31,2017-03-31,FY,2715859000,2361314000,354545000,0.13054617342063782,0,136419000,24087000,4836000,160506000,2521820000,11580000,62317000,256356000,0.09439223464841143,194039000,0.07144663990288155,0,188854000,0.06953748335241262,20642000,168333000,0.06198149462103887,0.08432688974429364,0.08405932436143916,1996196000,2002550000,https://www1.hkexnews.hk/search/titlesearch.xhtml,https://www1.hkexnews.hk/search/titlesearch.xhtml,1620585050,14:30:50,20210509
4,2016-03-31,1050.HK,HKD,2016-03-31,2016-03-31,FY,2897605000,2546039000,351566000,0.12132985689905974,0,143064000,44450000,9932000,187514000,2733553000,16039000,88033000,252085000,0.0869977101778883,164052000,0.05661641251999496,0,136159000,0.0469901867231731,19488000,117076000,0.04040440294657139,0.059,0.059,1996196000,1996196000,https://www1.hkexnews.hk/search/titlesearch.xhtml,https://www1.hkexnews.hk/search/titlesearch.xhtml,1620585050,14:30:50,20210509
5,2015-03-31,1050.HK,HKD,2015-03-31,2015-03-31,FY,2590623000,2306523000,284100000,0.10966474087507136,0,165017000,57110000,8606000,222127000,2528650000,13188000,82010000,143983000,0.05557852300392608,61973000,0.02392204500616261,0,84135000,0.03247674401099658,8429000,76298000,0.02945160295419287,0.038,0.038,1996196000,1996196000,https://www1.hkexnews.hk/search/titlesearch.xhtml,https://www1.hkexnews.hk/search/titlesearch.xhtml,1620585050,14:30:50,20210509
6,2014-03-31,1050.HK,HKD,2014-03-31,2014-03-31,FY,2033018000,1742286000,290732000,0.14300512833629608,0,171045000,52093000,9665000,223138000,1965424000,3487000,49199000,116793000,0.05744808949059969,67594000,0.03324810700151204,0,44294000,0.021787313245627927,11708000,34291000,0.016867042003563176,0.017,0.017,1996196000,1996196000,https://www1.hkexnews.hk/search/titlesearch.xhtml,https://www1.hkexnews.hk/search/titlesearch.xhtml,1620585050,14:30:50,20210509
7,2013-03-31,1050.HK,HKD,2013-03-31,2013-03-31,FY,2291404000,2049399000,242005000,0.10561428713574735,0,148441000,41196000,13094000,189637000,2239036000,7536000,56051000,108419000,0.04731553231119436,52368000,0.02285411040567268,0,58550000,0.02555201963512327,16613000,41967000,0.01831497195605838,0.021,0.021,1996196000,1996196000,https://www1.hkexnews.hk/search/titlesearch.xhtml,https://www1.hkexnews.hk/search/titlesearch.xhtml,1620585050,14:30:50,20210509
8,2012-03-31,1050.HK,HKD,2012-03-31,2012-03-31,FY,2285390000,2098948000,186442000,0.08157994915528641,0,135543000,36290000,0,171833000,2270781000,7664000,46110000,60719000,0.02656833188208577,14609000,0.006392344413863717,0,57164000,0.02501279869081426,16494000,40381000,0.017669194316943717,0.025,0.025,1736196000,1736196000,https://www1.hkexnews.hk/search/titlesearch.xhtml,https://www1.hkexnews.hk/search/titlesearch.xhtml,1620585050,14:30:50,20210509
9,2011-03-31,1050.HK,HKD,2011-03-31,2011-03-31,FY,2605399000,2413669000,191730000,0.07358949627293171,0,127133000,32883000,0,160016000,2573685000,6871000,50484000,82198000,0.03154910245993032,31714000,0.012172415818076232,0,27070000,0.010389963303125548,4737000,21223000,0.00814577728785495,0.017,0.017,1256244000,1256244000,https://www1.hkexnews.hk/search/titlesearch.xhtml,https://www1.hkexnews.hk/search/titlesearch.xhtml,1620585050,14:30:50,20210509
10,2010-03-31,1050.HK,HKD,2010-03-31,2010-03-31,FY,2245172000,2093154000,152018000,0.06770884368769965,0,112703000,27276000,0,139979000,2233133000,5392000,48268000,60307000,0.026860748307924738,12039000,0.005362172697681959,0,7277000,0.003241177067948469,-1833000,12497000,0.005566165977484131,0.011,0.011,1154196000,1154196000,https://www1.hkexnews.hk/search/titlesearch.xhtml,https://www1.hkexnews.hk/search/titlesearch.xhtml,1620585050,14:30:50,20210509
11,2009-03-31,1050.HK,HKD,2009-03-31,2009-03-31,FY,2463926000,2286474000,177452000,0.07202002008177194,0,120387000,30709000,0,151096000,2437570000,12888000,57471000,83827000,0.034021719808143586,26356000,0.01069674982122028,0,23740000,0.0096350296234546,3307000,22081000,0.00896171394757797,0.01981602799964103,0.019129342458632938,1114300000,1154300000,https://www1.hkexnews.hk/search/titlesearch.xhtml,https://www1.hkexnews.hk/search/titlesearch.xhtml,1620585050,14:30:50,20210509
12,2008-03-31,1050.HK,HKD,2008-03-31,2008-03-31,FY,2802974000,2623931000,179043000,0.06387608304607892,0,117225000,34948000,0,152173000,2776104000,0,60448000,87318000,0.0311519122189503,26870000,0.009586246608067003,0,21652000,0.0077246524584245165,8504000,13148000,0.004690732058163936,1.4,1.4,1154396000,1154396000,https://www1.hkexnews.hk/search/titlesearch.xhtml,https://www1.hkexnews.hk/search/titlesearch.xhtml,1620585050,14:30:50,20210509
13,2007-03-31,1050.HK,HKD,2007-03-31,2007-03-31,FY,3328097000,3024002000,304095000,0.09137203633187374,0,113358000,40343000,0,153701000,3177703000,0,54028000,204422000,0.06142308953134479,150394000,0.04518918769495,0,137734000,0.04138521202957726,12806000,124928000,0.037537367450528034,37.875,37.75,329827200,329827200,https://www1.hkexnews.hk/search/titlesearch.xhtml,https://www1.hkexnews.hk/search/titlesearch.xhtml,1620585050,14:30:50,20210509
14,2006-03-31,1050.HK,HKD,2006-03-31,2006-03-31,FY,3592741000,3211354000,381387000,0.1061548828596328,0,136195000,31153000,0,152720000,3364074000,0,50028000,278695000,0.07757169247657986,228667000,0.06364694811009199,0,204136000,0.05681901367229088,17757000,186379000,0.051876547738899076,56.875,56.375,328409600,328409600,https://www1.hkexnews.hk/search/titlesearch.xhtml,https://www1.hkexnews.hk/search/titlesearch.xhtml,1620585050,14:30:50,20210509
15,2005-03-31,1050.HK,HKD,2005-03-31,2005-03-31,FY,2563190000,2246021000,317169000,0.12373994904786613,0,116436000,30543000,0,146979000,2393000000,0,39105000,209295000,0.08165411069799741,170190000,0.06639773095244597,0,163547000,0.06380603856912676,13203000,150344000,0.058655035327072905,0.465,0.45875,323320430,327725341,https://www1.hkexnews.hk/search/titlesearch.xhtml,https://www1.hkexnews.hk/search/titlesearch.xhtml,1620585050,14:30:50,20210509
16,2004-03-31,1050.HK,HKD,2004-03-31,2004-03-31,FY,1692960000,1461469000,231491000,0.13673743029959362,0,104901000,26648000,0,131549000,1593018000,0,34490000,134432000,0.07940648331915698,99942000,0.05903388148568188,0,98616000,0.05825063793592288,8176000,90440000,0.053421226727152445,0.2875,0.27625,314573913,327384615,https://www1.hkexnews.hk/search/titlesearch.xhtml,https://www1.hkexnews.hk/search/titlesearch.xhtml,1620585050,14:30:50,20210509
17,2003-03-31,1050.HK,HKD,2003-03-31,2003-03-31,FY,1737979000,1476776000,261203000,0.15029122906548353,0,99212000,27406000,0,126618000,1603394000,0,0,134585000,0.0774376445285012,134585000,0.0774376445285012,0,133074000,0.0765682439200934,12031000,121043000,0.06964583576671525,0.39875,0.385,303556113,314397403,https://www1.hkexnews.hk/search/titlesearch.xhtml,https://www1.hkexnews.hk/search/titlesearch.xhtml,1620585050,14:30:50,20210509
18,2002-03-31,1050.HK,HKD,2002-03-31,2002-03-31,FY,1156262000,931821000,224441000,0.1941091205972349,0,112588000,27399000,0,139987000,1071808000,0,0,84454000,0.07304053925494394,84454000,0.07304053925494394,0,85438000,0.07389155744978214,3793000,81645000,0.0706111590625654,0.2725,0.2675,299614679,305214953,https://www1.hkexnews.hk/search/titlesearch.xhtml,https://www1.hkexnews.hk/search/titlesearch.xhtml,1620585050,14:30:50,20210509
19,2001-03-31,1050.HK,HKD,2001-03-31,2001-03-31,FY,892703000,715527000,177176000,0.19847138409975099,0,83854000,55385000,0,139239000,854766000,0,0,37937000,0.04249677664351974,37937000,0.04249677664351974,0,30432000,0.03408972525016719,4064000,26368000,0.0295372593124477,0.08875,0.0875,297104225,301348571,https://www1.hkexnews.hk/search/titlesearch.xhtml,https://www1.hkexnews.hk/search/titlesearch.xhtml,1620585050,14:30:50,20210509
20,2000-03-31,1050.HK,HKD,2000-03-31,2000-03-31,FY,661887000,497671000,164216000,0.24810277282980328,0,80410000,54409000,0,134819000,632490000,0,0,29397000,0.04441392563987508,29397000,0.04441392563987508,0,24399000,0.036862787756822536,3783000,20616000,0.031147310643659717,0.07125,0.07,289347368,294514286,https://www1.hkexnews.hk/search/titlesearch.xhtml,https://www1.hkexnews.hk/search/titlesearch.xhtml,1620585050,14:30:50,20210509
21,1999-03-31,1050.HK,HKD,1999-03-31,1999-03-31,FY,591944000,0,0,0.0,0,0,0,0,0,0,0,0,591944000,1.0,591944000,1.0,0,21559000,0.03642067492870947,-3603000,25162000,0.04250739934858703,0.0875,0.0875,287565714,287565714,https://www1.hkexnews.hk/search/titlesearch.xhtml,https://www1.hkexnews.hk/search/titlesearch.xhtml,1620585050,14:30:50,20210509
22,1998-03-31,1050.HK,HKD,1998-03-31,1998-03-31,FY,618614000,0,0,0.0,0,0,0,0,0,0,0,0,618614000,1.0,618614000,1.0,0,17283000,0.02793826198566473,-10582000,27865000,0.04504424406819115,0.09625,0.09625,289506494,289506494,https://www1.hkexnews.hk/search/titlesearch.xhtml,https://www1.hkexnews.hk/search/titlesearch.xhtml,1620585050,14:30:50,20210509
