,date,symbol,reportedCurrency,fillingDate,acceptedDate,period,revenue,costOfRevenue,grossProfit,grossProfitRatio,researchAndDevelopmentExpenses,generalAndAdministrativeExpenses,sellingAndMarketingExpenses,otherExpenses,operatingExpenses,costAndExpenses,interestExpense,depreciationAndAmortization,ebitda,ebitdaratio,operatingIncome,operatingIncomeRatio,totalOtherIncomeExpensesNet,incomeBeforeTax,incomeBeforeTaxRatio,incomeTaxExpense,netIncome,netIncomeRatio,eps,epsdiluted,weightedAverageShsOut,weightedAverageShsOutDil,link,finalLink,timestamp,est_time,est_date
0,2020-07-31,DCI,USD,2020-09-25,2020-09-25 13:05:55,FY,2581800000,1710200000,871600000,0.3375939267177938,61200000.0,470300000,0.0,12500000.0,531500000,2241700000,17400000.0,87600000.0,427700000,0.16565961732124873,340100000,0.13172980091409095,12500000.0,335200000,0.12983190022464947,78200000,257000000,0.09954295452784878,2.03,2.0,126900000,128300000,https://www.sec.gov/Archives/edgar/data/29644/000002964420000046/0000029644-20-000046-index.htm,https://www.sec.gov/Archives/edgar/data/29644/000002964420000046/dci-20200731.htm,1620591011,16:10:11,20210509
1,2019-07-31,DCI,USD,2019-09-27,2019-09-27 15:03:03,FY,2844900000,1896600000,948300000,0.3333333333333333,62300000.0,497800000,0.0,6900000.0,560100000,2456700000,19900000.0,81100000.0,469300000,0.16496186157685683,388200000,0.1364547084256037,6900000.0,375200000,0.1318851277725052,108000000,267200000,0.09392245773137896,2.08,2.05,128300000,130300000,https://www.sec.gov/Archives/edgar/data/29644/000002964419000023/0000029644-19-000023-index.htm,https://www.sec.gov/Archives/edgar/data/29644/000002964419000023/dci2019073110-k.htm,1620591011,16:10:11,20210509
2,2018-07-31,DCI,USD,2018-10-01,2018-10-01 16:17:23,FY,2734200000,1798700000,935500000,0.3421476117328652,59900000.0,495600000,0.0,4900000.0,555500000,2354200000,21300000.0,76700000.0,456700000,0.1670324043595933,380000000,0.13898032331212054,4900000.0,363600000,0.13298222514812377,183300000,180300000,0.06594250603467193,1.38,1.36,130300000,132200000,https://www.sec.gov/Archives/edgar/data/29644/000002964418000024/0000029644-18-000024-index.htm,https://www.sec.gov/Archives/edgar/data/29644/000002964418000024/dci2018073110-k.htm,1620591011,16:10:11,20210509
3,2017-07-31,DCI,USD,2017-09-22,2017-09-22 13:05:39,FY,2371900000,1548800000,823100000,0.34702137526877186,54700000.0,439800000,0.0,12900000.0,494500000,2043300000,19500000.0,75200000.0,403800000,0.17024326489312366,328600000,0.13853872422952063,12900000.0,322000000,0.13575614486276824,89200000,232800000,0.0981491631181753,1.76,1.74,132600000,134100000,https://www.sec.gov/Archives/edgar/data/29644/000002964417000019/0000029644-17-000019-index.htm,https://www.sec.gov/Archives/edgar/data/29644/000002964417000019/dci201773110-k.htm,1620591011,16:10:11,20210509
4,2016-07-31,DCI,USD,2016-09-23,2016-09-23 13:50:26,FY,2220300000,1465500000,754800000,0.33995406026212677,55500000.0,425100000,0.0,3900000.0,480600000,1946100000,20700000.0,74900000.0,349100000,0.15723100481916857,274200000,0.1234968247534117,3900000.0,257400000,0.11593027969193352,66600000,190800000,0.08593433319821646,1.43,1.42,133800000,134800000,https://www.sec.gov/Archives/edgar/data/29644/000162828016019746/0001628280-16-019746-index.htm,https://www.sec.gov/Archives/edgar/data/29644/000162828016019746/dci201673110-k.htm,1620591011,16:10:11,20210509
5,2015-07-31,DCI,USD,2015-11-10,2015-11-09 20:42:58,FY,2371213000,1562629000,808584000,0.3410001547731056,60229000.0,460045000,0.0,15450000.0,520274000,2082903000,15157000.0,74298000.0,362608000,0.15292088901334464,288310000,0.12158755877266192,15450000.0,288603000,0.12171112422207536,80492000,208111000,0.08776562881529411,1.51,1.49,137750158,139381940,https://www.sec.gov/Archives/edgar/data/29644/000089710115001507/0000897101-15-001507-index.htm,https://www.sec.gov/Archives/edgar/data/29644/000089710115001507/donaldson153370s1_10k.htm,1620591011,16:10:11,20210509
6,2014-07-31,DCI,USD,2014-09-26,2014-09-26 14:44:32,FY,2473466000,1595640000,877826000,0.3548971362452526,61837000.0,460250000,0.0,15164000.0,522087000,2117727000,10200000.0,67163000.0,422902000,0.17097546519741932,355739000,0.14382206992131688,15164000.0,360703000,0.14582897035981088,100479000,260224000,0.10520621670158394,1.79,1.76,145594300,147641113,https://www.sec.gov/Archives/edgar/data/29644/000089710114001376/0000897101-14-001376-index.htm,https://www.sec.gov/Archives/edgar/data/29644/000089710114001376/donaldson143395s1_10k.htm,1620591011,16:10:11,20210509
7,2013-07-31,DCI,USD,2013-09-27,2013-09-27 16:47:25,FY,2436948000,1589821000,847127000,0.3476180041593009,62630000.0,441168000,0.0,15762000.0,503798000,2093619000,10910000.0,64290000.0,407619000,0.1672661870503597,343329000,0.1408848280718341,15762000.0,348181000,0.14287584306271614,100804000,247377000,0.101510988334589,1.67,1.64,148273904,150455193,https://www.sec.gov/Archives/edgar/data/29644/000089710113001411/0000897101-13-001411-index.htm,https://www.sec.gov/Archives/edgar/data/29644/000089710113001411/donaldson133958_10k.htm,1620591011,16:10:11,20210509
8,2012-07-31,DCI,USD,2012-09-28,2012-09-28 16:16:32,FY,2493248000,1619485000,873763000,0.35045169995122827,59589000.0,451158000,0.0,0.0,510747000,2130232000,11489000.0,61165000.0,424181000,0.1701318922144929,363016000,0.14559963549554636,19253000.0,370780000,0.1487136458146161,106479000,264301000,0.10600670290320097,1.76,1.73,150286403,152940605,https://www.sec.gov/Archives/edgar/data/29644/000089710112001641/0000897101-12-001641-index.htm,https://www.sec.gov/Archives/edgar/data/29644/000089710112001641/donaldson123374_10k.htm,1620591011,16:10:11,20210509
9,2011-07-31,DCI,USD,2011-09-23,2011-09-23 16:06:16,FY,2294029000,1480233000,813796000,0.35474529746572514,55286000.0,443227000,0.0,0.0,498513000,1978746000,12525000.0,60491000.0,375774000,0.16380525267989202,315283000,0.13743636196403794,9505000.0,312263000,0.13611990083821957,86972000,225291000,0.09820756407177067,1.46,1.435,154392740,157196918,https://www.sec.gov/Archives/edgar/data/29644/000089710111001630/0000897101-11-001630-index.htm,https://www.sec.gov/Archives/edgar/data/29644/000089710111001630/donaldson113996_10k.htm,1620591011,16:10:11,20210509
10,2010-07-31,DCI,USD,2010-09-24,2010-09-24 12:46:23,FY,1877064000,1218316000,658748000,0.35094594537000334,44486000.0,376018000,0.0,0.0,420504000,1638820000,11975000.0,59232000.0,297476000,0.15847941252935435,238244000,0.12692374900376333,3907000.0,230176000,0.12262554713105148,64013000,166163000,0.08852282074558993,1.065,1.05,155697056,158355544,https://www.sec.gov/Archives/edgar/data/29644/000089710110001864/0000897101-10-001864-index.htm,https://www.sec.gov/Archives/edgar/data/29644/000089710110001864/donaldson104463_10k.htm,1620591011,16:10:11,20210509
11,2009-07-31,DCI,USD,2009-09-25,2009-09-25 17:05:39,FY,1868629000,1278923000,589706000,0.3155821728122597,40643000.0,379108000,0.0,0.0,419751000,1698674000,17018000.0,58597000.0,228552000,0.12230999304837932,169955000,0.09095170844506854,8488000.0,161425000,0.08638686438024884,29518000,131907000,0.0705902562788012,0.845,0.835,155758072,158344084,https://www.sec.gov/Archives/edgar/data/29644/000089710109001930/0000897101-09-001930-index.htm,https://www.sec.gov/Archives/edgar/data/29644/000089710109001930/donaldson094150-1_10k.htm,1620591011,16:10:11,20210509
12,2008-07-31,DCI,USD,2008-09-26,2008-09-26 17:00:40,FY,2232521000,1506659000,725862000,0.3251310961912564,43757000.0,436293000,0.0,0.0,480050000,1986709000,0.0,56732000.0,302544000,0.13551675437767438,245812000,0.11010512331127008,6901000.0,236163000,0.10578310349600295,64210000,171953000,0.07702189587466367,1.085,1.06,158415208,162422686,https://www.sec.gov/Archives/edgar/data/29644/000089710108001967/0000897101-08-001967-index.htm,https://www.sec.gov/Archives/edgar/data/29644/000089710108001967/donaldson083914s1_10k.htm,1620591011,16:10:11,20210509
13,2007-07-31,DCI,USD,2007-09-28,2007-09-28 15:08:08,FY,1918828000,1313964000,604864000,0.3152257523863525,36458000.0,357306000,0.0,0.0,393764000,1707728000,0.0,49566000.0,260666000,0.13584646461277405,211100000,0.11001507170001688,8320000.0,204861000,0.10676360778558579,54144000,150717000,0.07854638352160798,0.935,0.915,160909722,164871512,https://www.sec.gov/Archives/edgar/data/29644/000089710107002019/0000897101-07-002019-index.htm,https://www.sec.gov/Archives/edgar/data/29644/000089710107002019/donaldson073861s1_10k.htm,1620591011,16:10:11,20210509
14,2006-07-31,DCI,USD,2006-10-03,2006-10-03 11:52:37,FY,1694327000,1137747000,556580000,0.32849621118001426,33887000.0,329905000,0.0,0.0,363792000,1501539000,0.0,44700000.0,237488000,0.14016656761062063,192788000,0.11378441115557977,6254000.0,189167000,0.11164727942126874,56860000,132307000,0.07808823208270894,0.795,0.775,165984950,170278500,https://www.sec.gov/Archives/edgar/data/29644/000089710106002011/0000897101-06-002011-index.htm,https://www.sec.gov/Archives/edgar/data/29644/000089710106002011/donaldson063681s1_10k.htm,1620591011,16:10:11,20210509
15,2005-07-31,DCI,USD,2005-10-07,2005-10-07 12:29:03,FY,1595733000,1090158000,505575000,0.31682931919061647,32234000.0,316851000,0.0,0.0,349085000,1439243000,0.0,44284000.0,200774000,0.12581929433056782,156490000,0.09806778452284938,7657000.0,154733000,0.09696672312974665,44179000,110554000,0.06928101380368772,0.65,0.635,169981478,173766816,https://www.sec.gov/Archives/edgar/data/29644/000089710105002127/0000897101-05-002127-index.htm,https://www.sec.gov/Archives/edgar/data/29644/000089710105002127/donaldson053966-1_10k.htm,1620591011,16:10:11,20210509
16,2004-07-31,DCI,USD,2004-10-07,2004-10-07 15:31:35,FY,1414980000,964539000,450441000,0.31833736165882204,35374000.0,279095000,0.0,0.0,308853000,1273392000,0.0,41555000.0,183143000,0.1294315113994544,141588000,0.10006360513929526,10818000.0,141836000,0.10023887263424218,35519000,106317000,0.07513675104948479,0.605,0.59,175920846,180859912,https://www.sec.gov/Archives/edgar/data/29644/000089710104002072/0000897101-04-002072-index.htm,https://www.sec.gov/Archives/edgar/data/29644/000089710104002072/donaldson044528_10k.htm,1620591011,16:10:11,20210509
17,2003-07-31,DCI,USD,2003-10-14,2003-10-14 15:35:14,FY,1218252000,827101000,391151000,0.3210756066889281,30456000.0,228930000,0.0,0.0,259386000,1086487000,0.0,37557000.0,169322000,0.1389876642927736,131765000,0.10815906725373732,4691000.0,130567000,0.1071756910721263,35253000,95314000,0.07823832835899305,0.5475,0.5275,173981352,180939932,https://www.sec.gov/Archives/edgar/data/29644/000089710103001226/0000897101-03-001226-index.htm,https://www.sec.gov/Archives/edgar/data/29644/000089710103001226/donaldson034109s1_10k.htm,1620591011,16:10:11,20210509
18,2002-07-31,DCI,USD,2002-10-29 00:00:00,2002-10-29 16:55:12,FY,1126005000,776513000,349492000,0.310382280718114,28150000.0,197492000,0.0,0.0,225642000,1002155000,0.0,31751000.0,155601000,0.13818855156060586,123850000,0.1099906305922265,1699000.0,119018000,0.1056993530224111,32135000,86883000,0.0771604033729868,0.4925,0.475,176632296,182857636,https://www.sec.gov/Archives/edgar/data/29644/000089710102000744/0000897101-02-000744-index.html,https://www.sec.gov/Archives/edgar/data/29644/000089710102000744/donaldson025091_10k.txt,1620591011,16:10:11,20210509
19,2001-07-31,DCI,USD,2001-07-31,2001-07-31,FY,1137015000,795281000,341734000,0.3005536426520319,28425000.0,201201000,0.0,0.0,229626000,1024907000,0.0,38577000.0,150685000,0.13252683561782386,112108000,0.0985985233264293,4428000.0,104928000,0.09228374295853617,29380000,75548000,0.06644415421080636,0.425,0.415,177524328,182448660,,,1620591011,16:10:11,20210509
20,2000-07-31,DCI,USD,2000-07-31,2000-07-31,FY,1092294000,730447000,361847000,0.3312725328528766,27304000.0,194623000,0.0,0.0,256253000,986700000,0.0,34326000.0,139920000,0.12809738037561316,105594000,0.09667177518140721,4619000.0,100333000,0.09185530635524868,30100000,70233000,0.0642986228982307,0.385,0.3775,182865928,186656784,,,1620591011,16:10:11,20210509
21,1999-07-31,DCI,USD,1999-07-31,1999-07-31,FY,944100000,640800000,303300000,0.32125834127740704,23600000.0,163700000,0.0,0.0,215000000,855800000,0.0,27700000.0,116000000,0.12286834021819723,88300000,0.0935282279419553,7800000.0,89200000,0.0944815167884758,26800000,62400000,0.06609469335875437,0.3325,0.3275,187596508,191172720,,,1620591011,16:10:11,20210509
22,1998-07-31,DCI,USD,1998-10-29 00:00:00,1998-10-29 00:00:00,FY,940400000,651800000,288600000,0.30689068481497234,23500000.0,153000000,0.0,0.0,201800000,853600000,0.0,25300000.0,112100000,0.11920459378987665,86800000,0.09230114844746916,4300000.0,86500000,0.09198213526159081,29400000,57100000,0.06071884304551255,0.29,0.285,197329064,200916020,https://www.sec.gov/Archives/edgar/data/29644/000089710198001038/0000897101-98-001038-index.html,https://www.sec.gov/Archives/edgar/data/29644/0000897101-98-001038.txt,1620591011,16:10:11,20210509
23,1997-07-31,DCI,USD,1997-10-29 00:00:00,1997-10-29 00:00:00,FY,833300000,561600000,271700000,0.32605304212168484,17300000.0,150300000,0.0,0.0,189100000,750700000,0.0,21500000.0,104100000,0.12492499699988,82600000,0.09912396495859835,-1300000.0,79100000,0.09492379695187808,28500000,50600000,0.060722428897155886,0.2475,0.2475,204867064,204867064,https://www.sec.gov/Archives/edgar/data/29644/000089710197001109/0000897101-97-001109-index.html,https://www.sec.gov/Archives/edgar/data/29644/0000897101-97-001109.txt,1620591011,16:10:11,20210509
24,1996-07-31,DCI,USD,1996-07-31,1996-07-31,FY,758600000,514100000,244500000,0.32230424466121804,15900000.0,131300000,0.0,0.0,168900000,683000000,0.0,21700000.0,97300000,0.12826258897969944,75600000,0.09965726337991036,-1600000.0,71100000,0.09372528341682046,27700000,43400000,0.05721065119957817,0.20875,0.20875,207904192,207904192,,,1620591011,16:10:11,20210509
25,1995-07-31,DCI,USD,1995-10-27 00:00:00,1995-10-27 00:00:00,FY,704000000,485500000,218500000,0.3103693181818182,14500000.0,118000000,0.0,0.0,153000000,638500000,0.0,20500000.0,86000000,0.12215909090909091,65500000,0.09303977272727272,700000.0,63100000,0.08963068181818182,24600000,38500000,0.0546875,0.18125,0.18125,212413793,212413793,https://www.sec.gov/Archives/edgar/data/29644/000089710195000394/0000897101-95-000394-index.html,https://www.sec.gov/Archives/edgar/data/29644/0000897101-95-000394.txt,1620591011,16:10:11,20210509
26,1994-07-31,DCI,USD,1994-10-28 00:00:00,1994-10-28 00:00:00,FY,593500000,410500000,183000000,0.3083403538331929,10900000.0,103600000,0.0,0.0,130900000,541400000,0.0,16400000.0,68500000,0.11541701769165964,52100000,0.0877843302443134,1500000.0,50100000,0.0844144903117102,18200000,34100000,0.05745577085088458,0.15625,0.15590466944269027,218240000,218723404,https://www.sec.gov/Archives/edgar/data/29644/000089710194000152/0000897101-94-000152-index.html,https://www.sec.gov/Archives/edgar/data/29644/0000897101-94-000152.txt,1620591011,16:10:11,20210509
27,1993-07-31,DCI,USD,1993-07-31,1993-07-31,FY,533300000,366300000,167000000,0.313144571535721,0.0,107000000,0.0,0.0,121800000,488100000,0.0,14800000.0,60000000,0.11250703168948059,45200000,0.08475529720607539,2200000.0,44700000,0.08381773860866304,16500000,28200000,0.05287830489405588,0.1275,0.1275,221176471,221176471,,,1620591011,16:10:11,20210509
28,1992-07-31,DCI,USD,1992-07-31,1992-07-31,FY,482100000,334500000,147600000,0.3061605476042315,0.0,92300000,0.0,0.0,106300000,440800000,0.0,14000000.0,55300000,0.11470649242895664,41300000,0.08566687409251193,3200000.0,41800000,0.08670400331881352,16000000,25800000,0.053515868077162417,0.115,0.115,224347826,224347826,,,1620591011,16:10:11,20210509
29,1991-07-31,DCI,USD,1991-07-31,1991-07-31,FY,457700000,317400000,140300000,0.3065326633165829,0.0,86800000,0.0,0.0,99000000,416400000,0.0,12200000.0,53500000,0.11688879178501202,41300000,0.09023377758357003,1600000.0,39300000,0.08586410312431723,15300000,24000000,0.05243609351103343,0.105,0.105,228571429,228571429,,,1620591011,16:10:11,20210509
30,1990-07-31,DCI,USD,1990-07-31,1990-07-31,FY,422900000,292700000,130200000,0.3078742019389927,0.0,75000000,0.0,0.0,85900000,378600000,0.0,10900000.0,55200000,0.13052731142113974,44300000,0.10475289666587846,-5700000.0,34800000,0.08228895720028376,13800000,21000000,0.049657129344998815,0.0925,0.0925,227027027,227027027,,,1620591011,16:10:11,20210509
31,1989-07-31,DCI,USD,1989-07-31,1989-07-31,FY,397500000,282300000,115200000,0.289811320754717,0.0,66800000,0.0,0.0,77400000,359700000,0.0,10600000.0,48400000,0.12176100628930818,37800000,0.09509433962264151,-6600000.0,27600000,0.06943396226415094,12200000,15400000,0.038742138364779875,0.0675,0.0675,228148148,228148148,,,1620591011,16:10:11,20210509
32,1988-07-31,DCI,USD,1988-07-31,1988-07-31,FY,362900000,242700000,120200000,0.331220721961973,0.0,75000000,0.0,0.0,85400000,328100000,0.0,10400000.0,45200000,0.12455221824193993,34800000,0.09589418572609534,-1700000.0,29800000,0.08211628547809313,13600000,16200000,0.04464039680352714,0.07,0.07,231428571,231428571,,,1620591011,16:10:11,20210509
33,1987-07-31,DCI,USD,1987-07-31,1987-07-31,FY,295000000,184300000,110700000,0.3752542372881356,0.0,77400000,0.0,0.0,86300000,270600000,0.0,8900000.0,33300000,0.11288135593220339,24400000,0.08271186440677966,-400000.0,21800000,0.07389830508474576,10800000,11000000,0.03728813559322034,0.045,0.045,244444444,244444444,,,1620591011,16:10:11,20210509
34,1986-07-31,DCI,USD,1986-07-31,1986-07-31,FY,270700000,157300000,113400000,0.41891392685629847,0.0,75700000,0.0,0.0,83100000,240400000,0.0,7400000.0,37700000,0.13926856298485407,30300000,0.11193202807536018,2700000.0,30800000,0.11377909124492058,15200000,15600000,0.05762837089028445,0.0625,0.0625,249600000,249600000,,,1620591011,16:10:11,20210509
