,date,symbol,reportedCurrency,fillingDate,acceptedDate,period,revenue,costOfRevenue,grossProfit,grossProfitRatio,researchAndDevelopmentExpenses,generalAndAdministrativeExpenses,sellingAndMarketingExpenses,otherExpenses,operatingExpenses,costAndExpenses,interestExpense,depreciationAndAmortization,ebitda,ebitdaratio,operatingIncome,operatingIncomeRatio,totalOtherIncomeExpensesNet,incomeBeforeTax,incomeBeforeTaxRatio,incomeTaxExpense,netIncome,netIncomeRatio,eps,epsdiluted,weightedAverageShsOut,weightedAverageShsOutDil,link,finalLink,timestamp,est_time,est_date
0,2020-12-31,FM.TO,USD,2020-12-31,2020-12-31,FY,5199000000.0,4122000000.0,1077000000.0,0.20715522215810733,0.0,99000000.0,0.0,2000000.0,0.0,4247000000.0,729000000.0,1217000000.0,2169000000.0,0.4171956145412579,952000000.0,0.18311213694941336,-273000000.0,32000000.0,0.006155029813425659,256000000.0,-180000000.0,-0.03462204270051933,-0.2617816275836392,-0.2617816275836392,687596000,687596000,https://www.sedar.com/ModifyCompanyDocumentSearchForm.do?lang=EN&company_search=First Quantum Minerals Ltd&document_selection=0&industry_group=A&FromDate=13&FromMonth=05&FromYear=2000&ToDate=13&ToMonth=11&ToYear=2020&Variable=Issuer,https://www.sedar.com/ModifyCompanyDocumentSearchForm.do?lang=EN&company_search=First Quantum Minerals Ltd&document_selection=0&industry_group=A&FromDate=13&FromMonth=05&FromYear=2000&ToDate=13&ToMonth=11&ToYear=2020&Variable=Issuer,1620592137,16:28:57,20210509
1,2019-12-31,FM.TO,USD,2019-12-31,2019-12-31,FY,4067000000.0,3277000000.0,790000000.0,0.1942463732480944,0.0,82000000.0,0.0,-25000000.0,122000000.0,3399000000.0,271000000.0,907000000.0,1575000000.0,0.387263339070568,668000000.0,0.16424883206294566,-233000000.0,19000000.0,0.004671748217359233,70000000.0,-57000000.0,-0.014015244652077699,-0.08,-0.08,687596000,687596000,https://www.sedar.com/ModifyCompanyDocumentSearchForm.do?lang=EN&company_search=First Quantum Minerals Ltd&document_selection=0&industry_group=A&FromDate=13&FromMonth=05&FromYear=2000&ToDate=13&ToMonth=11&ToYear=2020&Variable=Issuer,https://www.sedar.com/ModifyCompanyDocumentSearchForm.do?lang=EN&company_search=First Quantum Minerals Ltd&document_selection=0&industry_group=A&FromDate=13&FromMonth=05&FromYear=2000&ToDate=13&ToMonth=11&ToYear=2020&Variable=Issuer,1620592137,16:28:57,20210509
2,2018-12-31,FM.TO,USD,2018-12-31,2018-12-31,FY,3966000000.0,2988000000.0,978000000.0,0.24659606656580937,0.0,74000000.0,0.0,5000000.0,124000000.0,3112000000.0,24000000.0,864000000.0,1718000000.0,0.4331820474029249,854000000.0,0.21533030761472516,-59000000.0,791000000.0,0.1994452849218356,283000000.0,441000000.0,0.11119515885022693,0.6421578834709143,0.6396987468577157,686747000,689387000,https://www.sedar.com/ModifyCompanyDocumentSearchForm.do?lang=EN&company_search=First Quantum Minerals Ltd&document_selection=0&industry_group=A&FromDate=13&FromMonth=05&FromYear=2000&ToDate=13&ToMonth=11&ToYear=2020&Variable=Issuer,https://www.sedar.com/ModifyCompanyDocumentSearchForm.do?lang=EN&company_search=First Quantum Minerals Ltd&document_selection=0&industry_group=A&FromDate=13&FromMonth=05&FromYear=2000&ToDate=13&ToMonth=11&ToYear=2020&Variable=Issuer,1620592137,16:28:57,20210509
3,2017-12-31,FM.TO,USD,2017-12-31,2017-12-31,FY,3310000000.0,2975000000.0,335000000.0,0.10120845921450151,0.0,74000000.0,0.0,0.0,116000000.0,3091000000.0,32000000.0,894000000.0,1113000000.0,0.33625377643504534,219000000.0,0.0661631419939577,-133000000.0,60000000.0,0.01812688821752266,299000000.0,-316000000.0,-0.09546827794561934,-0.46,-0.46,685936000,685936000,https://www.sedar.com/ModifyCompanyDocumentSearchForm.do?lang=EN&company_search=First Quantum Minerals Ltd&document_selection=0&industry_group=A&FromDate=13&FromMonth=05&FromYear=2000&ToDate=13&ToMonth=11&ToYear=2020&Variable=Issuer,https://www.sedar.com/ModifyCompanyDocumentSearchForm.do?lang=EN&company_search=First Quantum Minerals Ltd&document_selection=0&industry_group=A&FromDate=13&FromMonth=05&FromYear=2000&ToDate=13&ToMonth=11&ToYear=2020&Variable=Issuer,1620592137,16:28:57,20210509
4,2016-12-31,FM.TO,USD,2016-12-31,2016-12-31,FY,2673000000.0,2334000000.0,339000000.0,0.12682379349046016,0.0,70000000.0,0.0,0.0,71000000.0,2405000000.0,7000000.0,686000000.0,954000000.0,0.3569023569023569,268000000.0,0.10026187803965582,1000000.0,267000000.0,0.09988776655443322,19000000.0,-45000000.0,-0.016835016835016835,-0.06562196498411949,-0.06527860181938716,685746000,689353000,https://www.sedar.com/ModifyCompanyDocumentSearchForm.do?lang=EN&company_search=First Quantum Minerals Ltd&document_selection=0&industry_group=A&FromDate=13&FromMonth=05&FromYear=2000&ToDate=13&ToMonth=11&ToYear=2020&Variable=Issuer,https://www.sedar.com/ModifyCompanyDocumentSearchForm.do?lang=EN&company_search=First Quantum Minerals Ltd&document_selection=0&industry_group=A&FromDate=13&FromMonth=05&FromYear=2000&ToDate=13&ToMonth=11&ToYear=2020&Variable=Issuer,1620592137,16:28:57,20210509
5,2015-12-31,FM.TO,USD,2015-12-31,2015-12-31,FY,2698000000.0,2405000000.0,293000000.0,0.10859896219421794,0.0,85000000.0,0.0,0.0,89000000.0,2494000000.0,12000000.0,562000000.0,766000000.0,0.2839140103780578,204000000.0,0.07561156412157154,-299000000.0,-92000000.0,-0.0340993328391401,518000000.0,-496000000.0,-0.18383988139362492,-0.77,-0.77,646823000,646823000,https://www.sedar.com/ModifyCompanyDocumentSearchForm.do?lang=EN&company_search=First Quantum Minerals Ltd&document_selection=0&industry_group=A&FromDate=13&FromMonth=05&FromYear=2000&ToDate=13&ToMonth=11&ToYear=2020&Variable=Issuer,https://www.sedar.com/ModifyCompanyDocumentSearchForm.do?lang=EN&company_search=First Quantum Minerals Ltd&document_selection=0&industry_group=A&FromDate=13&FromMonth=05&FromYear=2000&ToDate=13&ToMonth=11&ToYear=2020&Variable=Issuer,1620592137,16:28:57,20210509
6,2014-12-31,FM.TO,USD,2014-12-31,2014-12-31,FY,3542000000.0,2544200000.0,997800000.0,0.28170525127046864,0.0,116100000.0,0.0,0.0,190100000.0,2734300000.0,8200000.0,571800000.0,1379500000.0,0.38946922642574816,807700000.0,0.22803500846979108,19800000.0,852400000.0,0.2406549971767363,-140900000.0,834800000.0,0.23568605307735743,1.4,1.39,595994000,599978000,https://www.sedar.com/ModifyCompanyDocumentSearchForm.do?lang=EN&company_search=First Quantum Minerals Ltd&document_selection=0&industry_group=A&FromDate=13&FromMonth=05&FromYear=2000&ToDate=13&ToMonth=11&ToYear=2020&Variable=Issuer,https://www.sedar.com/ModifyCompanyDocumentSearchForm.do?lang=EN&company_search=First Quantum Minerals Ltd&document_selection=0&industry_group=A&FromDate=13&FromMonth=05&FromYear=2000&ToDate=13&ToMonth=11&ToYear=2020&Variable=Issuer,1620592137,16:28:57,20210509
7,2013-12-31,FM.TO,USD,2013-12-31,2013-12-31,FY,3552900000.0,2419100000.0,1133800000.0,0.31911959244560784,0.0,122700000.0,0.0,0.0,175400000.0,2594500000.0,14200000.0,457100000.0,1415500000.0,0.3984069351797124,958400000.0,0.2697514706296265,-72700000.0,899300000.0,0.2531171718877537,369600000.0,458600000.0,0.12907765487348363,0.82,0.81,560009000,563389000,https://www.sedar.com/ModifyCompanyDocumentSearchForm.do?lang=EN&company_search=First Quantum Minerals Ltd&document_selection=0&industry_group=A&FromDate=13&FromMonth=05&FromYear=2000&ToDate=13&ToMonth=11&ToYear=2020&Variable=Issuer,https://www.sedar.com/ModifyCompanyDocumentSearchForm.do?lang=EN&company_search=First Quantum Minerals Ltd&document_selection=0&industry_group=A&FromDate=13&FromMonth=05&FromYear=2000&ToDate=13&ToMonth=11&ToYear=2020&Variable=Issuer,1620592137,16:28:57,20210509
8,2012-12-31,FM.TO,USD,2012-12-31,2012-12-31,FY,2950400000.0,1849400000.0,1101000000.0,0.37316973969631234,0.0,76000000.0,0.0,0.0,127200000.0,1976600000.0,8700000.0,172300000.0,1146100000.0,0.38845580260303686,973800000.0,0.3300569414316703,1208500000.0,2197200000.0,0.7447125813449024,327800000.0,1772900000.0,0.6009015726681128,3.74,3.72,473893000,476310000,https://www.sedar.com/ModifyCompanyDocumentSearchForm.do?lang=EN&company_search=First Quantum Minerals Ltd&document_selection=0&industry_group=A&FromDate=13&FromMonth=05&FromYear=2000&ToDate=13&ToMonth=11&ToYear=2020&Variable=Issuer,https://www.sedar.com/ModifyCompanyDocumentSearchForm.do?lang=EN&company_search=First Quantum Minerals Ltd&document_selection=0&industry_group=A&FromDate=13&FromMonth=05&FromYear=2000&ToDate=13&ToMonth=11&ToYear=2020&Variable=Issuer,1620592137,16:28:57,20210509
9,2011-12-31,FM.TO,USD,2011-12-31,2011-12-31,FY,2583500000.0,1275500000.0,1308000000.0,0.5062899167795626,0.0,0.0,0.0,0.0,146800000.0,1422300000.0,9900000.0,112000000.0,1273200000.0,0.49281981807625314,1161200000.0,0.44946777627249856,-41100000.0,1115500000.0,0.4317785949293594,460700000.0,528900000.0,0.2047222759821947,1.1826288392393969,1.1767532822939681,447224000,449457000,https://www.sedar.com/ModifyCompanyDocumentSearchForm.do?lang=EN&company_search=First Quantum Minerals Ltd&document_selection=0&industry_group=A&FromDate=13&FromMonth=05&FromYear=2000&ToDate=13&ToMonth=11&ToYear=2020&Variable=Issuer,https://www.sedar.com/ModifyCompanyDocumentSearchForm.do?lang=EN&company_search=First Quantum Minerals Ltd&document_selection=0&industry_group=A&FromDate=13&FromMonth=05&FromYear=2000&ToDate=13&ToMonth=11&ToYear=2020&Variable=Issuer,1620592137,16:28:57,20210509
10,2010-12-31,FM.TO,USD,2010-12-31,2010-12-31,FY,2378200000.0,1050700000.0,1327500000.0,0.5581952737364393,0.0,0.0,0.0,0.0,160200000.0,1210900000.0,58800000.0,115600000.0,1282900000.0,0.5394415944832226,1167300000.0,0.490833403414347,-623300000.0,440200000.0,0.18509797325708519,494600000.0,-123400000.0,-0.05188798250777899,-0.308,-0.308,401320000,401320000,https://www.sedar.com/ModifyCompanyDocumentSearchForm.do?lang=EN&company_search=First Quantum Minerals Ltd&document_selection=0&industry_group=A&FromDate=13&FromMonth=05&FromYear=2000&ToDate=13&ToMonth=11&ToYear=2020&Variable=Issuer,https://www.sedar.com/ModifyCompanyDocumentSearchForm.do?lang=EN&company_search=First Quantum Minerals Ltd&document_selection=0&industry_group=A&FromDate=13&FromMonth=05&FromYear=2000&ToDate=13&ToMonth=11&ToYear=2020&Variable=Issuer,1620592137,16:28:57,20210509
11,2009-12-31,FM.TO,USD,2009-12-31,2009-12-31,FY,1902900000.0,745400000.0,1157500000.0,0.6082820957485943,0.0,0.0,0.0,0.0,349300000.0,1094700000.0,60400000.0,161700000.0,969900000.0,0.5096957275737033,808200000.0,0.4247201639602712,0.0,747800000.0,0.3929791371065216,200300000.0,463400000.0,0.24352304377529035,1.228,1.184,377540000,404910000,https://www.sedar.com/ModifyCompanyDocumentSearchForm.do?lang=EN&company_search=First Quantum Minerals Ltd&document_selection=0&industry_group=A&FromDate=13&FromMonth=05&FromYear=2000&ToDate=13&ToMonth=11&ToYear=2020&Variable=Issuer,https://www.sedar.com/ModifyCompanyDocumentSearchForm.do?lang=EN&company_search=First Quantum Minerals Ltd&document_selection=0&industry_group=A&FromDate=13&FromMonth=05&FromYear=2000&ToDate=13&ToMonth=11&ToYear=2020&Variable=Issuer,1620592137,16:28:57,20210509
12,2008-12-31,FM.TO,USD,2008-12-31,2008-12-31,FY,1740399613.2,763200007.0,977199606.2,0.5614800180306084,0.0,0.0,0.0,0.0,323597911.2,1086797918.2,31800425.6,0.0,804802453.0,0.46242394384370344,653601695.0,0.37554690890688597,-268701055.8,391000289.8,0.2246612139157421,247199896.8,45899761.4,0.026373116295748896,0.134,0.134,340805000,340805000,https://www.sedar.com/ModifyCompanyDocumentSearchForm.do?lang=EN&company_search=First Quantum Minerals Ltd&document_selection=0&industry_group=A&FromDate=13&FromMonth=05&FromYear=2000&ToDate=13&ToMonth=11&ToYear=2020&Variable=Issuer,https://www.sedar.com/ModifyCompanyDocumentSearchForm.do?lang=EN&company_search=First Quantum Minerals Ltd&document_selection=0&industry_group=A&FromDate=13&FromMonth=05&FromYear=2000&ToDate=13&ToMonth=11&ToYear=2020&Variable=Issuer,1620592137,16:28:57,20210509
13,2007-12-31,FM.TO,USD,2007-12-31,2007-12-31,FY,1539199189.6,528199769.9,1010999419.7,0.6568346881489289,0.0,0.0,0.0,0.0,174097705.5,702297475.4,28900841.5,0.0,955701338.6,0.6209081612421868,836901714.2,0.5437254124448249,-11100573.3,834500505.0,0.5421653744612913,182799077.3,520301478.1,0.3380338825640973,1.544,1.524,336970000,341230000,https://www.sedar.com/ModifyCompanyDocumentSearchForm.do?lang=EN&company_search=First Quantum Minerals Ltd&document_selection=0&industry_group=A&FromDate=13&FromMonth=05&FromYear=2000&ToDate=13&ToMonth=11&ToYear=2020&Variable=Issuer,https://www.sedar.com/ModifyCompanyDocumentSearchForm.do?lang=EN&company_search=First Quantum Minerals Ltd&document_selection=0&industry_group=A&FromDate=13&FromMonth=05&FromYear=2000&ToDate=13&ToMonth=11&ToYear=2020&Variable=Issuer,1620592137,16:28:57,20210509
14,2006-12-31,FM.TO,USD,2006-12-31,2006-12-31,FY,1269716448.0,334800367.2,934916080.8,0.736318791705532,21926455.2,0.0,0.0,0.0,204523924.8,539324292.0,37935705.6,0.0,900922900.8,0.709546530817249,730392156.0,0.5752403673674392,-74707557.6,723199495.2,0.5695755901557007,186890745.6,463339000.8,0.364915333285499,1.4246,1.3944,325440000,332210000,https://www.sedar.com/ModifyCompanyDocumentSearchForm.do?lang=EN&company_search=First Quantum Minerals Ltd&document_selection=0&industry_group=A&FromDate=13&FromMonth=05&FromYear=2000&ToDate=13&ToMonth=11&ToYear=2020&Variable=Issuer,https://www.sedar.com/ModifyCompanyDocumentSearchForm.do?lang=EN&company_search=First Quantum Minerals Ltd&document_selection=0&industry_group=A&FromDate=13&FromMonth=05&FromYear=2000&ToDate=13&ToMonth=11&ToYear=2020&Variable=Issuer,1620592137,16:28:57,20210509
15,2005-12-31,FM.TO,USD,2005-12-31,2005-12-31,FY,518297635.4,177076820.0,341220815.4,0.6583491648320184,0.0,0.0,0.0,0.0,108195340.8,285272160.8,22596847.2,0.0,323635462.8,0.624420102843479,233025474.6,0.44959779610061484,-3499423.0,254938480.4,0.4918766033019799,53171175.6,178143692.8,0.34370925243082834,0.5782,0.5666,307490000,315055000,https://www.sedar.com/ModifyCompanyDocumentSearchForm.do?lang=EN&company_search=First Quantum Minerals Ltd&document_selection=0&industry_group=A&FromDate=13&FromMonth=05&FromYear=2000&ToDate=13&ToMonth=11&ToYear=2020&Variable=Issuer,https://www.sedar.com/ModifyCompanyDocumentSearchForm.do?lang=EN&company_search=First Quantum Minerals Ltd&document_selection=0&industry_group=A&FromDate=13&FromMonth=05&FromYear=2000&ToDate=13&ToMonth=11&ToYear=2020&Variable=Issuer,1620592137,16:28:57,20210509
16,2004-12-31,FM.TO,USD,2004-12-31,2004-12-31,FY,113522794.0,53770314.0,59752480.0,0.5263478627913263,0.0,0.0,0.0,725061.0,20107509.0,73877823.0,0.0,10873406.0,50518377.0,0.44500646275496003,39644971.0,0.349224764499718,2410201.0,37330611.0,0.32883802172804166,11005917.0,28009834.0,0.24673312744575332,0.094,0.092,297976957,304454717,https://www.sedar.com/ModifyCompanyDocumentSearchForm.do?lang=EN&company_search=First Quantum Minerals Ltd&document_selection=0&industry_group=A&FromDate=13&FromMonth=05&FromYear=2000&ToDate=13&ToMonth=11&ToYear=2020&Variable=Issuer,https://www.sedar.com/ModifyCompanyDocumentSearchForm.do?lang=EN&company_search=First Quantum Minerals Ltd&document_selection=0&industry_group=A&FromDate=13&FromMonth=05&FromYear=2000&ToDate=13&ToMonth=11&ToYear=2020&Variable=Issuer,1620592137,16:28:57,20210509
17,2003-12-31,FM.TO,USD,2003-12-31,2003-12-31,FY,60733582.0,41320447.0,19413135.0,0.3196441632571581,0.0,0.0,0.0,-830616.0,11231952.0,52552399.0,0.0,7760441.0,15941624.0,0.2624845015727872,8181183.0,0.13470608402448583,-464990.0,5956373.0,0.09807379712923897,1521503.0,4434870.0,0.07302170980134187,-0.02326,-0.02326,244361790,244361790,https://www.sedar.com/ModifyCompanyDocumentSearchForm.do?lang=EN&company_search=First Quantum Minerals Ltd&document_selection=0&industry_group=A&FromDate=13&FromMonth=05&FromYear=2000&ToDate=13&ToMonth=11&ToYear=2020&Variable=Issuer,https://www.sedar.com/ModifyCompanyDocumentSearchForm.do?lang=EN&company_search=First Quantum Minerals Ltd&document_selection=0&industry_group=A&FromDate=13&FromMonth=05&FromYear=2000&ToDate=13&ToMonth=11&ToYear=2020&Variable=Issuer,1620592137,16:28:57,20210509
18,2002-12-31,FM.TO,USD,2002-12-31,2002-12-31,FY,51345237.0,46899663.0,4445574.0,0.08658201343972763,0.0,0.0,0.0,522336.0,8207409.0,55107072.0,0.0,5037174.0,1275339.0,0.024838506442184695,-3761835.0,-0.07326551048931763,514075.0,-5248142.0,-0.1022128303741202,-1457076.0,-3791066.0,-0.07383481353879036,0.028436,0.028436,217533120,217533120,https://www.sedar.com/ModifyCompanyDocumentSearchForm.do?lang=EN&company_search=First Quantum Minerals Ltd&document_selection=0&industry_group=A&FromDate=13&FromMonth=05&FromYear=2000&ToDate=13&ToMonth=11&ToYear=2020&Variable=Issuer,https://www.sedar.com/ModifyCompanyDocumentSearchForm.do?lang=EN&company_search=First Quantum Minerals Ltd&document_selection=0&industry_group=A&FromDate=13&FromMonth=05&FromYear=2000&ToDate=13&ToMonth=11&ToYear=2020&Variable=Issuer,1620592137,16:28:57,20210509
19,2001-11-30,FM.TO,USD,2001-11-30,2001-11-30,FY,138099320.0,123487023.0,14612297.0,0.10581005757305684,0.0,2134496.0,0.0,-726465.0,15119250.0,138606273.0,0.0,12367606.0,11860653.0,0.08588494860076067,-506953.0,-0.003670930457876259,-11066266.0,-17430673.0,-0.1262183839862499,3544193.0,-20974866.0,-0.15188247125329798,-0.116104,-0.116104,181633700,181633700,https://www.sedar.com/ModifyCompanyDocumentSearchForm.do?lang=EN&company_search=First Quantum Minerals Ltd&document_selection=0&industry_group=A&FromDate=13&FromMonth=05&FromYear=2000&ToDate=13&ToMonth=11&ToYear=2020&Variable=Issuer,https://www.sedar.com/ModifyCompanyDocumentSearchForm.do?lang=EN&company_search=First Quantum Minerals Ltd&document_selection=0&industry_group=A&FromDate=13&FromMonth=05&FromYear=2000&ToDate=13&ToMonth=11&ToYear=2020&Variable=Issuer,1620592137,16:28:57,20210509
20,2000-11-30,FM.TO,USD,2000-11-30,2000-11-30,FY,90589741.0,64855843.0,25733898.0,0.2840707757404892,0.0,1605906.0,0.0,666611.0,13864192.0,78720035.0,0.0,11942830.0,23812536.0,0.26286128801273423,11869706.0,0.13102704422126563,400828.0,7021156.0,0.07750497928899035,-507568.0,7528724.0,0.08310790953690882,0.059862,0.053354,128842685,128842685,https://www.sedar.com/ModifyCompanyDocumentSearchForm.do?lang=EN&company_search=First Quantum Minerals Ltd&document_selection=0&industry_group=A&FromDate=13&FromMonth=05&FromYear=2000&ToDate=13&ToMonth=11&ToYear=2020&Variable=Issuer,https://www.sedar.com/ModifyCompanyDocumentSearchForm.do?lang=EN&company_search=First Quantum Minerals Ltd&document_selection=0&industry_group=A&FromDate=13&FromMonth=05&FromYear=2000&ToDate=13&ToMonth=11&ToYear=2020&Variable=Issuer,1620592137,16:28:57,20210509
21,1999-11-30,FM.TO,USD,1999-11-30,1999-11-30,FY,33932813.0,17848660.0,16084153.0,0.47399998933186,0.0,1289447.0,0.0,271463.0,11876484.0,29725144.0,0.0,9908381.0,14116050.0,0.41599999387024,4207669.0,0.12400000554036,67866.0,0.0,0.0,0.0,-67866.0,-0.00200001102178001,-0.000542,-0.000542,100002488,100002488,https://www.sedar.com/ModifyCompanyDocumentSearchForm.do?lang=EN&company_search=First Quantum Minerals Ltd&document_selection=0&industry_group=A&FromDate=13&FromMonth=05&FromYear=2000&ToDate=13&ToMonth=11&ToYear=2020&Variable=Issuer,https://www.sedar.com/ModifyCompanyDocumentSearchForm.do?lang=EN&company_search=First Quantum Minerals Ltd&document_selection=0&industry_group=A&FromDate=13&FromMonth=05&FromYear=2000&ToDate=13&ToMonth=11&ToYear=2020&Variable=Issuer,1620592137,16:28:57,20210509
22,1998-11-30,FM.TO,USD,1998-11-30,1998-11-30,FY,19564367.0,11542976.0,8021391.0,0.41000002709006633,0.0,3782444.0,0.0,-521716.0,12521195.0,24064171.0,0.0,6651885.0,2152081.0,0.11000003220139962,-4499804.0,-0.2299999790435336,-2673796.0,0.0,0.0,0.0,-9456111.0,-0.4833333478154443,-0.08761,-0.08761,107934151,107934151,https://www.sedar.com/ModifyCompanyDocumentSearchForm.do?lang=EN&company_search=First Quantum Minerals Ltd&document_selection=0&industry_group=A&FromDate=13&FromMonth=05&FromYear=2000&ToDate=13&ToMonth=11&ToYear=2020&Variable=Issuer,https://www.sedar.com/ModifyCompanyDocumentSearchForm.do?lang=EN&company_search=First Quantum Minerals Ltd&document_selection=0&industry_group=A&FromDate=13&FromMonth=05&FromYear=2000&ToDate=13&ToMonth=11&ToYear=2020&Variable=Issuer,1620592137,16:28:57,20210509
23,1997-11-30,FM.TO,USD,1997-11-30,1997-11-30,FY,70259.0,0.0,0.0,0.0,0.0,2529333.0,0.0,70259.0,2529333.0,2529333.0,0.0,0.0,-772852.0,-11.00004269915598,-2459074.0,-35.00012809746794,-1615963.0,0.0,0.0,0.0,-4285815.0,-61.000227728831895,-0.047772,-0.047772,89713954,89713954,https://www.sedar.com/ModifyCompanyDocumentSearchForm.do?lang=EN&company_search=First Quantum Minerals Ltd&document_selection=0&industry_group=A&FromDate=13&FromMonth=05&FromYear=2000&ToDate=13&ToMonth=11&ToYear=2020&Variable=Issuer,https://www.sedar.com/ModifyCompanyDocumentSearchForm.do?lang=EN&company_search=First Quantum Minerals Ltd&document_selection=0&industry_group=A&FromDate=13&FromMonth=05&FromYear=2000&ToDate=13&ToMonth=11&ToYear=2020&Variable=Issuer,1620592137,16:28:57,20210509
