,date,symbol,reportedCurrency,fillingDate,acceptedDate,period,revenue,costOfRevenue,grossProfit,grossProfitRatio,researchAndDevelopmentExpenses,generalAndAdministrativeExpenses,sellingAndMarketingExpenses,otherExpenses,operatingExpenses,costAndExpenses,interestExpense,depreciationAndAmortization,ebitda,ebitdaratio,operatingIncome,operatingIncomeRatio,totalOtherIncomeExpensesNet,incomeBeforeTax,incomeBeforeTaxRatio,incomeTaxExpense,netIncome,netIncomeRatio,eps,epsdiluted,weightedAverageShsOut,weightedAverageShsOutDil,link,finalLink,timestamp,est_time,est_date
0,2020-12-31,0572.HK,HKD,2020-12-31,2020-12-31,FY,234659000.0,166366000.0,68293000.0,0.29103081492719224,0.0,37083000.0,4513000.0,599000.0,0.0,225336000.0,21132000.0,0.0,6466000.0,0.027554877503100244,9323000.0,-0.1131727314954892,0.0,-26557000.0,-0.1131727314954892,4593000.0,-38003000.0,-0.16194989324935333,-0.0508,-0.0508,748330000.0,748330000.0,https://www1.hkexnews.hk/search/titlesearch.xhtml,https://www1.hkexnews.hk/search/titlesearch.xhtml,1620584798,14:26:38,20210509
1,2019-12-31,0572.HK,HKD,2019-12-31,2019-12-31,FY,80916000.0,44940000.0,35976000.0,0.4446092243808394,0.0,29888000.0,0.0,0.0,0.0,83525000.0,26856000.0,2833000.0,224000.0,0.0027683029314350687,-2609000.0,-0.03224331405408078,0.0,-52389000.0,-0.6474492065846063,1602000.0,-53991000.0,-0.6672475159424588,-0.088,-0.088,614274850.0,614274850.0,https://www1.hkexnews.hk/search/titlesearch.xhtml,https://www1.hkexnews.hk/search/titlesearch.xhtml,1620584798,14:26:38,20210509
2,2018-12-31,0572.HK,HKD,2018-12-31,2018-12-31,FY,39674000.0,2623000.0,37051000.0,0.9338861723042798,0.0,21206000.0,0.0,0.0,0.0,37028000.0,23881000.0,736000.0,3382000.0,0.08524474466905278,2646000.0,0.06669355245248777,0.0,-85771000.0,-2.1618944396834197,-5931000.0,-79839000.0,-2.012375863285779,-0.144,-0.144,551012700.0,551012700.0,https://www1.hkexnews.hk/search/titlesearch.xhtml,https://www1.hkexnews.hk/search/titlesearch.xhtml,1620584798,14:26:38,20210509
3,2017-12-31,0572.HK,HKD,2017-12-31,2017-12-31,FY,86599000.0,3796000.0,82803000.0,0.9561657755863232,0.0,25167000.0,0.0,4800000.0,0.0,85356000.0,7263000.0,1540000.0,2783000.0,0.03213662975323041,1243000.0,0.014353514474762989,0.0,468234000.0,5.406921557985658,-13605000.0,481840000.0,5.564036536218663,1.354,1.286,355874750.0,374501850.0,https://www1.hkexnews.hk/search/titlesearch.xhtml,https://www1.hkexnews.hk/search/titlesearch.xhtml,1620584798,14:26:38,20210509
4,2016-12-31,0572.HK,HKD,2016-12-31,2016-12-31,FY,78369000.0,147000.0,78222000.0,0.9981242583164261,0.0,20835000.0,0.0,0.0,0.0,31311000.0,4312000.0,767000.0,47825000.0,0.6102540545368704,47058000.0,0.6004670213987674,0.0,128063000.0,1.6341027702280237,30612000.0,97451000.0,1.2434891347343975,0.322,0.314,302661850.0,309511050.0,https://www1.hkexnews.hk/search/titlesearch.xhtml,https://www1.hkexnews.hk/search/titlesearch.xhtml,1620584798,14:26:38,20210509
5,2015-12-31,0572.HK,HKD,2015-12-31,2015-12-31,FY,41178000.0,28031000.0,13147000.0,0.3192724270241391,0.0,17669000.0,1398000.0,0.0,0.0,74258000.0,501000.0,294000.0,-32786000.0,-0.796201855359658,-33080000.0,-0.803341590169508,0.0,-47274000.0,-1.148040215649133,350000.0,-47620000.0,-1.1564427606974599,-0.244,-0.244,195398850.0,195398850.0,https://www1.hkexnews.hk/search/titlesearch.xhtml,https://www1.hkexnews.hk/search/titlesearch.xhtml,1620584798,14:26:38,20210509
6,2014-12-31,0572.HK,HKD,2014-12-31,2014-12-31,FY,68821000.0,45012000.0,23809000.0,0.3459554496447305,0.0,17155000.0,520000.0,0.0,0.0,67546000.0,67000.0,184000.0,1459000.0,0.021199924441667514,1275000.0,0.018526321907557285,0.0,1209000.0,0.017567312302930793,1560000.0,2715000.0,0.03945016782668081,0.0198,0.0194,136928750.0,140294800.0,https://www1.hkexnews.hk/search/titlesearch.xhtml,https://www1.hkexnews.hk/search/titlesearch.xhtml,1620584798,14:26:38,20210509
7,2013-12-31,0572.HK,HKD,2013-12-31,2013-12-31,FY,189401.970879,0.0,189401.970879,1.0,0.0,15909765.553839,0.0,0.0,0.0,14257617.280834,817755.806701,271305.525854,-13796909.784101,-72.84459459461061,-14068215.309955,-74.27702702704462,0.0,-63929563.886909,-337.5337837838582,0.0,-63929563.886909,-337.5337837838582,-0.598659,-0.598659,99220836.0,99220836.0,https://www1.hkexnews.hk/search/titlesearch.xhtml,https://www1.hkexnews.hk/search/titlesearch.xhtml,1620584798,14:26:38,20210509
8,2012-12-31,0572.HK,HKD,2012-12-31,2012-12-31,FY,92008964.531122,80575684.818987,11433279.712135,0.12426267125599155,0.0,19787795.530463003,5026122.419619,0.0,0.0,105370973.701538,1713874.212768,10060938.404085,-3301070.7663320005,-0.035877708038062034,-13362009.170417,-0.1452250793008034,0.0,-109213529.364079,-1.186987919281904,-2791876.253843,-106421653.110236,-1.156644394951743,-2.517555,-2.517555,41919638.0,41919638.0,https://www1.hkexnews.hk/search/titlesearch.xhtml,https://www1.hkexnews.hk/search/titlesearch.xhtml,1620584798,14:26:38,20210509
9,2011-12-31,0572.HK,HKD,2011-12-31,2011-12-31,FY,175838430.023866,142945717.263325,32892712.760541,0.18706213855569898,0.0,4249203.229913,8565128.464598,189470724.07319,0.0,155690855.767701,7643376.324582,9012413.015115,29159987.27128,0.16583398331822122,20147574.256165,0.11458003949097154,0.0,201974922.004773,1.1486392478445102,7346834.081146,194628087.923628,1.1068575162847607,12.427128,1.830352,15602425.0,106633675.0,https://www1.hkexnews.hk/search/titlesearch.xhtml,https://www1.hkexnews.hk/search/titlesearch.xhtml,1620584798,14:26:38,20210509
10,2010-12-31,0572.HK,HKD,2010-12-31,2010-12-31,FY,146454282.096668,119589310.871119,26864971.225549,0.1834358875749131,0.0,3480301.5791650005,6576901.669325,0.0,0.0,120705213.366664,6406758.807229,7298542.084425,33047610.814429,0.22565137967502877,25749068.730004,0.1758164279075717,0.0,17187949.268916,0.11736051020734917,0.0,10850421.005575,0.07408742749094298,1.018711,1.018711,10672327.0,10672327.0,https://www1.hkexnews.hk/search/titlesearch.xhtml,https://www1.hkexnews.hk/search/titlesearch.xhtml,1620584798,14:26:38,20210509
11,2009-12-31,0572.HK,HKD,2009-12-31,2009-12-31,FY,84122958.282013,90443594.779723,-6320636.49771,-0.07513568979018496,0.0,21493571.443425998,4661256.457611,0.0,0.0,113222873.413699,3266514.028287,0.0,-6510312.381828,-0.07739043555747162,-29099915.131686,-0.3459212054113899,0.0,-9776826.410115,-0.11622066805281932,0.0,-9776826.410115,-0.11622066805281932,-0.69933,-0.69933,10497773.0,10497773.0,https://www1.hkexnews.hk/search/titlesearch.xhtml,https://www1.hkexnews.hk/search/titlesearch.xhtml,1620584798,14:26:38,20210509
12,2008-12-31,0572.HK,HKD,2008-12-31,2008-12-31,FY,219594572.129461,169518732.610588,50075839.518873,0.22803769252252287,0.0,20716533.354436003,9482064.414022,-956045129.698504,0.0,196664534.937089,6532618.817757,0.0,-937437614.623724,-4.26894711255004,22930037.192372,0.10441987235847387,0.0,-943970233.441481,-4.298695656671184,5954541.109441,-949924774.550922,-4.32581172357438,-95.522438,-95.522438,9947852.0,9947852.0,https://www1.hkexnews.hk/search/titlesearch.xhtml,https://www1.hkexnews.hk/search/titlesearch.xhtml,1620584798,14:26:38,20210509
13,2007-12-31,0572.HK,HKD,2007-12-31,2007-12-31,FY,713752949.938947,488505434.875457,225247515.06349,0.3155819041907389,0.0,35160264.873211995,21081427.863897,0.0,0.0,544747127.612566,0.0,19336117.490842,188341939.817223,0.2638755326101747,169005822.326381,0.2367847619275513,0.0,128780421.232895,0.1804271649509969,30039620.310797,98740800.922098,0.13834030518619095,10.976342,10.384803,8995784.0,9508202.0,https://www1.hkexnews.hk/search/titlesearch.xhtml,https://www1.hkexnews.hk/search/titlesearch.xhtml,1620584798,14:26:38,20210509
14,2006-12-31,0572.HK,HKD,2006-12-31,2006-12-31,FY,516697687.015069,358663449.567169,158034237.4479,0.30585435433406744,0.0,17184593.972427003,15648741.455595,0.0,0.0,386199091.118948,6289016.86438,14338280.282142,144836876.178263,0.2803126079680689,130498595.896121,0.2525627638281166,0.0,113788719.974351,0.22022301015454798,17546616.351395,96242103.622956,0.18626385610305468,13.755078,13.448045,7009209.0,7156587.0,https://www1.hkexnews.hk/search/titlesearch.xhtml,https://www1.hkexnews.hk/search/titlesearch.xhtml,1620584798,14:26:38,20210509
15,2005-12-31,0572.HK,HKD,2005-12-31,2005-12-31,FY,452274662.042485,320053282.962779,132221379.079705,0.2923475272361922,0.0,12258197.807642002,13706893.912182,0.0,0.0,343542718.275841,5140565.553973,13333191.800334,122065135.56697801,0.26989160749295227,108731943.766644,0.24041130952507378,0.0,103591378.212671,0.2290452835559026,13921124.171673,89670254.040998,0.1982650401772335,13.072375,11.948505,6866710.0,7625264.0,https://www1.hkexnews.hk/search/titlesearch.xhtml,https://www1.hkexnews.hk/search/titlesearch.xhtml,1620584798,14:26:38,20210509
16,2004-12-31,0572.HK,HKD,2004-12-31,2004-12-31,FY,399584155.537167,267104975.837597,132479179.699571,0.33154262466057305,0.0,10304134.351274,13109659.727113,0.0,0.0,289412140.803199,2575564.279459,7650664.884062,117822679.61803001,0.29486324216143955,110172014.733968,0.2757166749664088,0.0,107596450.45451,0.26927106333800066,22994232.404583,84602218.049927,0.21172565748057492,12.887818,12.887818,6573835.0,6573835.0,https://www1.hkexnews.hk/search/titlesearch.xhtml,https://www1.hkexnews.hk/search/titlesearch.xhtml,1620584798,14:26:38,20210509
17,2003-12-31,0572.HK,HKD,2003-12-31,2003-12-31,FY,316619834.170678,203479555.323351,113140278.847327,0.35733793855231843,0.0,7919528.773941001,11164622.279132,0.0,0.0,221511395.707978,2692677.298672,4790733.417491,99899171.880191,0.3155177316729282,95108438.4627,0.3003868620922546,0.0,92415761.164028,0.2918824128819741,18587070.256035,73828690.907993,0.23317771958719014,13.166557,13.166557,5601793.0,5601793.0,https://www1.hkexnews.hk/search/titlesearch.xhtml,https://www1.hkexnews.hk/search/titlesearch.xhtml,1620584798,14:26:38,20210509
18,2002-12-31,0572.HK,HKD,2002-12-31,2002-12-31,FY,247355446.777514,152985611.4413,94369835.336213,0.38151508917891247,0.0,3611778.121255,6756182.919228,0.0,0.0,162036258.155273,3076560.283302,4448527.135519,89767715.75776,0.36290980015694724,85319188.622241,0.34492544932306296,0.0,82242628.338938,0.33248763837778694,10666665.362016,71575962.976922,0.28936481451852414,14.678748,14.678748,4872310.0,4872310.0,https://www1.hkexnews.hk/search/titlesearch.xhtml,https://www1.hkexnews.hk/search/titlesearch.xhtml,1620584798,14:26:38,20210509
