,date,symbol,reportedCurrency,fillingDate,acceptedDate,period,revenue,costOfRevenue,grossProfit,grossProfitRatio,researchAndDevelopmentExpenses,generalAndAdministrativeExpenses,sellingAndMarketingExpenses,otherExpenses,operatingExpenses,costAndExpenses,interestExpense,depreciationAndAmortization,ebitda,ebitdaratio,operatingIncome,operatingIncomeRatio,totalOtherIncomeExpensesNet,incomeBeforeTax,incomeBeforeTaxRatio,incomeTaxExpense,netIncome,netIncomeRatio,eps,epsdiluted,weightedAverageShsOut,weightedAverageShsOutDil,link,finalLink,timestamp,est_time,est_date
0,2020-04-30,TTLO,USD,2020-07-28 00:00:00,2020-07-28 17:02:51,FY,26133000.0,17124000.0,9009000.0,0.34473654000688786,1462000.0,6662000.0,0.0,0.0,8124000.000000002,25248000.000000004,-96000.0,367000.0,1252000.0,0.04790877434661157,885000.0,0.0338652278728045,0.0,789000.0,0.030191711628974858,75000.0,714000.0,0.027321777063482953,0.13559,0.13559,5265750.0,5265750.0,https://www.sec.gov/Archives/edgar/data/98752/000155837020008523/0001558370-20-008523-index.htm,https://www.sec.gov/Archives/edgar/data/98752/000155837020008523/ttlo-20200430x10k.htm,1620599111,18:25:11,20210509
1,2019-04-30,TTLO,USD,2019-07-23,2019-07-23 17:30:14,FY,20555000.0,13591000.0,6964000.0,0.3387983459012406,1316000.0,4881000.0,0.0,0.0,6197000.000000001,19788000.0,-112000.0,353000.0,1120000.0,0.05448795913403065,767000.0,0.03731452201410849,0.0,655000.0,0.03186572610070543,13000.0,642000.0,0.03123327657504257,0.12192,0.12192,5265750.0,5265750.0,https://www.sec.gov/Archives/edgar/data/98752/000155837019006222/ttlo-20190430x10k.htm,https://www.sec.gov/Archives/edgar/data/98752/000155837019006222/ttlo-20190430x10k.htm,1620599111,18:25:11,20210509
2,2018-04-30,TTLO,USD,2018-06-29 00:00:00,2018-06-29 14:18:53,FY,18396000.0,13615000.0,4781000.0,0.2598934550989346,1082000.0,4967000.0,0.0,0.0,6049000.000000001,19664000.0,-74000.0,314000.0,-954000.0,-0.05185909980430528,-1268000.0,-0.06892802783213742,0.0,-1334000.0,-0.07251576429658621,-437000.0,-2015000.0,-0.10953468145248967,-0.38266,-0.38266,5265750.0,5265750.0,https://www.sec.gov/Archives/edgar/data/98752/000155837018005497/0001558370-18-005497-index.html,https://www.sec.gov/Archives/edgar/data/98752/000155837018005497/ttlo-20180430x10k.htm,1620599111,18:25:11,20210509
3,2017-04-30,TTLO,USD,2017-07-28 00:00:00,2017-07-28 15:15:46,FY,16302000.0,11047000.0,5255000.0,0.32235308551098024,906000.0,4738000.0,0.0,0.0,5643999.999999998,16690999.999999998,-24000.0,265000.0,-124000.0,-0.007606428659060238,-389000.0,-0.02386210280947123,0.0,-413000.0,-0.02533431480799902,-152000.0,-261000.0,-0.016010305483989695,-0.04353,-0.04353,5995750.0,5995750.0,https://www.sec.gov/Archives/edgar/data/98752/000155837017005450/0001558370-17-005450-index.html,https://www.sec.gov/Archives/edgar/data/98752/000155837017005450/ttlo-20170430x10k.htm,1620599111,18:25:11,20210509
4,2016-04-30,TTLO,USD,2016-06-30 00:00:00,2016-06-30 16:04:17,FY,16194000.0,10883000.0,5311000.0,0.3279609731999506,811000.0,3643000.0,0.0,0.0,4454000.000000001,15337000.000000002,-25000.0,291000.0,1148000.0,0.07089045325429172,857000.0,0.05292083487711498,0.0,832000.0,0.051377053229591206,328000.0,504000.0,0.031122638014079287,0.08423,0.08423,5983550.0,5983550.0,https://www.sec.gov/Archives/edgar/data/98752/000155837016006550/0001558370-16-006550-index.html,https://www.sec.gov/Archives/edgar/data/98752/000155837016006550/ttlo-20160430x10k.htm,1620599111,18:25:11,20210509
5,2015-04-30,TTLO,USD,2015-07-02 00:00:00,2015-07-02 13:42:54,FY,13562000.0,9287000.0,4275000.0,0.3152189942486359,745000.0,3217000.0,0.0,0.0,3961999.9999999995,13249000.0,-28000.0,339000.0,652000.0,0.04807550508774517,313000.0,0.023079191859607728,0.0,285000.0,0.021014599616575726,165000.0,120000.0,0.008848252470137147,0.02279,0.02279,5265750.0,5265750.0,https://www.sec.gov/Archives/edgar/data/98752/000155837015001128/0001558370-15-001128-index.html,https://www.sec.gov/Archives/edgar/data/98752/000155837015001128/ttlo-20150430x10k.htm,1620599111,18:25:11,20210509
6,2014-04-30,TTLO,USD,2014-07-03 00:00:00,2014-07-03 14:23:42,FY,13100000.0,8510000.0,4590000.0,0.35038167938931297,600000.0,3190000.0,0.0,0.0,3789000.0,12300000.000000002,34000.0,360000.0,1160000.0,0.08854961832061069,800000.0,0.061068702290076333,0.0,770000.0,0.05877862595419847,-100000.0,870000.0,0.06641221374045801,0.16509,0.16509,5270000.0,5270000.0,https://www.sec.gov/Archives/edgar/data/98752/000009875214000010/0000098752-14-000010-index.html,https://www.sec.gov/Archives/edgar/data/98752/000009875214000010/a201410-k.htm,1620599111,18:25:11,20210509
7,2013-04-30,TTLO,USD,2013-07-19 00:00:00,2013-07-19 11:00:22,FY,11980000.0,7880000.0,4100000.0,0.34223706176961605,540000.0,2520000.0,0.0,0.0,3054000.0,10930000.0,42000.0,350000.0,1400000.0,0.11686143572621036,1050000.0,0.08764607679465776,0.0,1000000.0,0.08347245409015025,-220000.0,1220000.0,0.1018363939899833,0.2315,0.2315,5270000.0,5270000.0,https://www.sec.gov/Archives/edgar/data/98752/000009875213000006/0000098752-13-000006-index.html,https://www.sec.gov/Archives/edgar/data/98752/000009875213000006/a201310-k.htm,1620599111,18:25:11,20210509
8,2012-04-30,TTLO,USD,2012-07-24 00:00:00,2012-07-24 14:43:46,FY,10830000.0,7770000.0,3060000.0,0.28254847645429365,660000.0,2370000.0,0.0,0.0,3028000.0,10800000.000000002,47000.0,310000.0,340000.0,0.03139427516158818,30000.0,0.002770083102493075,0.0,-20000.0,-0.0018467220683287165,0.0,-20000.0,-0.0018467220683287165,-0.0038,-0.0038,5270000.0,5270000.0,https://www.sec.gov/Archives/edgar/data/98752/000009875212000007/0000098752-12-000007-index.html,https://www.sec.gov/Archives/edgar/data/98752/000009875212000007/a201210-k.htm,1620599111,18:25:11,20210509
9,2011-04-30,TTLO,USD,2011-07-29 00:00:00,2011-07-29 15:12:03,FY,11130000.0,7550000.0,3590000.0,0.3225516621743037,450000.0,2460000.0,0.0,0.0,2912000.0,10460000.000000002,-46000000.0,200000.0,870000.0,0.07816711590296496,670000.0,0.06019766397124888,0.0,630000.0,0.05660377358490566,-600000.0,1230000.0,0.1105121293800539,0.23384,0.23384,5260000.0,5260000.0,https://www.sec.gov/Archives/edgar/data/98752/000144530511002220/0001445305-11-002220-index.html,https://www.sec.gov/Archives/edgar/data/98752/000144530511002220/a201143010k.htm,1620599111,18:25:11,20210509
10,2010-04-30,TTLO,USD,2010-07-15 00:00:00,2010-07-15 15:33:39,FY,7090000.0,4670000.0,2420000.0,0.34132581100141046,290000.0,2120000.0,0.0,0.0,2409000.0,7080000.0,-44000000.0,110000.0,130000.0,0.018335684062059238,20000.0,0.0028208744710860366,0.0,-30000.0,-0.004231311706629055,0.0,-30000.0,-0.004231311706629055,-0.00573,-0.00573,5240000.0,5240000.0,https://www.sec.gov/Archives/edgar/data/98752/000104746910006465/0001047469-10-006465-index.html,https://www.sec.gov/Archives/edgar/data/98752/000104746910006465/a2199396z10-k.htm,1620599111,18:25:11,20210509
11,2009-04-30,TTLO,USD,2009-07-29 00:00:00,2009-07-29 15:32:29,FY,7210000.0,4640000.0,2560000.0,0.3550624133148405,330000.0,1870000.0,0.0,0.0,2201000.0,6850000.0,-57000000.0,100000.0,460000.0,0.0638002773925104,360000.0,0.049930651872399444,0.0,300000.0,0.04160887656033287,0.0,300000.0,0.04160887656033287,0.05119,0.05119,5860000.0,5860000.0,https://www.sec.gov/Archives/edgar/data/98752/000104746909006983/0001047469-09-006983-index.html,https://www.sec.gov/Archives/edgar/data/98752/000104746909006983/a2193838z10-k.htm,1620599111,18:25:11,20210509
12,2008-04-30,TTLO,USD,2008-07-28,2008-07-28 16:09:26,FY,6060000.0,3790000.0,2260000.0,0.37293729372937295,270000.0,1770000.0,0.0,0.0,2035000.0,5830000.0,-61000000.0,90000.0,320000.0,0.052805280528052806,230000.0,0.037953795379537955,0.0,170000.0,0.028052805280528052,0.0,170000.0,0.028052805280528052,0.02951,0.02951,5760000.0,5760000.0,https://www.sec.gov/Archives/edgar/data/98752/000104746908008436/a2187033z10ksb.htm,https://www.sec.gov/Archives/edgar/data/98752/000104746908008436/a2187033z10ksb.htm,1620599111,18:25:11,20210509
13,2007-04-30,TTLO,USD,2007-07-30,2007-07-30 17:01:08,FY,5130000.0,3050000.0,2080000.0,0.40545808966861596,250000.0,1820000.0,0.0,0.0,2104000.0,5150000.000000001,-115000000.0,110000.0,80000.0,0.015594541910331383,-30000.0,-0.005847953216374269,0.0,-140000.0,-0.02729044834307992,0.0,-130000.0,-0.025341130604288498,-0.02534,-0.02534,5130000.0,5130000.0,https://www.sec.gov/Archives/edgar/data/98752/000110465907057205/a07-20586_110ksb.htm,https://www.sec.gov/Archives/edgar/data/98752/000110465907057205/a07-20586_110ksb.htm,1620599111,18:25:11,20210509
14,2006-04-30,TTLO,USD,2006-07-28,2006-07-28 14:03:07,FY,5490000.0,3210000.0,2280000.0,0.41530054644808745,260000.0,1480000.0,0.0,0.0,1813000.0,5030000.0,-116000000.0,150000.0,620000.0,0.11293260473588343,470000.0,0.08561020036429873,0.0,460000.0,0.08378870673952642,0.0,460000.0,0.08378870673952642,0.08984,0.08984,5120000.0,5120000.0,https://www.sec.gov/Archives/edgar/data/98752/000110465906049552/a06-16956_210ksb.htm,https://www.sec.gov/Archives/edgar/data/98752/000110465906049552/a06-16956_210ksb.htm,1620599111,18:25:11,20210509
15,2005-04-30,TTLO,USD,2005-07-29,2005-07-29 17:19:44,FY,4410000.0,2800000.0,1610000.0,0.36507936507936506,200000.0,1160000.0,0.0,0.0,1450000.0,4230000.000000001,-135000000.0,160000.0,340000.0,0.07709750566893424,180000.0,0.04081632653061224,0.0,-110000.0,-0.024943310657596373,0.0,-110000.0,-0.024943310657596373,-0.02153,-0.02153,5110000.0,5110000.0,https://www.sec.gov/Archives/edgar/data/98752/000110465905035174/a05-13764_110ksb.htm,https://www.sec.gov/Archives/edgar/data/98752/000110465905035174/a05-13764_110ksb.htm,1620599111,18:25:11,20210509
16,2004-04-30,TTLO,USD,2005-02-16,2005-02-16 11:13:19,FY,4020000.0,2650000.0,1370000.0,0.3407960199004975,200000.0,980000.0,0.0,1703000000.0,2449999.9999999995,5100000.0,-75000000.0,180000.0,-900000.0,-0.22388059701492538,-1080000.0,-0.26865671641791045,-110000.0,-1430000.0,-0.35572139303482586,10000.0,-1440000.0,-0.3582089552238806,-0.2818,-0.2818,5110000.0,5110000.0,https://www.sec.gov/Archives/edgar/data/98752/000110465905006926/a05-3639_110ksb.htm,https://www.sec.gov/Archives/edgar/data/98752/000110465905006926/a05-3639_110ksb.htm,1620599111,18:25:11,20210509
17,2003-04-30,TTLO,USD,2003-07-28,2003-07-28 17:20:53,FY,4250000.0,2660000.0,1590000.0,0.37411764705882355,190000.0,970000.0,0.0,0.0,1495000.0,4300000.0,-78000000.0,370000.0,320000.0,0.07529411764705882,-50000.0,-0.011764705882352941,0.0,-180000.0,-0.042352941176470586,-10000.0,-170000.0,-0.04,-0.03327,-0.03327,5110000.0,5110000.0,https://www.sec.gov/Archives/edgar/data/98752/000104746903025293/a2115171z10ksb.htm,https://www.sec.gov/Archives/edgar/data/98752/000104746903025293/a2115171z10ksb.htm,1620599111,18:25:11,20210509
18,2002-04-30,TTLO,USD,2002-04-30,2002-04-30,FY,3940000.0,2280000.0,1660000.0,0.4213197969543147,180000.0,870000.0,0.0,0.0,1051000.0,3330000.0000000005,-30000.0,50000.0,660000.0,0.16751269035532995,610000.0,0.1548223350253807,0.0,580000.0,0.14720812182741116,10000.0,1030000.0,0.2614213197969543,0.34448,0.34448,2990000.0,2990000.0,,,1620599111,18:25:11,20210509
19,2001-04-30,TTLO,USD,2001-04-30,2001-04-30,FY,3480000.0,2160000.0,1320000.0,0.3793103448275862,170000.0,770000.0,0.0,0.0,940000.0,3100000.0,-70000.0,70000.0,450000.0,0.12931034482758622,380000.0,0.10919540229885058,0.0,320000.0,0.09195402298850575,0.0,320000.0,0.09195402298850575,0.11388,0.11388,2810000.0,2810000.0,,,1620599111,18:25:11,20210509
20,2000-04-30,TTLO,USD,2000-04-30,2000-04-30,FY,3320000.0,2320000.0,1010000.0,0.3042168674698795,180000.0,760000.0,0.0,0.0,1054000.0,3260000.0,-80000.0,110000.0,180000.0,0.05421686746987952,70000.0,0.02108433734939759,390000.0,380000.0,0.1144578313253012,0.0,380000.0,0.1144578313253012,0.13523,0.13523,2810000.0,2810000.0,,,1620599111,18:25:11,20210509
21,1999-04-30,TTLO,USD,1999-04-30,1999-04-30,FY,4550000.0,4310000.0,240000.0,0.05274725274725275,240000.0,1400000.0,0.0,0.0,1640000.0000000007,5950000.000000001,-90000.0,150000.0,-1250000.0,-0.27472527472527475,-1400000.0,-0.3076923076923077,-110000.0,-1590000.0,-0.34945054945054943,0.0,-2400000.0,-0.5274725274725275,-0.85409,-0.85409,2810000.0,2810000.0,,,1620599111,18:25:11,20210509
22,1998-04-30,TTLO,USD,1998-04-30,1998-04-30,FY,11740000.0,9300000.0,2440000.0,0.20783645655877342,760000.0,2350000.0,0.0,0.0,3500000.0,12410000.0,-280000.0,350000.0,-320000.0,-0.027257240204429302,-670000.0,-0.05706984667802385,-350000.0,-1300000.0,-0.11073253833049404,230000.0,-1520000.0,-0.12947189097103917,-0.54093,-0.54093,2810000.0,2810000.0,,,1620599111,18:25:11,20210509
23,1997-04-30,TTLO,USD,1997-04-30,1997-04-30,FY,14670000.0,10780000.0,3890000.0,0.26516700749829586,770000.0,3080000.0,0.0,0.0,4200000.0,14630000.000000002,-260000.0,320000.0,360000.0,0.024539877300613498,40000.0,0.0027266530334014998,-440000.0,-660000.0,-0.044989775051124746,0.0,-1170000.0,-0.07975460122699386,-0.41786,-0.41786,2800000.0,2800000.0,,,1620599111,18:25:11,20210509
24,1996-04-30,TTLO,USD,1996-04-30,1996-04-30,FY,15820000.0,11710000.0,4110000.0,0.25979772439949433,930000.0,2890000.0,0.0,0.0,4100000.0,15529999.999999998,-300000.0,290000.0,580000.0,0.03666245259165613,290000.0,0.018331226295828066,520000.0,510000.0,0.032237673830594185,170000.0,340000.0,0.021491782553729456,0.121,0.121,2810000.0,2810000.0,,,1620599111,18:25:11,20210509
25,1995-04-30,TTLO,USD,1995-04-30,1995-04-30,FY,15060000.0,11520000.0,3540000.0,0.2350597609561753,900000.0,2790000.0,0.0,0.0,3900000.0,15210000.000000002,-320000.0,250000.0,100000.0,0.006640106241699867,-150000.0,-0.0099601593625498,80000.0,-400000.0,-0.02656042496679947,0.0,-400000.0,-0.02656042496679947,-0.14493,-0.14493,2760000.0,2760000.0,,,1620599111,18:25:11,20210509
26,1994-04-30,TTLO,USD,1994-04-30,1994-04-30,FY,11650000.0,8590000.0,3060000.0,0.2626609442060086,970000.0,2330000.0,0.0,0.0,3500000.0,11670000.0,-210000.0,220000.0,200000.0,0.017167381974248927,-20000.0,-0.0017167381974248926,-10000.0,-240000.0,-0.020600858369098713,0.0,160000.0,0.013733905579399141,0.05735,0.05735,2790000.0,2790000.0,,,1620599111,18:25:11,20210509
27,1993-04-30,TTLO,USD,1993-04-30,1993-04-30,FY,8480000.0,5510000.0,2970000.0,0.35023584905660377,490000.0,2020000.0,0.0,0.0,2600000.0,8020000.0,-160000.0,130000.0,590000.0,0.0695754716981132,460000.0,0.054245283018867926,-10000.0,280000.0,0.0330188679245283,0.0,280000.0,0.0330188679245283,0.09859,0.09859,2840000.0,2840000.0,,,1620599111,18:25:11,20210509
28,1992-04-30,TTLO,USD,1992-04-30,1992-04-30,FY,10290000.0,6310000.0,3980000.0,0.3867832847424684,500000.0,2290000.0,0.0,0.0,2900000.0,9090000.0,-240000.0,140000.0,1330000.0,0.1292517006802721,1190000.0,0.11564625850340136,-20000.0,930000.0,0.09037900874635568,30000.0,900000.0,0.08746355685131195,0.31579,0.31579,2850000.0,2850000.0,,,1620599111,18:25:11,20210509
29,1991-04-30,TTLO,USD,1991-04-30,1991-04-30,FY,9810000.0,6520000.0,3290000.0,0.33537206931702346,490000.0,2210000.0,0.0,0.0,2800000.0,9210000.000000002,-290000.0,120000.0,720000.0,0.07339449541284404,600000.0,0.06116207951070336,-10000.0,300000.0,0.03058103975535168,10000.0,480000.0,0.04892966360856269,0.17712,0.17712,2710000.0,2710000.0,,,1620599111,18:25:11,20210509
30,1990-04-30,TTLO,USD,1990-04-30,1990-04-30,FY,9180000.0,5920000.0,3260000.0,0.355119825708061,420000.0,2170000.0,0.0,0.0,2700000.0,8510000.0,-370000.0,140000.0,810000.0,0.08823529411764706,670000.0,0.07298474945533769,40000.0,340000.0,0.037037037037037035,10000.0,340000.0,0.037037037037037035,0.12593,0.12593,2700000.0,2700000.0,,,1620599111,18:25:11,20210509
31,1989-04-30,TTLO,USD,1989-04-30,1989-04-30,FY,9110000.0,6010000.0,3100000.0,0.3402854006586169,410000.0,2100000.0,0.0,0.0,2500000.0,8520000.0,-240000.0,150000.0,740000.0,0.08122941822173436,590000.0,0.06476399560922064,-40000.0,310000.0,0.03402854006586169,0.0,310000.0,0.03402854006586169,0.12016,0.12016,2580000.0,2580000.0,,,1620599111,18:25:11,20210509
32,1988-04-30,TTLO,USD,1988-04-30,1988-04-30,FY,9470000.0,6130000.0,3340000.0,0.3526927138331573,420000.0,2380000.0,0.0,0.0,3000000.0,8920000.0,-230000.0,170000.0,710000.0,0.07497360084477296,540000.0,0.057022175290390706,60000.0,370000.0,0.03907074973600845,0.0,720000.0,0.07602956705385427,0.28016,0.28016,2570000.0,2570000.0,,,1620599111,18:25:11,20210509
33,1987-04-30,TTLO,USD,1987-04-30,1987-04-30,FY,10790000.0,6280000.0,4510000.0,0.41797961075069506,510000.0,2430000.0,0.0,0.0,3100000.0,9220000.0,-270000.0,170000.0,1750000.0,0.16218721037998146,1580000.0,0.1464318813716404,-10000.0,1300000.0,0.12048192771084337,620000.0,-1940000.0,-0.17979610750695088,-0.76378,-0.76378,2540000.0,2540000.0,,,1620599111,18:25:11,20210509
34,1986-04-30,TTLO,USD,1986-04-30,1986-04-30,FY,11040000.0,6400000.0,4640000.0,0.42028985507246375,490000.0,2560000.0,0.0,0.0,3700000.0,9449999.999999998,-270000.0,0.0,-5040000.0,-0.456522,1590000.0,0.14402173913043478,-40000.0,1280000.0,0.11594202898550725,640000.0,-5410000.0,-0.490036231884058,-2.15538,-2.15538,2510000.0,2510000.0,,,1620599111,18:25:11,20210509
35,1985-03-31,TTLO,USD,1985-03-31,1985-03-31,FY,9490000.0,5610000.0,3880000.0,0.4088514225500527,440000.0,2170000.0,0.0,0.0,2620000.0,8230000.0,-240000.0,0.0,380000.0,0.040042,1270000.0,0.13382507903055849,110000.0,1140000.0,0.12012644889357219,500000.0,120000.0,0.012644889357218124,0.04781,0.04781,2510000.0,2510000.0,,,1620599111,18:25:11,20210509
36,1984-03-31,TTLO,USD,1984-03-31,1984-03-31,FY,8400000.0,5090000.0,3310000.0,0.39404761904761904,380000.0,1890000.0,0.0,0.0,2270000.0000000005,7360000.000000001,-180000.0,0.0,1050000.0,0.125,1040000.0,0.12380952380952381,10000.0,870000.0,0.10357142857142858,400000.0,830000.0,0.0988095238095238,0.33333,0.33333,2490000.0,2490000.0,,,1620599111,18:25:11,20210509
37,1983-03-31,TTLO,USD,1983-03-31,1983-03-31,FY,25490000.0,14990000.0,10500000.0,0.41192624558650454,2830000.0,9130000.0,0.0,0.0,11959999.999999998,26950000.0,-960000.0,0.0,-3290000.0,-0.12907,-1460000.0,-0.05727736367202824,90000.0,-2330000.0,-0.09140839544919577,-970000.0,-1360000.0,-0.05335425657120439,-0.55061,-0.55061,2470000.0,2470000.0,,,1620599111,18:25:11,20210509
