,date,symbol,reportedCurrency,fillingDate,acceptedDate,period,revenue,costOfRevenue,grossProfit,grossProfitRatio,researchAndDevelopmentExpenses,generalAndAdministrativeExpenses,sellingAndMarketingExpenses,otherExpenses,operatingExpenses,costAndExpenses,interestExpense,depreciationAndAmortization,ebitda,ebitdaratio,operatingIncome,operatingIncomeRatio,totalOtherIncomeExpensesNet,incomeBeforeTax,incomeBeforeTaxRatio,incomeTaxExpense,netIncome,netIncomeRatio,eps,epsdiluted,weightedAverageShsOut,weightedAverageShsOutDil,link,finalLink,timestamp,est_time,est_date
0,2016-12-31,DSKX,USD,2017-03-31,2017-03-31 12:10:00,FY,12947175000,6501871000,6445304000,0.4978154693977644,0.0,-737231000.0,1810436000.0,10297251000,13180892000,13180892000,140456000.0,124795000.0,-6623735000,-0.511596931376922,-6748530000,-0.5212357135823066,-108356000,-6748530000,-0.5212357135823066,95414000.0,-6843944000,-0.5286051976589488,-290.76976870358703,-302.86029640282305,23537330,22597693,https://www.sec.gov/Archives/edgar/data/1463959/000155335017000341/0001553350-17-000341-index.htm,https://www.sec.gov/Archives/edgar/data/1463959/000155335017000341/dskx_10k.htm,1620591289,16:14:49,20210509
1,2015-12-31,DSKX,USD,2016-10-07,2016-10-07 14:01:03,FY,11777760000,5377518000,6400242000,0.5434175938378775,0.0,-1709835000.0,3705481000.0,11328886000,17030013000,17030013000,117026000.0,183594000.0,-10297824000,-0.8743448669356482,-10481418000,-0.8899330602763174,17659000,-10481418000,-0.8899330602763174,130694000.0,-10612112000,-0.9010297374033772,-450.86303331771273,-595.3443575223928,23537330,17825166,https://www.sec.gov/Archives/edgar/data/1463959/000121465916014024/0001214659-16-014024-index.htm,https://www.sec.gov/Archives/edgar/data/1463959/000121465916014024/dskx_10k.htm,1620591289,16:14:49,20210509
2,2014-12-31,DSKX,USD,2015-04-15,2015-04-15 16:15:38,FY,13414265000,5280909000,8133356000,0.6063214048626593,0.0,-1304737000.0,2609247000.0,5485442000,9399199000,9399199000,71536000.0,299983000.0,-1012176000,-0.07545519638981338,-1312159000,-0.09781818086939538,-46316000,-1312159000,-0.09781818086939538,0.0,-1312159000,-0.09781818086939538,-55.74799690534143,-81.67202460270784,23537330,16066199,https://www.sec.gov/Archives/edgar/data/1463959/000155335015000358/0001553350-15-000358-index.htm,https://www.sec.gov/Archives/edgar/data/1463959/000155335015000358/dskx_10k.htm,1620591289,16:14:49,20210509
3,2013-12-31,DSKX,USD,2014-04-04,2014-04-03 21:45:33,FY,13651661000,6943043000,6708618000,0.4914140484443615,0.0,-116052000.0,2274019000.0,5569397000,10001383000,10001383000,0.0,607018000.0,-2522239000,-0.18475693177555463,-3129257000,-0.22922170423071594,163508000,-3129257000,-0.22922170423071594,96033000.0,-3225290000,-0.23625623284961442,-262.15286,-262.15286,12303089,12303089,https://www.sec.gov/Archives/edgar/data/1463959/000155335014000341/0001553350-14-000341-index.htm,https://www.sec.gov/Archives/edgar/data/1463959/000155335014000341/dskx_10k.htm,1620591289,16:14:49,20210509
4,2012-12-31,DSKX,USD,2013-04-24,2013-04-24,FY,11224424000,6749657000,4474767000,0.3986633968923483,0.0,0.0,0.0,8086010000,8086010000,8086010000,0.0,293023000.0,-3330087000,-0.29668221727903366,-3623110000,-0.3227880557612578,-11867000,-3623110000,-0.3227880557612578,0.0,-3623110000,-0.3227880557612578,-294.48783147061687,-294.48783147061687,12303089,12303089,https://www.sec.gov/Archives/edgar/data/1463959/000155335013000085/0001553350-13-000085-index.htm,https://www.sec.gov/Archives/edgar/data/1463959/000155335013000085/dskx_10k.htm,1620591289,16:14:49,20210509
5,2011-12-31,DSKX,USD,2012-04-04,2012-04-04,FY,9672861000,4751961000,4920900000,0.5087326283299223,0.0,201506000.0,2856482000.0,12678000,5914470000,5914470000,0.0,0.0,-993570000,-0.10271728292177465,-993570000,-0.10271728292177465,12678000,-980892000,-0.10140660555341383,0.0,-980892000,-0.10140660555341383,-41.673885695616285,-61.16999466621234,23537330,16035509,https://www.sec.gov/Archives/edgar/data/1463959/000094344012000316/0000943440-12-000316-index.htm,https://www.sec.gov/Archives/edgar/data/1463959/000094344012000316/dskx_10k.htm,1620591289,16:14:49,20210509
6,2010-12-31,DSKX,USD,2011-04-15,2011-04-15 17:27:02,FY,5452523000,1883160000,3569364000,0.654626124456513,0.0,793953000.0,1478196000.0,31168000,3750345000,3750345000,0.0,118178000.0,-31635000,-0.00580190124828451,-149813000,-0.02747590427403974,91750000,-149813000,-0.02747590427403974,0.0,-149813000,-0.02747590427403974,-1.61666,-1.61666,92668273,92668273,https://www.sec.gov/Archives/edgar/data/1463959/000094344011000171/0000943440-11-000171-index.htm,https://www.sec.gov/Archives/edgar/data/1463959/000094344011000171/dvskn_10k.htm,1620591289,16:14:49,20210509
7,2009-12-31,DSKX,USD,2010-04-08,2010-04-07 18:47:28,FY,3519804000,1103443000,2416361000,0.6865044189960577,0.0,1649808000.0,0.0,1201874000,2851682000,2851682000,2048000.0,35740000.0,-280480000,-0.07968625525739502,-316220000,-0.08984022974006507,121077000,-316220000,-0.08984022974006507,0.0,-316220000,-0.08984022974006507,-3.46577,-3.46577,91240812,91240812,https://www.sec.gov/Archives/edgar/data/1463959/000094344010000240/0000943440-10-000240-index.htm,https://www.sec.gov/Archives/edgar/data/1463959/000094344010000240/dvskn_10k.htm,1620591289,16:14:49,20210509
