,date,symbol,reportedCurrency,fillingDate,acceptedDate,period,revenue,costOfRevenue,grossProfit,grossProfitRatio,researchAndDevelopmentExpenses,generalAndAdministrativeExpenses,sellingAndMarketingExpenses,otherExpenses,operatingExpenses,costAndExpenses,interestExpense,depreciationAndAmortization,ebitda,ebitdaratio,operatingIncome,operatingIncomeRatio,totalOtherIncomeExpensesNet,incomeBeforeTax,incomeBeforeTaxRatio,incomeTaxExpense,netIncome,netIncomeRatio,eps,epsdiluted,weightedAverageShsOut,weightedAverageShsOutDil,link,finalLink,timestamp,est_time,est_date
0,2020-06-30,IPC.AX,AUD,2020-06-30,2020-06-30,FY,167218.0,0.0,0.0,0.0,0.0,195300.0,0.0,10000.0,0.0,0.0,4849.0,48593.0,0.0,0.0,0.0,-0.8479051298305207,0.0,-141785.0,-0.8479051298305207,0.0,-141785.0,-0.8479051298305207,-0.044625,-0.044625,3175374.0,3175374.0,,,1620593703,16:55:03,20210509
1,2019-06-30,IPC.AX,AUD,2019-06-30,2019-06-30,FY,114724.0,0.0,0.0,0.0,0.0,221545.0,0.0,0.0,0.0,0.0,0.0,0.0,0.0,0.0,0.0,-1.6492102785816394,0.0,-189204.0,-1.6492102785816394,0.0,-189204.0,-1.6492102785816394,-0.059597,-0.059597,3175374.0,3175374.0,,,1620593703,16:55:03,20210509
2,2018-06-30,IPC.AX,AUD,2018-06-30,2018-06-30,FY,8519.0,0.0,0.0,0.0,0.0,90366.0,0.0,16.0,0.0,0.0,0.0,0.0,0.0,0.0,0.0,-17.50170207770865,0.0,-149097.0,-17.50170207770865,0.0,-149097.0,-17.50170207770865,-0.046958,-0.046958,3175374.0,3175374.0,,,1620593703,16:55:03,20210509
3,2017-06-30,IPC.AX,AUD,2017-06-30,2017-06-30,FY,364183.0,405831.0,72192.0,0.19823001073636057,0.0,74436.0,0.0,-358111.0,120303.0,0.0,0.0,0.0,0.0,0.0,-48111.0,-0.13210666066235932,0.0,-48111.0,-0.13210666066235932,0.0,-48111.0,-0.13210666066235932,-0.015556,-0.015556,3097945.0,3097945.0,,,1620593703,16:55:03,20210509
4,2016-06-30,IPC.AX,AUD,2016-06-30,2016-06-30,FY,164563.0,123200.0,164563.0,1.0,0.0,72166.0,0.0,763.0,333007.0,0.0,0.0,0.0,0.0,0.0,-168444.0,-1.0235836731221477,763.0,-167681.0,-1.0189471509391541,0.0,-167681.0,-1.0189471509391541,-0.056097,-0.056097,2989112.0,2989112.0,,,1620593703,16:55:03,20210509
5,2015-06-30,IPC.AX,AUD,2015-06-30,2015-06-30,FY,-53902.0,123657.0,-56359.0,1.0455827242031837,0.0,70831.0,0.0,298.0,105593.0,0.0,0.0,0.0,0.0,0.0,-161952.0,3.004563838076509,0.0,-161952.0,3.004563838076509,0.0,-161952.0,3.004563838076509,-0.054153,-0.054153,2974627.0,2974627.0,,,1620593703,16:55:03,20210509
6,2014-06-30,IPC.AX,AUD,2014-06-30,2014-06-30,FY,80108.0,0.0,0.0,0.0,0.0,196337.0,0.0,0.0,131203.0,0.0,0.0,70.0,-51025.0,-0.636952613971139,-51095.0,-0.6378264343136766,0.0,-51095.0,-0.6378264343136766,0.0,-51095.0,-0.6378264343136766,-0.017111,-0.017111,2989545.0,2989545.0,,,1620593703,16:55:03,20210509
7,2013-06-30,IPC.AX,AUD,2013-06-30,2013-06-30,FY,113021.0,0.0,0.0,0.0,0.0,185996.0,0.0,0.0,152202.0,0.0,0.0,151.0,-39030.0,-0.34533405296360853,-39181.0,-0.34667008785977826,0.0,-39181.0,-0.34667008785977826,0.0,-39181.0,-0.34667008785977826,-0.013125,-0.013125,2989545.0,2989545.0,,,1620593703,16:55:03,20210509
8,2012-06-30,IPC.AX,AUD,2012-06-30,2012-06-30,FY,5186.0,140742.0,5186.0,1.0,0.0,69614.0,0.0,0.0,123367.0,0.0,202.0,197.0,-117984.0,-22.75048206710374,-118181.0,-22.788468954878518,0.0,-118181.0,-22.788468954878518,-30000.0,-88181.0,-17.00366370998843,-0.029458,-0.029458,2989545.0,2989545.0,,,1620593703,16:55:03,20210509
9,2011-06-30,IPC.AX,AUD,2011-06-30,2011-06-30,FY,47507.0,132429.0,45257.0,0.9526385585282169,0.0,70309.0,0.0,0.0,135330.0,0.0,1139.0,267.0,-89806.0,-1.8903740501399793,-90073.0,-1.8959942745279643,0.0,-90073.0,-1.8959942745279643,-13500.0,-76573.0,-1.6118256256972656,-0.025569,-0.025569,2989545.0,2989545.0,,,1620593703,16:55:03,20210509
10,2010-06-30,IPC.AX,AUD,2010-06-30,2010-06-30,FY,78731.0,132970.0,76481.0,0.9714216763409584,0.0,69102.0,0.0,0.0,164667.0,0.0,0.0,368.0,-87818.0,-1.1154183231509824,-88186.0,-1.1200924667538834,0.0,-88186.0,-1.1200924667538834,-16500.0,-71686.0,-0.9105180932542455,-0.024014,-0.024014,2989545.0,2989545.0,,,1620593703,16:55:03,20210509
11,2009-06-30,IPC.AX,AUD,2009-06-30,2009-06-30,FY,87693.0,155886.0,85895.0,0.9794966530965984,0.0,68238.0,0.0,0.0,81169.0,0.0,0.0,550.0,5276.0,0.06016443729830203,4726.0,0.05389255698858518,0.0,4726.0,0.05389255698858518,-706.0,5432.0,0.06194337062251263,0.001847,0.001847,2940629.0,2940629.0,,,1620593703,16:55:03,20210509
12,2008-06-30,IPC.AX,AUD,2008-06-30,2008-06-30,FY,173733.0,0.0,0.0,0.0,0.0,215384.0,0.0,0.0,117365.0,0.0,0.0,824.0,100605.0,0.5790782407487352,99781.0,0.5743353306510565,-43413.0,56367.0,0.32444613285904234,8262.0,48105.0,0.27689040078741517,0.016139,0.016139,2989545.0,2989545.0,,,1620593703,16:55:03,20210509
13,2007-06-30,IPC.AX,AUD,2007-06-30,2007-06-30,FY,823864.0,177440.0,646424.0,0.7846246467863628,0.0,12255.0,0.0,26051.0,-1656946.0,0.0,0.0,1101.0,2548708.0,3.0936028276511656,2547607.0,3.092266442034122,-40746.0,2506861.0,3.0428092500704,134086.0,2372775.0,2.8800566598370603,0.793723,0.793723,2989545.0,2989545.0,,,1620593703,16:55:03,20210509
14,2006-06-30,IPC.AX,AUD,2006-06-30,2006-06-30,FY,371744.0,157120.0,371744.0,1.0,0.0,41122.0,0.0,-1359.0,106466.0,0.0,0.0,740.0,574301.0,1.5448830377894465,573561.0,1.542892420590514,-151163.0,422398.0,1.1362604372901781,75267.0,347131.0,0.9337904579495567,0.116083,0.116083,2990359.0,2990359.0,,,1620593703,16:55:03,20210509
15,2005-06-30,IPC.AX,AUD,2005-06-30,2005-06-30,FY,30906.0,211386.0,-30028.0,-0.9715912767747363,0.0,96102.0,0.0,0.0,315069.0,0.0,1332.0,942.0,-132868.0,-4.299100498285123,-133810.0,-4.329580016825212,99.0,-133073.0,-4.305733514527923,-133073.0,157915.0,5.109525658448198,0.0525,0.0525,2989545.0,2989545.0,,,1620593703,16:55:03,20210509
16,2004-06-30,IPC.AX,AUD,2004-06-30,2004-06-30,FY,-138369.0,820000.0,1270465.0,-9.181717003085952,0.0,11410.0,0.0,3981910.0,9058961.0,0.0,210402.0,542.0,-7787954.0,56.28395088495255,-7788496.0,56.287867947300334,11048383.0,3259523.0,-23.556743201150546,3259523.0,1988723.0,-14.372605135543365,0.665,0.665,2989545.0,2989545.0,,,1620593703,16:55:03,20210509
17,2003-06-30,IPC.AX,AUD,2003-06-30,2003-06-30,FY,-15141.0,0.0,0.0,0.0,0.0,0.0,0.0,-172874.0,0.0,0.0,272418.0,747.0,0.0,0.0,0.0,12.412654382141206,0.0,-187940.0,12.412654382141206,-187940.0,-187940.0,12.412654382141206,-0.129792,-0.129792,2989545.0,2989545.0,,,1620593703,16:55:03,20210509
18,2002-06-30,IPC.AX,AUD,2002-06-30,2002-06-30,FY,283934.0,91000.0,284066.0,1.000464896771785,0.0,113000.0,0.0,-113816.0,114547.0,0.0,90632.0,807.0,170326.0,0.5998788450837166,169519.0,0.5970366352743948,-208.0,178226.0,0.6277022124860002,178226.0,178226.0,0.6277022124860002,0.056,0.056,2989545.0,2989545.0,,,1620593703,16:55:03,20210509
19,2001-06-30,IPC.AX,AUD,2001-06-30,2001-06-30,FY,2857.0,112000.0,-38110.0,-13.339166958347917,0.0,47000.0,0.0,-83678.0,73755.0,0.0,64057.0,769.0,-111096.0,-38.88554427721386,-111865.0,-39.15470773538677,41275.0,-70848.0,-24.7980399019951,-70848.0,-70848.0,-24.7980399019951,-0.025278,-0.025278,2886688.0,2886688.0,,,1620593703,16:55:03,20210509
20,2000-06-30,IPC.AX,AUD,2000-06-30,2000-06-30,FY,3933033.0,0.0,0.0,0.0,0.0,0.0,0.0,-1008596.0,0.0,0.0,43259.0,875.0,0.0,0.0,0.0,0.7597708943708329,0.0,2988204.0,0.7597708943708329,2988204.0,2967315.0,0.7544597261197656,-0.339306,-0.339306,2886688.0,2886688.0,,,1620593703,16:55:03,20210509
21,1999-06-30,IPC.AX,AUD,1999-06-30,1999-06-30,FY,-14723.0,0.0,0.0,0.0,0.0,81420.0,0.0,-58178.0,0.0,0.0,21629.0,975.0,0.0,0.0,0.0,-13.204645792297766,0.0,194412.0,-13.204645792297766,194412.0,-131853.0,8.955579705223121,0.031111,0.031111,2886688.0,2886688.0,,,1620593703,16:55:03,20210509
22,1998-06-30,IPC.AX,AUD,1998-06-30,1998-06-30,FY,-1659.0,0.0,0.0,0.0,0.0,0.0,0.0,0.0,0.0,0.0,1659.0,0.0,0.0,0.0,0.0,-494.4996986136227,0.0,820375.0,-494.4996986136227,820375.0,-436315.0,262.9987944544907,0.136111,0.126389,2886688.0,2886688.0,,,1620593703,16:55:03,20210509
23,1997-06-30,IPC.AX,AUD,1997-06-30,1997-06-30,FY,-783360.0,897740.0,-453293.0,0.5786522160947712,0.0,0.0,0.0,-328336.0,4585164.0,0.0,783360.0,1731.0,-5036726.0,6.429644097222222,-5038457.0,6.4318538092320265,508425.0,-4530032.0,5.782822712418301,-4530032.0,852982.0,-1.0888761233660131,-0.277083,-0.277083,2886688.0,2886688.0,,,1620593703,16:55:03,20210509
24,1996-06-30,IPC.AX,AUD,1996-06-30,1996-06-30,FY,-1118912.0,1221268.0,25611902.0,-22.890005648344104,0.0,0.0,0.0,-25993109.0,33090222.0,0.0,1118912.0,717913.0,-6760407.0,6.041946998512841,-7478320.0,6.683564033632671,1478697.0,-5897267.0,5.270536914431162,-5897267.0,2620255.0,-2.3417882728936683,-1.135556,-1.135556,2886688.0,2886688.0,,,1620593703,16:55:03,20210509
25,1995-06-30,IPC.AX,AUD,1995-06-30,1995-06-30,FY,-852000.0,852000.0,27857000.0,-32.69600938967136,0.0,0.0,0.0,-27761000.0,28611000.0,0.0,852000.0,948000.0,194000.0,-0.22769953051643194,-754000.0,0.8849765258215962,1162000.0,408000.0,-0.4788732394366197,408000.0,-184000.0,0.215962441314554,0.060278,0.060278,2887198.0,2887198.0,,,1620593703,16:55:03,20210509
26,1994-06-30,IPC.AX,AUD,1994-06-30,1994-06-30,FY,-31000.0,31000.0,24000.0,-0.7741935483870968,0.0,0.0,0.0,-54000.0,151000.0,0.0,31000.0,1000.0,-126000.0,4.064516129032258,-127000.0,4.096774193548387,132000.0,5000.0,-0.16129032258064516,5000.0,162000.0,-5.225806451612903,0.060278,0.060278,2687556.0,2687556.0,,,1620593703,16:55:03,20210509
27,1993-06-30,IPC.AX,AUD,1993-06-30,1993-06-30,FY,-48000.0,48000.0,5000.0,-0.10416666666666667,0.0,0.0,0.0,-52000.0,1203000.0,0.0,48000.0,1000.0,-1197000.0,24.9375,-1198000.0,24.958333333333332,477000.0,-721000.0,15.020833333333334,-721000.0,355000.0,-7.395833333333333,-0.111806,-0.111806,2886170.0,2886170.0,,,1620593703,16:55:03,20210509
28,1992-06-30,IPC.AX,AUD,1992-06-30,1992-06-30,FY,-119000.0,119000.0,36000.0,-0.3025210084033613,0.0,0.0,0.0,-153000.0,602000.0,0.0,119000.0,2000.0,-564000.0,4.739495798319328,-566000.0,4.756302521008403,119000.0,-447000.0,3.7563025210084033,-447000.0,191000.0,-1.6050420168067228,-0.027222,-0.027222,2886170.0,2886170.0,,,1620593703,16:55:03,20210509
29,1991-06-30,IPC.AX,AUD,1991-06-30,1991-06-30,FY,-9000.0,85000.0,24000.0,-2.6666666666666665,0.0,0.0,0.0,-31000.0,638000.0,0.0,9000.0,2000.0,-612000.0,68.0,-614000.0,68.22222222222223,499000.0,-115000.0,12.777777777777779,-115000.0,0.0,0.0,0.0,0.0,3175374.0,3175374.0,,,1620593703,16:55:03,20210509
30,1990-06-30,IPC.AX,AUD,1990-06-30,1990-06-30,FY,0.0,76000.0,96000.0,0.0,0.0,0.0,0.0,-93000.0,8000.0,0.0,0.0,3000.0,91000.0,0.0,88000.0,0.0,15000.0,103000.0,0.0,103000.0,0.0,0.0,0.0,0.0,3175374.0,3175374.0,,,1620593703,16:55:03,20210509
31,1989-06-30,IPC.AX,AUD,1989-06-30,1989-06-30,FY,-193000.0,269000.0,-63000.0,0.32642487046632124,0.0,0.0,0.0,-126000.0,-1295000.0,0.0,193000.0,4000.0,1236000.0,-6.404145077720207,1232000.0,-6.383419689119171,0.0,1232000.0,-6.383419689119171,1232000.0,0.0,0.0,0.0,0.0,3175374.0,3175374.0,,,1620593703,16:55:03,20210509
