,date,symbol,reportedCurrency,fillingDate,acceptedDate,period,revenue,costOfRevenue,grossProfit,grossProfitRatio,researchAndDevelopmentExpenses,generalAndAdministrativeExpenses,sellingAndMarketingExpenses,otherExpenses,operatingExpenses,costAndExpenses,interestExpense,depreciationAndAmortization,ebitda,ebitdaratio,operatingIncome,operatingIncomeRatio,totalOtherIncomeExpensesNet,incomeBeforeTax,incomeBeforeTaxRatio,incomeTaxExpense,netIncome,netIncomeRatio,eps,epsdiluted,weightedAverageShsOut,weightedAverageShsOutDil,link,finalLink,timestamp,est_time,est_date
0,2020-03-31,POWW,USD,2020-08-19,2020-08-19,FY,14780365.0,18455904.0,-3675539.0,-0.2486771470122693,0.0,7370453.0,1192010.0,0.0,10161954.0,28617858.0,0.0,1599491.0,-12238002.0,-0.8279905130894941,-13837493.0,-0.9362078000103515,0.0,-14556680.0,-0.9848660706281611,0.0,-14556680.0,-0.9848660706281611,-0.32,-0.32,45607937.0,45607937.0,https://www.sec.gov/Archives/edgar/data/1015383/000149315220016303/0001493152-20-016303-index.htm,https://www.sec.gov/Archives/edgar/data/1015383/000149315220016303/form10-k.htm,1620596726,17:45:26,20210509
1,2019-03-31,POWW,USD,2019-03-31,2019-03-31,FY,4159397.0,4389091.0,-229694.0,-0.0552229085129407,0.0,7240263.0,1414399.0,0.0,8750964.0,13140055.0,610600.0,96302.0,-8884356.0,-2.1359721132654563,-8980658.0,-2.159124988550023,-2118154.0,-11709412.0,-2.8151705643870977,0.0,-11709412.0,-2.8151705643870977,-0.35,-0.35,33601569.0,33601569.0,,,1620596726,17:45:26,20210509
2,2018-03-31,POWW,USD,2018-04-11 00:00:00,2018-04-11 11:05:12,FY,1960690.0,1667610.0,293080.0,0.14947798989131378,0.0,2089540.0,0.0,0.0,2095390.0,3763000.0,5090.0,72260.0,-1730050.0,-0.8823679418980053,-1802310.0,-0.9192223145933319,0.0,-1797230.0,-0.9166313899698576,0.0,-1797230.0,-0.9166313899698576,-0.069,-0.069,26045890.0,26045890.0,https://www.sec.gov/Archives/edgar/data/1015383/000107997318000247/0001079973-18-000247-index.html,https://www.sec.gov/Archives/edgar/data/1015383/000107997318000247/apoww_10k-123117.htm,1620596726,17:45:26,20210509
3,2017-12-31,POWW,USD,2018-04-11,2018-04-11,FY,1162567.0,1171292.0,-8725.0,-0.007504943801088453,0.0,3201165.0,759053.0,0.0,3967503.0,5138795.0,532752.0,7285.0,-3968943.0,-3.4139477552691586,-3976228.0,-3.420214060781013,-1279921.0,-5788901.0,-4.979412799434355,0.0,-5788901.0,-4.979412799434355,-0.3,-0.3,19279601.0,19279601.0,https://www.sec.gov/Archives/edgar/data/1015383/000107997318000247/0001079973-18-000247-index.htm,https://www.sec.gov/Archives/edgar/data/1015383/000107997318000247/apoww_10k-123117.htm,1620596726,17:45:26,20210509
4,2016-12-31,POWW,USD,2017-03-16 00:00:00,2017-03-16 10:55:29,FY,0.0,0.0,0.0,0.0,0.0,11040.0,0.0,0.0,13090.0,13090.0,14094.0,0.0,-319394.0,0.0,-13090.0,0.0,0.0,-333488.0,0.0,0.0,-333488.0,0.0,-0.58,-0.58,577056.0,577056.0,https://www.sec.gov/Archives/edgar/data/1015383/000107997317000151/0001079973-17-000151-index.html,https://www.sec.gov/Archives/edgar/data/1015383/000107997317000151/ammo_10k-123116.htm,1620596726,17:45:26,20210509
5,2015-12-31,POWW,USD,2016-03-30 00:00:00,2016-03-30 11:51:33,FY,0.0,0.0,0.0,0.0,0.0,3370.0,0.0,0.0,3370.0,3370.0,15861.0,0.0,-3370.0,0.0,-3370.0,0.0,0.0,-19231.0,0.0,800.0,-20031.0,0.0,-0.034714,-0.034714,577036.0,577036.0,https://www.sec.gov/Archives/edgar/data/1015383/000107997316000881/0001079973-16-000881-index.html,https://www.sec.gov/Archives/edgar/data/1015383/000107997316000881/retro_10k-123115.htm,1620596726,17:45:26,20210509
6,2014-12-31,POWW,USD,2015-03-31,2015-03-31,FY,0.0,0.0,0.0,0.0,0.0,4963.0,0.0,0.0,4963.0,4963.0,16158.0,0.0,-4963.0,0.0,-4963.0,0.0,0.0,-21121.0,0.0,800.0,-21921.0,0.0,-0.037989,-0.037989,577036.0,577036.0,https://www.sec.gov/Archives/edgar/data/1015383/000107997315000227/0001079973-15-000227-index.htm,https://www.sec.gov/Archives/edgar/data/1015383/000107997315000227/retro_10k.htm,1620596726,17:45:26,20210509
7,2013-12-31,POWW,USD,2014-02-26,2014-02-26,FY,0.0,0.0,0.0,0.0,0.0,6768.0,0.0,0.0,6768.0,6768.0,15011.0,0.0,-6768.0,0.0,-6768.0,0.0,0.0,-21779.0,0.0,800.0,-22579.0,0.0,-0.039129,-0.039129,577036.0,577036.0,https://www.sec.gov/Archives/edgar/data/1015383/000107997314000149/0001079973-14-000149-index.htm,https://www.sec.gov/Archives/edgar/data/1015383/000107997314000149/retro_10k-123113.htm,1620596726,17:45:26,20210509
8,2012-12-31,POWW,USD,2013-04-01 00:00:00,2013-04-01 15:10:00,FY,0.0,0.0,0.0,0.0,0.0,16339.0,0.0,0.0,16339.0,16339.0,14160.0,0.0,-16339.0,0.0,-16339.0,0.0,0.0,-30499.0,0.0,800.0,-31299.0,0.0,-0.054241,-0.054241,577036.0,577036.0,https://www.sec.gov/Archives/edgar/data/1015383/000107997313000222/0001079973-13-000222-index.html,https://www.sec.gov/Archives/edgar/data/1015383/000107997313000222/retro_10k-123112.htm,1620596726,17:45:26,20210509
9,2011-12-31,POWW,USD,2011-12-31,2011-12-31,FY,0.0,0.0,0.0,0.0,0.0,12607.0,0.0,0.0,12607.0,12607.0,12837.0,0.0,-12607.0,0.0,-12607.0,0.0,1.0,-25443.0,0.0,800.0,-26243.0,0.0,-0.04547896491726686,-0.04547896491726686,577036.0,577036.0,,,1620596726,17:45:26,20210509
10,2010-12-31,POWW,USD,2010-12-31,2010-12-31,FY,0.0,0.0,0.0,0.0,0.0,21237.0,0.0,0.0,21237.0,21237.0,11488.0,0.0,-21237.0,0.0,-21237.0,0.0,0.0,-32725.0,0.0,1128.0,-33853.0,0.0,-0.0586670502360338,-0.0586670502360338,577036.0,577036.0,,,1620596726,17:45:26,20210509
11,2009-12-31,POWW,USD,2009-12-31,2009-12-31,FY,0.0,0.0,0.0,0.0,0.0,0.0,0.0,0.0,17454.0,17454.0,11212.0,0.0,-17454.0,0.0,-17454.0,0.0,0.0,-28666.0,0.0,800.0,-29466.0,0.0,-0.05106440499379588,-0.05106440499379588,577036.0,577036.0,,,1620596726,17:45:26,20210509
12,2008-12-31,POWW,USD,2008-12-31,2008-12-31,FY,0.0,0.0,0.0,0.0,0.0,0.0,0.0,0.0,27044.0,27044.0,0.0,0.0,-27044.0,0.0,-27044.0,0.0,0.0,-35607.0,0.0,590.0,-36277.0,0.0,-0.06286782800379873,-0.06286782800379873,577036.0,577036.0,,,1620596726,17:45:26,20210509
13,2007-12-31,POWW,USD,2008-04-11,2008-04-11,FY,0.0,0.0,0.0,0.0,0.0,0.0,0.0,0.0,43655.0,43655.0,0.0,0.0,-180965.0,0.0,-43655.0,0.0,137310.0,92689.0,0.0,800.0,91889.0,0.0,0.5,0.5,209571.0,209571.0,https://www.sec.gov/Archives/edgar/data/1015383/000110465908023877/0001104659-08-023877-index.htm,https://www.sec.gov/Archives/edgar/data/1015383/000110465908023877/a08-10597_110ksb.htm,1620596726,17:45:26,20210509
14,2006-12-31,POWW,USD,2006-12-31,2006-12-31,FY,0.0,0.0,0.0,0.0,0.0,0.0,0.0,0.0,25640.0,25640.0,0.0,0.0,-25640.0,0.0,-25640.0,0.0,0.0,-25640.0,0.0,800.0,-26440.0,0.0,-0.25,-0.25,139196.0,139196.0,,,1620596726,17:45:26,20210509
15,2005-12-31,POWW,USD,2005-12-31,2005-12-31,FY,0.0,0.0,0.0,0.0,0.0,0.0,0.0,0.0,708.0,708.0,0.0,0.0,-708.0,0.0,-708.0,0.0,0.0,-708.0,0.0,800.0,-1508.0,0.0,-0.010833644644961062,-0.010833644644961062,139196.0,139196.0,,,1620596726,17:45:26,20210509
16,2000-12-31,POWW,USD,2000-12-31,2000-12-31,FY,17438305.0,16891498.0,546807.0,0.03135665995060873,0.0,2906734.0,794954.0,0.0,4058923.0,20950421.0,0.0,143535.0,-3368581.0,-0.19317135467007832,-3512116.0,-0.20140237253563348,9786.0,-3915872.0,-0.2245557696117828,-836000.0,-3079872.0,-0.17661533044639374,-23.75,-23.75,129657.0,129657.0,,,1620596726,17:45:26,20210509
17,1999-12-31,POWW,USD,1999-12-31,1999-12-31,FY,20207460.0,17522097.0,2685363.0,0.13288968529444076,0.0,1715652.0,729189.0,0.0,2444841.0,19966938.0,0.0,136907.0,377429.0,0.018677706154063896,240522.0,0.011902633977748812,122354.0,141946.0,0.007024435530244771,46000.0,95946.0,0.004748048492982294,0.7729663973188751,0.6574976357880021,124127.0,145926.0,,,1620596726,17:45:26,20210509
18,1998-12-31,POWW,USD,1998-12-31,1998-12-31,FY,27534536.0,23991906.0,3542630.0,0.1286613291758394,0.0,1460991.0,638893.0,0.0,2099884.0,26091790.0,0.0,27940.0,1470686.0,0.0534124126878332,1442746.0,0.05239768703565588,73272.0,1444910.0,0.052476279244364245,629363.0,815547.0,0.029619057317690045,7.0,5.5,116000.0,147313.0,,,1620596726,17:45:26,20210509
19,1997-12-31,POWW,USD,1997-12-31,1997-12-31,FY,19724751.0,16924565.0,2800186.0,0.14196305950833044,0.0,659527.0,249728.0,0.0,909255.0,17833820.0,0.0,21217.0,1912148.0,0.09694155327993748,1890931.0,0.09586589965064704,46756.0,1913443.0,0.0970072068336883,775000.0,1138443.0,0.05771647003300574,13.75,12.5,82115.0,90879.0,,,1620596726,17:45:26,20210509
20,1996-12-31,POWW,USD,1996-12-31,1996-12-31,FY,12900000.0,11000000.0,1900000.0,0.14728682170542637,0.0,700000.0,0.0,0.0,700000.0,11700000.0,0.0,0.0,1200000.0,0.09302325581395349,1200000.0,0.09302325581395349,0.0,1200000.0,0.09302325581395349,500000.0,700000.0,0.05426356589147287,9.25,9.25,75676.0,75676.0,,,1620596726,17:45:26,20210509
21,1995-12-31,POWW,USD,1995-12-31,1995-12-31,FY,11380000.0,9980000.0,1400000.0,0.12302284710017575,0.0,550000.0,0.0,0.0,539999.9999999991,10520000.0,-20000.0,20000.0,880000.0,0.0773286467486819,860000.0,0.07557117750439367,10000.0,840000.0,0.07381370826010544,170000.0,670000.0,0.058875219683655534,9.57143,9.57143,70000.0,70000.0,,,1620596726,17:45:26,20210509
22,1994-12-31,POWW,USD,1994-12-31,1994-12-31,FY,5520000.0,4830000.0,700000.0,0.12681159420289856,0.0,600000.0,0.0,0.0,599999.9999999997,5430000.0,0.0,10000.0,100000.0,0.018115942028985508,90000.0,0.016304347826086956,0.0,90000.0,0.016304347826086956,-180000.0,270000.0,0.04891304347826087,3.85714,3.85714,70000.0,70000.0,,,1620596726,17:45:26,20210509
