,date,symbol,reportedCurrency,fillingDate,acceptedDate,period,revenue,costOfRevenue,grossProfit,grossProfitRatio,researchAndDevelopmentExpenses,generalAndAdministrativeExpenses,sellingAndMarketingExpenses,otherExpenses,operatingExpenses,costAndExpenses,interestExpense,depreciationAndAmortization,ebitda,ebitdaratio,operatingIncome,operatingIncomeRatio,totalOtherIncomeExpensesNet,incomeBeforeTax,incomeBeforeTaxRatio,incomeTaxExpense,netIncome,netIncomeRatio,eps,epsdiluted,weightedAverageShsOut,weightedAverageShsOutDil,link,finalLink,timestamp,est_time,est_date
0,2020-12-31,TV,MXN,2020-12-31,2020-12-31,FY,97361634000.0,56989655000.0,40371979000.0,0.4146600394976937,0.0,12713657000.0,10366582000.0,257445000.0,0.0,80069894000.0,10482168000.0,0.0,37421538000.0,0.384356100679247,17291740000.0,0.17760322305190565,-5511966000.0,5678583000.0,0.058324647673846555,5004657000.0,-892331000.0,-0.009165119393949366,-1.5427065783847551,-1.5427065783847551,578419132,578419132,,,1620599131,18:25:31,20210509
1,2019-12-31,TV,MXN,2019-12-31,2019-12-31,FY,101757181000.0,59067362000.0,42689819000.0,0.41952635264139243,0.0,13822323000.0,11099011000.0,139995000.0,4407000000.0,84105522000.0,10402021000.0,21008796000.0,38660455000.0,0.3799285182634924,17651659000.0,0.17346843560849037,869685000.0,8775258000.0,0.0862372356797109,2668445000.0,4626139000.0,0.045462531042403775,7.997901079108843,7.62706335850387,578419132,606542621,,,1620599131,18:25:31,20210509
2,2018-12-31,TV,MXN,2018-12-31,2018-12-31,FY,101282333000.0,57839268000.0,43443065000.0,0.42893033477023085,0.0,14193639000.0,11023466000.0,-387733000.0,4222000000.0,83592377000.0,9707324000.0,19834202000.0,37524158000.0,0.37049065605548404,17689956000.0,0.17465983924363196,3315684000.0,12005774000.0,0.11853769205731073,4390504000.0,6009414000.0,0.05933328964687257,10.326203446752691,9.792532529708108,581957738,613673121,,,1620599131,18:25:31,20210509
3,2017-12-31,TV,MXN,2017-12-31,2017-12-31,FY,94274235000.0,53534553000.0,40739682000.0,0.4321401494268291,0.0,14128219000.0,10554113000.0,0.0,4242000000.0,78383004000.0,9245671000.0,18536274000.0,34427505000.0,0.3651846657785131,15891231000.0,0.16856388174351136,1034167000.0,10851642000.0,0.1151071870272933,4274120000.0,4524496000.0,0.04799292192612329,7.693546252520385,7.304156133572907,588089790,619441304,,,1620599131,18:25:31,20210509
4,2016-12-31,TV,MXN,2016-12-31,2016-12-31,FY,96287363000.0,52377790000.0,43909573000.0,0.4560263323443597,0.0,14447217000.0,10900695000.0,0.0,4271000000.0,77764100000.0,8497919000.0,16979833000.0,35503096000.0,0.36872020267083233,18523263000.0,0.1923748083120731,-3275858000.0,8205589000.0,0.08521979151095871,2872235000.0,3721406000.0,0.03864895541899927,6.383908292517617,6.006741136449056,582935379,619538268,,,1620599131,18:25:31,20210509
5,2015-12-31,TV,MXN,2015-12-31,2015-12-31,FY,88051829000.0,47226544000.0,40825285000.0,0.4636506187736316,0.0,12685061000.0,9716244000.0,-328477000.0,4380000000.0,69422466000.0,6239387000.0,14660929000.0,33290292000.0,0.37807609879404097,18629363000.0,0.2115726977119351,-2274850000.0,18657668000.0,0.2118941561111695,6332218000.0,10899135000.0,0.12378090408547902,18.847663883997498,17.592351534933755,578275115,619538268,,,1620599131,18:25:31,20210509
6,2014-12-31,TV,MXN,2014-12-31,2014-12-31,FY,80118352000.0,42908647000.0,37209705000.0,0.4644342285023536,0.0,9674821000.0,8561911000.0,-5281700000.0,4975000000.0,61327557000.0,5551461000.0,11563085000.0,30353880000.0,0.37886301006291295,18790795000.0,0.23453796203895957,-6212384000.0,9640655000.0,0.1203301710449561,2980883000.0,5386905000.0,0.06723684231547848,9.321931,9.321931,577873846,577873846,,,1620599131,18:25:31,20210509
7,2013-12-31,TV,MXN,2013-12-31,2013-12-31,FY,73790711000.0,39602423000.0,34188288000.0,0.4633142510308648,0.0,8254042000.0,7280649000.0,-83150000.0,4315000000.0,55193496000.0,4803151000.0,9846366000.0,28443581000.0,0.3854628938322603,18597215000.0,0.2520265050705366,-5802664000.0,13963089000.0,0.1892255652611885,3728962000.0,7748279000.0,0.10500344684305861,13.510371,13.510371,573506022,573506022,,,1620599131,18:25:31,20210509
8,2012-12-31,TV,MXN,2012-12-31,2012-12-31,FY,69290409000.0,36795944000.0,32494465000.0,0.46896050216704593,0.0,7748753000.0,6251773000.0,-650432000.0,3843000000.0,50698959000.0,4369276000.0,8474240000.0,27065690000.0,0.390612357332167,18591450000.0,0.26831202569463836,-991127000.0,14122459000.0,0.20381549486884976,4053291000.0,8760637000.0,0.126433616519712,15.34892,15.34892,570765710,570765710,,,1620599131,18:25:31,20210509
9,2011-12-31,TV,MXN,2011-12-31,2011-12-31,FY,62581541000.0,28166280000.0,34415261000.0,0.5499267108171721,0.0,5190621000.0,4972866000.0,0.0,3702000000.0,45759495000.0,4312764000.0,7429728000.0,24251774000.0,0.38752280005377304,16822046000.0,0.268802041803349,-1089405000.0,11589892000.0,0.1851966540740823,3409751000.0,6889641000.0,0.11009062560476099,11.7,11.700000002547302,588858205,588858205,,,1620599131,18:25:31,20210509
10,2010-12-31,TV,MXN,2010-12-31,2010-12-31,FY,57856828000.0,26294779000.0,31562049000.0,0.5455198650019321,0.0,4602415000.0,4797700000.0,0.0,3348000000.0,42274219000.0,3615276000.0,6579325000.0,22161934000.0,0.38304785737648805,15582609000.0,0.26933051013443043,-1239925000.0,11774913000.0,0.20351812235541153,3258986000.0,7683389000.0,0.13280003874391455,11.7,11.69999999162479,656699915,656699915,,,1620599131,18:25:31,20210509
11,2009-12-31,TV,MXN,2009-12-31,2009-12-31,FY,52352501000.0,23768369000.0,28584132000.0,0.5459936288430614,0.0,3825507000.0,4672168000.0,0.0,2764000000.0,37195633000.0,4026665000.0,4929589000.0,20086457000.0,0.38367712365833295,15156868000.0,0.28951564319725626,2480173000.0,9703441000.0,0.18534818422523883,3120744000.0,6007143000.0,0.11474414565218193,10.739073,10.739073,559368597,559368597,,,1620599131,18:25:31,20210509
12,2008-12-31,TV,MXN,2008-12-31,2008-12-31,FY,47972278000.0,21556025000.0,26416253000.0,0.5506566313152775,0.0,3058168000.0,3919163000.0,0.0,2979000000.0,32844471000.0,2816369000.0,4311115000.0,19438922000.0,0.40521156823113547,15127807000.0,0.3153447705777074,-1316375000.0,12294852000.0,0.25629076859764716,3564195000.0,7803652000.0,0.16267003205476296,13.901538,13.901538,561355152,561355152,,,1620599131,18:25:31,20210509
13,2007-12-31,TV,MXN,2007-12-31,2007-12-31,FY,41561526000.0,18128007000.0,23433519000.0,0.5638272040348086,0.0,2452027000.0,3277526000.0,0.0,2481000000.0,27080630000.0,2176998000.0,3223070000.0,17703966000.0,0.42597006664288506,14480896000.0,0.34842070043337675,1702651000.0,12368031000.0,0.29758365946428433,3349641000.0,8082463000.0,0.1944698325080749,11.7,11.7,570346214,570346214,,,1620599131,18:25:31,20210509
14,2006-12-31,TV,MXN,2006-12-31,2006-12-31,FY,37931841000.0,16182882000.0,21748959000.0,0.5733694549652889,0.0,2304171000.0,3016828000.0,0.0,2222000000.0,24182947000.0,1937591000.0,2679066000.0,16427960000.0,0.43309155492874707,13748894000.0,0.3624631348633988,-855897000.0,11793306000.0,0.31090782016090385,2016671000.0,8586188000.0,0.22635832518648383,17.55,17.55,580814055,580814055,,,1620599131,18:25:31,20210509
15,2005-12-31,TV,MXN,2005-12-31,2005-12-31,FY,32481041000.0,14752396000.0,17728645000.0,0.545815172611001,0.0,1841428000.0,2665461000.0,0.0,1994000000.0,21678254000.0,2134499000.0,2418969000.0,13221756000.0,0.40706072197624454,10802787000.0,0.3325874623291784,-714029000.0,8306728000.0,0.2557408181591224,751243000.0,6125542000.0,0.18858822905337302,11.7,11.7,583176391,583176391,,,1620599131,18:25:31,20210509
16,2004-12-31,TV,MXN,2004-12-31,2004-12-31,FY,29314253000.0,14833751000.0,14480502000.0,0.49397479103424535,0.0,1646619000.0,2201043000.0,0.0,0.0,20756417000.0,2095384000.0,2075004000.0,10632840000.0,0.3627191182391719,8557836000.0,0.29193430240231605,-916766000.0,6124912000.0,0.2089397263508642,1169822000.0,4316743000.0,0.14725747915186513,5.85,5.85,590095726,590095726,,,1620599131,18:25:31,20210509
17,2003-12-31,TV,MXN,2003-12-31,2003-12-31,FY,23563213000.0,12889063000.0,10674150000.0,0.4530006158328238,0.0,1410043000.0,1692930000.0,0.0,0.0,17517276000.0,1375770000.0,1525240000.0,7571177000.0,0.3213134388760989,6045937000.0,0.2565837265062282,-1200505000.0,4230905000.0,0.1795555215666047,719483000.0,3596603000.0,0.1526363573592447,59.9625,59.9625,60133073,60133073,,,1620599131,18:25:31,20210509
18,2002-12-31,TV,MXN,2002-12-31,2002-12-31,FY,21559269000.0,12418087000.0,9141182000.0,0.42400240935812805,0.0,1355619000.0,1685546000.0,0.0,0.0,16908939000.0,0.0,1449687000.0,6100017000.0,0.28294173610431783,4650330000.0,0.2156997994690822,-2975940000.0,1061418000.0,0.04923255978669778,299347000.0,737836000.0,0.03422360934408305,11.7,11.7,60539121,60539121,,,1620599131,18:25:31,20210509
19,2001-12-31,TV,MXN,2001-12-31,2001-12-31,FY,21612121000.0,12575482000.0,9036639000.0,0.41812828088460174,0.0,1479931000.0,1636661000.0,0.0,0.0,17099957000.0,1323941000.0,1407883000.0,5920047000.0,0.27392253633967717,4512164000.0,0.20877932341763217,-1319278000.0,2738594000.0,0.12671565183259895,594156000.0,1478936000.0,0.06843085877596188,24.8625,24.8625,60698036,60698036,,,1620599131,18:25:31,20210509
20,2000-12-31,TV,MXN,2000-12-31,2000-12-31,FY,21581836000.0,12052840000.0,9528996000.0,0.4415285149975192,0.0,1444955000.0,1561791000.0,0.0,0.0,16371241000.0,0.0,1311655000.0,6522250000.0,0.30221015487282915,5210595000.0,0.24143427834406675,-2554443000.0,1601300000.0,0.07419665314850878,366953000.0,-872255000.0,-0.04041616292515614,-14.625,-14.625,60344866,60344866,,,1620599131,18:25:31,20210509
21,1999-12-31,TV,MXN,1999-12-31,1999-12-31,FY,17902520248.8,9909711510.72,7992808738.08,0.4464627676438883,0.0,2845659156.18,0.0,0.0,0.0,14299397291.22,0.0,1544026624.32,5147149581.9,0.28750977573925723,3603122957.58,0.20126344824670797,-659353933.98,1958157919.86,0.10937889708524444,793118616.78,1060165521.36,0.05921878632876076,60.875229,60.875229,603402105,603402105,,,1620599131,18:25:31,20210509
22,1998-12-31,TV,MXN,1998-12-31,1998-12-31,FY,16808765400.0,9549760500.0,7259004900.0,0.431858302930446,0.0,3463828200.0,0.0,0.0,0.0,14450751000.0,0.0,1167138000.0,3525152400.0,0.20972107802753914,2358014400.0,0.14028480640225963,-304642800.0,-623133000.0,-0.03707190773214076,298708200.0,760617900.0,0.04525126515240673,46.28988,46.28988,618000000,618000000,,,1620599131,18:25:31,20210509
23,1997-12-31,TV,MXN,1997-12-31,1997-12-31,FY,14158484400.0,7883023600.0,6275460800.0,0.4432297004896937,0.0,3441667800.0,0.0,0.0,0.0,12271976400.0,0.0,947285000.0,2833793000.0,0.20014804691948526,1886508000.0,0.13324222753672701,6111802200.0,6502003000.0,0.45923015601867667,539347800.0,5962655200.0,0.4211365448126637,374.943465,374.943465,618000000,618000000,,,1620599131,18:25:31,20210509
24,1996-12-31,TV,MXN,1996-12-31,1996-12-31,FY,11495424500.0,6439705000.0,5055719500.0,0.4398027667442816,0.0,4027571000.0,0.0,0.0,0.0,11271058250.0,0.0,803782250.0,1028148500.0,0.08943980276674428,224366250.0,0.01951787426379948,1480817250.0,-484158750.0,-0.042117518148198876,113364000.0,-597522750.0,-0.051979180934118616,-36.8433,-36.8433,618000000,618000000,,,1620599131,18:25:31,20210509
25,1995-12-31,TV,MXN,1995-12-31,1995-12-31,FY,8840717000.0,5138464500.0,3702252500.0,0.41877287781070244,0.0,2350025000.0,0.0,0.0,0.0,7995478500.0,0.0,506989000.0,1352227500.0,0.15295450583928882,845238500.0,0.09560746034512811,1880020000.0,1017830500.0,0.11512985881122538,74738500.0,943092000.0,0.10667596304688862,67.611375,67.611375,618000000,618000000,,,1620599131,18:25:31,20210509
26,1994-12-31,TV,MXN,1994-12-31,1994-12-31,FY,13311144500.0,6627705000.0,6683439500.0,0.5020935277203249,0.0,3828893000.0,0.0,0.0,0.0,11062962500.0,0.0,606364500.0,2854546500.0,0.21444786359279625,2248182000.0,0.16889471825657065,-389470000.0,1179154000.0,0.08858396811784292,53048500.0,1118047500.0,0.08399334106845584,78.5655,78.5655,618000000,618000000,,,1620599131,18:25:31,20210509
