,date,symbol,reportedCurrency,fillingDate,acceptedDate,period,revenue,costOfRevenue,grossProfit,grossProfitRatio,researchAndDevelopmentExpenses,generalAndAdministrativeExpenses,sellingAndMarketingExpenses,otherExpenses,operatingExpenses,costAndExpenses,interestExpense,depreciationAndAmortization,ebitda,ebitdaratio,operatingIncome,operatingIncomeRatio,totalOtherIncomeExpensesNet,incomeBeforeTax,incomeBeforeTaxRatio,incomeTaxExpense,netIncome,netIncomeRatio,eps,epsdiluted,weightedAverageShsOut,weightedAverageShsOutDil,link,finalLink,timestamp,est_time,est_date
0,2020-12-31,KMR.L,USD,2020-12-31,2020-12-31,FY,243746000.0,179103000.0,64643000.0,0.2652064033871325,0.0,23850000.0,19605000.0,0.0,0.0,209353000.0,10264000.0,4700000.0,39093000.0,0.16038417040689898,34393000.0,0.14110180269624936,0.0,22754000.0,0.0933512755081109,6015000.0,16739000.0,0.0686739474699072,0.15,0.15,109709003.0,111702425.0,https://find-and-update.company-information.service.gov.uk/search/companies?q=Kenmare+Resources+PLC,https://find-and-update.company-information.service.gov.uk/search/companies?q=Kenmare+Resources+PLC,1620594181,17:03:01,20210509
1,2019-12-31,KMR.L,USD,2019-12-31,2019-12-31,FY,270944000.0,178432000.0,92512000.0,0.3414432502657376,0.0,4488000.0,27001000.0,0.0,33289000.0,211721000.0,5409000.0,33381000.0,92604000.0,0.341782803826621,59223000.0,0.21858022321955828,0.0,49955000.0,0.18437389276012756,5152000.0,44803000.0,0.16535889335065548,0.41,0.4,109620092.0,111174899.0,https://find-and-update.company-information.service.gov.uk/search/companies?q=Kenmare+Resources+PLC,https://find-and-update.company-information.service.gov.uk/search/companies?q=Kenmare+Resources+PLC,1620594181,17:03:01,20210509
2,2018-12-31,KMR.L,USD,2018-12-31,2018-12-31,FY,262199000.0,168251000.0,93948000.0,0.35830800270023916,0.0,3261000.0,26331000.0,0.0,31012000.0,199263000.0,5871000.0,30442000.0,93378000.0,0.35613408136568026,62936000.0,0.24003142651192416,0.0,56104000.0,0.21397488167384315,5230000.0,50874000.0,0.194028199954996,0.4641722634016374,0.4597178326150329,109601551.0,110663534.0,https://find-and-update.company-information.service.gov.uk/search/companies?q=Kenmare+Resources+PLC,https://find-and-update.company-information.service.gov.uk/search/companies?q=Kenmare+Resources+PLC,1620594181,17:03:01,20210509
3,2017-12-31,KMR.L,USD,2017-12-31,2017-12-31,FY,208299000.0,156622000.0,51677000.0,0.24809048531197941,0.0,2762000.0,16978000.0,0.0,20744000.0,177366000.0,6316000.0,32000000.0,62933000.0,0.30212819072583164,30933000.0,0.14850287327351547,0.0,18448000.0,0.08856499551126025,-923000.0,19371000.0,0.0929961257615255,0.17674019959808782,0.17607814710123432,109601551.0,110013652.0,https://find-and-update.company-information.service.gov.uk/search/companies?q=Kenmare+Resources+PLC,https://find-and-update.company-information.service.gov.uk/search/companies?q=Kenmare+Resources+PLC,1620594181,17:03:01,20210509
4,2016-12-31,KMR.L,USD,2016-12-31,2016-12-31,FY,141491000.0,144014000.0,-2523000.0,-0.017831522853043656,0.0,2420000.0,16697000.0,0.0,19590000.0,163604000.0,23969000.0,30613000.0,8500000.0,0.06007449237053947,-22113000.0,-0.15628555879879286,0.0,-17144000.0,-0.12116671731770925,-1917000.0,-15227000.0,-0.10761815239131818,-0.28,-0.28,55253893.0,55253893.0,https://find-and-update.company-information.service.gov.uk/search/companies?q=Kenmare+Resources+PLC,https://find-and-update.company-information.service.gov.uk/search/companies?q=Kenmare+Resources+PLC,1620594181,17:03:01,20210509
5,2015-12-31,KMR.L,USD,2015-12-31,2015-12-31,FY,142583000.0,168138000.0,-25555000.0,-0.17922894033650574,0.0,869000.0,16360000.0,0.0,17809000.0,185947000.0,32850000.0,35820000.0,-7544000.0,-0.05290953339458421,-43364000.0,-0.3041316285952743,0.0,-61939000.0,-0.4344066263159002,-1320000.0,-60619000.0,-0.42514886066361346,-4.36,-4.36,13903440.0,13903440.0,https://find-and-update.company-information.service.gov.uk/search/companies?q=Kenmare+Resources+PLC,https://find-and-update.company-information.service.gov.uk/search/companies?q=Kenmare+Resources+PLC,1620594181,17:03:01,20210509
6,2014-12-31,KMR.L,USD,2014-12-31,2014-12-31,FY,174317000.0,173366000.0,951000.0,0.005455578056070263,0.0,6504000.0,22341000.0,0.0,29286000.0,202652000.0,31580000.0,40850000.0,12515000.0,0.0717944893498626,-28335000.0,-0.16254869003023228,0.0,-100651000.0,-0.5774020892970851,143000.0,-100794000.0,-0.578222433841794,-7.24,-7.24,13921823.0,13921823.0,https://find-and-update.company-information.service.gov.uk/search/companies?q=Kenmare+Resources+PLC,https://find-and-update.company-information.service.gov.uk/search/companies?q=Kenmare+Resources+PLC,1620594181,17:03:01,20210509
7,2013-12-31,KMR.L,USD,2013-12-31,2013-12-31,FY,137868000.0,113733000.0,24135000.0,0.17505875184959527,0.0,3412000.0,14762000.0,0.0,19474000.0,133207000.0,30295000.0,24344000.0,29005000.0,0.21038239475440276,4661000.0,0.03380770011895436,0.0,-42087000.0,-0.3052702585081382,2033000.0,-44120000.0,-0.3200162474250733,-3.42,-3.42,12918027.0,12918027.0,https://find-and-update.company-information.service.gov.uk/search/companies?q=Kenmare+Resources+PLC,https://find-and-update.company-information.service.gov.uk/search/companies?q=Kenmare+Resources+PLC,1620594181,17:03:01,20210509
8,2012-12-31,KMR.L,USD,2012-12-31,2012-12-31,FY,234638000.0,134472000.0,100166000.0,0.4268958992149609,0.0,4173000.0,13086000.0,0.0,19730000.0,154202000.0,26752000.0,18456000.0,98892000.0,0.42146625866227977,80436000.0,0.3428089226808957,0.0,52787000.0,0.22497208465806903,3301000.0,49486000.0,0.2109036047017107,4.02,4.0,12313014.0,12362900.0,https://find-and-update.company-information.service.gov.uk/search/companies?q=Kenmare+Resources+PLC,https://find-and-update.company-information.service.gov.uk/search/companies?q=Kenmare+Resources+PLC,1620594181,17:03:01,20210509
9,2011-12-31,KMR.L,USD,2011-12-31,2011-12-31,FY,167485357.0,97498017.6,69987339.4,0.4178713927809224,0.0,5342995.800000001,9277977.0,0.0,8227405.4,105725423.0,29961493.9,18801501.8,80561435.8,0.48100584578268535,61759934.0,0.3687482601837246,0.0,18223376.6,0.10880579010856455,-5476648.4,23700025.0,0.14150505706597383,1.971484626179458,1.955387913075261,12021410.0,12120370.0,https://find-and-update.company-information.service.gov.uk/search/companies?q=Kenmare+Resources+PLC,https://find-and-update.company-information.service.gov.uk/search/companies?q=Kenmare+Resources+PLC,1620594181,17:03:01,20210509
10,2010-12-31,KMR.L,USD,2010-12-31,2010-12-31,FY,91587187.2,77741702.1,13845485.1,0.15117272975929977,0.0,0.0,3776468.4,0.0,29153334.0,106895036.1,29518142.1,20955328.8,5647479.9,0.06166233588621444,-15307848.9,-0.16713963347921226,0.0,-16333382.4,-0.17833698030634573,0.0,-16333382.4,-0.17833698030634573,-1.6,-1.6,10149475.0,10149475.0,https://find-and-update.company-information.service.gov.uk/search/companies?q=Kenmare+Resources+PLC,https://find-and-update.company-information.service.gov.uk/search/companies?q=Kenmare+Resources+PLC,1620594181,17:03:01,20210509
11,2009-12-31,KMR.L,USD,2009-12-31,2009-12-31,FY,26720889.4,35169191.9,-8448302.5,-0.3161684618177418,0.0,0.0,1770505.5,0.0,476985.5,35646177.4,15454330.2,12870524.0,3945236.0,0.14764613336560573,-8925288.0,-0.3340191213844851,0.0,-30352446.8,-1.1359070555488322,0.0,-30352446.8,-1.1359070555488322,-6.892722,-6.892722,4409772.0,4409772.0,https://find-and-update.company-information.service.gov.uk/search/companies?q=Kenmare+Resources+PLC,https://find-and-update.company-information.service.gov.uk/search/companies?q=Kenmare+Resources+PLC,1620594181,17:03:01,20210509
12,2008-12-31,KMR.L,USD,2008-12-31,2008-12-31,FY,0.0,0.0,0.0,0.0,0.0,0.0,0.0,0.0,1477156.6,1477156.6,0.0,0.0,-1303630.8,0.0,-1477156.6,0.0,0.0,345593.4,0.0,0.0,345593.4,0.0,0.08704588433355734,0.08016710149334956,3970244.0,4310913.0,https://find-and-update.company-information.service.gov.uk/search/companies?q=Kenmare+Resources+PLC,https://find-and-update.company-information.service.gov.uk/search/companies?q=Kenmare+Resources+PLC,1620594181,17:03:01,20210509
13,2007-12-31,KMR.L,USD,2007-12-31,2007-12-31,FY,0.0,0.0,0.0,0.0,0.0,0.0,0.0,0.0,18776010.4,18776010.4,0.0,0.0,-17320427.9,0.0,-18776010.4,0.0,0.0,-9632944.6,0.0,0.0,-9632944.6,0.0,-2.680503,-2.680503,3601649.0,3601649.0,https://find-and-update.company-information.service.gov.uk/search/companies?q=Kenmare+Resources+PLC,https://find-and-update.company-information.service.gov.uk/search/companies?q=Kenmare+Resources+PLC,1620594181,17:03:01,20210509
14,2006-12-31,KMR.L,USD,2006-12-31,2006-12-31,FY,0.0,0.0,0.0,0.0,0.0,0.0,0.0,0.0,-1990786.2,-1990786.2,0.0,0.0,1990786.2,0.0,1990786.2,0.0,0.0,-4329076.5,0.0,0.0,-4329076.5,0.0,-1.148787,-1.148787,3549498.0,3549498.0,https://find-and-update.company-information.service.gov.uk/search/companies?q=Kenmare+Resources+PLC,https://find-and-update.company-information.service.gov.uk/search/companies?q=Kenmare+Resources+PLC,1620594181,17:03:01,20210509
15,2005-12-31,KMR.L,USD,2005-12-31,2005-12-31,FY,0.0,0.0,0.0,0.0,0.0,0.0,0.0,0.0,2040275.8,2040275.8,0.0,0.0,-2040275.8,0.0,-2040275.8,0.0,0.0,4699859.6,0.0,0.0,4699859.6,0.0,1.340252,1.148787,3428463.0,4054913.0,https://find-and-update.company-information.service.gov.uk/search/companies?q=Kenmare+Resources+PLC,https://find-and-update.company-information.service.gov.uk/search/companies?q=Kenmare+Resources+PLC,1620594181,17:03:01,20210509
16,2004-12-31,KMR.L,USD,2004-12-31,2004-12-31,FY,0.0,0.0,0.0,0.0,0.0,0.0,0.0,0.0,587844.8,587844.8,0.0,7734.8,-580110.0,0.0,-587844.8,0.0,0.0,23204.4,0.0,0.0,23204.4,0.0,0.010011243255556697,0.010011243255556697,2317834.0,2317834.0,https://find-and-update.company-information.service.gov.uk/search/companies?q=Kenmare+Resources+PLC,https://find-and-update.company-information.service.gov.uk/search/companies?q=Kenmare+Resources+PLC,1620594181,17:03:01,20210509
17,2003-12-31,KMR.L,USD,2003-12-31,2003-12-31,FY,0.0,0.0,0.0,0.0,0.0,0.0,0.0,0.0,42832.8,42832.8,0.0,7138.8,-35694.0,0.0,-42832.8,0.0,0.0,121359.6,0.0,0.0,121359.6,0.0,0.08584203062058136,0.07756703569079694,1413755.0,1564577.0,https://find-and-update.company-information.service.gov.uk/search/companies?q=Kenmare+Resources+PLC,https://find-and-update.company-information.service.gov.uk/search/companies?q=Kenmare+Resources+PLC,1620594181,17:03:01,20210509
18,2002-12-31,KMR.L,USD,2002-12-31,2002-12-31,FY,0.0,0.0,0.0,0.0,0.0,0.0,0.0,0.0,-809779.7,-809779.7,0.0,8049.5,817829.2,0.0,809779.7,0.0,0.0,969159.8,0.0,0.0,969159.8,0.0,0.778129729530092,0.6948582514972121,1245499.0,1394759.0,https://find-and-update.company-information.service.gov.uk/search/companies?q=Kenmare+Resources+PLC,https://find-and-update.company-information.service.gov.uk/search/companies?q=Kenmare+Resources+PLC,1620594181,17:03:01,20210509
19,2001-12-31,KMR.L,USD,2001-12-31,2001-12-31,FY,0.0,0.0,0.0,0.0,0.0,0.0,0.0,0.0,-189070.299223,-189070.299223,0.0,11635.095337,200705.39456000002,0.0,189070.299223,0.0,0.0,-881358.471764,0.0,0.0,-881358.471764,0.0,-0.851779,-0.851779,978797.0,978797.0,https://find-and-update.company-information.service.gov.uk/search/companies?q=Kenmare+Resources+PLC,https://find-and-update.company-information.service.gov.uk/search/companies?q=Kenmare+Resources+PLC,1620594181,17:03:01,20210509
20,2000-12-31,KMR.L,USD,2000-12-31,2000-12-31,FY,0.0,0.0,0.0,0.0,0.0,0.0,0.0,0.0,914545.522851,914545.522851,0.0,38853.241167,-875692.2816839999,0.0,-914545.522851,0.0,0.0,-815918.064504,0.0,0.0,-815918.064504,0.0,-1.078937,-1.078937,783236.0,783236.0,https://find-and-update.company-information.service.gov.uk/search/companies?q=Kenmare+Resources+PLC,https://find-and-update.company-information.service.gov.uk/search/companies?q=Kenmare+Resources+PLC,1620594181,17:03:01,20210509
21,1999-12-31,KMR.L,USD,1999-12-31,1999-12-31,FY,2721556.868151,0.0,0.0,0.0,0.0,0.0,0.0,0.0,6807128.266535,6807128.266535,145624.327071,499976.856277,-3585594.542107,-1.3174791914390602,-4085571.398384,-1.501189060642227,0.0,-4216633.292748,-1.5493460166469866,0.0,-4216633.292748,-1.5493460166469866,-7.128455,-7.128455,587403.0,587403.0,https://find-and-update.company-information.service.gov.uk/search/companies?q=Kenmare+Resources+PLC,https://find-and-update.company-information.service.gov.uk/search/companies?q=Kenmare+Resources+PLC,1620594181,17:03:01,20210509
22,1998-12-31,KMR.L,USD,1998-12-31,1998-12-31,FY,4596232.052452,3849282.098099,746949.954353,0.16251354279523741,0.0,0.0,0.0,0.0,2478213.959665,6327496.057764,146070.213296,609179.184995,-1122084.820317,-0.24413145539907838,-1731264.005312,-0.376670278078846,0.0,-1857415.553158,-0.4041170097508687,0.0,-1857415.553158,-0.4041170097508687,-3.178098,-3.178098,570027.0,570027.0,https://find-and-update.company-information.service.gov.uk/search/companies?q=Kenmare+Resources+PLC,https://find-and-update.company-information.service.gov.uk/search/companies?q=Kenmare+Resources+PLC,1620594181,17:03:01,20210509
23,1997-12-31,KMR.L,USD,1997-12-31,1997-12-31,FY,3254975.864577,3772399.656153,-517423.791576,-0.15896394108693082,0.0,0.0,0.0,0.0,1453084.705416,5225484.361568,686041.129406,469483.568075,-1501024.9289159998,-0.46114779075668055,-1970508.496991,-0.6053834433721914,0.0,-2631752.959069,-0.8085322498730753,0.0,-2578853.402103,-0.7922803453530782,-4.747682,-4.747682,530401.0,530401.0,https://find-and-update.company-information.service.gov.uk/search/companies?q=Kenmare+Resources+PLC,https://find-and-update.company-information.service.gov.uk/search/companies?q=Kenmare+Resources+PLC,1620594181,17:03:01,20210509
24,1996-12-31,KMR.L,USD,1996-12-31,1996-12-31,FY,3015720.793232,0.0,0.0,0.0,0.0,0.0,0.0,0.0,7069219.440353,7069219.440353,741514.539165,614789.19067,-3438709.456451,-1.1402612152186926,-4053498.647121,-1.3441226575809082,0.0,-4740213.035586,-1.5718341851222348,0.0,-3065383.429804,-1.0164679159567607,-6.229794,-6.229794,487489.0,487489.0,https://find-and-update.company-information.service.gov.uk/search/companies?q=Kenmare+Resources+PLC,https://find-and-update.company-information.service.gov.uk/search/companies?q=Kenmare+Resources+PLC,1620594181,17:03:01,20210509
25,1995-12-31,KMR.L,USD,1995-12-31,1995-12-31,FY,1339699.610606,0.0,0.0,0.0,0.0,0.0,0.0,0.0,2195747.574016,2195747.574016,245688.855924,324494.715372,-531553.248037,-0.39677047289470885,-856047.963409,-0.6389850057669084,0.0,-1367513.443352,-1.020761245674632,0.0,-976574.571976,-0.7289504036910602,-2.366828,-2.366828,428606.0,428606.0,https://find-and-update.company-information.service.gov.uk/search/companies?q=Kenmare+Resources+PLC,https://find-and-update.company-information.service.gov.uk/search/companies?q=Kenmare+Resources+PLC,1620594181,17:03:01,20210509
26,1994-12-31,KMR.L,USD,1994-12-31,1994-12-31,FY,0.0,0.0,0.0,0.0,0.0,0.0,0.0,0.0,92240.826728,92240.826728,1563.403843,26577.865328,-65662.9614,0.0,-92240.826728,0.0,0.0,-81296.999828,0.0,0.0,-81296.999828,0.0,-0.299336,-0.299336,396841.0,396841.0,https://find-and-update.company-information.service.gov.uk/search/companies?q=Kenmare+Resources+PLC,https://find-and-update.company-information.service.gov.uk/search/companies?q=Kenmare+Resources+PLC,1620594181,17:03:01,20210509
27,1994-04-30,KMR.L,USD,1994-04-30,1994-04-30,FY,0.0,0.0,0.0,0.0,0.0,0.0,0.0,0.0,24204.650318,24204.650318,1512.790645,1512.790645,-22691.859673,0.0,-24204.650318,0.0,0.0,-13615.115804,0.0,0.0,-13615.115804,0.0,-0.035015690198004774,-0.035015690198004774,388829.0,388829.0,https://find-and-update.company-information.service.gov.uk/search/companies?q=Kenmare+Resources+PLC,https://find-and-update.company-information.service.gov.uk/search/companies?q=Kenmare+Resources+PLC,1620594181,17:03:01,20210509
28,1993-04-30,KMR.L,USD,1993-04-30,1993-04-30,FY,0.0,0.0,0.0,0.0,0.0,0.0,0.0,0.0,56592.205996,56592.205996,0.0,3144.011444,-53448.19455199999,0.0,-56592.205996,0.0,0.0,7860.028611,0.0,1572.005722,6288.022888,0.0,0.016172,0.016172,388829.0,388829.0,https://find-and-update.company-information.service.gov.uk/search/companies?q=Kenmare+Resources+PLC,https://find-and-update.company-information.service.gov.uk/search/companies?q=Kenmare+Resources+PLC,1620594181,17:03:01,20210509
