,date,symbol,reportedCurrency,fillingDate,acceptedDate,period,revenue,costOfRevenue,grossProfit,grossProfitRatio,researchAndDevelopmentExpenses,generalAndAdministrativeExpenses,sellingAndMarketingExpenses,otherExpenses,operatingExpenses,costAndExpenses,interestExpense,depreciationAndAmortization,ebitda,ebitdaratio,operatingIncome,operatingIncomeRatio,totalOtherIncomeExpensesNet,incomeBeforeTax,incomeBeforeTaxRatio,incomeTaxExpense,netIncome,netIncomeRatio,eps,epsdiluted,weightedAverageShsOut,weightedAverageShsOutDil,link,finalLink,timestamp,est_time,est_date
0,2020-12-31,RBTK,USD,2021-04-01,2021-04-01 17:04:25,FY,0.0,0.0,0.0,0.0,0.0,68758.0,0.0,256.0,68758.0,68758.0,582809.0,0.0,-68502.0,0.0,-68758.0,0.0,256.0,-651311.0,0.0,0.0,-499032.0,0.0,-0.007801178318216953,-0.007801178318216953,63968798,63968798,https://www.sec.gov/Archives/edgar/data/1594204/000121465921003855/0001214659-21-003855-index.htm,https://www.sec.gov/Archives/edgar/data/1594204/000121465921003855/z32621110k.htm,1620597096,17:51:36,20210509
1,2019-12-31,RBTK,USD,2020-03-30,2020-03-30 17:08:00,FY,0.0,0.0,0.0,0.0,0.0,68714.0,0.0,66.0,68714.0,68714.0,547655.0,0.0,-68648.0,0.0,-68714.0,0.0,66.0,-616303.0,0.0,0.0,-473152.0,0.0,-0.01,-0.01,63968798,63968798,https://www.sec.gov/Archives/edgar/data/1594204/000121465920003008/0001214659-20-003008-index.htm,https://www.sec.gov/Archives/edgar/data/1594204/000121465920003008/zd032920010k.htm,1620597096,17:51:36,20210509
2,2018-12-31,RBTK,USD,2018-12-31,2018-12-31,FY,0.0,0.0,0.0,0.0,0.0,118575.0,0.0,23051.0,118575.0,118575.0,569266.0,0.0,-95524.0,0.0,-118575.0,0.0,23051.0,-664790.0,0.0,0.0,-507577.0,0.0,-0.01,-0.01,63968798,63968798,,,1620597096,17:51:36,20210509
3,2017-12-31,RBTK,USD,2018-04-11,2018-04-11,FY,0.0,0.0,0.0,0.0,0.0,71317.0,0.0,458.0,71317.0,71317.0,562585.0,0.0,-70859.0,0.0,-71317.0,0.0,458.0,-633444.0,0.0,0.0,-480747.0,0.0,-0.01,-0.01,63968798,63968798,https://www.sec.gov/Archives/edgar/data/1594204/000121465918002727/0001214659-18-002727-index.htm,https://www.sec.gov/Archives/edgar/data/1594204/000121465918002727/z33018210k.htm,1620597096,17:51:36,20210509
4,2016-12-31,RBTK,USD,2017-03-31 00:00:00,2017-03-31 14:11:25,FY,0.0,0.0,0.0,0.0,0.0,115373.0,0.0,-899.0,115373.0,115373.0,540227.0,0.0,-116272.0,0.0,-115373.0,0.0,-899.0,-656499.0,0.0,0.0,-495605.0,0.0,-0.01,-0.01,63968798,63968798,https://www.sec.gov/Archives/edgar/data/1594204/000121465917002261/0001214659-17-002261-index.html,https://www.sec.gov/Archives/edgar/data/1594204/000121465917002261/p32317110k.htm,1620597096,17:51:36,20210509
5,2015-12-31,RBTK,USD,2016-04-14,2016-04-14,FY,0.0,0.0,0.0,0.0,0.0,484002.0,0.0,0.0,819794.0,819794.0,579805.0,335792.0,-484002.0,0.0,-819794.0,0.0,-1784350.0,-3183949.0,0.0,0.0,-2274645.0,0.0,-0.04,-0.04,63968798,63968798,https://www.sec.gov/Archives/edgar/data/1594204/000121465916010868/0001214659-16-010868-index.htm,https://www.sec.gov/Archives/edgar/data/1594204/000121465916010868/z4716010k.htm,1620597096,17:51:36,20210509
6,2014-12-31,RBTK,USD,2014-12-31,2014-12-31,FY,648550.0,471835.0,176715.0,0.2724770642201835,0.0,565289.0,0.0,-253.0,823067.0,1294902.0,545840.0,257778.0,-388574.0,-0.5991427029527407,-646352.0,-0.9966109012412304,-253.0,-1192445.0,-1.838632333667412,0.0,-867709.0,-1.3379215172307455,-0.01,-0.01,63968798,63968798,,,1620597096,17:51:36,20210509
7,2013-12-31,RBTK,USD,2013-12-31,2013-12-31,FY,56560.0,812405.0,-755845.0,-13.363596181046676,0.0,248270.0,0.0,-718.0,275335.0,1087740.0,472123.0,27065.0,-1004115.0,-17.753094059405942,-1031180.0,-18.23161244695898,-718.0,-1504021.0,-26.591601838755302,0.0,-1187329.0,-20.992379773691656,-0.02,-0.02,63869840,63869840,,,1620597096,17:51:36,20210509
8,2012-12-31,RBTK,USD,2012-12-31,2012-12-31,FY,2101217.0,2084968.0,16249.0,0.007733137510309501,0.0,469810.0,0.0,-498.0,484998.0,2569966.0,234009.0,15188.0,-453561.0,-0.21585633468604146,-468749.0,-0.2230845267290337,-498.0,-468749.0,-0.2230845267290337,0.0,-357822.0,-0.1702927398740825,-0.01,-0.01,63846358,63846358,,,1620597096,17:51:36,20210509
