,date,symbol,reportedCurrency,fillingDate,acceptedDate,period,revenue,costOfRevenue,grossProfit,grossProfitRatio,researchAndDevelopmentExpenses,generalAndAdministrativeExpenses,sellingAndMarketingExpenses,otherExpenses,operatingExpenses,costAndExpenses,interestExpense,depreciationAndAmortization,ebitda,ebitdaratio,operatingIncome,operatingIncomeRatio,totalOtherIncomeExpensesNet,incomeBeforeTax,incomeBeforeTaxRatio,incomeTaxExpense,netIncome,netIncomeRatio,eps,epsdiluted,weightedAverageShsOut,weightedAverageShsOutDil,link,finalLink,timestamp,est_time,est_date
0,2019-12-31,LQMTE,USD,2020-03-10,2020-03-10 16:42:46,FY,1373000.0,832000.0,541000.0,0.39402767662053895,1342000.0,5424000.0,0.0,1665000.0,8431000.0,9263000.0,0.0,1129000.0,-6761000.0,-4.924253459577567,-7890000.0,-5.746540422432629,0.0,-7431000.0,-5.4122359796067006,0.0,-7430000.0,-5.411507647487254,-0.00813,-0.00813,914352127.0,914352127.0,https://www.sec.gov/Archives/edgar/data/1141240/000143774920004697/0001437749-20-004697-index.htm,https://www.sec.gov/Archives/edgar/data/1141240/000143774920004697/lqmt20191231_10k.htm,1620594598,17:09:58,20210509
1,2018-12-31,LQMTE,USD,2019-03-05,2019-03-05 16:52:46,FY,532000.0,1164000.0,-632000.0,-1.1879699248120301,2429000.0,5899000.0,0.0,0.0,8328000.0,9492000.0,0.0,1078000.0,-7882000.0,-14.81578947368421,-8960000.0,-16.842105263157894,0.0,-7434000.0,-13.973684210526315,0.0,-7433000.0,-13.971804511278195,-0.00816,-0.00816,910546059.0,910546059.0,https://www.sec.gov/Archives/edgar/data/1141240/000143774919004072/0001437749-19-004072-index.htm,https://www.sec.gov/Archives/edgar/data/1141240/000143774919004072/lqmt20181231_10k.htm,1620594598,17:09:58,20210509
2,2017-12-31,LQMTE,USD,2018-03-06,2018-03-06 16:25:33,FY,321000.0,696000.0,-375000.0,-1.1682242990654206,1962000.0,6265000.0,0.0,0.0,8227000.0,8923000.0,0.0,634000.0,-7968000.0,-24.822429906542055,-8602000.0,-26.797507788161994,0.0,-8690000.0,-27.07165109034268,0.0,-8687000.0,-27.062305295950157,-0.00968,-0.00968,897273890.0,897273890.0,https://www.sec.gov/Archives/edgar/data/1141240/000143774918004036/0001437749-18-004036-index.htm,https://www.sec.gov/Archives/edgar/data/1141240/000143774918004036/lqmt20171231_10k.htm,1620594598,17:09:58,20210509
3,2016-12-31,LQMTE,USD,2017-03-10,2017-03-10 16:23:34,FY,480000.0,553000.0,-73000.0,-0.15208333333333332,2342000.0,7472000.0,0.0,0.0,9814000.0,10367000.0,9000.0,527000.0,-9360000.0,-19.5,-9887000.0,-20.597916666666666,0.0,-18752000.0,-39.06666666666667,0.0,-18744000.0,-39.05,-0.02928,-0.02928,640157919.0,640157919.0,https://www.sec.gov/Archives/edgar/data/1141240/000143774917004289/0001437749-17-004289-index.htm,https://www.sec.gov/Archives/edgar/data/1141240/000143774917004289/lqmt20161231_10k.htm,1620594598,17:09:58,20210509
4,2015-12-31,LQMTE,USD,2016-03-07,2016-03-07 16:05:54,FY,125000.0,349000.0,-224000.0,-1.792,2047000.0,7010000.0,0.0,0.0,9057000.0,9406000.0,4000.0,522000.0,-8759000.0,-70.072,-9281000.0,-74.248,0.0,-7317000.0,-58.536,0.0,-7309000.0,-58.472,-0.01552,-0.01552,470955041.0,470955041.0,https://www.sec.gov/Archives/edgar/data/1141240/000143774916026976/0001437749-16-026976-index.htm,https://www.sec.gov/Archives/edgar/data/1141240/000143774916026976/lqmt20151231_10k.htm,1620594598,17:09:58,20210509
5,2014-12-31,LQMTE,USD,2015-03-04,2015-03-04 16:23:08,FY,603000.0,483000.0,120000.0,0.19900497512437812,1596000.0,7463000.0,0.0,0.0,9059000.0,9542000.0,0.0,674000.0,-8265000.0,-13.706467661691542,-8939000.0,-14.824212271973465,30000.0,-6558000.0,-10.875621890547263,0.0,-6546000.0,-10.855721393034825,-0.01483,-0.01483,441439018.0,441439018.0,https://www.sec.gov/Archives/edgar/data/1141240/000143774915004069/0001437749-15-004069-index.htm,https://www.sec.gov/Archives/edgar/data/1141240/000143774915004069/lqmt20141231_10k.htm,1620594598,17:09:58,20210509
6,2013-12-31,LQMTE,USD,2014-03-05,2014-03-05 16:05:51,FY,1026000.0,774000.0,252000.0,0.24561403508771928,1156000.0,5157000.0,0.0,0.0,6313000.0,7087000.0,245000.0,6718000.0,657000.0,0.6403508771929824,-6061000.0,-5.907407407407407,0.0,-14248000.0,-13.886939571150098,0.0,-14206000.0,-13.846003898635477,-0.0416,-0.0416,341451559.0,341451559.0,https://www.sec.gov/Archives/edgar/data/1141240/000143774914003475/0001437749-14-003475-index.htm,https://www.sec.gov/Archives/edgar/data/1141240/000143774914003475/lqmt20131231_10k.htm,1620594598,17:09:58,20210509
7,2012-12-31,LQMTE,USD,2013-02-26,2013-02-26 16:16:49,FY,650000.0,354000.0,296000.0,0.4553846153846154,943000.0,4850000.0,0.0,6300000.0,12093000.0,12447000.0,459000.0,13490000.0,1693000.0,2.6046153846153848,-11797000.0,-18.14923076923077,34000.0,-14025000.0,-21.576923076923077,0.0,-14025000.0,-21.576923076923077,-0.07448,-0.07448,188298113.0,188298113.0,https://www.sec.gov/Archives/edgar/data/1141240/000114036113009347/0001140361-13-009347-index.htm,https://www.sec.gov/Archives/edgar/data/1141240/000114036113009347/form10k.htm,1620594598,17:09:58,20210509
8,2011-12-31,LQMTE,USD,2012-03-30,2012-03-30 17:22:03,FY,972000.0,373000.0,599000.0,0.6162551440329218,1120000.0,4243000.0,0.0,1713000.0,7076000.0,7449000.0,90000.0,182000.0,-6295000.0,-6.476337448559671,-6477000.0,-6.66358024691358,26000.0,-5191000.0,-5.340534979423868,0.0,6155000.0,6.332304526748971,0.04004365545655538,37.69321215981187,153707246.0,163292.0,https://www.sec.gov/Archives/edgar/data/1141240/000114036112018391/0001140361-12-018391-index.htm,https://www.sec.gov/Archives/edgar/data/1141240/000114036112018391/form10k.htm,1620594598,17:09:58,20210509
9,2010-12-31,LQMTE,USD,2011-03-15,2011-03-15 17:30:55,FY,33292000.0,8207000.0,25085000.0,0.7534843205574913,1272000.0,7137000.0,0.0,966000.0,9375000.0,17582000.0,5380000.0,361000.0,1393000.0,0.04184188393608074,1032000.0,0.030998438063198366,15710000.0,15710000.0,0.47188513757058753,0.0,15710000.0,0.47188513757058753,241.82252,241.82252,64965.0,64965.0,https://www.sec.gov/Archives/edgar/data/1141240/000114036111016889/0001140361-11-016889-index.htm,https://www.sec.gov/Archives/edgar/data/1141240/000114036111016889/form10k.htm,1620594598,17:09:58,20210509
10,2009-12-31,LQMTE,USD,2010-08-20,2010-08-20 17:00:33,FY,14720000.0,9097000.0,5623000.0,0.38199728260869564,1173000.0,6740000.0,0.0,1381000.0,9294000.0,18391000.0,5862000.0,1055000.0,1306000.0,0.08872282608695652,251000.0,0.017051630434782607,-3671000.0,-3671000.0,-0.24938858695652175,0.0,251000.0,0.017051630434782607,0.00545,0.00545,46084000.0,46084000.0,https://www.sec.gov/Archives/edgar/data/1141240/000110465910045388/0001104659-10-045388-index.htm,https://www.sec.gov/Archives/edgar/data/1141240/000110465910045388/a10-16189_110k.htm,1620594598,17:09:58,20210509
11,2008-12-31,LQMTE,USD,2009-04-15,2009-04-15 16:31:12,FY,22083000.0,17131000.0,4952000.0,0.2242448942625549,1022000.0,6529000.0,0.0,132000.0,7683000.0,24814000.0,7712000.0,1275000.0,-5297000.0,-0.23986777158900513,-6572000.0,-0.2976044921432776,-2731000.0,-2731000.0,-0.12366979124213195,0.0,-6572000.0,-0.2976044921432776,-0.14691,-0.14691,44735000.0,44735000.0,https://www.sec.gov/Archives/edgar/data/1141240/000110465909024354/0001104659-09-024354-index.htm,https://www.sec.gov/Archives/edgar/data/1141240/000110465909024354/a09-1459_210k.htm,1620594598,17:09:58,20210509
12,2007-12-31,LQMTE,USD,2008-04-03,2008-04-03 17:24:39,FY,29022000.0,26459000.0,2563000.0,0.08831231479567225,1123000.0,8921000.0,0.0,0.0,10044000.0,36503000.0,9364000.0,3102000.0,-2538000.0,-0.08745089931775894,-5640000.0,-0.19433533181724208,-7481000.0,-7481000.0,-0.25776996761077803,0.0,-5640000.0,-0.19433533181724208,-0.12609,-0.12609,44730000.0,44730000.0,https://www.sec.gov/Archives/edgar/data/1141240/000110465908022433/0001104659-08-022433-index.htm,https://www.sec.gov/Archives/edgar/data/1141240/000110465908022433/a08-2698_110k.htm,1620594598,17:09:58,20210509
13,2006-12-31,LQMTE,USD,2007-03-16,2007-03-16 17:10:30,FY,27669000.0,22418000.0,5251000.0,0.1897791752502801,950000.0,9962000.0,0.0,0.0,10912000.0,33330000.0,9509000.0,3574000.0,-10948000.0,-0.39567747298420614,-14522000.0,-0.5248473020347681,572000.0,-14522000.0,-0.5248473020347681,0.0,-14522000.0,-0.5248473020347681,-0.33148,-0.33148,43809000.0,43809000.0,https://www.sec.gov/Archives/edgar/data/1141240/000110465907020091/0001104659-07-020091-index.htm,https://www.sec.gov/Archives/edgar/data/1141240/000110465907020091/a07-5760_110k.htm,1620594598,17:09:58,20210509
14,2005-12-31,LQMTE,USD,2006-03-16,2006-03-16 17:15:05,FY,16365000.0,15129000.0,1236000.0,0.07552703941338222,1120000.0,8534000.0,0.0,4487000.0,14141000.0,29270000.0,4928000.0,3401000.0,-7845000.0,-0.47937671860678277,-11246000.0,-0.6871982890314696,-12905000.0,-12905000.0,-0.788573174457684,0.0,-11246000.0,-0.6871982890314696,-0.26883,-0.26883,41833000.0,41833000.0,https://www.sec.gov/Archives/edgar/data/1141240/000110465906017432/0001104659-06-017432-index.htm,https://www.sec.gov/Archives/edgar/data/1141240/000110465906017432/a06-2386_110k.htm,1620594598,17:09:58,20210509
15,2004-12-31,LQMTE,USD,2005-03-30,2005-03-29 17:39:55,FY,17429000.0,12168000.0,5261000.0,0.30185323311721846,1467000.0,11591000.0,0.0,0.0,13058000.0,25226000.0,3566000.0,3444000.0,-8533000.0,-0.48958632164782834,-11977000.0,-0.6871880199667221,-7797000.0,-7797000.0,-0.4473578518561019,0.0,-12726000.0,-0.7301623730564003,-0.30584,-0.30584,41610000.0,41610000.0,https://www.sec.gov/Archives/edgar/data/1141240/000110465905013475/0001104659-05-013475-index.htm,https://www.sec.gov/Archives/edgar/data/1141240/000110465905013475/a05-5132_210k.htm,1620594598,17:09:58,20210509
16,2003-12-31,LQMTE,USD,2004-11-10,2004-11-10 15:53:42,FY,16854000.0,22188000.0,-5334000.0,-0.31648273406906374,8853000.0,17784000.0,0.0,2868000.0,29505000.0,51693000.0,84000.0,4416000.0,-29316000.0,-1.7394090423638306,-33732000.0,-2.0014239943040226,-34839000.0,-34839000.0,-2.067105731577074,0.0,-33605000.0,-1.9938886911119023,-0.80966,-0.80966,41505000.0,41505000.0,https://www.sec.gov/Archives/edgar/data/1141240/000095014404010842/0000950144-04-010842-index.htm,https://www.sec.gov/Archives/edgar/data/1141240/000095014404010842/g91223e10vk.htm,1620594598,17:09:58,20210509
17,2002-12-31,LQMTE,USD,2003-03-31,2003-03-31 09:00:03,FY,13139000.0,8679000.0,4460000.0,0.33944744653322173,11825000.0,12767000.0,0.0,0.0,24592000.0,33271000.0,1113000.0,1513000.0,-18395000.0,-1.4000304437171778,-19908000.0,-1.5151838039424614,-20132000.0,-20132000.0,-1.5322322855620671,0.0,-18352000.0,-1.3967577441205572,-0.51,-0.51,35984313.0,35984313.0,https://www.sec.gov/Archives/edgar/data/1141240/000095014403004158/0000950144-03-004158-index.htm,https://www.sec.gov/Archives/edgar/data/1141240/000095014403004158/g81487e10vk.htm,1620594598,17:09:58,20210509
