,date,symbol,reportedCurrency,fillingDate,acceptedDate,period,revenue,costOfRevenue,grossProfit,grossProfitRatio,researchAndDevelopmentExpenses,generalAndAdministrativeExpenses,sellingAndMarketingExpenses,otherExpenses,operatingExpenses,costAndExpenses,interestExpense,depreciationAndAmortization,ebitda,ebitdaratio,operatingIncome,operatingIncomeRatio,totalOtherIncomeExpensesNet,incomeBeforeTax,incomeBeforeTaxRatio,incomeTaxExpense,netIncome,netIncomeRatio,eps,epsdiluted,weightedAverageShsOut,weightedAverageShsOutDil,link,finalLink,timestamp,est_time,est_date
0,2020-12-31,RTO.L,GBP,2020-12-31,2020-12-31,FY,2823500000,0.0,0.0,0.0,0.0,0.0,0.0,0.0,0.0,0.0,44900000.0,311300000.0,605100000,0.21430848238002478,293800000.0,0.10405525057552682,0.0,229800000,0.08138834779528953,0.0,186300000,0.065981937311847,0.10075716603569497,0.10075716603569497,1849000000,1849000000,https://find-and-update.company-information.service.gov.uk/search/companies?q=Rentokil+Initial+PLC,https://find-and-update.company-information.service.gov.uk/search/companies?q=Rentokil+Initial+PLC,1620597450,17:57:30,20210509
1,2019-12-31,RTO.L,GBP,2019-12-31,2019-12-31,FY,2714400000,565700000.0,2148700000.0,0.7915929855585028,0.0,0.0,0.0,0.0,1855800000.0,2421500000.0,54300000.0,221100000.0,514000000,0.18936044798113763,292900000.0,0.10790598290598291,0.0,338500000,0.12470527556734454,54700000.0,283500000,0.10444297082228117,0.1533,0.1524,1849000000,1860500000,https://find-and-update.company-information.service.gov.uk/search/companies?q=Rentokil+Initial+PLC,https://find-and-update.company-information.service.gov.uk/search/companies?q=Rentokil+Initial+PLC,1620597450,17:57:30,20210509
2,2018-12-31,RTO.L,GBP,2018-12-31,2018-12-31,FY,2472300000,511900000.0,1960400000.0,0.7929458399061603,0.0,0.0,0.0,0.0,1685000000.0,2196900000.0,54900000.0,208200000.0,483600000,0.19560732920762045,275400000.0,0.11139424827084092,0.0,-114100000,-0.04615135703595842,-15800000.0,-98500000,-0.03984144319055131,-0.05349771887899196,-0.05307970038260495,1841200000,1855700000,https://find-and-update.company-information.service.gov.uk/search/companies?q=Rentokil+Initial+PLC,https://find-and-update.company-information.service.gov.uk/search/companies?q=Rentokil+Initial+PLC,1620597450,17:57:30,20210509
3,2017-12-31,RTO.L,GBP,2017-12-31,2017-12-31,FY,2412300000,473600000.0,1938700000.0,0.8036728433445259,0.0,0.0,0.0,6800000.0,1630000000.0,2103600000.0,47300000.0,198700000.0,507400000,0.2103386809269162,308700000.0,0.1279691580649173,0.0,713600000,0.29581726982547774,30600000.0,682800000,0.2830493719686606,0.3721,0.369,1834800000,1850500000,https://find-and-update.company-information.service.gov.uk/search/companies?q=Rentokil+Initial+PLC,https://find-and-update.company-information.service.gov.uk/search/companies?q=Rentokil+Initial+PLC,1620597450,17:57:30,20210509
4,2016-12-31,RTO.L,GBP,2016-12-31,2016-12-31,FY,2168100000,375200000.0,1792900000.0,0.8269452516027859,0.0,0.0,0.0,0.0,1544000000.0,1919200000.0,48500000.0,244200000.0,493100000,0.22743415894100827,248900000.0,0.11480097781467645,0.0,208500000,0.09616715096167151,40700000.0,167500000,0.07725658410589917,0.0919,0.0911,1826000000,1842900000,https://find-and-update.company-information.service.gov.uk/search/companies?q=Rentokil+Initial+PLC,https://find-and-update.company-information.service.gov.uk/search/companies?q=Rentokil+Initial+PLC,1620597450,17:57:30,20210509
5,2015-12-31,RTO.L,GBP,2015-12-31,2015-12-31,FY,1759000000,308000000.0,1451000000.0,0.8249005116543491,0.0,0.0,0.0,0.0,1249900000.0,1557900000.0,48500000.0,211900000.0,413000000,0.23479249573621375,201100000.0,0.11432632177373507,0.0,159000000,0.09039226833428084,34700000.0,124300000,0.07066515065378055,0.0683,0.0681,1819200000,1826700000,https://find-and-update.company-information.service.gov.uk/search/companies?q=Rentokil+Initial+PLC,https://find-and-update.company-information.service.gov.uk/search/companies?q=Rentokil+Initial+PLC,1620597450,17:57:30,20210509
6,2014-12-31,RTO.L,GBP,2014-12-31,2014-12-31,FY,1740800000,154300000.0,1586500000.0,0.9113625919117647,1600000.0,2800000.0,0.0,2500000.0,1371800000.0,1526100000.0,54000000.0,207600000.0,422300000,0.24258961397058823,214700000.0,0.12333409926470588,0.0,163400000,0.09386488970588236,37100000.0,261800000,0.150390625,0.1441,0.1439,1817100000,1819600000,https://find-and-update.company-information.service.gov.uk/search/companies?q=Rentokil+Initial+PLC,https://find-and-update.company-information.service.gov.uk/search/companies?q=Rentokil+Initial+PLC,1620597450,17:57:30,20210509
7,2013-12-31,RTO.L,GBP,2013-12-31,2013-12-31,FY,2327100000,277200000.0,2049900000.0,0.8808817841949207,1800000.0,3300000.0,0.0,1500000.0,1797400000.0,2074600000.0,70000000.0,222000000.0,474500000,0.20390185209058484,252500000.0,0.10850414679214473,0.0,122600000,0.05268359761076017,31400000.0,37500000,0.016114477246358127,0.02063727918111276,0.020569359881520487,1817100000,1823100000,https://find-and-update.company-information.service.gov.uk/search/companies?q=Rentokil+Initial+PLC,https://find-and-update.company-information.service.gov.uk/search/companies?q=Rentokil+Initial+PLC,1620597450,17:57:30,20210509
8,2012-12-31,RTO.L,GBP,2012-12-31,2012-12-31,FY,2546300000,0.0,2546300000.0,1.0,0.0,0.0,0.0,0.0,2400500000.0,2400500000.0,109100000.0,25200000.0,171000000,0.06715626595452225,145800000.0,0.057259553077013706,0.0,82700000,0.03247849821309351,29000000.0,51400000,0.020186152456505516,0.0283,0.0282,1816900000,1822100000,https://find-and-update.company-information.service.gov.uk/search/companies?q=Rentokil+Initial+PLC,https://find-and-update.company-information.service.gov.uk/search/companies?q=Rentokil+Initial+PLC,1620597450,17:57:30,20210509
9,2011-12-31,RTO.L,GBP,2011-12-31,2011-12-31,FY,2544300000,0.0,0.0,0.0,2000000.0,0.0,0.0,-8600000.0,2365400000.0,2365400000.0,50200000.0,251700000.0,430600000,0.16924104861848052,178900000.0,0.07031403529458004,0.0,-50500000,-0.019848288330778605,16600000.0,-69700000,-0.02739456825059938,-0.0384,-0.0384,1813000000,1813000000,https://find-and-update.company-information.service.gov.uk/search/companies?q=Rentokil+Initial+PLC,https://find-and-update.company-information.service.gov.uk/search/companies?q=Rentokil+Initial+PLC,1620597450,17:57:30,20210509
10,2010-12-31,RTO.L,GBP,2010-12-31,2010-12-31,FY,2496500000,0.0,2496500000.0,1.0,1900000.0,0.0,0.0,-8200000.0,2305600000.0,2305600000.0,51900000.0,267800000.0,458700000,0.18373723212497498,190900000.0,0.0764670538754256,0.0,14500000,0.005808131383937512,34800000.0,-23400000,-0.009373122371319847,-0.0129,-0.0129,1807400000,1807400000,https://find-and-update.company-information.service.gov.uk/search/companies?q=Rentokil+Initial+PLC,https://find-and-update.company-information.service.gov.uk/search/companies?q=Rentokil+Initial+PLC,1620597450,17:57:30,20210509
11,2009-12-31,RTO.L,GBP,2009-12-31,2009-12-31,FY,2530800000,0.0,2530800000.0,1.0,1700000.0,0.0,0.0,-6600000.0,2361800000.0,2361800000.0,57400000.0,272900000.0,441900000,0.17460881934566144,169000000.0,0.06677730361940888,0.0,65000000,0.025683578315157263,16100000.0,47600000,0.018808281966176704,0.026336173508907823,0.026293984422471415,1807400000,1810300000,https://find-and-update.company-information.service.gov.uk/search/companies?q=Rentokil+Initial+PLC,https://find-and-update.company-information.service.gov.uk/search/companies?q=Rentokil+Initial+PLC,1620597450,17:57:30,20210509
12,2008-12-31,RTO.L,GBP,2008-12-31,2008-12-31,FY,2409900000,0.0,2409900000.0,1.0,1700000.0,0.0,0.0,-5200000.0,2290100000.0,2290100000.0,90100000.0,241900000.0,361700000,0.15008921532013778,119800000.0,0.049711606290717456,0.0,22800000,0.009460973484376946,6400000.0,18800000,0.00780115357483713,0.0104,0.0104,1807400000,1807400000,https://find-and-update.company-information.service.gov.uk/search/companies?q=Rentokil+Initial+PLC,https://find-and-update.company-information.service.gov.uk/search/companies?q=Rentokil+Initial+PLC,1620597450,17:57:30,20210509
13,2007-12-31,RTO.L,GBP,2007-12-31,2007-12-31,FY,2203400000,0.0,2203400000.0,1.0,1700000.0,0.0,0.0,-4000000.0,2005900000.0,2005900000.0,83200000.0,193600000.0,391100000,0.17749841154579288,197500000.0,0.0896342016882999,0.0,142000000,0.06444585640373968,30300000.0,656300000,0.29785785604066445,0.3632,0.3632,1807200000,1807200000,https://find-and-update.company-information.service.gov.uk/search/companies?q=Rentokil+Initial+PLC,https://find-and-update.company-information.service.gov.uk/search/companies?q=Rentokil+Initial+PLC,1620597450,17:57:30,20210509
14,2006-12-31,RTO.L,GBP,2006-12-31,2006-12-31,FY,1843200000,0.0,1843200000.0,1.0,2800000.0,0.0,0.0,-4000000.0,1647700000.0,1647700000.0,70800000.0,174200000.0,369700000,0.20057508680555555,195500000.0,0.10606553819444445,0.0,165400000,0.08973524305555555,33300000.0,245100000,0.13297526041666666,0.1357,0.1357,1806500000,1806500000,https://find-and-update.company-information.service.gov.uk/search/companies?q=Rentokil+Initial+PLC,https://find-and-update.company-information.service.gov.uk/search/companies?q=Rentokil+Initial+PLC,1620597450,17:57:30,20210509
15,2005-12-31,RTO.L,GBP,2005-12-31,2005-12-31,FY,1885200000,0.0,1885200000.0,1.0,3000000.0,0.0,0.0,-4400000.0,1610300000.0,1610300000.0,74600000.0,169400000.0,444300000,0.23567791215786124,274900000.0,0.1458200721408869,0.0,217400000,0.1153193295141099,59400000.0,321500000,0.1705389348610227,0.1782,0.1781,1803700000,1804800000,https://find-and-update.company-information.service.gov.uk/search/companies?q=Rentokil+Initial+PLC,https://find-and-update.company-information.service.gov.uk/search/companies?q=Rentokil+Initial+PLC,1620597450,17:57:30,20210509
16,2004-12-31,RTO.L,GBP,2004-12-31,2004-12-31,FY,2181400000,0.0,2181400000.0,1.0,2900000.0,0.0,0.0,-3600000.0,1837800000.0,1837800000.0,64400000.0,180500000.0,524100000,0.24025854955533144,343600000.0,0.15751352342532318,0.0,256700000,0.11767672137159622,69800000.0,190400000,0.08728339598423031,0.1053,0.1053,1807800000,1807800000,https://find-and-update.company-information.service.gov.uk/search/companies?q=Rentokil+Initial+PLC,https://find-and-update.company-information.service.gov.uk/search/companies?q=Rentokil+Initial+PLC,1620597450,17:57:30,20210509
17,2003-12-31,RTO.L,GBP,2003-12-31,2003-12-31,FY,2366300000,1861300000.0,505000000.0,0.2134133457296201,0.0,0.0,0.0,39800000.0,45700000.0,1907000000.0,101500000.0,161600000.0,620900000,0.2623927650762794,459300000.0,0.194100494442801,0.0,396800000,0.1676879516544817,105200000.0,290100000,0.12259645860626295,0.1583,0.1581,1832600000,1834914611,https://find-and-update.company-information.service.gov.uk/search/companies?q=Rentokil+Initial+PLC,https://find-and-update.company-information.service.gov.uk/search/companies?q=Rentokil+Initial+PLC,1620597450,17:57:30,20210509
18,2002-12-31,RTO.L,GBP,2002-12-31,2002-12-31,FY,2233200000,1746600000.0,486600000.0,0.21789360558839332,0.0,0.0,0.0,44500000.0,51900000.0,1798500000.0,101600000.0,156100000.0,590800000,0.2645531076482178,434700000.0,0.1946534121440086,0.0,390300000,0.1747716281569049,104600000.0,284600000,0.12744044420562423,0.15,0.149,189700000,1910067114,https://find-and-update.company-information.service.gov.uk/search/companies?q=Rentokil+Initial+PLC,https://find-and-update.company-information.service.gov.uk/search/companies?q=Rentokil+Initial+PLC,1620597450,17:57:30,20210509
19,2001-12-31,RTO.L,GBP,2001-12-31,2001-12-31,FY,2143900000,1665100000.0,478800000.0,0.22333131209478055,0.0,0.0,0.0,0.0,50100000.0,1715200000.0,118500000.0,149000000.0,577700000,0.26946219506506836,428700000.0,0.19996268482671767,0.0,374300000,0.17458836699472924,108200000.0,265200000,0.12369979943094361,0.13301900988112556,0.13256685828542863,1993700000,2000500000,https://find-and-update.company-information.service.gov.uk/search/companies?q=Rentokil+Initial+PLC,https://find-and-update.company-information.service.gov.uk/search/companies?q=Rentokil+Initial+PLC,1620597450,17:57:30,20210509
20,2000-12-31,RTO.L,GBP,2000-12-31,2000-12-31,FY,2545100000,2047900000.0,497200000.0,0.19535578169816512,0.0,0.0,0.0,37100000.0,97200000.0,2145100000.0,59500000.0,167000000.0,567000000,0.2227810302149228,400000000.0,0.15716474794703547,0.0,401100000,0.15759695100388982,114300000.0,285600000,0.11221563003418333,0.11708276964702989,0.11694373925149455,2439300000,2442200000,https://find-and-update.company-information.service.gov.uk/search/companies?q=Rentokil+Initial+PLC,https://find-and-update.company-information.service.gov.uk/search/companies?q=Rentokil+Initial+PLC,1620597450,17:57:30,20210509
21,1999-12-31,RTO.L,GBP,1999-12-31,1999-12-31,FY,2963100000,2328500000.0,634600000.0,0.21416759474874286,0.0,0.0,0.0,0.0,198000000.0,2526500000.0,39800000.0,192200000.0,628800000,0.21221018527893085,436600000.0,0.14734568526205663,0.0,541100000,0.1826128041578077,154500000.0,385300000,0.13003273598596066,0.135,0.134,2859700000,2869100000,https://find-and-update.company-information.service.gov.uk/search/companies?q=Rentokil+Initial+PLC,https://find-and-update.company-information.service.gov.uk/search/companies?q=Rentokil+Initial+PLC,1620597450,17:57:30,20210509
22,1998-12-31,RTO.L,GBP,1998-12-31,1998-12-31,FY,2878400000,2289400000.0,589000000.0,0.20462757087270705,0.0,0.0,0.0,0.0,95700000.0,2385100000.0,42700000.0,179800000.0,673100000,0.23384519177320734,493300000.0,0.1713799332962757,0.0,490600000,0.1704419121734297,139800000.0,349600000,0.12145636464702612,0.1222206684379807,0.12166347659648512,2860400000,2873500000,https://find-and-update.company-information.service.gov.uk/search/companies?q=Rentokil+Initial+PLC,https://find-and-update.company-information.service.gov.uk/search/companies?q=Rentokil+Initial+PLC,1620597450,17:57:30,20210509
23,1997-12-31,RTO.L,GBP,1997-12-31,1997-12-31,FY,2812100000,0.0,0.0,0.0,0.0,0.0,0.0,0.0,2381700000.0,2381700000.0,56400000.0,160300000.0,590700000,0.2100565413747733,430400000.0,0.15305287863162761,0.0,417000000,0.14828775648092174,121400000.0,294600000,0.10476156608939938,0.10314042642579561,0.1028918692372171,2856300000,2863200000,https://find-and-update.company-information.service.gov.uk/search/companies?q=Rentokil+Initial+PLC,https://find-and-update.company-information.service.gov.uk/search/companies?q=Rentokil+Initial+PLC,1620597450,17:57:30,20210509
24,1996-12-31,RTO.L,GBP,1996-12-31,1996-12-31,FY,2269600000,0.0,2269600000.0,1.0,0.0,0.0,0.0,-8000000.0,1921800000.0,1921800000.0,43700000.0,118300000.0,466100000,0.20536658442016215,347800000.0,0.15324286217835742,0.0,318000000,0.14011279520620373,97900000.0,219200000,0.09658089531194924,0.0855,0.0855,2559400000,2559400000,https://find-and-update.company-information.service.gov.uk/search/companies?q=Rentokil+Initial+PLC,https://find-and-update.company-information.service.gov.uk/search/companies?q=Rentokil+Initial+PLC,1620597450,17:57:30,20210509
25,1995-12-31,RTO.L,GBP,1995-12-31,1995-12-31,FY,856700000,0.0,856700000.0,1.0,0.0,0.0,0.0,-2200000.0,651100000.0,651100000.0,2600000.0,43900000.0,249500000,0.29123380413213495,205600000.0,0.23999066184195167,0.0,214500000,0.2503793626707132,74900000.0,139300000,0.1626006770164585,0.071,0.071,1959600000,1959600000,https://find-and-update.company-information.service.gov.uk/search/companies?q=Rentokil+Initial+PLC,https://find-and-update.company-information.service.gov.uk/search/companies?q=Rentokil+Initial+PLC,1620597450,17:57:30,20210509
26,1994-12-31,RTO.L,GBP,1994-12-31,1994-12-31,FY,719600000,0.0,719600000.0,1.0,0.0,0.0,0.0,-1900000.0,544900000.0,544900000.0,2900000.0,37200000.0,211900000,0.2944691495275153,174700000.0,0.24277376320177876,0.0,177000000,0.2459699833240689,62200000.0,114600000,0.1592551417454141,0.0585,0.0585,1951000000,1951000000,https://find-and-update.company-information.service.gov.uk/search/companies?q=Rentokil+Initial+PLC,https://find-and-update.company-information.service.gov.uk/search/companies?q=Rentokil+Initial+PLC,1620597450,17:57:30,20210509
27,1993-12-31,RTO.L,GBP,1993-12-31,1993-12-31,FY,588100000,0.0,588100000.0,1.0,0.0,0.0,0.0,-1400000.0,444100000.0,444100000.0,2600000.0,33000000.0,177000000,0.3009692229212719,144000000.0,0.24485631695289917,0.0,147000000,0.24995749022275124,52400000.0,94400000,0.160516918891345,0.0485,0.0485,1944200000,1944200000,https://find-and-update.company-information.service.gov.uk/search/companies?q=Rentokil+Initial+PLC,https://find-and-update.company-information.service.gov.uk/search/companies?q=Rentokil+Initial+PLC,1620597450,17:57:30,20210509
28,1992-12-31,RTO.L,GBP,1992-12-31,1992-12-31,FY,437900000,0.0,437900000.0,1.0,0.0,0.0,0.0,-7400000.0,320400000.0,320400000.0,2700000.0,27700000.0,145200000,0.3315825530943138,117500000.0,0.2683261018497374,0.0,108400000,0.24754510162137475,41700000.0,66400000,0.15163279287508563,0.034,0.034,1939916000,1939916000,https://find-and-update.company-information.service.gov.uk/search/companies?q=Rentokil+Initial+PLC,https://find-and-update.company-information.service.gov.uk/search/companies?q=Rentokil+Initial+PLC,1620597450,17:57:30,20210509
29,1991-12-31,RTO.L,GBP,1991-12-31,1991-12-31,FY,388972000,0.0,388972000.0,1.0,0.0,0.0,0.0,92999000.0,388972000.0,388972000.0,3323000.0,25681000.0,123610000,0.3177863702271629,0.0,0.24322059171354235,0.0,94606000,0.24322059171354235,33957000.0,56506000,0.14527009656222042,0.029167,0.029167,1937350000,1937350000,https://find-and-update.company-information.service.gov.uk/search/companies?q=Rentokil+Initial+PLC,https://find-and-update.company-information.service.gov.uk/search/companies?q=Rentokil+Initial+PLC,1620597450,17:57:30,20210509
30,1990-12-31,RTO.L,GBP,1990-12-31,1990-12-31,FY,309117000,0.0,309117000.0,1.0,0.0,0.0,0.0,71007000.0,309117000.0,309117000.0,1088000.0,20253000.0,95998000,0.31055555016385383,0.0,0.24151696606786427,0.0,74657000,0.24151696606786427,27207000.0,47245000,0.15283856921489275,0.024438,0.024438,1933255000,1933255000,https://find-and-update.company-information.service.gov.uk/search/companies?q=Rentokil+Initial+PLC,https://find-and-update.company-information.service.gov.uk/search/companies?q=Rentokil+Initial+PLC,1620597450,17:57:30,20210509
31,1989-12-31,RTO.L,GBP,1989-12-31,1989-12-31,FY,279275000,0.0,279275000.0,1.0,0.0,0.0,0.0,59622000.0,279275000.0,279275000.0,2407000.0,18590000.0,83024000,0.2972840390296303,0.0,0.2221000805657506,0.0,62027000,0.2221000805657506,22798000.0,41175000,0.14743532360576492,0.021335,0.021335,1929900000,1929900000,https://find-and-update.company-information.service.gov.uk/search/companies?q=Rentokil+Initial+PLC,https://find-and-update.company-information.service.gov.uk/search/companies?q=Rentokil+Initial+PLC,1620597450,17:57:30,20210509
32,1988-12-31,RTO.L,GBP,1988-12-31,1988-12-31,FY,213446000,0.0,213446000.0,1.0,0.0,0.0,0.0,47764000.0,213446000.0,213446000.0,2181000.0,12792000.0,65115000,0.30506544980931943,0.0,0.23491655969191272,0.0,50142000,0.23491655969191272,18498000.0,31564000,0.14787815185105366,0.016379,0.016379,1927150000,1927150000,https://find-and-update.company-information.service.gov.uk/search/companies?q=Rentokil+Initial+PLC,https://find-and-update.company-information.service.gov.uk/search/companies?q=Rentokil+Initial+PLC,1620597450,17:57:30,20210509
33,1987-12-31,RTO.L,GBP,1987-12-31,1987-12-31,FY,174013000,0.0,0.0,0.0,0.0,0.0,0.0,0.0,174013000.0,174013000.0,1227000.0,11431000.0,50252000,0.28878302195812955,0.0,0.21604133024544142,0.0,37594000,0.21604133024544142,14763000.0,22800000,0.1310246935573779,0.011852,0.011852,1923800000,1923800000,https://find-and-update.company-information.service.gov.uk/search/companies?q=Rentokil+Initial+PLC,https://find-and-update.company-information.service.gov.uk/search/companies?q=Rentokil+Initial+PLC,1620597450,17:57:30,20210509
34,1986-12-31,RTO.L,GBP,1986-12-31,1986-12-31,FY,166901000,0.0,166901000.0,1.0,0.0,0.0,0.0,30828000.0,166901000.0,166901000.0,1157000.0,10419000.0,42844000,0.2567030754758809,0.0,0.18734459350153684,0.0,31268000,0.18734459350153684,12784000.0,18457000,0.11058651535940468,0.009608,0.009608,1921000000,1921000000,https://find-and-update.company-information.service.gov.uk/search/companies?q=Rentokil+Initial+PLC,https://find-and-update.company-information.service.gov.uk/search/companies?q=Rentokil+Initial+PLC,1620597450,17:57:30,20210509
35,1985-12-31,RTO.L,GBP,1985-12-31,1985-12-31,FY,148252000,0.0,148252000.0,1.0,0.0,0.0,0.0,25507000.0,148252000.0,148252000.0,847000.0,8822000.0,35710000,0.2408736475730513,0.0,0.17565361681461295,0.0,26041000,0.17565361681461295,10533000.0,10824000,0.07301081941558968,0.005636,0.005636,1920400000,1920400000,https://find-and-update.company-information.service.gov.uk/search/companies?q=Rentokil+Initial+PLC,https://find-and-update.company-information.service.gov.uk/search/companies?q=Rentokil+Initial+PLC,1620597450,17:57:30,20210509
