,date,symbol,reportedCurrency,fillingDate,acceptedDate,period,revenue,costOfRevenue,grossProfit,grossProfitRatio,researchAndDevelopmentExpenses,generalAndAdministrativeExpenses,sellingAndMarketingExpenses,otherExpenses,operatingExpenses,costAndExpenses,interestExpense,depreciationAndAmortization,ebitda,ebitdaratio,operatingIncome,operatingIncomeRatio,totalOtherIncomeExpensesNet,incomeBeforeTax,incomeBeforeTaxRatio,incomeTaxExpense,netIncome,netIncomeRatio,eps,epsdiluted,weightedAverageShsOut,weightedAverageShsOutDil,link,finalLink,timestamp,est_time,est_date
0,2020-12-31,CZWI,USD,2021-03-08,2021-03-08 16:05:20,FY,65480000.0,0.0,0.0,0.0,0.0,29432000.0,967000.0,0.0,0.0,0.0,14272000.0,1622000.0,0.0,0.0,0.0,0.2638973732437385,0.0,17280000.0,0.2638973732437385,4555000.0,12725000.0,0.1943341478313989,1.143004350782062,1.143004350782062,11132941.0,11132941.0,https://www.sec.gov/Archives/edgar/data/1367859/000136785921000063/0001367859-21-000063-index.htm,https://www.sec.gov/Archives/edgar/data/1367859/000136785921000063/czwi-20201231.htm,1620590955,16:09:15,20210509
1,2019-12-31,CZWI,USD,2020-03-10,2020-03-10 10:54:25,FY,56318000.0,0.0,0.0,0.0,0.0,26709000.0,1214000.0,0.0,63000000.0,0.0,16910000.0,2604000.0,0.0,0.0,0.0,0.21799424695479244,0.0,12277000.0,0.21799424695479244,2814000.0,9463000.0,0.16802798394829363,0.85,0.85,11132941.0,11132941.0,https://www.sec.gov/Archives/edgar/data/1367859/000136785920000058/0001367859-20-000058-index.htm,https://www.sec.gov/Archives/edgar/data/1367859/000136785920000058/czwi-20191231x10k.htm,1620590955,16:09:15,20210509
2,2018-12-31,CZWI,USD,2019-03-08,2019-03-08 16:08:59,FY,0.0,0.0,0.0,0.0,0.0,0.0,0.0,0.0,53000000.0,0.0,0.0,813000.0,0.0,0.0,0.0,0.0,0.0,0.0,0.0,0.0,0.0,0.0,0.0,0.0,10913853.0,10913853.0,https://www.sec.gov/Archives/edgar/data/1367859/000136785919000027/0001367859-19-000027-index.htm,https://www.sec.gov/Archives/edgar/data/1367859/000136785919000027/czwi-20181231x10kt.htm,1620590955,16:09:15,20210509
3,2018-09-30,CZWI,USD,2018-12-10,2018-12-10 17:09:40,FY,37138000.0,0.0,0.0,0.0,0.0,20094000.0,745000.0,0.0,53000000.0,0.0,8593000.0,979000.0,0.0,0.0,0.0,0.1779578868005816,0.0,6609000.0,0.1779578868005816,2326000.0,4283000.0,0.11532661963487532,0.72,0.58,10913853.0,10913853.0,https://www.sec.gov/Archives/edgar/data/1367859/000136785918000178/0001367859-18-000178-index.htm,https://www.sec.gov/Archives/edgar/data/1367859/000136785918000178/czwi-20180930x10k.htm,1620590955,16:09:15,20210509
4,2017-09-30,CZWI,USD,2017-12-13,2017-12-13 16:17:00,FY,27019000.0,0.0,0.0,0.0,0.0,14554000.0,545000.0,0.0,29000000.0,0.0,5610000.0,258000.0,0.0,0.0,0.0,0.1414560124356934,0.0,3822000.0,0.1414560124356934,1323000.0,2499000.0,0.09249046966949184,0.47,0.46,5317021.0,5378548.0,https://www.sec.gov/Archives/edgar/data/1367859/000136785917000074/0001367859-17-000074-index.htm,https://www.sec.gov/Archives/edgar/data/1367859/000136785917000074/czwi-20170930x10k.htm,1620590955,16:09:15,20210509
5,2016-09-30,CZWI,USD,2016-12-29,2016-12-29 16:36:14,FY,23992000.0,0.0,0.0,0.0,0.0,13287000.0,701000.0,0.0,25000000.0,0.0,5007000.0,111000.0,0.0,0.0,0.0,0.16084528176058685,0.0,3859000.0,0.16084528176058685,1286000.0,2573000.0,0.10724408136045348,0.59,0.59,5277966.0,5277966.0,https://www.sec.gov/Archives/edgar/data/1367859/000136785916000097/0001367859-16-000097-index.htm,https://www.sec.gov/Archives/edgar/data/1367859/000136785916000097/czwi-20160930x10k.htm,1620590955,16:09:15,20210509
6,2015-09-30,CZWI,USD,2015-12-07,2015-12-07 09:33:10,FY,22479000.0,0.0,0.0,0.0,0.0,11728000.0,570000.0,0.0,22000000.0,0.0,4438000.0,57000.0,0.0,0.0,0.0,0.18257039903910316,0.0,4104000.0,0.18257039903910316,1490000.0,2614000.0,0.11628631166866854,0.5,0.5,5228000.0,5228000.0,https://www.sec.gov/Archives/edgar/data/1367859/000136785915000040/0001367859-15-000040-index.htm,https://www.sec.gov/Archives/edgar/data/1367859/000136785915000040/czwi-20150930x10k.htm,1620590955,16:09:15,20210509
7,2014-09-30,CZWI,USD,2014-12-08,2014-12-08 14:08:16,FY,23174000.0,0.0,0.0,0.0,0.0,12726000.0,370000.0,0.0,25000000.0,0.0,4275000.0,57000.0,0.0,0.0,0.0,0.12211961681194441,0.0,2830000.0,0.12211961681194441,1047000.0,1783000.0,0.07693967377233106,0.35,0.34,5094286.0,5244118.0,https://www.sec.gov/Archives/edgar/data/1367859/000136785914000047/0001367859-14-000047-index.htm,https://www.sec.gov/Archives/edgar/data/1367859/000136785914000047/czwi-20140930x10k.htm,1620590955,16:09:15,20210509
8,2013-09-30,CZWI,USD,2013-12-09,2013-12-09 11:50:27,FY,22314000.0,0.0,0.0,0.0,0.0,12470000.0,233000.0,0.0,26000000.0,0.0,5312000.0,56000.0,0.0,0.0,0.0,0.07537868602670969,0.0,1682000.0,0.07537868602670969,635000.0,1047000.0,0.04692121538047862,0.2,0.2,5235000.0,5235000.0,https://www.sec.gov/Archives/edgar/data/1367859/000136785913000015/0001367859-13-000015-index.htm,https://www.sec.gov/Archives/edgar/data/1367859/000136785913000015/czwi-20130930x10k.htm,1620590955,16:09:15,20210509
9,2012-09-30,CZWI,USD,2012-12-10,2012-12-10 12:52:52,FY,21705000.0,0.0,0.0,0.0,0.0,10694000.0,190000.0,-461000.0,28000000.0,0.0,6591000.0,209000.0,0.0,0.0,0.0,0.016908546417876067,0.0,367000.0,0.016908546417876067,161000.0,206000.0,0.00949090071412117,0.04,0.04,5133707.0,5133707.0,https://www.sec.gov/Archives/edgar/data/1367859/000119312512496545/0001193125-12-496545-index.htm,https://www.sec.gov/Archives/edgar/data/1367859/000119312512496545/d423562d10k.htm,1620590955,16:09:15,20210509
10,2011-09-30,CZWI,USD,2011-12-21,2011-12-21 15:33:53,FY,25755000.0,0.0,0.0,0.0,0.0,9728000.0,122000.0,1177000.0,32000000.0,0.0,8913000.0,332000.0,0.0,0.0,0.0,0.0128130460104834,0.0,330000.0,0.0128130460104834,137000.0,193000.0,0.007493690545525141,0.04,0.04,5117164.0,5117164.0,https://www.sec.gov/Archives/edgar/data/1367859/000119312511348793/0001193125-11-348793-index.htm,https://www.sec.gov/Archives/edgar/data/1367859/000119312511348793/d247642d10k.htm,1620590955,16:09:15,20210509
11,2010-09-30,CZWI,USD,2010-12-23,2010-12-23 13:59:02,FY,23283000.0,0.0,0.0,0.0,0.0,8105000.0,173000.0,7854000.0,23000000.0,0.0,11579000.0,332000.0,0.0,0.0,0.0,-0.34557402396598375,0.0,-8046000.0,-0.34557402396598375,-955000.0,-7091000.0,-0.30455697289868144,-1.39,-1.39,5119807.0,5119807.0,https://www.sec.gov/Archives/edgar/data/1367859/000104216710000273/0001042167-10-000273-index.htm,https://www.sec.gov/Archives/edgar/data/1367859/000104216710000273/czwiform10k.htm,1620590955,16:09:15,20210509
12,2009-09-30,CZWI,USD,2009-12-29,2009-12-29 13:02:44,FY,18258000.0,0.0,0.0,0.0,0.0,7901000.0,0.0,7236000.0,24000000.0,0.0,14688000.0,333000.0,0.0,0.0,0.0,-0.2887501369262789,0.0,-5272000.0,-0.2887501369262789,-2089000.0,-3183000.0,-0.1743345382845876,-0.59,-0.59,5365122.0,5365122.0,https://www.sec.gov/Archives/edgar/data/1367859/000104216709000222/0001042167-09-000222-index.htm,https://www.sec.gov/Archives/edgar/data/1367859/000104216709000222/czwi200910k.htm,1620590955,16:09:15,20210509
13,2008-09-30,CZWI,USD,2008-12-23,2008-12-23 15:37:44,FY,14304000.0,0.0,0.0,0.0,0.0,5857000.0,148000.0,0.0,31000000.0,0.0,14139000.0,533000.0,0.0,0.0,0.0,0.1735178970917226,0.0,2482000.0,0.1735178970917226,1008000.0,1474000.0,0.10304809843400448,0.23677687875385325,0.23611805261876387,6225270.0,6242640.0,https://www.sec.gov/Archives/edgar/data/1367859/000092708908000436/0000927089-08-000436-index.htm,https://www.sec.gov/Archives/edgar/data/1367859/000092708908000436/c-10k093008.htm,1620590955,16:09:15,20210509
14,2007-09-30,CZWI,USD,2007-12-21,2007-12-21 16:55:32,FY,12183000.0,0.0,0.0,0.0,0.0,6026000.0,161000.0,0.0,0.0,0.0,8889000.0,816000.0,0.0,0.0,0.0,0.09775917261758188,0.0,1191000.0,0.09775917261758188,448000.0,743000.0,0.06098662070097677,0.11,0.11,6754545.0,6754545.0,https://www.sec.gov/Archives/edgar/data/1367859/000092708907000315/0000927089-07-000315-index.htm,https://www.sec.gov/Archives/edgar/data/1367859/000092708907000315/c-10k0930.htm,1620590955,16:09:15,20210509
15,2006-09-30,CZWI,USD,2006-09-30,2006-09-30,FY,9747000.0,0.0,0.0,0.0,0.0,4978000.0,218000.0,0.0,0.0,0.0,7221000.0,740000.0,0.0,0.0,0.0,0.07745973119934339,0.0,755000.0,0.07745973119934339,309000.0,446000.0,0.04575766902636709,0.22928,0.22928,1945218.0,1945218.0,,,1620590955,16:09:15,20210509
16,2005-09-30,CZWI,USD,2005-09-30,2005-09-30,FY,9955261.0,0.0,0.0,0.0,0.0,4687447.0,0.0,0.0,0.0,0.0,3991677.0,451719.0,0.0,0.0,0.0,0.1743202915523762,0.0,1735404.0,0.1743202915523762,684334.0,1051070.0,0.10557935146049913,0.35,0.35,1961260.0,1961260.0,,,1620590955,16:09:15,20210509
17,2004-09-30,CZWI,USD,2004-09-30,2004-09-30,FY,8098838.0,0.0,0.0,0.0,0.0,3986524.0,0.0,0.0,0.0,0.0,2889307.0,280492.0,0.0,0.0,0.0,0.17037913340160651,0.0,1379873.0,0.17037913340160651,543328.0,836545.0,0.10329197842949815,0.525474,0.525474,1591981.0,1591981.0,,,1620590955,16:09:15,20210509
18,2003-09-30,CZWI,USD,2003-09-30,2003-09-30,FY,1737808.0,0.0,0.0,0.0,0.0,3620887.0,0.0,0.0,0.0,0.0,3177793.0,271163.0,0.0,0.0,0.0,0.5683009860698075,0.0,987598.0,0.5683009860698075,390101.0,597497.0,0.3438222174141217,0.196432,0.196432,3041750.0,3041750.0,,,1620590955,16:09:15,20210509
19,2002-09-30,CZWI,USD,2002-09-30,2002-09-30,FY,1482000.0,0.0,0.0,0.0,0.0,0.0,0.0,0.0,0.0,0.0,3859000.0,0.0,0.0,0.0,0.0,0.46626180836707154,0.0,691000.0,0.46626180836707154,27000.0,664000.0,0.44804318488529016,0.218295,0.218295,3041750.0,3041750.0,,,1620590955,16:09:15,20210509
20,2001-09-30,CZWI,USD,2001-09-30,2001-09-30,FY,1230000.0,0.0,0.0,0.0,0.0,0.0,0.0,0.0,0.0,0.0,4844000.0,0.0,0.0,0.0,0.0,0.45447154471544715,0.0,559000.0,0.45447154471544715,0.0,559000.0,0.45447154471544715,0.183776,0.183776,3041750.0,3041750.0,,,1620590955,16:09:15,20210509
21,2000-09-30,CZWI,USD,2000-09-30,2000-09-30,FY,1135000.0,0.0,0.0,0.0,0.0,0.0,0.0,0.0,0.0,0.0,4148000.0,0.0,0.0,0.0,0.0,0.6863436123348018,0.0,779000.0,0.6863436123348018,0.0,779000.0,0.6863436123348018,0.256103,0.256103,3041750.0,3041750.0,,,1620590955,16:09:15,20210509
