,date,symbol,reportedCurrency,fillingDate,acceptedDate,period,revenue,costOfRevenue,grossProfit,grossProfitRatio,researchAndDevelopmentExpenses,generalAndAdministrativeExpenses,sellingAndMarketingExpenses,otherExpenses,operatingExpenses,costAndExpenses,interestExpense,depreciationAndAmortization,ebitda,ebitdaratio,operatingIncome,operatingIncomeRatio,totalOtherIncomeExpensesNet,incomeBeforeTax,incomeBeforeTaxRatio,incomeTaxExpense,netIncome,netIncomeRatio,eps,epsdiluted,weightedAverageShsOut,weightedAverageShsOutDil,link,finalLink,timestamp,est_time,est_date
0,2020-12-31,LNF.TO,CAD,2020-12-31,2020-12-31,FY,2220180000,1236258000,983922000,0.44317217522903546,0.0,0.0,0.0,0.0,0.0,1987209000,22413000.0,111289000.0,344260000,0.1550594996802061,232971000,0.10493338377969354,-4599000.0,210485000,0.09480537614067328,47235000,163250000,0.07353007413813295,2.1038863375051755,2.1038863375051755,77594496,77594496,https://www.sedar.com/ModifyCompanyDocumentSearchForm.do?lang=EN&company_search=Leon's Furniture Ltd&document_selection=0&industry_group=A&FromDate=13&FromMonth=05&FromYear=2000&ToDate=13&ToMonth=11&ToYear=2020&Variable=Issuer,https://www.sedar.com/ModifyCompanyDocumentSearchForm.do?lang=EN&company_search=Leon's Furniture Ltd&document_selection=0&industry_group=A&FromDate=13&FromMonth=05&FromYear=2000&ToDate=13&ToMonth=11&ToYear=2020&Variable=Issuer,1620594540,17:09:00,20210509
1,2019-12-31,LNF.TO,CAD,2019-12-31,2019-12-31,FY,2283411000,1284826000,998585000,0.43732162103099265,0.0,0.0,0.0,0.0,830495000.0,2115321000,28689000.0,122695000.0,290785000,0.1273467632414839,168090000,0.07361355445865855,140000.0,143046000,0.0626457523415627,36117000,106929000,0.04682862612118449,1.38,1.3,77594496,83746040,https://www.sedar.com/ModifyCompanyDocumentSearchForm.do?lang=EN&company_search=Leon's Furniture Ltd&document_selection=0&industry_group=A&FromDate=13&FromMonth=05&FromYear=2000&ToDate=13&ToMonth=11&ToYear=2020&Variable=Issuer,https://www.sedar.com/ModifyCompanyDocumentSearchForm.do?lang=EN&company_search=Leon's Furniture Ltd&document_selection=0&industry_group=A&FromDate=13&FromMonth=05&FromYear=2000&ToDate=13&ToMonth=11&ToYear=2020&Variable=Issuer,1620594540,17:09:00,20210509
2,2018-12-31,LNF.TO,CAD,2018-12-31,2018-12-31,FY,2241437000,1264561000,976876000,0.43582576713063986,0.0,0.0,0.0,0.0,825276000.0,2089837000,9396000.0,37156000.0,188756000,0.08421204789605953,151600000,0.06763518225138605,5918000.0,150590000,0.06718457846461891,39560000,111030000,0.049535186578966973,1.45,1.36,76368088,82891640,https://www.sedar.com/ModifyCompanyDocumentSearchForm.do?lang=EN&company_search=Leon's Furniture Ltd&document_selection=0&industry_group=A&FromDate=13&FromMonth=05&FromYear=2000&ToDate=13&ToMonth=11&ToYear=2020&Variable=Issuer,https://www.sedar.com/ModifyCompanyDocumentSearchForm.do?lang=EN&company_search=Leon's Furniture Ltd&document_selection=0&industry_group=A&FromDate=13&FromMonth=05&FromYear=2000&ToDate=13&ToMonth=11&ToYear=2020&Variable=Issuer,1620594540,17:09:00,20210509
3,2017-12-31,LNF.TO,CAD,2017-12-31,2017-12-31,FY,2212216000,1261112000,951104000,0.4299327009659093,0.0,0.0,0.0,1337000.0,809173000.0,2070285000,11952000.0,39556000.0,181487000,0.08203855319733697,141931000,0.06415783992159897,1337000.0,131429000,0.0594105638870707,34836000,96593000,0.04366345781786227,1.3249317974166896,1.1649924596248094,72904130,82912983,https://www.sedar.com/ModifyCompanyDocumentSearchForm.do?lang=EN&company_search=Leon's Furniture Ltd&document_selection=0&industry_group=A&FromDate=13&FromMonth=05&FromYear=2000&ToDate=13&ToMonth=11&ToYear=2020&Variable=Issuer,https://www.sedar.com/ModifyCompanyDocumentSearchForm.do?lang=EN&company_search=Leon's Furniture Ltd&document_selection=0&industry_group=A&FromDate=13&FromMonth=05&FromYear=2000&ToDate=13&ToMonth=11&ToYear=2020&Variable=Issuer,1620594540,17:09:00,20210509
4,2016-12-31,LNF.TO,CAD,2016-12-31,2016-12-31,FY,2143736000,1228499000,915237000,0.42693549952046334,0.0,0.0,0.0,1461000.0,786568000.0,2015067000,17026000.0,41235000.0,169904000,0.07925602779446723,128669000,0.06002091675467502,1461000.0,114188000,0.05326588721745588,30597000,83591000,0.03899314094645982,1.17,1.05,71695955,83081832,https://www.sedar.com/ModifyCompanyDocumentSearchForm.do?lang=EN&company_search=Leon's Furniture Ltd&document_selection=0&industry_group=A&FromDate=13&FromMonth=05&FromYear=2000&ToDate=13&ToMonth=11&ToYear=2020&Variable=Issuer,https://www.sedar.com/ModifyCompanyDocumentSearchForm.do?lang=EN&company_search=Leon's Furniture Ltd&document_selection=0&industry_group=A&FromDate=13&FromMonth=05&FromYear=2000&ToDate=13&ToMonth=11&ToYear=2020&Variable=Issuer,1620594540,17:09:00,20210509
5,2015-12-31,LNF.TO,CAD,2015-12-31,2015-12-31,FY,2031718000,1145593000,886125000,0.436145665884734,0.0,0.0,0.0,1425000.0,767079000.0,1912672000,19027000.0,41738000.0,160784000,0.07913696684283941,119046000,0.05859376153580369,1425000.0,101419000,0.04991785277287498,24790000,76629000,0.0377163563053534,1.08,0.97,71217958,82364539,https://www.sedar.com/ModifyCompanyDocumentSearchForm.do?lang=EN&company_search=Leon's Furniture Ltd&document_selection=0&industry_group=A&FromDate=13&FromMonth=05&FromYear=2000&ToDate=13&ToMonth=11&ToYear=2020&Variable=Issuer,https://www.sedar.com/ModifyCompanyDocumentSearchForm.do?lang=EN&company_search=Leon's Furniture Ltd&document_selection=0&industry_group=A&FromDate=13&FromMonth=05&FromYear=2000&ToDate=13&ToMonth=11&ToYear=2020&Variable=Issuer,1620594540,17:09:00,20210509
6,2014-12-31,LNF.TO,CAD,2014-12-31,2014-12-31,FY,1974417000,1117460000,856957000,0.43403039985980674,0.0,472265000.0,248913000.0,1656000.0,737064000.0,1854524000,18847000.0,42720000.0,162613000,0.0823600080428805,119893000,0.060723241341621347,1656000.0,103134000,0.052235166127520175,27610000,75524000,0.03825129139386462,1.07,0.96,70898590,82177519,https://www.sedar.com/ModifyCompanyDocumentSearchForm.do?lang=EN&company_search=Leon's Furniture Ltd&document_selection=0&industry_group=A&FromDate=13&FromMonth=05&FromYear=2000&ToDate=13&ToMonth=11&ToYear=2020&Variable=Issuer,https://www.sedar.com/ModifyCompanyDocumentSearchForm.do?lang=EN&company_search=Leon's Furniture Ltd&document_selection=0&industry_group=A&FromDate=13&FromMonth=05&FromYear=2000&ToDate=13&ToMonth=11&ToYear=2020&Variable=Issuer,1620594540,17:09:00,20210509
7,2013-12-31,LNF.TO,CAD,2013-12-31,2013-12-31,FY,1694643000,959307000,735336000,0.43391794023874053,0.0,395726000.0,213562000.0,1378000.0,623850000.0,1583157000,19894000.0,38949000.0,150435000,0.08877090927115623,111486000,0.06578730741519011,1378000.0,91556000,0.054026718311762416,24373000,67183000,0.03964433807002419,0.95,0.87,70612407,79818914,https://www.sedar.com/ModifyCompanyDocumentSearchForm.do?lang=EN&company_search=Leon's Furniture Ltd&document_selection=0&industry_group=A&FromDate=13&FromMonth=05&FromYear=2000&ToDate=13&ToMonth=11&ToYear=2020&Variable=Issuer,https://www.sedar.com/ModifyCompanyDocumentSearchForm.do?lang=EN&company_search=Leon's Furniture Ltd&document_selection=0&industry_group=A&FromDate=13&FromMonth=05&FromYear=2000&ToDate=13&ToMonth=11&ToYear=2020&Variable=Issuer,1620594540,17:09:00,20210509
8,2012-12-31,LNF.TO,CAD,2012-12-31,2012-12-31,FY,682163000,398704000,283459000,0.415529719436557,0.0,133635000.0,83479000.0,793000.0,223126000.0,621830000,0.0,14886000.0,75219000,0.11026543509395849,60333000,0.08844367108740873,793000.0,63683000,0.09335452084032701,16901000,46782000,0.0685789173555294,0.67,0.65,70032721,72317598,https://www.sedar.com/ModifyCompanyDocumentSearchForm.do?lang=EN&company_search=Leon's Furniture Ltd&document_selection=0&industry_group=A&FromDate=13&FromMonth=05&FromYear=2000&ToDate=13&ToMonth=11&ToYear=2020&Variable=Issuer,https://www.sedar.com/ModifyCompanyDocumentSearchForm.do?lang=EN&company_search=Leon's Furniture Ltd&document_selection=0&industry_group=A&FromDate=13&FromMonth=05&FromYear=2000&ToDate=13&ToMonth=11&ToYear=2020&Variable=Issuer,1620594540,17:09:00,20210509
9,2011-12-31,LNF.TO,CAD,2011-12-31,2011-12-31,FY,682836000,394099000,288737000,0.4228497032962527,0.0,128769000.0,78387000.0,0.0,213416000.0,607515000,0.0,13585000.0,88906000,0.13020110246091302,75321000,0.11030613500166951,21000.0,78848000,0.11547135769057285,22182000,56666000,0.08298625145715809,0.81,0.78,69969417,72305424,https://www.sedar.com/ModifyCompanyDocumentSearchForm.do?lang=EN&company_search=Leon's Furniture Ltd&document_selection=0&industry_group=A&FromDate=13&FromMonth=05&FromYear=2000&ToDate=13&ToMonth=11&ToYear=2020&Variable=Issuer,https://www.sedar.com/ModifyCompanyDocumentSearchForm.do?lang=EN&company_search=Leon's Furniture Ltd&document_selection=0&industry_group=A&FromDate=13&FromMonth=05&FromYear=2000&ToDate=13&ToMonth=11&ToYear=2020&Variable=Issuer,1620594540,17:09:00,20210509
10,2010-12-31,LNF.TO,CAD,2010-12-31,2010-12-31,FY,699772000,412379000,287393000,0.4106951978644473,0.0,124114000.0,31565000.0,0.0,200342000.0,612721000,0.0,16156000.0,103207000,0.14748660992437537,87051000,0.1243990899893108,-3134000.0,90185000,0.12887769159097534,26901000,63284000,0.09043517031261611,0.9,0.87,70371744,73133906,https://www.sedar.com/ModifyCompanyDocumentSearchForm.do?lang=EN&company_search=Leon's Furniture Ltd&document_selection=0&industry_group=A&FromDate=13&FromMonth=05&FromYear=2000&ToDate=13&ToMonth=11&ToYear=2020&Variable=Issuer,https://www.sedar.com/ModifyCompanyDocumentSearchForm.do?lang=EN&company_search=Leon's Furniture Ltd&document_selection=0&industry_group=A&FromDate=13&FromMonth=05&FromYear=2000&ToDate=13&ToMonth=11&ToYear=2020&Variable=Issuer,1620594540,17:09:00,20210509
11,2009-12-31,LNF.TO,CAD,2009-12-31,2009-12-31,FY,703180000,419819000,283361000,0.40297078984043916,0.0,120319000.0,34732000.0,0.0,203992000.0,623811000,0.0,16562000.0,95931000,0.13642452857020962,79369000,0.11287152649392758,-3165000.0,82534000,0.11737250775050485,25670000,56864000,0.0808669188543474,0.8,0.78,70714089,73321382,https://www.sedar.com/ModifyCompanyDocumentSearchForm.do?lang=EN&company_search=Leon's Furniture Ltd&document_selection=0&industry_group=A&FromDate=13&FromMonth=05&FromYear=2000&ToDate=13&ToMonth=11&ToYear=2020&Variable=Issuer,https://www.sedar.com/ModifyCompanyDocumentSearchForm.do?lang=EN&company_search=Leon's Furniture Ltd&document_selection=0&industry_group=A&FromDate=13&FromMonth=05&FromYear=2000&ToDate=13&ToMonth=11&ToYear=2020&Variable=Issuer,1620594540,17:09:00,20210509
12,2008-12-31,LNF.TO,CAD,2008-12-31,2008-12-31,FY,740376000,440360000,300016000,0.4052211308848477,0.0,116591000.0,33752000.0,0.0,224311000.0,664671000,0.0,16253000.0,91958000,0.12420445827525474,75705000,0.10225209893351486,-18431000.0,94136000,0.1271462067922245,30746000,63390000,0.08561865862750818,0.9,0.87,70729548,72817871,https://www.sedar.com/ModifyCompanyDocumentSearchForm.do?lang=EN&company_search=Leon's Furniture Ltd&document_selection=0&industry_group=A&FromDate=13&FromMonth=05&FromYear=2000&ToDate=13&ToMonth=11&ToYear=2020&Variable=Issuer,https://www.sedar.com/ModifyCompanyDocumentSearchForm.do?lang=EN&company_search=Leon's Furniture Ltd&document_selection=0&industry_group=A&FromDate=13&FromMonth=05&FromYear=2000&ToDate=13&ToMonth=11&ToYear=2020&Variable=Issuer,1620594540,17:09:00,20210509
13,2007-12-31,LNF.TO,CAD,2007-12-31,2007-12-31,FY,637456000,363261000,274195000,0.43013949198062296,0.0,142912000.0,32008000.0,0.0,199440000.0,562701000,0.0,14034000.0,88789000,0.1392864762430662,74755000,0.11727083908536433,11573000.0,91023000,0.14279103185161016,32529000,58494000,0.09176162746919003,0.83,0.8,70777269,73403200,https://www.sedar.com/ModifyCompanyDocumentSearchForm.do?lang=EN&company_search=Leon's Furniture Ltd&document_selection=0&industry_group=A&FromDate=13&FromMonth=05&FromYear=2000&ToDate=13&ToMonth=11&ToYear=2020&Variable=Issuer,https://www.sedar.com/ModifyCompanyDocumentSearchForm.do?lang=EN&company_search=Leon's Furniture Ltd&document_selection=0&industry_group=A&FromDate=13&FromMonth=05&FromYear=2000&ToDate=13&ToMonth=11&ToYear=2020&Variable=Issuer,1620594540,17:09:00,20210509
14,2006-12-31,LNF.TO,CAD,2006-12-31,2006-12-31,FY,591286000,341403000,249883000,0.4226093633199501,0.0,128971000.0,32326000.0,0.0,185301000.0,526704000,0.0,13348000.0,77930000,0.1317974719509679,64582000,0.10922294794735543,13380000.0,81501000,0.13783685052580308,27899000,53602000,0.09065325409361967,0.7575,0.5025,70800244,73717324,https://www.sedar.com/ModifyCompanyDocumentSearchForm.do?lang=EN&company_search=Leon's Furniture Ltd&document_selection=0&industry_group=A&FromDate=13&FromMonth=05&FromYear=2000&ToDate=13&ToMonth=11&ToYear=2020&Variable=Issuer,https://www.sedar.com/ModifyCompanyDocumentSearchForm.do?lang=EN&company_search=Leon's Furniture Ltd&document_selection=0&industry_group=A&FromDate=13&FromMonth=05&FromYear=2000&ToDate=13&ToMonth=11&ToYear=2020&Variable=Issuer,1620594540,17:09:00,20210509
15,2005-12-31,LNF.TO,CAD,2005-12-31,2005-12-31,FY,547744000,323629000,224115000,0.4091601185955483,0.0,118144000.0,30494000.0,0.0,170048000.0,493677000,0.0,11892000.0,65959000,0.12041939300111001,54067000,0.09870852076882632,17801000.0,74725000,0.1364232196062394,25761000,48964000,0.08939212478822224,0.6825,0.6525,71850320,74935900,https://www.sedar.com/ModifyCompanyDocumentSearchForm.do?lang=EN&company_search=Leon's Furniture Ltd&document_selection=0&industry_group=A&FromDate=13&FromMonth=05&FromYear=2000&ToDate=13&ToMonth=11&ToYear=2020&Variable=Issuer,https://www.sedar.com/ModifyCompanyDocumentSearchForm.do?lang=EN&company_search=Leon's Furniture Ltd&document_selection=0&industry_group=A&FromDate=13&FromMonth=05&FromYear=2000&ToDate=13&ToMonth=11&ToYear=2020&Variable=Issuer,1620594540,17:09:00,20210509
16,2004-12-31,LNF.TO,CAD,2004-12-31,2004-12-31,FY,504591000,295241000,209350000,0.4148904756525582,0.0,118401000.0,29492000.0,0.0,158305000.0,453546000,0.0,10412000.0,61457000,0.12179567213842499,51045000,0.10116113842696361,16609000.0,70737000,0.14018680475870557,24633000,46104000,0.09136904938851466,0.6225,0.6025,73940992,76449552,https://www.sedar.com/ModifyCompanyDocumentSearchForm.do?lang=EN&company_search=Leon's Furniture Ltd&document_selection=0&industry_group=A&FromDate=13&FromMonth=05&FromYear=2000&ToDate=13&ToMonth=11&ToYear=2020&Variable=Issuer,https://www.sedar.com/ModifyCompanyDocumentSearchForm.do?lang=EN&company_search=Leon's Furniture Ltd&document_selection=0&industry_group=A&FromDate=13&FromMonth=05&FromYear=2000&ToDate=13&ToMonth=11&ToYear=2020&Variable=Issuer,1620594540,17:09:00,20210509
17,2003-12-31,LNF.TO,CAD,2003-12-31,2003-12-31,FY,456352000,294316000,162036000,0.3550680176705701,0.0,71874000.0,27193000.0,0.0,118161000.0,412477000,0.0,9881000.0,53756000,0.11779503541126148,43875000,0.09614288969917958,13737000.0,61002000,0.13367312951405932,22150000,38852000,0.08513603534114017,0.5025,0.485,77113376,79908164,https://www.sedar.com/ModifyCompanyDocumentSearchForm.do?lang=EN&company_search=Leon's Furniture Ltd&document_selection=0&industry_group=A&FromDate=13&FromMonth=05&FromYear=2000&ToDate=13&ToMonth=11&ToYear=2020&Variable=Issuer,https://www.sedar.com/ModifyCompanyDocumentSearchForm.do?lang=EN&company_search=Leon's Furniture Ltd&document_selection=0&industry_group=A&FromDate=13&FromMonth=05&FromYear=2000&ToDate=13&ToMonth=11&ToYear=2020&Variable=Issuer,1620594540,17:09:00,20210509
18,2002-12-31,LNF.TO,CAD,2002-12-31,2002-12-31,FY,449693000,380060000,69633000,0.1548456391360328,0.0,0.0,0.0,0.0,8552000.0,388612000,0.0,8552000.0,69633000,0.1548456391360328,61081000,0.13582822058604427,0.0,63731000,0.14172112974851733,25211000,38520000,0.08565843808998584,0.49,0.4825,78356000,81312000,https://www.sedar.com/ModifyCompanyDocumentSearchForm.do?lang=EN&company_search=Leon's Furniture Ltd&document_selection=0&industry_group=A&FromDate=13&FromMonth=05&FromYear=2000&ToDate=13&ToMonth=11&ToYear=2020&Variable=Issuer,https://www.sedar.com/ModifyCompanyDocumentSearchForm.do?lang=EN&company_search=Leon's Furniture Ltd&document_selection=0&industry_group=A&FromDate=13&FromMonth=05&FromYear=2000&ToDate=13&ToMonth=11&ToYear=2020&Variable=Issuer,1620594540,17:09:00,20210509
19,2001-12-31,LNF.TO,CAD,2001-12-31,2001-12-31,FY,425687000,248445000,177242000,0.4163669550632272,0.0,89243000.0,27263000.0,0.0,131610000.0,380055000,0.0,7742000.0,53374000,0.12538320409126893,45632000,0.10719613236955791,13035000.0,62845000,0.14763194553744888,26522000,36323000,0.08532795222781057,0.455,0.4475,79702700,81062712,https://www.sedar.com/ModifyCompanyDocumentSearchForm.do?lang=EN&company_search=Leon's Furniture Ltd&document_selection=0&industry_group=A&FromDate=13&FromMonth=05&FromYear=2000&ToDate=13&ToMonth=11&ToYear=2020&Variable=Issuer,https://www.sedar.com/ModifyCompanyDocumentSearchForm.do?lang=EN&company_search=Leon's Furniture Ltd&document_selection=0&industry_group=A&FromDate=13&FromMonth=05&FromYear=2000&ToDate=13&ToMonth=11&ToYear=2020&Variable=Issuer,1620594540,17:09:00,20210509
20,2000-12-31,LNF.TO,CAD,2000-12-31,2000-12-31,FY,402236000,234798000,167438000,0.4162680615360137,0.0,107866000.0,0.0,0.0,122124000.0,356922000,0.0,6933000.0,52247000,0.12989140703467617,45314000,0.11265525711273978,13646000.0,64001000,0.15911305800574788,27301000,36700000,0.09123996857566205,0.45,0.445,81459888,82302736,https://www.sedar.com/ModifyCompanyDocumentSearchForm.do?lang=EN&company_search=Leon's Furniture Ltd&document_selection=0&industry_group=A&FromDate=13&FromMonth=05&FromYear=2000&ToDate=13&ToMonth=11&ToYear=2020&Variable=Issuer,https://www.sedar.com/ModifyCompanyDocumentSearchForm.do?lang=EN&company_search=Leon's Furniture Ltd&document_selection=0&industry_group=A&FromDate=13&FromMonth=05&FromYear=2000&ToDate=13&ToMonth=11&ToYear=2020&Variable=Issuer,1620594540,17:09:00,20210509
21,1999-12-31,LNF.TO,CAD,1999-12-31,1999-12-31,FY,370800000,217600000,153200000,0.41316073354908306,0.0,103400000.0,0.0,0.0,109800000.0,327400000,0.0,6400000.0,49800000,0.1343042071197411,43400000,0.11704422869471413,16000000.0,64100000,0.17286947141316072,27900000,36200000,0.09762675296655879,0.4475,0.4325,80893855,83699422,https://www.sedar.com/ModifyCompanyDocumentSearchForm.do?lang=EN&company_search=Leon's Furniture Ltd&document_selection=0&industry_group=A&FromDate=13&FromMonth=05&FromYear=2000&ToDate=13&ToMonth=11&ToYear=2020&Variable=Issuer,https://www.sedar.com/ModifyCompanyDocumentSearchForm.do?lang=EN&company_search=Leon's Furniture Ltd&document_selection=0&industry_group=A&FromDate=13&FromMonth=05&FromYear=2000&ToDate=13&ToMonth=11&ToYear=2020&Variable=Issuer,1620594540,17:09:00,20210509
22,1998-12-31,LNF.TO,CAD,1998-12-31,1998-12-31,FY,336900000,199400000,137500000,0.40813297714455327,0.0,97700000.0,0.0,0.0,103300000.0,302700000,0.0,5600000.0,39800000,0.11813594538438706,34200000,0.10151380231522707,13800000.0,47900000,0.14217868803799347,21500000,26400000,0.07836153161175423,0.3275,0.3175,80610687,83149606,https://www.sedar.com/ModifyCompanyDocumentSearchForm.do?lang=EN&company_search=Leon's Furniture Ltd&document_selection=0&industry_group=A&FromDate=13&FromMonth=05&FromYear=2000&ToDate=13&ToMonth=11&ToYear=2020&Variable=Issuer,https://www.sedar.com/ModifyCompanyDocumentSearchForm.do?lang=EN&company_search=Leon's Furniture Ltd&document_selection=0&industry_group=A&FromDate=13&FromMonth=05&FromYear=2000&ToDate=13&ToMonth=11&ToYear=2020&Variable=Issuer,1620594540,17:09:00,20210509
23,1997-12-31,LNF.TO,CAD,1997-12-31,1997-12-31,FY,315800000,187700000,128100000,0.4056364787840405,0.0,93400000.0,0.0,0.0,98900000.0,286600000,0.0,5500000.0,34700000,0.10987967067764408,29200000,0.09246358454718176,10500000.0,39700000,0.12571247625079163,18100000,21600000,0.06839772007599747,0.27,0.2625,80000000,82285714,https://www.sedar.com/ModifyCompanyDocumentSearchForm.do?lang=EN&company_search=Leon's Furniture Ltd&document_selection=0&industry_group=A&FromDate=13&FromMonth=05&FromYear=2000&ToDate=13&ToMonth=11&ToYear=2020&Variable=Issuer,https://www.sedar.com/ModifyCompanyDocumentSearchForm.do?lang=EN&company_search=Leon's Furniture Ltd&document_selection=0&industry_group=A&FromDate=13&FromMonth=05&FromYear=2000&ToDate=13&ToMonth=11&ToYear=2020&Variable=Issuer,1620594540,17:09:00,20210509
