,date,symbol,reportedCurrency,fillingDate,acceptedDate,period,revenue,costOfRevenue,grossProfit,grossProfitRatio,researchAndDevelopmentExpenses,generalAndAdministrativeExpenses,sellingAndMarketingExpenses,otherExpenses,operatingExpenses,costAndExpenses,interestExpense,depreciationAndAmortization,ebitda,ebitdaratio,operatingIncome,operatingIncomeRatio,totalOtherIncomeExpensesNet,incomeBeforeTax,incomeBeforeTaxRatio,incomeTaxExpense,netIncome,netIncomeRatio,eps,epsdiluted,weightedAverageShsOut,weightedAverageShsOutDil,link,finalLink,timestamp,est_time,est_date
0,2017-12-29,AFAM,USD,2018-02-27 00:00:00,2018-02-27 14:25:20,FY,796965000.0,419394000.0,377571000.0,0.47376108110142856,0.0,348353000.0,0.0,0.0,348353000.0,767747000.0,7391000.0,6870000.0,36088000.0,0.045281787782399475,29218000.0,0.03666158488766759,0.0,21827000.0,0.027387651904412363,-2110000.0,20414000.0,0.025614675675845237,1.5077923037151932,1.4838991059097186,13539000.0,13757000.0,https://www.sec.gov/Archives/edgar/data/799231/000155837018001156/0001558370-18-001156-index.html,https://www.sec.gov/Archives/edgar/data/799231/000155837018001156/afam-20171229x10k.htm,1620586265,14:51:05,20210509
1,2016-12-30,AFAM,USD,2017-03-14 00:00:00,2017-03-14 17:14:10,FY,623541000.0,335472000.0,288069000.0,0.46198886681068285,0.0,253137000.0,0.0,0.0,253137000.0,588609000.0,0.0,4781000.0,39713000.0,0.0636894767144422,34932000.0,0.05602197770475398,0.0,29156000.0,0.04675875363448434,10984000.0,17653000.0,0.028310888939139526,1.7386979217965133,1.7062632901604484,10153000.0,10346000.0,https://www.sec.gov/Archives/edgar/data/799231/000155837017001777/0001558370-17-001777-index.html,https://www.sec.gov/Archives/edgar/data/799231/000155837017001777/afam-20161230x10k.htm,1620586265,14:51:05,20210509
2,2016-01-01,AFAM,USD,2016-03-02 00:00:00,2016-03-02 10:54:45,FY,532214000.0,281842000.0,250372000.0,0.47043482508915585,0.0,218269000.0,0.0,0.0,218269000.0,500111000.0,0.0,4208000.0,36311000.0,0.06822631497856126,32103000.0,0.06031972101447914,0.0,30097000.0,0.056550560488825924,10556000.0,20009000.0,0.03759577914147317,2.105102577590742,2.053258081067214,9505000.0,9745000.0,https://www.sec.gov/Archives/edgar/data/799231/000155837016003766/0001558370-16-003766-index.html,https://www.sec.gov/Archives/edgar/data/799231/000155837016003766/afam-20160101x10k.htm,1620586265,14:51:05,20210509
3,2014-12-31,AFAM,USD,2015-02-27,2015-02-27 16:09:55,FY,495829000.0,263994000.0,231835000.0,0.467570472884805,0.0,207193000.0,0.0,0.0,207193000.0,471187000.0,0.0,4103000.0,28745000.0,0.05797361590387008,24642000.0,0.04969858560108424,0.0,23207000.0,0.046804442660675356,9511000.0,13524000.0,0.02727553249204867,1.4490517518482804,1.4292961318960051,9333000.0,9462000.0,https://www.sec.gov/Archives/edgar/data/799231/000110465915015169/0001104659-15-015169-index.htm,https://www.sec.gov/Archives/edgar/data/799231/000110465915015169/a14-26222_110k.htm,1620586265,14:51:05,20210509
4,2013-12-31,AFAM,USD,2014-03-14,2014-03-14 12:04:50,FY,357812000.0,191268000.0,166544000.0,0.46545113076140543,0.0,152001000.0,0.0,0.0,152001000.0,343269000.0,0.0,2863000.0,17406000.0,0.048645657496115276,14543000.0,0.04064424893519502,0.0,14374000.0,0.04017193386471108,6020000.0,8048000.0,0.022492258504466033,0.8673348421166074,0.8585449114572221,9279000.0,9374000.0,https://www.sec.gov/Archives/edgar/data/799231/000110465914019646/0001104659-14-019646-index.htm,https://www.sec.gov/Archives/edgar/data/799231/000110465914019646/a14-3023_110k.htm,1620586265,14:51:05,20210509
5,2012-12-31,AFAM,USD,2013-03-14 00:00:00,2013-03-14 15:53:52,FY,348524000.0,180824000.0,167700000.0,0.48117202832516554,0.0,139156000.0,0.0,0.0,139156000.0,319980000.0,0.0,2578000.0,31122000.0,0.08929657641941445,28544000.0,0.08189966831552489,0.0,28440000.0,0.08160126705764882,11156000.0,17284000.0,0.04959199366471176,1.8614970382337104,1.8537108537108538,9285000.0,9324000.0,https://www.sec.gov/Archives/edgar/data/799231/000110465913020630/0001104659-13-020630-index.html,https://www.sec.gov/Archives/edgar/data/799231/000110465913020630/a13-1260_110k.htm,1620586265,14:51:05,20210509
6,2011-12-31,AFAM,USD,2012-02-22 00:00:00,2012-02-22 09:19:32,FY,339853000.0,167058000.0,172795000.0,0.5084404139436757,0.0,138234000.0,0.0,0.0,138234000.0,305292000.0,0.0,2816000.0,37377000.0,0.10997990307574157,34561000.0,0.10169396768602897,0.0,34381000.0,0.10116432692958426,13579000.0,20802000.0,0.06120881675312562,2.2420780340590643,2.2224358974358975,9278000.0,9360000.0,https://www.sec.gov/Archives/edgar/data/799231/000110465912011520/0001104659-12-011520-index.html,https://www.sec.gov/Archives/edgar/data/799231/000110465912011520/a11-31130_110k.htm,1620586265,14:51:05,20210509
7,2010-12-31,AFAM,USD,2011-02-28 00:00:00,2011-02-28 07:51:03,FY,336924000.0,153763000.0,183161000.0,0.5436270494236088,0.0,131504000.0,0.0,0.0,131504000.0,285267000.0,266000.0,2913000.0,54570000.0,0.16196530968408307,51657000.0,0.15331944296043024,0.0,51391000.0,0.15252994740653678,-20678000.0,30713000.0,0.09115705619071364,9.12448,9.12448,3366000.0,3366000.0,https://www.sec.gov/Archives/edgar/data/799231/000079923111000014/0000799231-11-000014-index.html,https://www.sec.gov/Archives/edgar/data/799231/000079923111000014/form10-k.htm,1620586265,14:51:05,20210509
8,2009-12-31,AFAM,USD,2010-02-25 00:00:00,2010-02-24 18:07:44,FY,297849000.0,138565000.0,159284000.0,0.5347810467720221,0.0,81589000.0,0.0,0.0,117209000.0,255774000.0,803000.0,2385000.0,44460000.0,0.14927026782027134,42075000.0,0.14126285466796934,0.0,41272000.0,0.13856685770306432,-16583000.0,24564000.0,0.08247131935980984,8.37219,8.37219,2934000.0,2934000.0,https://www.sec.gov/Archives/edgar/data/799231/000110465910009250/0001104659-10-009250-index.html,https://www.sec.gov/Archives/edgar/data/799231/000110465910009250/a10-3820_110k.htm,1620586265,14:51:05,20210509
9,2008-12-31,AFAM,USD,2009-03-06 00:00:00,2009-03-06 15:02:14,FY,212600271000.0,98959401000.0,113640870000.0,0.5345283402766688,0.0,0.0,0.0,0.0,85434886.0,184394287000.0,-1147417000.0,1330185000.0,29536169000.0,0.13892818132861176,28205984000.0,0.13267143953922805,0.0,27058567000.0,0.1272743768045338,-10654393000.0,16292883000.0,0.07663622874685799,7.36901,7.36901,2211000000.0,2211000000.0,https://www.sec.gov/Archives/edgar/data/799231/000079923109000008/0000799231-09-000008-index.html,https://www.sec.gov/Archives/edgar/data/799231/000079923109000008/form10k2008draft10.htm,1620586265,14:51:05,20210509
10,2007-12-31,AFAM,USD,2008-03-12,2008-03-12 17:16:22,FY,132130056000.0,63880104000.0,68249952000.0,0.5165361619161049,0.0,0.0,0.0,0.0,54326419.0,118206523000.0,-836911000.0,842201000.0,14765734000.0,0.11175151549167586,13923533000.0,0.10537748504397819,0.0,13086622000.0,0.09904349090717104,-5272149000.0,7603560000.0,0.05754602874004685,5.43888,5.43888,1398000000.0,1398000000.0,https://www.sec.gov/Archives/edgar/data/799231/000079923108000005/0000799231-08-000005-index.htm,https://www.sec.gov/Archives/edgar/data/799231/000079923108000005/annualreport2007final.htm,1620586265,14:51:05,20210509
11,2006-12-31,AFAM,USD,2006-12-31,2006-12-31,FY,91811948.0,46963399.0,44848549.0,0.4884827081547164,0.0,0.0,0.0,0.0,37811433.0,0.0,0.0,1003766.0,8040882.0,0.08757990844503158,7037116.0,0.07664706122998284,0.0,7091556.0,0.07724001237834535,2818030.0,4239443.0,0.04617528646707289,0.87,0.8,4853535.0,5326997.0,,,1620586265,14:51:05,20210509
12,2005-12-31,AFAM,USD,2005-12-31,2005-12-31,FY,75620145.0,39662307.0,35957838.0,0.4755060705054189,0.0,0.0,0.0,0.0,31867786.0,0.0,112608.0,1189565.0,5279617.0,0.06981759952986073,4090052.0,0.05408680451485513,267426.0,4244870.0,0.05613411611416508,1361582.0,7868468.0,0.10405253785218212,1.685,1.51,4674578.0,5218658.0,,,1620586265,14:51:05,20210509
13,2004-12-31,AFAM,USD,2004-12-31,2004-12-31,FY,86827180.0,73097205.0,13729975.0,0.1581299196864392,0.0,0.0,0.0,0.0,10723857.0,0.0,447038.0,2459463.0,5465581.0,0.06294781196394954,3006118.0,0.03462185458516561,-43363.0,2515717.0,0.02897384206189813,985821.0,1191255.0,0.013719839801315671,0.26,0.23,4606534.0,5134936.0,,,1620586265,14:51:05,20210509
14,2003-12-31,AFAM,USD,2004-03-26,2004-03-26,FY,86899165.0,72555416.0,14343749.0,0.16506198880046777,0.0,0.0,0.0,0.0,11642218.0,0.0,661019.0,2545877.0,5247408.0,0.06038502211154733,2701531.0,0.031088112296591114,-123785.0,1916727.0,0.022056909292511615,650676.0,2120197.0,0.02439835871840656,0.46,0.42,4589542.0,5077742.0,https://www.sec.gov/Archives/edgar/data/799231/000079923104000007/0000799231-04-000007-index.htm,https://www.sec.gov/Archives/edgar/data/799231/000079923104000007/december200310-k.txt,1620586265,14:51:05,20210509
15,2002-12-31,AFAM,USD,2002-12-31,2002-12-31,FY,85769537.0,70589552.0,15179985.0,0.17698574028678737,0.0,0.0,0.0,0.0,11417873.0,0.0,813555.0,2176844.0,5938956.0,0.06924318595773696,3762112.0,0.043863032628939105,-815794.0,2132763.0,0.024866206284872447,787850.0,1344913.0,0.0156805440141294,0.28,0.245,4832448.0,5439618.0,,,1620586265,14:51:05,20210509
16,2001-03-31,AFAM,USD,2001-03-31,2001-03-31,FY,49680572.0,41364291.0,8316281.0,0.1673950332133857,0.0,4355592.0,0.0,0.0,5220020.0,46584311.0,73877.0,864428.0,3960689.0,0.07972309578078127,3096261.0,0.06232337663100981,0.0,3022384.0,0.060836336586462814,1420521.0,2211848.0,0.04452138755568273,0.35,0.335,6291022.0,6613364.0,,,1620586265,14:51:05,20210509
17,2000-03-31,AFAM,USD,2000-03-31,2000-03-31,FY,44723677.0,37330896.0,7392781.0,0.16529904283138436,0.0,5324052.0,0.0,0.0,6264442.0,43595338.0,317550.0,940390.0,2068729.0,0.04625578974644683,1128339.0,0.025229119689778638,-508509.0,302280.0,0.006758836041142145,126958.0,-4742953.0,-0.10605015772741584,-0.76,-0.76,6248032.0,6248032.0,,,1620586265,14:51:05,20210509
18,1999-03-31,AFAM,USD,1999-03-31,1999-03-31,FY,97161643.0,80430802.0,16730841.0,0.17219594567786384,0.0,12970120.0,0.0,0.0,15934592.0,96365394.0,1561916.0,2414472.0,3210721.0,0.033045149308559965,796249.0,0.008195096083338155,-7266098.0,-8031765.0,-0.08266394795320618,-2186613.0,-6227667.0,-0.06409594164643757,-1.0,-1.0,6240872.0,6240872.0,,,1620586265,14:51:05,20210509
19,1998-03-31,AFAM,USD,1998-03-31,1998-03-31,FY,95182600.0,75711768.0,19470832.0,0.20456293482212085,0.0,13491494.0,0.0,0.0,16074147.0,91785915.0,993602.0,2582653.0,5979338.0,0.06281965401239302,3396685.0,0.035685986724464346,0.0,2403083.0,0.025247082975249677,991272.0,1411811.0,0.014832658490102183,0.22622015000467882,0.22326728038596885,6240872.0,6323412.0,,,1620586265,14:51:05,20210509
20,1997-03-31,AFAM,USD,1997-03-31,1997-03-31,FY,76773039.0,60268808.0,16504231.0,0.21497430888465938,0.0,11578568.0,0.0,0.0,13817762.0,74086570.0,771099.0,2239194.0,4925663.0,0.06415876021268352,2686469.0,0.03499234933242645,0.0,1915370.0,0.024948471819644914,156000.0,1759370.0,0.022916508489393,0.28,0.28,6283730.0,6283730.0,,,1620586265,14:51:05,20210509
21,1996-03-31,AFAM,USD,1996-03-31,1996-03-31,FY,63226968.0,48729847.0,14497121.0,0.22928698716028895,0.0,10106894.0,0.0,0.0,12163986.0,60893833.0,622852.0,2057092.0,4390227.0,0.06943598813721386,2333135.0,0.036900947076886556,0.0,1710283.0,0.027049897442496373,135000.0,1575283.0,0.024914732586892353,0.25,0.25,6297414.0,6297414.0,,,1620586265,14:51:05,20210509
22,1995-03-31,AFAM,USD,1995-03-31,1995-03-31,FY,60800000.0,48200000.0,12600000.0,0.20723684210526316,0.0,8300000.0,0.0,0.0,10600000.0,58800000.0,800000.0,2300000.0,4300000.0,0.07072368421052631,2000000.0,0.03289473684210526,100000.0,1300000.0,0.02138157894736842,100000.0,1200000.0,0.019736842105263157,0.2,0.2,6000000.0,6000000.0,,,1620586265,14:51:05,20210509
23,1994-03-31,AFAM,USD,1994-03-31,1994-03-31,FY,50900000.0,41100000.0,9800000.0,0.1925343811394892,0.0,6500000.0,0.0,0.0,8500000.0,49600000.0,600000.0,2000000.0,3300000.0,0.06483300589390963,1300000.0,0.025540275049115914,0.0,700000.0,0.0137524557956778,100000.0,600000.0,0.011787819253438114,0.1,0.1,6000000.0,6000000.0,,,1620586265,14:51:05,20210509
24,1993-03-31,AFAM,USD,1993-03-31,1993-03-31,FY,36500000.0,29900000.0,6600000.0,0.18082191780821918,0.0,4200000.0,0.0,0.0,5600000.0,35500000.0,500000.0,1400000.0,2400000.0,0.06575342465753424,1000000.0,0.0273972602739726,-1100000.0,-600000.0,-0.01643835616438356,100000.0,-700000.0,-0.019178082191780823,-0.15,-0.15,4666667.0,4666667.0,,,1620586265,14:51:05,20210509
25,1992-03-31,AFAM,USD,1992-03-31,1992-03-31,FY,42100000.0,28600000.0,13500000.0,0.32066508313539194,0.0,12300000.0,0.0,0.0,13900000.0,42500000.0,1100000.0,1600000.0,1200000.0,0.028503562945368172,-400000.0,-0.009501187648456057,1300000.0,-200000.0,-0.004750593824228029,100000.0,-500000.0,-0.011876484560570071,-0.1,-0.1,5000000.0,5000000.0,,,1620586265,14:51:05,20210509
26,1991-03-31,AFAM,USD,1991-03-31,1991-03-31,FY,11200000.0,5000000.0,6200000.0,0.5535714285714286,0.0,8000000.0,0.0,0.0,8700000.0,13700000.0,700000.0,700000.0,-1800000.0,-0.16071428571428573,-2500000.0,-0.22321428571428573,100000.0,0.0,0.0,0.0,-3200000.0,-0.2857142857142857,-0.95,-0.95,3368421.0,3368421.0,,,1620586265,14:51:05,20210509
27,1990-05-31,AFAM,USD,1990-05-31,1990-05-31,FY,12400000.0,5200000.0,7200000.0,0.5806451612903226,0.0,8000000.0,0.0,0.0,8700000.0,13900000.0,800000.0,700000.0,-800000.0,-0.06451612903225806,-1500000.0,-0.12096774193548387,700000.0,-1600000.0,-0.12903225806451613,200000.0,-1800000.0,-0.14516129032258066,-0.625,-0.625,2880000.0,2880000.0,,,1620586265,14:51:05,20210509
28,1989-05-31,AFAM,USD,1989-05-31,1989-05-31,FY,9500000.0,4600000.0,4900000.0,0.5157894736842106,0.0,5100000.0,0.0,0.0,5300000.0,9900000.0,200000.0,200000.0,-200000.0,-0.021052631578947368,-400000.0,-0.042105263157894736,-3800000.0,-4400000.0,-0.4631578947368421,-100000.0,-4300000.0,-0.45263157894736844,-1.525,-1.525,2819672.0,2819672.0,,,1620586265,14:51:05,20210509
29,1988-05-31,AFAM,USD,1988-05-31,1988-05-31,FY,6400000.0,3200000.0,3200000.0,0.5,0.0,3000000.0,0.0,0.0,3000000.0,6200000.0,0.0,0.0,200000.0,0.03125,200000.0,0.03125,300000.0,500000.0,0.078125,200000.0,300000.0,0.046875,0.15,0.15,2892000.0,2892000.0,,,1620586265,14:51:05,20210509
