,date,symbol,reportedCurrency,fillingDate,acceptedDate,period,revenue,costOfRevenue,grossProfit,grossProfitRatio,researchAndDevelopmentExpenses,generalAndAdministrativeExpenses,sellingAndMarketingExpenses,otherExpenses,operatingExpenses,costAndExpenses,interestExpense,depreciationAndAmortization,ebitda,ebitdaratio,operatingIncome,operatingIncomeRatio,totalOtherIncomeExpensesNet,incomeBeforeTax,incomeBeforeTaxRatio,incomeTaxExpense,netIncome,netIncomeRatio,eps,epsdiluted,weightedAverageShsOut,weightedAverageShsOutDil,link,finalLink,timestamp,est_time,est_date
0,2020-03-31,0948.HK,HKD,2020-03-31,2020-03-31,FY,147930000.0,148300000.0,-370000.0,-0.0025011829919556546,0.0,30833000.0,1311000.0,0.0,0.0,180356000.0,700000.0,8699000.0,-23727000.0,-0.1603934293246806,-32426000.0,-0.21919826945176774,0.0,-32045000.0,-0.21662272696545665,18000.0,-88056000.0,-0.5952545122693166,-0.296,-0.296,297491000,297491000,https://www1.hkexnews.hk/search/titlesearch.xhtml,https://www1.hkexnews.hk/search/titlesearch.xhtml,1620584997,14:29:57,20210509
1,2019-03-31,0948.HK,HKD,2019-03-31,2019-03-31,FY,365352000.0,306817000.0,58535000.0,0.16021535396001665,0.0,29218000.0,949000.0,0.0,0.0,331965000.0,0.0,3505000.0,36892000.0,0.10097659243688278,33387000.0,0.0913831045129081,0.0,33525000.0,0.09176082243972936,4937000.0,28783000.0,0.07878155860649456,0.109,0.109,262870558,262870558,https://www1.hkexnews.hk/search/titlesearch.xhtml,https://www1.hkexnews.hk/search/titlesearch.xhtml,1620584997,14:29:57,20210509
2,2018-03-31,0948.HK,HKD,2018-03-31,2018-03-31,FY,293292000.0,250186000.0,43106000.0,0.146972982556633,0.0,16284000.0,1238000.0,0.0,0.0,264454000.0,576000.0,234000.0,29072000.0,0.09912305824911692,28838000.0,0.09832521855352346,0.0,-169908000.0,-0.5793134487132278,5820000.0,-175728000.0,-0.5991571539626038,-1.47,-1.47,119512139,119512139,https://www1.hkexnews.hk/search/titlesearch.xhtml,https://www1.hkexnews.hk/search/titlesearch.xhtml,1620584997,14:29:57,20210509
3,2017-03-31,0948.HK,HKD,2017-03-31,2017-03-31,FY,178575758.33062,152804970.55348,25770787.77714,0.144312912447093,0.0,12114339.968640001,858685.07634,0.0,0.0,162745944.37458,510422.05032,81000.0,15910813.95604,0.08909839781602545,15829813.95604,0.0886448088140399,0.0,13867950.11798,0.07765863769876592,3182707.95458,10685242.1634,0.05983590529469881,0.183503,0.183503,58143056,58143056,https://www1.hkexnews.hk/search/titlesearch.xhtml,https://www1.hkexnews.hk/search/titlesearch.xhtml,1620584997,14:29:57,20210509
4,2016-03-31,0948.HK,HKD,2016-03-31,2016-03-31,FY,98605644.10776,82635167.2014,15970476.90636,0.1619631112485494,0.0,7046518.47606,131717.6559,0.0,0.0,89813403.33336,0.0,0.0,8820042.2343,0.08944764079286499,8792240.7744,0.08916569486419565,0.0,4882905.72594,0.04951953582498559,1978936.60896,2903969.11698,0.02945033363208329,0.050862,0.050862,58143056,58143056,https://www1.hkexnews.hk/search/titlesearch.xhtml,https://www1.hkexnews.hk/search/titlesearch.xhtml,1620584997,14:29:57,20210509
5,2015-03-31,0948.HK,HKD,2015-03-31,2015-03-31,FY,0.0,0.0,0.0,0.0,0.0,8771782.98315,0.0,0.0,0.0,8771782.98315,0.0,0.0,-8771782.98315,0.0,-8771782.98315,0.0,0.0,-391464969.3141,0.0,0.0,-391464969.3141,0.0,-6.734719,-6.734719,58143056,58143056,https://www1.hkexnews.hk/search/titlesearch.xhtml,https://www1.hkexnews.hk/search/titlesearch.xhtml,1620584997,14:29:57,20210509
6,2014-03-31,0948.HK,HKD,2014-03-31,2014-03-31,FY,1020657479.03985,971082470.38255,49575008.6573,0.048571641001382816,0.0,30838257.81975,0.0,0.0,0.0,1001530542.96425,24957145.0244,0.0,26732991.77535,0.02619193247914882,19126936.0756,0.01873981866433099,0.0,-610055220.9788,-0.5977080788676428,359360.5189,-610414581.4977,-0.5980601661508692,-11.347607,-11.347607,53788985,53788985,https://www1.hkexnews.hk/search/titlesearch.xhtml,https://www1.hkexnews.hk/search/titlesearch.xhtml,1620584997,14:29:57,20210509
7,2013-03-31,0948.HK,HKD,2013-03-31,2013-03-31,FY,1396003743.51426,1317053337.14541,78950406.36885,0.056554580699119394,0.0,33703265.68503,4626.96852,21638243.42151,0.0,1346131481.9925,19336675.93446,5767780.21476,55640041.73652,0.0398566565419469,49872261.52176,0.03572501990303621,0.0,37460061.35184,0.026833782879076746,4353022.48281,33107038.86903,0.023715580293278644,0.682298,0.682298,48452593,48452593,https://www1.hkexnews.hk/search/titlesearch.xhtml,https://www1.hkexnews.hk/search/titlesearch.xhtml,1620584997,14:29:57,20210509
8,2012-03-31,0948.HK,HKD,2012-03-31,2012-03-31,FY,1062824907.71688,1007529383.57687,55295524.14001,0.052026936646407486,0.0,31716231.82035,1195728.1105,-901444.62639,0.0,1009078393.22752,5008939.61799,9684170.51063,63430684.99999,0.05968121798749465,53746514.48936,0.05056949089085258,0.0,46673512.81285,0.043914583177310236,6776520.13423,39896992.67862,0.037538631611791266,0.8234232722822492,0.8227937541208783,48452593,48489664,https://www1.hkexnews.hk/search/titlesearch.xhtml,https://www1.hkexnews.hk/search/titlesearch.xhtml,1620584997,14:29:57,20210509
9,2011-03-31,0948.HK,HKD,2011-03-31,2011-03-31,FY,1154481038.24761,1047463651.77769,107017386.46992,0.09269739642702315,0.0,37106934.64018,4244149.25593,33398098.70818,0.0,1078406997.79018,4765449.34586,18168438.14568,94242478.60311,0.08163189821303685,76074040.45743,0.06589457768219649,0.0,104706689.81975,0.09069589395654741,15653265.05606,89053424.76369,0.07713719135557603,1.919873,1.919873,46397397,46397397,https://www1.hkexnews.hk/search/titlesearch.xhtml,https://www1.hkexnews.hk/search/titlesearch.xhtml,1620584997,14:29:57,20210509
10,2010-03-31,0948.HK,HKD,2010-03-31,2010-03-31,FY,1082801941.19908,992431749.37416,90370191.82492,0.08345957685007961,0.0,36528893.6619,350097.14762,0.0,0.0,1022148994.4103,3957746.18844,15935759.99628,76588706.78505999,0.07073196294813316,60652946.78878,0.056014811648392275,0.0,56695200.60034,0.05235971459153141,16307248.5618,40387952.03854,0.0372994824832092,1.028699,1.028699,39217158,39217158,https://www1.hkexnews.hk/search/titlesearch.xhtml,https://www1.hkexnews.hk/search/titlesearch.xhtml,1620584997,14:29:57,20210509
11,2009-03-31,0948.HK,HKD,2009-03-31,2009-03-31,FY,803118012.63264,737182909.26336,65935103.36928,0.08209889746233329,0.0,39557354.26848,366520.38312,0.0,0.0,767366259.24216,4213856.73432,12230834.24424,47982587.63472,0.059745375997024314,35751753.39048,0.044516189187794326,0.0,34908402.31968,0.04346609311531866,4600651.95456,30686624.75832,0.03820935936641305,0.813314,0.813314,37932242,37932242,https://www1.hkexnews.hk/search/titlesearch.xhtml,https://www1.hkexnews.hk/search/titlesearch.xhtml,1620584997,14:29:57,20210509
12,2008-03-31,0948.HK,HKD,2008-03-31,2008-03-31,FY,930809376.41612,804921923.90744,125887452.50868,0.13524514868273285,0.0,44934472.79827,10188.03863,0.0,0.0,845379932.86293,6165179.88989,8546558.03472,93976001.58791,0.10096159747524702,85429443.55319,0.09177974107020448,0.0,85051715.59995,0.09137393515246184,6304286.7,79237178.5797,0.0851271813405937,2.358369,2.358369,33643119,33643119,https://www1.hkexnews.hk/search/titlesearch.xhtml,https://www1.hkexnews.hk/search/titlesearch.xhtml,1620584997,14:29:57,20210509
13,2007-03-31,0948.HK,HKD,2007-03-31,2007-03-31,FY,361356508.7072,279922366.2912,81434142.416,0.2253567888048876,0.0,15574072.1056,53998.8256,0.0,0.0,295249096.7488,1087600.2432,2652995.968,68760407.9264,0.1902841273633048,66107411.9584,0.1829423584894261,0.0,72829449.4752,0.20154459023239085,3484388.8512,69894984.7264,0.19342389867684526,2.233691,2.233691,31223613,31223613,https://www1.hkexnews.hk/search/titlesearch.xhtml,https://www1.hkexnews.hk/search/titlesearch.xhtml,1620584997,14:29:57,20210509
