,date,symbol,reportedCurrency,fillingDate,acceptedDate,period,revenue,costOfRevenue,grossProfit,grossProfitRatio,researchAndDevelopmentExpenses,generalAndAdministrativeExpenses,sellingAndMarketingExpenses,otherExpenses,operatingExpenses,costAndExpenses,interestExpense,depreciationAndAmortization,ebitda,ebitdaratio,operatingIncome,operatingIncomeRatio,totalOtherIncomeExpensesNet,incomeBeforeTax,incomeBeforeTaxRatio,incomeTaxExpense,netIncome,netIncomeRatio,eps,epsdiluted,weightedAverageShsOut,weightedAverageShsOutDil,link,finalLink,timestamp,est_time,est_date
0,2020-12-31,LI.PA,EUR,2020-12-31,2020-12-31,FY,1062400000,216200000.0,846200000.0,0.7964984939759037,1600000.0,41400000.0,0.0,0.0,0.0,285000000,171000000.0,20000000,797400000,0.7505647590361446,777400000,-0.9436182228915663,0.0,-1002500000,-0.9436182228915663,-71300000.0,-785700000,-0.7395519578313253,-2.75,-2.75,285827741,286072515,https://www.infogreffe.com/recherche-entreprise-dirigeants/resultats-entreprise-dirigeants.html?ga_cat=globale&ga_q=L.I#phrase=L.I,https://www.infogreffe.com/recherche-entreprise-dirigeants/resultats-entreprise-dirigeants.html?ga_cat=globale&ga_q=L.I#phrase=L.I,1620594432,17:07:12,20210509
1,2019-12-31,LI.PA,EUR,2019-12-31,2019-12-31,FY,1522500000,39200000.0,1483300000.0,0.9742528735632184,1600000.0,49300000.0,0.0,0.0,448400000.0,487600000,187100000.0,20400000,1055300000,0.693136288998358,1034900000,0.6797372742200328,0.0,396100000,0.2601642036124795,24200000.0,324900000,0.21339901477832512,1.11,1.11,293941863,293941863,https://www.infogreffe.com/recherche-entreprise-dirigeants/resultats-entreprise-dirigeants.html?ga_cat=globale&ga_q=L.I#phrase=L.I,https://www.infogreffe.com/recherche-entreprise-dirigeants/resultats-entreprise-dirigeants.html?ga_cat=globale&ga_q=L.I#phrase=L.I,1620594432,17:07:12,20210509
2,2018-12-31,LI.PA,EUR,2018-12-31,2018-12-31,FY,1252200000,133200000.0,1119000000.0,0.8936272160996646,900000.0,65400000.0,0.0,19700000.0,108800000.0,242000000,180200000.0,13000000,1023200000,0.8171218655166906,1010200000,0.8067401373582495,0.0,1138200000,0.9089602299952084,109200000.0,838800000,0.6698610445615716,2.8,2.8,299913706,299913706,https://www.infogreffe.com/recherche-entreprise-dirigeants/resultats-entreprise-dirigeants.html?ga_cat=globale&ga_q=L.I#phrase=L.I,https://www.infogreffe.com/recherche-entreprise-dirigeants/resultats-entreprise-dirigeants.html?ga_cat=globale&ga_q=L.I#phrase=L.I,1620594432,17:07:12,20210509
3,2017-12-31,LI.PA,EUR,2017-12-31,2017-12-31,FY,1236000000,130400000.0,1105600000.0,0.8944983818770227,1000000.0,63600000.0,0.0,34300000.0,109200000.0,239600000,201500000.0,15200000,1011600000,0.8184466019417476,996400000,0.8061488673139159,0.0,1717000000,1.38915857605178,219200000.0,1228600000,0.9940129449838188,4.01,4.01,306084849,306084849,https://www.infogreffe.com/recherche-entreprise-dirigeants/resultats-entreprise-dirigeants.html?ga_cat=globale&ga_q=L.I#phrase=L.I,https://www.infogreffe.com/recherche-entreprise-dirigeants/resultats-entreprise-dirigeants.html?ga_cat=globale&ga_q=L.I#phrase=L.I,1620594432,17:07:12,20210509
4,2016-12-31,LI.PA,EUR,2016-12-31,2016-12-31,FY,1214000000,130700000.0,1083300000.0,0.892339373970346,2800000.0,63400000.0,0.0,53600000.0,112700000.0,243400000,242600000.0,14800000,985400000,0.8116968698517298,970600000,0.7995057660626029,0.0,1702500000,1.4023887973640856,225600000.0,1191300000,0.9813014827018122,3.8,3.8,311736861,311736861,https://www.infogreffe.com/recherche-entreprise-dirigeants/resultats-entreprise-dirigeants.html?ga_cat=globale&ga_q=L.I#phrase=L.I,https://www.infogreffe.com/recherche-entreprise-dirigeants/resultats-entreprise-dirigeants.html?ga_cat=globale&ga_q=L.I#phrase=L.I,1620594432,17:07:12,20210509
5,2015-12-31,LI.PA,EUR,2015-12-31,2015-12-31,FY,1208400000,140400000.0,1068000000.0,0.8838133068520357,2800000.0,77400000.0,0.0,184100000.0,537100000.0,677500000,322600000.0,408100000,939000000,0.7770605759682224,530900000,0.4393412777226084,0.0,-441300000,-0.36519364448857994,-3600000.0,-499800000,-0.41360476663356505,-1.6,-1.6,306803561,306803561,https://www.infogreffe.com/recherche-entreprise-dirigeants/resultats-entreprise-dirigeants.html?ga_cat=globale&ga_q=L.I#phrase=L.I,https://www.infogreffe.com/recherche-entreprise-dirigeants/resultats-entreprise-dirigeants.html?ga_cat=globale&ga_q=L.I#phrase=L.I,1620594432,17:07:12,20210509
6,2014-12-31,LI.PA,EUR,2014-12-31,2014-12-31,FY,833007000,87792000.0,745215000.0,0.8946083286214882,4022000.0,47584000.0,0.0,0.0,346811000.0,434603000,244490000.0,269048000,667452000,0.8012561719169227,398404000,0.47827209135097304,0.0,838463000,1.00654976488793,30382000.0,639978000,0.7682744562770781,3.3,3.3,195912339,195912339,https://www.infogreffe.com/recherche-entreprise-dirigeants/resultats-entreprise-dirigeants.html?ga_cat=globale&ga_q=L.I#phrase=L.I,https://www.infogreffe.com/recherche-entreprise-dirigeants/resultats-entreprise-dirigeants.html?ga_cat=globale&ga_q=L.I#phrase=L.I,1620594432,17:07:12,20210509
7,2013-12-31,LI.PA,EUR,2013-12-31,2013-12-31,FY,1009186000,116424000.0,892762000.0,0.8846357361279289,4431000.0,44362000.0,0.0,15000.0,398826000.0,515250000,317293000.0,324048000,817984000,0.8105383943098695,493936000,0.48944000412213406,0.0,168018000,0.16648863539525915,30998000.0,53601000,0.05311310303551575,0.3,0.3,195400982,195400982,https://www.infogreffe.com/recherche-entreprise-dirigeants/resultats-entreprise-dirigeants.html?ga_cat=globale&ga_q=L.I#phrase=L.I,https://www.infogreffe.com/recherche-entreprise-dirigeants/resultats-entreprise-dirigeants.html?ga_cat=globale&ga_q=L.I#phrase=L.I,1620594432,17:07:12,20210509
8,2012-12-31,LI.PA,EUR,2012-12-31,2012-12-31,FY,992121000,108330000.0,883791000.0,0.8908096895439165,2413000.0,43568000.0,0.0,1000.0,447247000.0,555577000,377197000.0,385535000,822079000,0.8286075992746852,436544000,0.44001084545131086,0.0,283559000,0.28581090411351034,21666000.0,166587000,0.1679099625952883,0.9,0.9,191271591,191271591,https://www.infogreffe.com/recherche-entreprise-dirigeants/resultats-entreprise-dirigeants.html?ga_cat=globale&ga_q=L.I#phrase=L.I,https://www.infogreffe.com/recherche-entreprise-dirigeants/resultats-entreprise-dirigeants.html?ga_cat=globale&ga_q=L.I#phrase=L.I,1620594432,17:07:12,20210509
9,2011-12-31,LI.PA,EUR,2011-12-31,2011-12-31,FY,851641000,0.0,0.0,0.0,1720000.0,38472000.0,0.0,-21508000.0,229860000.0,229860000,0.0,304671000,926452000,1.0878433518348694,621781000,0.7300975411000644,0.0,219662000,0.2579279297262579,21885000.0,197777000,0.23223048209280672,0.8,0.8,186336909,186336909,https://www.infogreffe.com/recherche-entreprise-dirigeants/resultats-entreprise-dirigeants.html?ga_cat=globale&ga_q=L.I#phrase=L.I,https://www.infogreffe.com/recherche-entreprise-dirigeants/resultats-entreprise-dirigeants.html?ga_cat=globale&ga_q=L.I#phrase=L.I,1620594432,17:07:12,20210509
10,2010-12-31,LI.PA,EUR,2010-12-31,2010-12-31,FY,827773000,0.0,0.0,0.0,3995000.0,35408000.0,0.0,-1627000.0,461585000.0,461585000,0.0,426164000,792352000,0.9572092832213662,366188000,0.44237731841942174,0.0,194131000,0.23452202475799525,11690000.0,182441000,0.22039979559613565,0.7,0.7,186738812,186738812,https://www.infogreffe.com/recherche-entreprise-dirigeants/resultats-entreprise-dirigeants.html?ga_cat=globale&ga_q=L.I#phrase=L.I,https://www.infogreffe.com/recherche-entreprise-dirigeants/resultats-entreprise-dirigeants.html?ga_cat=globale&ga_q=L.I#phrase=L.I,1620594432,17:07:12,20210509
11,2009-12-31,LI.PA,EUR,2009-12-31,2009-12-31,FY,895470000,98665000.0,796805000.0,0.8898176376651368,3281000.0,34511000.0,0.0,276744000.0,412127000.0,510792000,0.0,374185000,758863000,0.8474465922923158,384678000,0.4295822305604878,0.0,180894000,0.20201011759187912,-26784000.0,207678000,0.23192066735904052,0.9,0.9,178463277,178463277,https://www.infogreffe.com/recherche-entreprise-dirigeants/resultats-entreprise-dirigeants.html?ga_cat=globale&ga_q=L.I#phrase=L.I,https://www.infogreffe.com/recherche-entreprise-dirigeants/resultats-entreprise-dirigeants.html?ga_cat=globale&ga_q=L.I#phrase=L.I,1620594432,17:07:12,20210509
12,2008-12-31,LI.PA,EUR,2008-12-31,2008-12-31,FY,716973000,66213000.0,650760000.0,0.9076492420216661,2534000.0,105290000.0,0.0,2064000.0,238979000.0,305192000,0.0,218290000,630071000,0.8787932042071319,411781000,0.5743326457202712,0.0,254284000,0.3546632857862151,20397000.0,233887000,0.3262145157488497,1.4,1.4,139907235,139907235,https://www.infogreffe.com/recherche-entreprise-dirigeants/resultats-entreprise-dirigeants.html?ga_cat=globale&ga_q=L.I#phrase=L.I,https://www.infogreffe.com/recherche-entreprise-dirigeants/resultats-entreprise-dirigeants.html?ga_cat=globale&ga_q=L.I#phrase=L.I,1620594432,17:07:12,20210509
13,2007-12-31,LI.PA,EUR,2007-12-31,2007-12-31,FY,597178000,49144000.0,548034000.0,0.9177062785300195,1146000.0,154170000.0,0.0,1321000.0,184986000.0,234130000,0.0,173662000,536710000,0.8987437581424634,363048000,0.607939341368905,0.0,244445000,0.4093335655365737,13493000.0,230952000,0.38673896225246074,1.366298,1.366298,140378199,140378199,https://www.infogreffe.com/recherche-entreprise-dirigeants/resultats-entreprise-dirigeants.html?ga_cat=globale&ga_q=L.I#phrase=L.I,https://www.infogreffe.com/recherche-entreprise-dirigeants/resultats-entreprise-dirigeants.html?ga_cat=globale&ga_q=L.I#phrase=L.I,1620594432,17:07:12,20210509
14,2006-12-31,LI.PA,EUR,2006-12-31,2006-12-31,FY,519570000,39884000.0,479686000.0,0.9232365225089978,1124000.0,139580000.0,0.0,-134677000.0,160312000.0,200196000,0.0,144094000,463468000,0.8920222491675809,319374000,0.6146890698077256,0.0,216483000,0.41665800565852534,22016000.0,194467000,0.3742845044941009,1.171112,1.171112,140928931,140928931,https://www.infogreffe.com/recherche-entreprise-dirigeants/resultats-entreprise-dirigeants.html?ga_cat=globale&ga_q=L.I#phrase=L.I,https://www.infogreffe.com/recherche-entreprise-dirigeants/resultats-entreprise-dirigeants.html?ga_cat=globale&ga_q=L.I#phrase=L.I,1620594432,17:07:12,20210509
15,2005-12-31,LI.PA,EUR,2005-12-31,2005-12-31,FY,456234000,37619000.0,418615000.0,0.9175445056703359,835000.0,117767000.0,0.0,-1448000.0,161407000.0,199026000,0.0,130122000,387330000,0.8489722379305357,257208000,0.5637633319743816,0.0,163811000,0.3590503995756564,17909000.0,1459021000,3.197966394437942,0.845803,0.845803,139513400,139513400,https://www.infogreffe.com/recherche-entreprise-dirigeants/resultats-entreprise-dirigeants.html?ga_cat=globale&ga_q=L.I#phrase=L.I,https://www.infogreffe.com/recherche-entreprise-dirigeants/resultats-entreprise-dirigeants.html?ga_cat=globale&ga_q=L.I#phrase=L.I,1620594432,17:07:12,20210509
16,2004-12-31,LI.PA,EUR,2004-12-31,2004-12-31,FY,399420000,26503000.0,372917000.0,0.9336462871163187,771000.0,0.0,0.0,-208000.0,135221000.0,161724000,120701000.0,112257000,349953000,0.8761529217365179,237696000,0.5951028992038456,0.0,130341000,0.32632567222472586,3873000.0,105147000,0.2632492113564669,75.471674,75.471674,139226850,139226850,https://www.infogreffe.com/recherche-entreprise-dirigeants/resultats-entreprise-dirigeants.html?ga_cat=globale&ga_q=L.I#phrase=L.I,https://www.infogreffe.com/recherche-entreprise-dirigeants/resultats-entreprise-dirigeants.html?ga_cat=globale&ga_q=L.I#phrase=L.I,1620594432,17:07:12,20210509
17,2003-12-31,LI.PA,EUR,2003-12-31,2003-12-31,FY,390901000,285000.0,390616000.0,0.9992709151421971,0.0,36829000.0,0.0,0.0,176665000.0,176950000,0.0,96598000,310549000,0.7944441175642938,213951000,0.5473278400413404,0.0,103449000,0.264642454227541,26844000.0,107653000,0.2753970954282542,0.650618,0.650618,137591556,137591556,https://www.infogreffe.com/recherche-entreprise-dirigeants/resultats-entreprise-dirigeants.html?ga_cat=globale&ga_q=L.I#phrase=L.I,https://www.infogreffe.com/recherche-entreprise-dirigeants/resultats-entreprise-dirigeants.html?ga_cat=globale&ga_q=L.I#phrase=L.I,1620594432,17:07:12,20210509
18,2002-12-31,LI.PA,EUR,2002-12-31,2002-12-31,FY,350922000,1276000.0,349646000.0,0.9963638643345245,0.0,30670000.0,0.0,0.0,160800000.0,162076000,0.0,88456000,277302000,0.7902097902097902,188846000,0.5381423792181739,0.0,90331000,0.25741047868187233,54500000.0,98718000,0.2813103766648999,1.756668,1.756668,45863852,45863852,https://www.infogreffe.com/recherche-entreprise-dirigeants/resultats-entreprise-dirigeants.html?ga_cat=globale&ga_q=L.I#phrase=L.I,https://www.infogreffe.com/recherche-entreprise-dirigeants/resultats-entreprise-dirigeants.html?ga_cat=globale&ga_q=L.I#phrase=L.I,1620594432,17:07:12,20210509
19,2001-12-31,LI.PA,EUR,2001-12-31,2001-12-31,FY,330725000,16895000.0,313830000.0,0.9489152619245597,0.0,26741000.0,0.0,0.0,148217000.0,165112000,0.0,85250000,250863000,0.7585244538513871,165613000,0.5007574268652204,0.0,68855000,0.20819411898102652,45888000.0,82401000,0.24915261924559678,1.594014,1.594014,41141067,41141067,https://www.infogreffe.com/recherche-entreprise-dirigeants/resultats-entreprise-dirigeants.html?ga_cat=globale&ga_q=L.I#phrase=L.I,https://www.infogreffe.com/recherche-entreprise-dirigeants/resultats-entreprise-dirigeants.html?ga_cat=globale&ga_q=L.I#phrase=L.I,1620594432,17:07:12,20210509
