,date,symbol,reportedCurrency,fillingDate,acceptedDate,period,revenue,costOfRevenue,grossProfit,grossProfitRatio,researchAndDevelopmentExpenses,generalAndAdministrativeExpenses,sellingAndMarketingExpenses,otherExpenses,operatingExpenses,costAndExpenses,interestExpense,depreciationAndAmortization,ebitda,ebitdaratio,operatingIncome,operatingIncomeRatio,totalOtherIncomeExpensesNet,incomeBeforeTax,incomeBeforeTaxRatio,incomeTaxExpense,netIncome,netIncomeRatio,eps,epsdiluted,weightedAverageShsOut,weightedAverageShsOutDil,link,finalLink,timestamp,est_time,est_date
0,2020-06-30,PCK.AX,AUD,2020-06-30,2020-06-30,FY,248194.0,265173.0,-16979.0,-0.06841019525048954,2270461.0,10794882.0,1260954.0,2598835.0,15023496.0,0.0,0.0,0.0,-15040475.0,-60.59967203075014,-15040475.0,-60.59967203075014,2598835.0,-12392659.0,-49.931340000161164,0.0,-12392659.0,-49.931340000161164,-0.014781258137116862,-0.014781258137116862,838403530.0,838403530.0,,,1620596386,17:39:46,20210509
1,2019-06-30,PCK.AX,AUD,2019-06-30,2019-06-30,FY,135017.0,0.0,135017.0,1.0,1894536.0,1396700.0,729247.0,745261.0,4223140.0,0.0,0.0,0.0,-4088123.0,-30.278579734403817,-4088123.0,-30.278579734403817,745261.0,-3262418.0,-24.163016509032197,0.0,-3262418.0,-24.163016509032197,-0.004,-0.004,838403530.0,838403530.0,,,1620596386,17:39:46,20210509
2,2018-06-30,PCK.AX,AUD,2018-06-30,2018-06-30,FY,24420.0,0.0,24420.0,1.0,1699292.0,1340230.0,318907.0,410014.0,5271193.0,0.0,0.0,0.0,-5246773.0,-214.8555692055692,-5246773.0,-214.8555692055692,410014.0,-4810532.0,-196.99148239148238,0.0,-4810532.0,-196.99148239148238,-0.006,-0.006,800935009.0,800935009.0,,,1620596386,17:39:46,20210509
3,2017-06-30,PCK.AX,AUD,2017-06-30,2017-06-30,FY,0.0,0.0,0.0,0.0,821427.0,2996145.0,0.0,-4499978.0,4004940.0,0.0,0.0,0.0,-4004940.0,0.0,-4004940.0,0.0,-4499978.0,-8473802.0,0.0,0.0,-8473802.0,0.0,-0.0163,-0.0163,519348367.0,519348367.0,,,1620596386,17:39:46,20210509
4,2016-06-30,PCK.AX,AUD,2016-06-30,2016-06-30,FY,0.0,0.0,0.0,0.0,0.0,1091961.0,0.0,83221.0,1407454.0,0.0,357163.0,30135.0,-1377319.0,0.0,-1407454.0,0.0,83221.0,-1680796.0,0.0,0.0,-5047449.0,0.0,-0.03675,-0.03675,134584286.0,134584286.0,,,1620596386,17:39:46,20210509
5,2015-06-30,PCK.AX,AUD,2015-06-30,2015-06-30,FY,0.0,0.0,0.0,0.0,0.0,697803.0,0.0,6433.0,981176.0,0.0,0.0,47188.0,-933988.0,0.0,-981176.0,0.0,6433.0,-974194.0,0.0,0.0,-1703733.0,0.0,-0.041475,-0.041475,41095746.0,41095746.0,,,1620596386,17:39:46,20210509
6,2014-06-30,PCK.AX,AUD,2014-06-30,2014-06-30,FY,0.0,0.0,0.0,0.0,0.0,390076.0,0.0,0.0,806360.0,0.0,0.0,26055.0,-780305.0,0.0,-806360.0,0.0,0.0,-792267.0,0.0,0.0,-792267.0,0.0,-0.04263,-0.04263,18493487.0,18493487.0,,,1620596386,17:39:46,20210509
7,2013-06-30,PCK.AX,AUD,2013-06-30,2013-06-30,FY,0.0,0.0,0.0,0.0,0.0,439436.0,0.0,21531.0,1180979.0,0.0,0.0,25572.0,-1155407.0,0.0,-1180979.0,0.0,21531.0,-1099388.0,0.0,0.0,-1099388.0,0.0,-0.06174,-0.06174,18023820.0,18023820.0,,,1620596386,17:39:46,20210509
8,2012-06-30,PCK.AX,AUD,2012-06-30,2012-06-30,FY,0.0,0.0,0.0,0.0,0.0,269758.0,0.0,0.0,424971.0,0.0,0.0,703.0,-424268.0,0.0,-424971.0,0.0,0.0,-405639.0,0.0,0.0,-405639.0,0.0,-0.04116,-0.04116,9871648.0,9871648.0,,,1620596386,17:39:46,20210509
