,date,symbol,reportedCurrency,fillingDate,acceptedDate,period,revenue,costOfRevenue,grossProfit,grossProfitRatio,researchAndDevelopmentExpenses,generalAndAdministrativeExpenses,sellingAndMarketingExpenses,otherExpenses,operatingExpenses,costAndExpenses,interestExpense,depreciationAndAmortization,ebitda,ebitdaratio,operatingIncome,operatingIncomeRatio,totalOtherIncomeExpensesNet,incomeBeforeTax,incomeBeforeTaxRatio,incomeTaxExpense,netIncome,netIncomeRatio,eps,epsdiluted,weightedAverageShsOut,weightedAverageShsOutDil,link,finalLink,timestamp,est_time,est_date
0,2020-12-31,FSJ.L,GBP,2020-12-31,2020-12-31,FY,518200000,423800000.0,94400000.0,0.18216904670011577,0.0,98700000.0,0.0,0.0,0.0,522500000,9000000.0,48000000.0,43700000.0,0.08433037437282902,-4300000.0,-0.008297954457738324,0.0,-52500000.0,-0.10131223465843303,4800000.0,-57500000.0,-0.11096101891161714,-1.142,-1.142,50342732,50428705,https://find-and-update.company-information.service.gov.uk/search/companies?q=James+Fisher+and+Sons+PLC,https://find-and-update.company-information.service.gov.uk/search/companies?q=James+Fisher+and+Sons+PLC,1620592277,16:31:17,20210509
1,2019-12-31,FSJ.L,GBP,2019-12-31,2019-12-31,FY,617100000,432400000.0,184700000.0,0.2993031923513207,0.0,119200000.0,0.0,0.0,122300000.0,554700000,8100000.0,3100000.0,65500000.0,0.10614163020580134,62400000.0,0.1011181332036947,0.0,47800000.0,0.07745908280667639,11100000.0,36700000.0,0.05947172257332685,0.731,0.727,50282962,50523559,https://find-and-update.company-information.service.gov.uk/search/companies?q=James+Fisher+and+Sons+PLC,https://find-and-update.company-information.service.gov.uk/search/companies?q=James+Fisher+and+Sons+PLC,1620592277,16:31:17,20210509
2,2018-12-31,FSJ.L,GBP,2018-12-31,2018-12-31,FY,561500000,394900000.0,166600000.0,0.2967052537845058,0.0,106400000.0,0.0,0.0,109000000.0,503900000,6200000.0,2600000.0,60200000.0,0.10721282279608192,57600000.0,0.10258236865538735,0.0,55400000.0,0.09866429207479964,10100000.0,44900000.0,0.07996438112199465,0.895,0.889,50210684,50510058,https://find-and-update.company-information.service.gov.uk/search/companies?q=James+Fisher+and+Sons+PLC,https://find-and-update.company-information.service.gov.uk/search/companies?q=James+Fisher+and+Sons+PLC,1620592277,16:31:17,20210509
3,2017-12-31,FSJ.L,GBP,2017-12-31,2017-12-31,FY,505400000,350900000.0,154500000.0,0.30569845666798573,0.0,100400000.0,0.0,0.0,102400000.0,453300000,5900000.0,2000000.0,54100000.0,0.10704392560348239,52100000.0,0.10308666402849229,0.0,49000000.0,0.09695290858725762,8300000.0,40200000.0,0.07954095765730115,0.801,0.795,50163144,50554784,https://find-and-update.company-information.service.gov.uk/search/companies?q=James+Fisher+and+Sons+PLC,https://find-and-update.company-information.service.gov.uk/search/companies?q=James+Fisher+and+Sons+PLC,1620592277,16:31:17,20210509
4,2016-12-31,FSJ.L,GBP,2016-12-31,2016-12-31,FY,465969000,324239000.0,141730000.0,0.3041618648450863,0.0,92363000.0,0.0,-3000.0,93564000.0,417803000,5228000.0,1201000.0,49367000.0,0.1059448160714554,48166000.0,0.10336739139298966,0.0,44933000.0,0.0964291615965869,6786000.0,39753000.0,0.08531254225066474,0.794,0.787,50096089,50483156,https://find-and-update.company-information.service.gov.uk/search/companies?q=James+Fisher+and+Sons+PLC,https://find-and-update.company-information.service.gov.uk/search/companies?q=James+Fisher+and+Sons+PLC,1620592277,16:31:17,20210509
5,2015-12-31,FSJ.L,GBP,2015-12-31,2015-12-31,FY,437930000,307208000.0,130722000.0,0.2984997602356541,0.0,85219000.0,0.0,-3000.0,86429000.0,393637000,4579000.0,1210000.0,45503000.0,0.10390473363322905,44293000.0,0.10114173498047634,0.0,46214000.0,0.1055282807754664,5507000.0,39885000.0,0.091076199392597,0.797,0.792,50040647,50385390,https://find-and-update.company-information.service.gov.uk/search/companies?q=James+Fisher+and+Sons+PLC,https://find-and-update.company-information.service.gov.uk/search/companies?q=James+Fisher+and+Sons+PLC,1620592277,16:31:17,20210509
6,2014-12-31,FSJ.L,GBP,2014-12-31,2014-12-31,FY,444799000,307290000.0,137509000.0,0.3091486266830636,0.0,86158000.0,0.0,-3000.0,87177000.0,394467000,4878000.0,1019000.0,51351000.0,0.11544765163590745,50332000.0,0.11315672921926533,0.0,49234000.0,0.11068819848965487,8751000.0,40071000.0,0.09008788239182193,0.802,0.792,49986659,50593546,https://find-and-update.company-information.service.gov.uk/search/companies?q=James+Fisher+and+Sons+PLC,https://find-and-update.company-information.service.gov.uk/search/companies?q=James+Fisher+and+Sons+PLC,1620592277,16:31:17,20210509
7,2013-12-31,FSJ.L,GBP,2013-12-31,2013-12-31,FY,413667000,360551000.0,53116000.0,0.12840279741918015,0.0,10595000.0,0.0,-4000.0,10595000.0,371146000,5036000.0,799000.0,43320000.0,0.1047219140032925,42521000.0,0.10279040871038782,0.0,46223000.0,0.1117396359874005,7475000.0,38254000.0,0.09247534852913092,0.766,0.757,49921772,50510590,https://find-and-update.company-information.service.gov.uk/search/companies?q=James+Fisher+and+Sons+PLC,https://find-and-update.company-information.service.gov.uk/search/companies?q=James+Fisher+and+Sons+PLC,1620592277,16:31:17,20210509
8,2012-12-31,FSJ.L,GBP,2012-12-31,2012-12-31,FY,363338000,326182000.0,37156000.0,0.10226290671495962,0.0,8494000.0,0.0,-3000.0,8494000.0,334676000,5494000.0,17002000.0,45664000.0,0.12567911971772838,28662000.0,0.07888522532738111,0.0,46745000.0,0.12865431086206233,6402000.0,39744000.0,0.10938575100870264,0.797,0.791,49871906,50267870,https://find-and-update.company-information.service.gov.uk/search/companies?q=James+Fisher+and+Sons+PLC,https://find-and-update.company-information.service.gov.uk/search/companies?q=James+Fisher+and+Sons+PLC,1620592277,16:31:17,20210509
9,2011-12-31,FSJ.L,GBP,2011-12-31,2011-12-31,FY,307624000,269051000.0,38573000.0,0.12539008659922501,1648000.0,8125000.0,0.0,5685000.0,1842000.0,270893000,6446000.0,14060000.0,50791000.0,0.1651074038436533,36731000.0,0.11940225730112085,0.0,29751000.0,0.09671222011286505,5634000.0,24091000.0,0.07831313551608457,0.484,0.48,49777165,50202852,https://find-and-update.company-information.service.gov.uk/search/companies?q=James+Fisher+and+Sons+PLC,https://find-and-update.company-information.service.gov.uk/search/companies?q=James+Fisher+and+Sons+PLC,1620592277,16:31:17,20210509
10,2010-12-31,FSJ.L,GBP,2010-12-31,2010-12-31,FY,268349000,233052000.0,35297000.0,0.13153393528576593,1489000.0,7102000.0,0.0,4680000.0,3056000.0,236108000,5608000.0,11513000.0,43754000.0,0.16304886546996636,32241000.0,0.12014578030847889,0.0,25941000.0,0.09666889013933348,6109000.0,19832000.0,0.07390375965626851,0.399,0.397,49693215,50000626,https://find-and-update.company-information.service.gov.uk/search/companies?q=James+Fisher+and+Sons+PLC,https://find-and-update.company-information.service.gov.uk/search/companies?q=James+Fisher+and+Sons+PLC,1620592277,16:31:17,20210509
11,2009-12-31,FSJ.L,GBP,2009-12-31,2009-12-31,FY,249594000,218497000.0,31097000.0,0.12459033470355858,3059000.0,7347000.0,0.0,4183000.0,1619000.0,220116000,3382000.0,10116000.0,39594000.0,0.15863362100050482,29478000.0,0.11810380057212914,0.0,24742000.0,0.09912898547240719,6318000.0,18424000.0,0.07381587698422237,0.371,0.37,49604476,49788776,https://find-and-update.company-information.service.gov.uk/search/companies?q=James+Fisher+and+Sons+PLC,https://find-and-update.company-information.service.gov.uk/search/companies?q=James+Fisher+and+Sons+PLC,1620592277,16:31:17,20210509
12,2008-12-31,FSJ.L,GBP,2008-12-31,2008-12-31,FY,233578000,199718000.0,33860000.0,0.1449622824067335,1844000.0,6943000.0,0.0,-5094000.0,10386000.0,210104000,6948000.0,9431000.0,32905000.0,0.14087371242154656,23474000.0,0.10049747835840704,0.0,23567000.0,0.1008956322941373,5277000.0,18264000.0,0.07819229550728236,0.3692,0.3673,49472598,49721408,https://find-and-update.company-information.service.gov.uk/search/companies?q=James+Fisher+and+Sons+PLC,https://find-and-update.company-information.service.gov.uk/search/companies?q=James+Fisher+and+Sons+PLC,1620592277,16:31:17,20210509
13,2007-12-31,FSJ.L,GBP,2007-12-31,2007-12-31,FY,182046000,154327000.0,27719000.0,0.15226371356690066,2962000.0,6191000.0,0.0,-4644000.0,6973000.0,161300000,5032000.0,8344000.0,29090000.0,0.15979477714423826,20746000.0,0.11396020785955198,0.0,19100000.0,0.10491853707304748,2959000.0,16078000.0,0.08831833712358415,0.3266,0.3239,49236346,49635757,https://find-and-update.company-information.service.gov.uk/search/companies?q=James+Fisher+and+Sons+PLC,https://find-and-update.company-information.service.gov.uk/search/companies?q=James+Fisher+and+Sons+PLC,1620592277,16:31:17,20210509
14,2006-12-31,FSJ.L,GBP,2006-12-31,2006-12-31,FY,118085000,96438000.0,21647000.0,0.18331710208747937,0.0,5756000.0,0.0,-4590000.0,6168000.0,102606000,2583000.0,5662000.0,21141000.0,0.1790320531820299,15479000.0,0.13108354151670407,0.0,14147000.0,0.11980353135453276,2411000.0,13780000.0,0.11669560062666723,0.2809,0.2783,49058347,49507653,https://find-and-update.company-information.service.gov.uk/search/companies?q=James+Fisher+and+Sons+PLC,https://find-and-update.company-information.service.gov.uk/search/companies?q=James+Fisher+and+Sons+PLC,1620592277,16:31:17,20210509
15,2005-12-31,FSJ.L,GBP,2005-12-31,2005-12-31,FY,91411000,73931000.0,17480000.0,0.1912242509107219,0.0,5413000.0,0.0,-2826000.0,-17116000.0,56815000,2587000.0,7670000.0,42266000.0,0.46237323735655445,34596000.0,0.37846648652787956,0.0,11446000.0,0.12521468969817637,754000.0,-2197000.0,-0.0240343065932984,-0.04502318950422357,-0.04462907651166625,48797076,49227996,https://find-and-update.company-information.service.gov.uk/search/companies?q=James+Fisher+and+Sons+PLC,https://find-and-update.company-information.service.gov.uk/search/companies?q=James+Fisher+and+Sons+PLC,1620592277,16:31:17,20210509
16,2004-12-31,FSJ.L,GBP,2004-12-31,2004-12-31,FY,71153000,55726000.0,15427000.0,0.21681447022613243,0.0,4874000.0,0.0,-2438000.0,5088000.0,60814000,2511000.0,8259000.0,18598000.0,0.2613804056048234,10339000.0,0.14530659283515804,0.0,10221000.0,0.14364819473528875,2123000.0,11984000.0,0.16842578668503086,0.2482,0.2452,48261182,48866810,https://find-and-update.company-information.service.gov.uk/search/companies?q=James+Fisher+and+Sons+PLC,https://find-and-update.company-information.service.gov.uk/search/companies?q=James+Fisher+and+Sons+PLC,1620592277,16:31:17,20210509
17,2003-12-31,FSJ.L,GBP,2003-12-31,2003-12-31,FY,77215000,65077000.0,12138000.0,0.15719743573139933,0.0,4474000.0,0.0,-638000.0,-1242000.0,63835000,2531000.0,9526000.0,22906000.0,0.296652204882471,13380000.0,0.17328239331736062,0.0,5380000.0,0.06967558116946189,1050000.0,4330000.0,0.05607718707505018,0.0904,0.087,47855653,49706184,https://find-and-update.company-information.service.gov.uk/search/companies?q=James+Fisher+and+Sons+PLC,https://find-and-update.company-information.service.gov.uk/search/companies?q=James+Fisher+and+Sons+PLC,1620592277,16:31:17,20210509
18,2002-12-31,FSJ.L,GBP,2002-12-31,2002-12-31,FY,71111000,53269000.0,17842000.0,0.25090351703674535,0.0,4324000.0,0.0,596000.0,3158000.0,56427000,3041000.0,9818000.0,24502000.0,0.34455991337486463,14684000.0,0.20649407264698852,0.0,9718000.0,0.13665958853060708,-318000.0,10036000.0,0.14113147051792269,0.2111,0.2093,47516302,47922270,https://find-and-update.company-information.service.gov.uk/search/companies?q=James+Fisher+and+Sons+PLC,https://find-and-update.company-information.service.gov.uk/search/companies?q=James+Fisher+and+Sons+PLC,1620592277,16:31:17,20210509
19,2001-12-31,FSJ.L,GBP,2001-12-31,2001-12-31,FY,67567000,51913000.0,15654000.0,0.23168114612162743,0.0,0.0,0.0,-1204000.0,2863000.0,54776000,2406000.0,8695000.0,21486000.0,0.31799547116195775,12791000.0,0.1893083901904776,0.0,8077000.0,0.11954060414107479,436000.0,7641000.0,0.11308774993709947,0.16,0.159,47693000,48014000,https://find-and-update.company-information.service.gov.uk/search/companies?q=James+Fisher+and+Sons+PLC,https://find-and-update.company-information.service.gov.uk/search/companies?q=James+Fisher+and+Sons+PLC,1620592277,16:31:17,20210509
20,2000-12-31,FSJ.L,GBP,2000-12-31,2000-12-31,FY,60577000,51467000.0,9110000.0,0.15038711061954207,0.0,0.0,0.0,28000.0,1358000.0,52825000,2162000.0,7385000.0,15137000.0,0.2498803176122951,7752000.0,0.12796936130874753,0.0,5007000.0,0.08265513313633888,506000.0,4501000.0,0.07430212787031382,0.09346706537087798,0.09294977697009747,48156000,48424000,https://find-and-update.company-information.service.gov.uk/search/companies?q=James+Fisher+and+Sons+PLC,https://find-and-update.company-information.service.gov.uk/search/companies?q=James+Fisher+and+Sons+PLC,1620592277,16:31:17,20210509
21,1999-12-31,FSJ.L,GBP,1999-12-31,1999-12-31,FY,68129000,56316000.0,11813000.0,0.17339165406801801,0.0,0.0,0.0,28000.0,2983000.0,59299000,3183000.0,8072000.0,16902000.0,0.24808818564781518,8830000.0,0.129607068942741,0.0,6275000.0,0.09210468376168739,-11712000.0,17987000.0,0.2640138560671667,0.374,0.373,48076000,48257000,https://find-and-update.company-information.service.gov.uk/search/companies?q=James+Fisher+and+Sons+PLC,https://find-and-update.company-information.service.gov.uk/search/companies?q=James+Fisher+and+Sons+PLC,1620592277,16:31:17,20210509
22,1998-12-31,FSJ.L,GBP,1998-12-31,1998-12-31,FY,63523000,51947000.0,11576000.0,0.18223320686995262,0.0,0.0,0.0,97000.0,-1161000.0,50786000,2937000.0,7367000.0,20104000.0,0.3164837932717284,12737000.0,0.20051005147741763,0.0,3854000.0,0.06067093808541788,1071000.0,2783000.0,0.04381090313744628,0.058,0.057,48251000,48631000,https://find-and-update.company-information.service.gov.uk/search/companies?q=James+Fisher+and+Sons+PLC,https://find-and-update.company-information.service.gov.uk/search/companies?q=James+Fisher+and+Sons+PLC,1620592277,16:31:17,20210509
23,1997-12-31,FSJ.L,GBP,1997-12-31,1997-12-31,FY,62293000,0.0,62293000.0,1.0,0.0,0.0,0.0,311000.0,55570000.0,55570000,978000.0,6505000.0,13228000.0,0.21235130753054116,6723000.0,0.10792544908737739,0.0,8783000.0,0.14099497535838698,1877000.0,6906000.0,0.11086317884834572,0.1428216900359846,0.1425828429854444,48354000,48435000,https://find-and-update.company-information.service.gov.uk/search/companies?q=James+Fisher+and+Sons+PLC,https://find-and-update.company-information.service.gov.uk/search/companies?q=James+Fisher+and+Sons+PLC,1620592277,16:31:17,20210509
24,1996-12-31,FSJ.L,GBP,1996-12-31,1996-12-31,FY,37963000,0.0,37963000.0,1.0,0.0,0.0,0.0,332000.0,34963000.0,34963000,545000.0,2377000.0,5377000.0,0.14163791059716038,3000000.0,0.07902431314701157,0.0,5065000.0,0.1334193820298712,1341000.0,3724000.0,0.09809551405315702,0.155,0.155,26352000,26352000,https://find-and-update.company-information.service.gov.uk/search/companies?q=James+Fisher+and+Sons+PLC,https://find-and-update.company-information.service.gov.uk/search/companies?q=James+Fisher+and+Sons+PLC,1620592277,16:31:17,20210509
25,1995-12-31,FSJ.L,GBP,1995-12-31,1995-12-31,FY,30230000,0.0,30230000.0,1.0,0.0,0.0,0.0,97000.0,29564000.0,29564000,1035000.0,3197000.0,3863000.0,0.12778696658948066,666000.0,0.022031094938802512,0.0,5313000.0,0.1757525636784651,-108000.0,5421000.0,0.17932517366854117,0.205603,0.205603,26352801,26352801,https://find-and-update.company-information.service.gov.uk/search/companies?q=James+Fisher+and+Sons+PLC,https://find-and-update.company-information.service.gov.uk/search/companies?q=James+Fisher+and+Sons+PLC,1620592277,16:31:17,20210509
26,1994-12-31,FSJ.L,GBP,1994-12-31,1994-12-31,FY,32235000,0.0,32235000.0,1.0,0.0,0.0,0.0,-309000.0,29160000.0,29160000,1298000.0,3215000.0,6290000.0,0.19512951760508765,3075000.0,0.09539320614239181,0.0,2283000.0,0.0708236389018148,800000.0,1483000.0,0.04600589421436327,0.055741,0.055741,26352801,26352801,https://find-and-update.company-information.service.gov.uk/search/companies?q=James+Fisher+and+Sons+PLC,https://find-and-update.company-information.service.gov.uk/search/companies?q=James+Fisher+and+Sons+PLC,1620592277,16:31:17,20210509
27,1993-12-31,FSJ.L,GBP,1993-12-31,1993-12-31,FY,28473000,0.0,28473000.0,1.0,0.0,0.0,0.0,-348000.0,30670000.0,30670000,765000.0,6607000.0,4410000.0,0.1548835739121273,-2197000.0,-0.07716081902152917,0.0,-5634000.0,-0.19787166789590138,-1842000.0,-3792000.0,-0.13317880096933937,-0.144379,-0.144379,26352801,26352801,https://find-and-update.company-information.service.gov.uk/search/companies?q=James+Fisher+and+Sons+PLC,https://find-and-update.company-information.service.gov.uk/search/companies?q=James+Fisher+and+Sons+PLC,1620592277,16:31:17,20210509
28,1992-12-31,FSJ.L,GBP,1992-12-31,1992-12-31,FY,31099000,0.0,31099000.0,1.0,0.0,0.0,0.0,11000.0,29409000.0,29409000,1028000.0,3183000.0,4873000.0,0.15669314125856137,1690000.0,0.054342583362809095,0.0,1492000.0,0.04797581915817229,847000.0,645000.0,0.020740216727225955,0.024672,0.024672,26352801,26352801,https://find-and-update.company-information.service.gov.uk/search/companies?q=James+Fisher+and+Sons+PLC,https://find-and-update.company-information.service.gov.uk/search/companies?q=James+Fisher+and+Sons+PLC,1620592277,16:31:17,20210509
29,1991-12-31,FSJ.L,GBP,1991-12-31,1991-12-31,FY,30079000,0.0,30079000.0,1.0,0.0,0.0,0.0,12000.0,29499000.0,29499000,597000.0,3146000.0,3726000.0,0.12387379899597727,580000.0,0.019282555936035107,0.0,2107000.0,0.07004887130556202,456000.0,1651000.0,0.05488879284550683,0.06265,0.062597,26352801,26662499,https://find-and-update.company-information.service.gov.uk/search/companies?q=James+Fisher+and+Sons+PLC,https://find-and-update.company-information.service.gov.uk/search/companies?q=James+Fisher+and+Sons+PLC,1620592277,16:31:17,20210509
30,1990-12-31,FSJ.L,GBP,1990-12-31,1990-12-31,FY,29926000,0.0,29926000.0,1.0,0.0,0.0,0.0,11000.0,29948000.0,29948000,879000.0,3322000.0,3300000.0,0.11027200427721713,-22000.0,-0.0007351466951814476,0.0,3634000.0,0.12143286774042639,1436000.0,1026000.0,0.03428456860255297,0.03893324280785181,0.03845102770677621,26352801,26683292,https://find-and-update.company-information.service.gov.uk/search/companies?q=James+Fisher+and+Sons+PLC,https://find-and-update.company-information.service.gov.uk/search/companies?q=James+Fisher+and+Sons+PLC,1620592277,16:31:17,20210509
31,1989-12-31,FSJ.L,GBP,1989-12-31,1989-12-31,FY,26779000,0.0,26779000.0,1.0,0.0,0.0,0.0,14000.0,26807000.0,26807000,531000.0,3187000.0,3159000.0,0.11796557003622242,-28000.0,-0.0010455954292542663,0.0,4227000.0,0.1578475671234923,1106000.0,3225000.0,0.12043018783375033,0.123449,0.121907,26124084,26454575,https://find-and-update.company-information.service.gov.uk/search/companies?q=James+Fisher+and+Sons+PLC,https://find-and-update.company-information.service.gov.uk/search/companies?q=James+Fisher+and+Sons+PLC,1620592277,16:31:17,20210509
32,1988-12-31,FSJ.L,GBP,1988-12-31,1988-12-31,FY,27590000,0.0,27590000.0,1.0,0.0,0.0,0.0,89000.0,27768000.0,27768000,1043000.0,3164000.0,2986000.0,0.10822761870242842,-178000.0,-0.0064516129032258064,0.0,3056000.0,0.11076476984414643,1041000.0,10027000.0,0.36342877854295036,0.38466,0.38466,26067178,26067178,https://find-and-update.company-information.service.gov.uk/search/companies?q=James+Fisher+and+Sons+PLC,https://find-and-update.company-information.service.gov.uk/search/companies?q=James+Fisher+and+Sons+PLC,1620592277,16:31:17,20210509
33,1987-12-31,FSJ.L,GBP,1987-12-31,1987-12-31,FY,31009000,0.0,31009000.0,1.0,0.0,0.0,0.0,179000.0,31367000.0,31367000,2173000.0,4240000.0,3882000.0,0.12518946112418974,-358000.0,-0.011545035312328679,0.0,2613000.0,0.08426585829920345,1013000.0,1621000.0,0.05227514592537651,0.062238,0.062238,26045292,26045292,https://find-and-update.company-information.service.gov.uk/search/companies?q=James+Fisher+and+Sons+PLC,https://find-and-update.company-information.service.gov.uk/search/companies?q=James+Fisher+and+Sons+PLC,1620592277,16:31:17,20210509
34,1986-12-31,FSJ.L,GBP,1986-12-31,1986-12-31,FY,32360000,0.0,32360000.0,1.0,0.0,0.0,0.0,180000.0,32720000.0,32720000,2782000.0,4368000.0,4008000.0,0.1238566131025958,-360000.0,-0.011124845488257108,0.0,2600000.0,0.08034610630407911,1284000.0,498000.0,0.015389369592089,0.019121,0.019121,26045292,26045292,https://find-and-update.company-information.service.gov.uk/search/companies?q=James+Fisher+and+Sons+PLC,https://find-and-update.company-information.service.gov.uk/search/companies?q=James+Fisher+and+Sons+PLC,1620592277,16:31:17,20210509
35,1985-12-31,FSJ.L,GBP,1985-12-31,1985-12-31,FY,39638000,0.0,39638000.0,1.0,0.0,0.0,0.0,202000.0,40042000.0,40042000,2943000.0,4535000.0,4131000.0,0.10421817447903527,-404000.0,-0.010192239769917755,0.0,3047000.0,0.0768706796508401,1445000.0,-10270000.0,-0.2590948080125132,-0.394313,-0.394313,26045292,26045292,https://find-and-update.company-information.service.gov.uk/search/companies?q=James+Fisher+and+Sons+PLC,https://find-and-update.company-information.service.gov.uk/search/companies?q=James+Fisher+and+Sons+PLC,1620592277,16:31:17,20210509
