,date,symbol,reportedCurrency,fillingDate,acceptedDate,period,revenue,costOfRevenue,grossProfit,grossProfitRatio,researchAndDevelopmentExpenses,generalAndAdministrativeExpenses,sellingAndMarketingExpenses,otherExpenses,operatingExpenses,costAndExpenses,interestExpense,depreciationAndAmortization,ebitda,ebitdaratio,operatingIncome,operatingIncomeRatio,totalOtherIncomeExpensesNet,incomeBeforeTax,incomeBeforeTaxRatio,incomeTaxExpense,netIncome,netIncomeRatio,eps,epsdiluted,weightedAverageShsOut,weightedAverageShsOutDil,link,finalLink,timestamp,est_time,est_date
0,2020-09-30,8007.HK,HKD,2020-09-30,2020-09-30,FY,42734000.0,29747000.0,12987000.0,0.3039032152384518,0.0,32191000.0,19389000.0,-210000.0,0.0,93480000.0,8440000.0,25560000.0,-25186000.0,-0.5893667805494454,-50746000.0,-1.1874853746431413,0.0,-295167000.0,-6.907076332662517,-28349000.0,-101836000.0,-2.383020545701315,-1.6987020699157456,-1.6987020699157456,59949300,59949300,https://www1.hkexnews.hk/search/titlesearch.xhtml,https://www1.hkexnews.hk/search/titlesearch.xhtml,1620585756,14:42:36,20210509
1,2018-12-31,8007.HK,HKD,2018-12-31,2018-12-31,FY,108716000.0,102668000.0,6048000.0,0.05563118584201038,0.0,44225000.0,18917000.0,-4178000.0,61976000.0,164644000.0,25697000.0,22021000.0,-33907000.0,-0.3118860149380036,-55928000.0,-0.5144412965892785,0.0,-84884000.0,-0.780786636741602,-1973000.0,-70595000.0,-0.6493524412230031,-1.178,-1.178,59949300,59949300,https://www1.hkexnews.hk/search/titlesearch.xhtml,https://www1.hkexnews.hk/search/titlesearch.xhtml,1620585756,14:42:36,20210509
2,2017-12-31,8007.HK,HKD,2017-12-31,2017-12-31,FY,50385000.0,47701000.0,2684000.0,0.053269822367768185,0.0,24077000.0,0.0,315000.0,39953000.0,87654000.0,5670000.0,15876000.0,-21393000.0,-0.4245906519797559,-37269000.0,-0.7396844298898482,0.0,-41917000.0,-0.8319341073732262,-1919000.0,-33225000.0,-0.6594224471568919,-0.59,-0.59,56550000,56550000,https://www1.hkexnews.hk/search/titlesearch.xhtml,https://www1.hkexnews.hk/search/titlesearch.xhtml,1620585756,14:42:36,20210509
3,2016-12-31,8007.HK,HKD,2016-12-31,2016-12-31,FY,36379000.0,35341000.0,1038000.0,0.02853294483080898,0.0,25536000.0,1786000.0,38000.0,41437000.0,76778000.0,39000.0,14115000.0,-26284000.0,-0.7225047417466121,-40399000.0,-1.110503312350532,0.0,-40774000.0,-1.1208114571593502,-1585000.0,-33224000.0,-0.9132741416751422,-0.62,-0.62,53771310,53771310,https://www1.hkexnews.hk/search/titlesearch.xhtml,https://www1.hkexnews.hk/search/titlesearch.xhtml,1620585756,14:42:36,20210509
4,2015-12-31,8007.HK,HKD,2015-12-31,2015-12-31,FY,217068000.0,216775000.0,293000.0,0.0013498074336152726,0.0,31340000.0,2581000.0,105000.0,81853000.0,298628000.0,0.0,2089000.0,-79471000.0,-0.36611108039876905,-81560000.0,-0.3757347927838281,0.0,-81455000.0,-0.37525107339635505,0.0,-81455000.0,-0.37525107339635505,-2.07,-2.07,39304110,39304110,https://www1.hkexnews.hk/search/titlesearch.xhtml,https://www1.hkexnews.hk/search/titlesearch.xhtml,1620585756,14:42:36,20210509
5,2014-12-31,8007.HK,HKD,2014-12-31,2014-12-31,FY,0.0,0.0,0.0,0.0,0.0,0.0,0.0,0.0,0.0,0.0,0.0,0.0,0.0,0.0,0.0,0.0,0.0,0.0,0.0,0.0,0.0,0.0,0.0,0.0,59949300,59949300,https://www1.hkexnews.hk/search/titlesearch.xhtml,https://www1.hkexnews.hk/search/titlesearch.xhtml,1620585756,14:42:36,20210509
6,2014-06-30,8007.HK,HKD,2014-06-30,2014-06-30,FY,3792000.0,0.0,3792000.0,1.0,0.0,2240000.0,210000.0,11000.0,5889000.0,5889000.0,0.0,0.0,-2128000.0,-0.5611814345991561,-2097000.0,-0.553006329113924,0.0,-2055000.0,-0.5419303797468354,0.0,-2055000.0,-0.5419303797468354,-0.0685,-0.0685,30000000,30000000,https://www1.hkexnews.hk/search/titlesearch.xhtml,https://www1.hkexnews.hk/search/titlesearch.xhtml,1620585756,14:42:36,20210509
7,2013-06-30,8007.HK,HKD,2013-06-30,2013-06-30,FY,3066000.0,0.0,3066000.0,1.0,0.0,2293000.0,228000.0,0.0,5729000.0,5729000.0,0.0,1000.0,-2662000.0,-0.868232224396608,-2663000.0,-0.8685583822570124,0.0,-2662000.0,-0.868232224396608,0.0,-2662000.0,-0.868232224396608,-0.0885,-0.0885,30000000,30000000,https://www1.hkexnews.hk/search/titlesearch.xhtml,https://www1.hkexnews.hk/search/titlesearch.xhtml,1620585756,14:42:36,20210509
8,2012-06-30,8007.HK,HKD,2012-06-30,2012-06-30,FY,3003000.0,0.0,0.0,0.0,0.0,2234000.0,249000.0,0.0,5755000.0,5755000.0,0.0,1000.0,-2751000.0,-0.916083916083916,-2752000.0,-0.9164169164169165,0.0,-2752000.0,-0.9164169164169165,0.0,-2752000.0,-0.9164169164169165,-0.0915,-0.0915,30000000,30000000,https://www1.hkexnews.hk/search/titlesearch.xhtml,https://www1.hkexnews.hk/search/titlesearch.xhtml,1620585756,14:42:36,20210509
9,2011-06-30,8007.HK,HKD,2011-06-30,2011-06-30,FY,3124000.0,0.0,0.0,0.0,0.0,2296000.0,303000.0,0.0,5689000.0,5689000.0,0.0,1000.0,-2564000.0,-0.8207426376440461,-2565000.0,-0.8210627400768246,0.0,-2565000.0,-0.8210627400768246,0.0,-2565000.0,-0.8210627400768246,-0.0855,-0.0855,30000000,30000000,https://www1.hkexnews.hk/search/titlesearch.xhtml,https://www1.hkexnews.hk/search/titlesearch.xhtml,1620585756,14:42:36,20210509
10,2010-06-30,8007.HK,HKD,2010-06-30,2010-06-30,FY,3058000.0,0.0,0.0,0.0,0.0,2153000.0,384000.0,0.0,5536000.0,5536000.0,0.0,8000.0,-2470000.0,-0.8077174623937214,-2478000.0,-0.8103335513407456,0.0,-2478000.0,-0.8103335513407456,0.0,-2478000.0,-0.8103335513407456,-0.0825,-0.0825,30000000,30000000,https://www1.hkexnews.hk/search/titlesearch.xhtml,https://www1.hkexnews.hk/search/titlesearch.xhtml,1620585756,14:42:36,20210509
11,2009-06-30,8007.HK,HKD,2009-06-30,2009-06-30,FY,3510000.0,0.0,3510000.0,1.0,0.0,2214000.0,241000.0,0.0,5317000.0,5317000.0,0.0,9000.0,-1798000.0,-0.5122507122507123,-1807000.0,-0.5148148148148148,0.0,-1807000.0,-0.5148148148148148,0.0,-1807000.0,-0.5148148148148148,-0.06,-0.06,30000000,30000000,https://www1.hkexnews.hk/search/titlesearch.xhtml,https://www1.hkexnews.hk/search/titlesearch.xhtml,1620585756,14:42:36,20210509
12,2008-06-30,8007.HK,HKD,2008-06-30,2008-06-30,FY,5018000.0,0.0,0.0,0.0,0.0,2223000.0,751000.0,0.0,6004000.0,6004000.0,0.0,8000.0,-978000.0,-0.19489836588282183,-986000.0,-0.19649262654444002,0.0,-986000.0,-0.19649262654444002,0.0,-986000.0,-0.19649262654444002,-0.033,-0.033,30000000,30000000,https://www1.hkexnews.hk/search/titlesearch.xhtml,https://www1.hkexnews.hk/search/titlesearch.xhtml,1620585756,14:42:36,20210509
13,2007-06-30,8007.HK,HKD,2007-06-30,2007-06-30,FY,6351000.0,0.0,0.0,0.0,0.0,3077000.0,283000.0,0.0,6051000.0,6051000.0,0.0,3000.0,303000.0,0.047709022201228156,300000.0,0.04723665564478035,0.0,-12000.0,-0.001889466225791214,0.0,-12000.0,-0.001889466225791214,-0.0005,-0.0005,30000000,30000000,https://www1.hkexnews.hk/search/titlesearch.xhtml,https://www1.hkexnews.hk/search/titlesearch.xhtml,1620585756,14:42:36,20210509
14,2006-06-30,8007.HK,HKD,2006-06-30,2006-06-30,FY,8015000.0,0.0,0.0,0.0,0.0,3151000.0,456000.0,0.0,6653000.0,6653000.0,0.0,488000.0,1850000.0,0.23081721771678104,1362000.0,0.16993137866500313,0.0,1362000.0,0.16993137866500313,0.0,1362000.0,0.16993137866500313,0.0455,0.0455,30000000,30000000,https://www1.hkexnews.hk/search/titlesearch.xhtml,https://www1.hkexnews.hk/search/titlesearch.xhtml,1620585756,14:42:36,20210509
