,date,symbol,reportedCurrency,fillingDate,acceptedDate,period,revenue,costOfRevenue,grossProfit,grossProfitRatio,researchAndDevelopmentExpenses,generalAndAdministrativeExpenses,sellingAndMarketingExpenses,otherExpenses,operatingExpenses,costAndExpenses,interestExpense,depreciationAndAmortization,ebitda,ebitdaratio,operatingIncome,operatingIncomeRatio,totalOtherIncomeExpensesNet,incomeBeforeTax,incomeBeforeTaxRatio,incomeTaxExpense,netIncome,netIncomeRatio,eps,epsdiluted,weightedAverageShsOut,weightedAverageShsOutDil,link,finalLink,timestamp,est_time,est_date
0,2020-12-31,MCY,USD,2021-02-16,2021-02-16 16:16:11,FY,3784511000,0.0,3784511000.0,1.0,0.0,0.0,0.0,285831000.0,3309000000.0,3326010000,17048000.0,68463000.0,3567143000.0,0.9425637816880437,3498680000.0,0.12115197974057942,8287000.0,458501000,0.12115197974057942,83894000.0,374607000.0,0.09898425450474314,6.767845206048671,6.767845206048671,55333382,55333382,https://www.sec.gov/Archives/edgar/data/64996/000006499621000004/0000064996-21-000004-index.htm,https://www.sec.gov/Archives/edgar/data/64996/000006499621000004/mcy-20201231.htm,1620594853,17:14:13,20210509
1,2019-12-31,MCY,USD,2020-02-12 00:00:00,2020-02-12 15:13:54,FY,3972518000,0.0,0.0,0.0,0.0,0.0,0.0,0.0,3577000000.0,3594449000,17035000.0,64730000.0,0.0,0.0,0.0,0.09517112320195906,9044000.0,378069000,0.09517112320195906,57982000.0,320087000.0,0.08057534289334875,5.7828584849415545,5.781918352601156,55351000,55360000,https://www.sec.gov/Archives/edgar/data/64996/000006499620000012/0000064996-20-000012-index.html,https://www.sec.gov/Archives/edgar/data/64996/000006499620000012/mcy-20191231x10k.htm,1620594853,17:14:13,20210509
2,2018-12-31,MCY,USD,2019-02-13 00:00:00,2019-02-13 15:08:35,FY,3380004000,0.0,0.0,0.0,0.0,0.0,0.0,0.0,3394000000.0,3410619000,17036000.0,58791000.0,0.0,0.0,0.0,-0.0090576815885425,9275000.0,-30615000,-0.0090576815885425,-24887000.0,-5728000.0,-0.0016946725506833719,-0.1,-0.1,55335000,55335000,https://www.sec.gov/Archives/edgar/data/64996/000006499619000004/0000064996-19-000004-index.html,https://www.sec.gov/Archives/edgar/data/64996/000006499619000004/mcy-20181231x10k.htm,1620594853,17:14:13,20210509
3,2017-12-31,MCY,USD,2018-02-08 00:00:00,2018-02-08 16:37:49,FY,3415962000,0.0,0.0,0.0,0.0,0.0,0.0,0.0,3234000000.0,3248877000,15168000.0,55343000.0,0.0,0.0,0.0,0.04891301484032902,11945000.0,167085000,0.04891301484032902,22208000.0,144877000.0,0.04241177155951969,2.6190794706775615,2.6185587507003816,55316000,55327000,https://www.sec.gov/Archives/edgar/data/64996/000006499618000010/0000064996-18-000010-index.html,https://www.sec.gov/Archives/edgar/data/64996/000006499618000010/mcy-20171231x10k.htm,1620594853,17:14:13,20210509
4,2016-12-31,MCY,USD,2017-02-09 00:00:00,2017-02-09 15:53:11,FY,3227683000,0.0,0.0,0.0,0.0,0.0,0.0,0.0,3153000000.0,3156959000,3962000.0,26385000.0,0.0,0.0,0.0,0.021911693310650394,8294000.0,70724000,0.021911693310650394,-2320000.0,73044000.0,0.022630475173677216,1.3220872775977845,1.3208202235000543,55249000,55302000,https://www.sec.gov/Archives/edgar/data/64996/000006499617000004/0000064996-17-000004-index.html,https://www.sec.gov/Archives/edgar/data/64996/000006499617000004/mcy-20161231x10k.htm,1620594853,17:14:13,20210509
5,2015-12-31,MCY,USD,2016-02-09 00:00:00,2016-02-09 16:01:53,FY,3009300000,0.0,0.0,0.0,0.0,0.0,0.0,0.0,2936000000.0,2938733000,3168000.0,26478000.0,0.0,0.0,0.0,0.023449639451035124,8911000.0,70567000,0.023449639451035124,-3912000.0,74479000.0,0.024749609543747716,1.3503091176097322,1.3490372946439892,55157000,55209000,https://www.sec.gov/Archives/edgar/data/64996/000006499616000036/0000064996-16-000036-index.html,https://www.sec.gov/Archives/edgar/data/64996/000006499616000036/mcy-20151231x10k.htm,1620594853,17:14:13,20210509
6,2014-12-31,MCY,USD,2015-02-09,2015-02-09 16:23:45,FY,3011773000,0.0,0.0,0.0,0.0,0.0,0.0,0.0,2762000000.0,2764348000,2637000.0,28054000.0,0.0,0.0,0.0,0.08215260579067546,8671000.0,247425000,0.08215260579067546,69476000.0,177949000.0,0.059084466193169274,3.234965823152996,3.2342602689930935,55008000,55020000,https://www.sec.gov/Archives/edgar/data/64996/000006499615000008/mcy-20141231x10k.htm,https://www.sec.gov/Archives/edgar/data/64996/000006499615000008/mcy-20141231x10k.htm,1620594853,17:14:13,20210509
7,2013-12-31,MCY,USD,2014-02-10,2014-02-10 16:16:22,FY,2821041000,0.0,0.0,0.0,0.0,0.0,0.0,0.0,2688000000.0,2688945000,1260000.0,30587000.0,0.0,0.0,0.0,0.04682526769373434,9738000.0,132096000,0.04682526769373434,19953000.0,112143000.0,0.039752346740086375,2.040930351065572,2.0402991048686414,54947000,54964000,https://www.sec.gov/Archives/edgar/data/64996/000006499614000003/mcy-20131231x10k.htm,https://www.sec.gov/Archives/edgar/data/64996/000006499614000003/mcy-20131231x10k.htm,1620594853,17:14:13,20210509
8,2012-12-31,MCY,USD,2013-02-11 00:00:00,2013-02-11 16:14:12,FY,2783370000,0.0,0.0,0.0,0.0,0.0,0.0,0.0,2647000000.0,2648060000,1543000.0,36974000.0,0.0,0.0,0.0,0.048613730837078796,10174000.0,135310000,0.048613730837078796,18399000.0,116911000.0,0.04200339875762116,2.129565201551941,2.1286733913550124,54899000,54922000,https://www.sec.gov/Archives/edgar/data/64996/000006499613000004/0000064996-13-000004-index.html,https://www.sec.gov/Archives/edgar/data/64996/000006499613000004/mcy-20121231x10k.htm,1620594853,17:14:13,20210509
9,2011-12-31,MCY,USD,2012-02-14 00:00:00,2012-02-13 21:10:25,FY,2777285000,0.0,0.0,0.0,0.0,0.0,0.0,0.0,2527000000.0,2532186000,5549000.0,40657000.0,0.0,0.0,0.0,0.08825129577987136,11884000.0,245099000,0.08825129577987136,53935000.0,191164000.0,0.06883125066386778,3.4868034655722755,3.485531953687665,54825000,54845000,https://www.sec.gov/Archives/edgar/data/64996/000119312512057301/0001193125-12-057301-index.html,https://www.sec.gov/Archives/edgar/data/64996/000119312512057301/d232745d10k.htm,1620594853,17:14:13,20210509
10,2010-12-31,MCY,USD,2011-02-14,2011-02-14 19:22:16,FY,2775885000,0.0,0.0,0.0,0.0,0.0,0.0,0.0,2587000000.0,2593495000,6806000.0,40735000.0,0.0,0.0,0.0,0.06570517150386274,8297000.0,182390000,0.06570517150386274,30192000.0,152198000.0,0.05482864023545644,2.7777412760987006,2.7760186772699083,54792000,54826000,https://www.sec.gov/Archives/edgar/data/64996/000119312511035565/d10k.htm,https://www.sec.gov/Archives/edgar/data/64996/000119312511035565/d10k.htm,1620594853,17:14:13,20210509
11,2009-12-31,MCY,USD,2010-02-18 00:00:00,2010-02-18 16:59:14,FY,3121493000,0.0,0.0,0.0,0.0,0.0,0.0,0.0,2543000000.0,2549952000,6729000.0,35692000.0,0.0,0.0,0.0,0.1830986005735076,4967000.0,571541000,0.1830986005735076,168469000.0,403072000.0,0.12912795255347362,7.36,7.32,54770000,55092000,https://www.sec.gov/Archives/edgar/data/64996/000119312510034302/0001193125-10-034302-index.html,https://www.sec.gov/Archives/edgar/data/64996/000119312510034302/d10k.htm,1620594853,17:14:13,20210509
12,2008-12-31,MCY,USD,2009-03-02 00:00:00,2009-03-02 07:15:10,FY,2414196000,0.0,0.0,0.0,0.0,0.0,0.0,0.0,2860000000.0,2865057000,4966000.0,27037000.0,0.0,0.0,0.0,-0.18675409950144892,4597000.0,-450861000,-0.18675409950144892,-208742000.0,-242119000.0,-0.10028970307298993,-4.422749525062107,-4.408816941930549,54744000,54917000,https://www.sec.gov/Archives/edgar/data/64996/000006499609000002/0000064996-09-000002-index.html,https://www.sec.gov/Archives/edgar/data/64996/000006499609000002/form10-k.htm,1620594853,17:14:13,20210509
13,2007-12-31,MCY,USD,2008-02-27,2008-02-27 15:16:58,FY,3178750000,0.0,0.0,0.0,0.0,0.0,0.0,0.0,2855000000.0,2863714000,8589000.0,26324000.0,0.0,0.0,0.0,0.09910688163586315,5154000.0,315036000,0.09910688163586315,77204000.0,237832000.0,0.07481934722768384,4.35,4.34,54674023,54800000,https://www.sec.gov/Archives/edgar/data/64996/000119312508039993/d10k.htm,https://www.sec.gov/Archives/edgar/data/64996/000119312508039993/d10k.htm,1620594853,17:14:13,20210509
14,2006-12-31,MCY,USD,2007-02-27,2007-02-26 18:03:18,FY,3168743000,0.0,0.0,0.0,0.0,0.0,0.0,0.0,2847000000.0,2856334000,9180000.0,24262000.0,0.0,0.0,0.0,0.09859082923417897,5185000.0,312409000,0.09859082923417897,97592000.0,214817000.0,0.06779249689861248,3.93,3.92,54660814,54800255,https://www.sec.gov/Archives/edgar/data/64996/000119312507039974/d10k.htm,https://www.sec.gov/Archives/edgar/data/64996/000119312507039974/d10k.htm,1620594853,17:14:13,20210509
15,2005-12-31,MCY,USD,2006-03-09,2006-03-09 16:42:53,FY,2991913000,0.0,0.0,0.0,0.0,0.0,0.0,0.0,2632000000.0,2639274000,7222000.0,18781000.0,0.0,0.0,0.0,0.1178640555390481,5438000.0,352639000,0.1178640555390481,99380000.0,253259000.0,0.08464784905176052,4.64,4.63,54581681,54699568,https://www.sec.gov/Archives/edgar/data/64996/000119312506049713/d10k.htm,https://www.sec.gov/Archives/edgar/data/64996/000119312506049713/d10k.htm,1620594853,17:14:13,20210509
16,2004-12-31,MCY,USD,2005-03-14,2005-03-14 15:22:45,FY,2668157000,0.0,0.0,0.0,0.0,0.0,0.0,0.0,0.0,2260314000,4222000.0,16192000.0,0.0,0.0,0.0,0.15285569777190772,4775000.0,407843000,0.15285569777190772,121635000.0,286208000.0,0.10726805056823868,5.25,5.24,54515810,54619847,https://www.sec.gov/Archives/edgar/data/64996/000119312505049377/d10k.htm,https://www.sec.gov/Archives/edgar/data/64996/000119312505049377/d10k.htm,1620594853,17:14:13,20210509
17,2003-12-31,MCY,USD,2004-02-24,2004-02-24 16:41:28,FY,2265517000,0.0,0.0,0.0,0.0,0.0,0.0,0.0,0.0,2019716000,3056000.0,16126000.0,0.0,0.0,0.0,0.10849664778503097,4743000.0,245801000,0.10849664778503097,61480000.0,184321000.0,0.0813593541783178,3.39,3.38,54371976,54532840,https://www.sec.gov/Archives/edgar/data/64996/000119312504028702/d10k.htm,https://www.sec.gov/Archives/edgar/data/64996/000119312504028702/d10k.htm,1620594853,17:14:13,20210509
18,2002-12-31,MCY,USD,2003-03-07,2003-03-07 15:52:56,FY,1786271000,0.0,0.0,0.0,0.0,0.0,0.0,0.0,0.0,1725603000,4100000.0,10233000.0,0.0,0.0,0.0,0.0339634915418769,2073000.0,60668000,0.0339634915418769,-5437000.0,66105000.0,0.0370072626158069,1.22,1.21,54184426,54632231,https://www.sec.gov/Archives/edgar/data/64996/000089843003001831/d10k.htm,https://www.sec.gov/Archives/edgar/data/64996/000089843003001831/d10k.htm,1620594853,17:14:13,20210509
19,2001-12-31,MCY,USD,2002-03-27 00:00:00,2002-03-27 00:00:00,FY,1506980000,0.0,0.0,0.0,0.0,0.0,0.0,0.0,0.0,1382171000,7727000.0,8477000.0,0.0,0.0,0.0,0.08282060810362447,5396000.0,124809000,0.08282060810362447,19470000.0,105339000.0,0.06990072860953696,1.94,1.94,54298454,54298454,https://www.sec.gov/Archives/edgar/data/64996/000089843002001049/0000898430-02-001049-index.html,https://www.sec.gov/Archives/edgar/data/64996/000089843002001049/d10k.txt,1620594853,17:14:13,20210509
20,2000-12-31,MCY,USD,2001-03-28 00:00:00,2001-03-28 00:00:00,FY,1366018000,0.0,0.0,0.0,0.0,0.0,0.0,0.0,0.0,1237463000,7292000.0,6926000.0,0.0,0.0,0.0,0.0941093016343855,6349000.0,128555000,0.0941093016343855,19189000.0,109366000.0,0.08006190255179653,2.02,2.02,54141584,54141584,https://www.sec.gov/Archives/edgar/data/64996/000089843001001052/0000898430-01-001052-index.html,https://www.sec.gov/Archives/edgar/data/64996/000089843001001052/0000898430-01-001052-0001.txt,1620594853,17:14:13,20210509
21,1999-12-31,MCY,USD,1999-12-31,1999-12-31,FY,1280676000,0.0,0.0,0.0,0.0,0.0,0.0,0.0,0.0,1112137000,5000000.0,6896000.0,0.0,0.0,0.0,0.13160159165940488,4924000.0,168539000,0.13160159165940488,34830000.0,133709000.0,0.10440501735021192,2.45,2.44,54575102,54798770,,,1620594853,17:14:13,20210509
22,1998-12-31,MCY,USD,1999-03-24 00:00:00,1999-03-24 00:00:00,FY,1222123000,0.0,0.0,0.0,0.0,0.0,0.0,0.0,0.0,986843000,4800000.0,5444000.0,0.0,0.0,0.0,0.19251744709820534,8296000.0,235280000,0.19251744709820534,57754000.0,177526000.0,0.14526033795289017,3.23,3.21,54961610,55304050,https://www.sec.gov/Archives/edgar/data/64996/000094420999000354/0000944209-99-000354-index.html,https://www.sec.gov/Archives/edgar/data/64996/0000944209-99-000354.txt,1620594853,17:14:13,20210509
23,1997-12-31,MCY,USD,1997-12-31,1997-12-31,FY,1127946000,0.0,0.0,0.0,0.0,0.0,0.0,0.0,0.0,918167000,5000000.0,5157000.0,0.0,0.0,0.0,0.1859831942309295,4881000.0,209779000,0.1859831942309295,53473000.0,156306000.0,0.13857578288322314,2.84,2.82,55037324,55427660,,,1620594853,17:14:13,20210509
24,1996-12-31,MCY,USD,1996-12-31,1996-12-31,FY,824964000,0.0,0.0,0.0,0.0,0.0,0.0,0.0,0.0,688374000,2000000.0,4067000.0,0.0,0.0,0.0,0.1655708612739465,3233000.0,136590000,0.1655708612739465,30826000.0,105764000.0,0.1282043822518316,1.93,1.92422245186119,54800000,54964539,,,1620594853,17:14:13,20210509
25,1995-12-31,MCY,USD,1996-03-29 00:00:00,1996-03-29 00:00:00,FY,683679000,0.0,0.0,0.0,0.0,0.0,0.0,0.0,0.0,569356000,2000000.0,3736000.0,0.0,0.0,0.0,0.16721736370431153,3341000.0,114323000,0.16721736370431153,24022000.0,90301000.0,0.13208099122541428,1.6549999928522388,1.6530137722712994,54562538,54628099,https://www.sec.gov/Archives/edgar/data/64996/000089843096001096/0000898430-96-001096-index.html,https://www.sec.gov/Archives/edgar/data/64996/0000898430-96-001096.txt,1620594853,17:14:13,20210509
