,date,symbol,reportedCurrency,fillingDate,acceptedDate,period,revenue,costOfRevenue,grossProfit,grossProfitRatio,researchAndDevelopmentExpenses,generalAndAdministrativeExpenses,sellingAndMarketingExpenses,otherExpenses,operatingExpenses,costAndExpenses,interestExpense,depreciationAndAmortization,ebitda,ebitdaratio,operatingIncome,operatingIncomeRatio,totalOtherIncomeExpensesNet,incomeBeforeTax,incomeBeforeTaxRatio,incomeTaxExpense,netIncome,netIncomeRatio,eps,epsdiluted,weightedAverageShsOut,weightedAverageShsOutDil,link,finalLink,timestamp,est_time,est_date
0,2020-12-31,USAK,USD,2021-02-24,2021-02-24 16:51:37,FY,551138000,38804000,512334000,0.9295929513116498,0.0,23325000.0,0.0,538280000.0,538280000.0,577084000,-5605000.0,41359000.0,54217000,0.09837282132605626,12858000.0,0.02332991011325657,0.0,6955000.0,0.012619343975556032,2209000.0,4746000.0,0.008611273401580003,0.5388895197002385,0.5299832495812395,8807000.0,8955000.0,https://www.sec.gov/Archives/edgar/data/883945/000088394521000008/0000883945-21-000008-index.htm,https://www.sec.gov/Archives/edgar/data/883945/000088394521000008/usak-20201231x10k.htm,1620599342,18:29:02,20210509
1,2019-12-31,USAK,USD,2020-02-19 00:00:00,2020-02-19 16:51:54,FY,522631000,412183000,110448000,0.2113307476977064,0.0,30664000.0,0.0,-572000.0,107842000.0,520025000,6597000.0,37193000.0,39799000,0.07615124246361199,2606000.0,0.004986309652508175,-863000.0,-4854000.0,-0.009287623581456133,-156000.0,-4698000.0,-0.008989133824820954,-0.55,-0.55,8525000.0,8525000.0,https://www.sec.gov/Archives/edgar/data/883945/000088394520000008/0000883945-20-000008-index.html,https://www.sec.gov/Archives/edgar/data/883945/000088394520000008/usak-20191231x10k.htm,1620599342,18:29:02,20210509
2,2018-12-31,USAK,USD,2019-02-27 00:00:00,2019-02-27 17:18:39,FY,534060000,414059000,120001000,0.22469572707186458,0.0,26089000.0,0.0,-992000.0,101782000.0,515841000,3649000.0,28324000.0,46543000,0.08714938396434857,18219000.0,0.03411414447814852,2008000.0,16578000.0,0.031041456016177957,4374000.0,12204000.0,0.022851365015166835,1.489382474981694,1.485032854709175,8194000.0,8218000.0,https://www.sec.gov/Archives/edgar/data/883945/000088394519000016/0000883945-19-000016-index.html,https://www.sec.gov/Archives/edgar/data/883945/000088394519000016/usak-20181231.htm,1620599342,18:29:02,20210509
3,2017-12-31,USAK,USD,2018-02-28 00:00:00,2018-02-28 16:19:38,FY,446533000,355946000,90587000,0.2028674252518851,0.0,28341000.0,0.0,-387000.0,93428000.0,449374000,3808000.0,28463000.0,25622000,0.057379857703685956,-2841000.0,-0.006362351718685965,386000.0,-6263000.0,-0.014025839075723407,-13760000.0,7497000.0,0.016789352634631705,0.9337401918047079,0.9306107249255213,8029000.0,8056000.0,https://www.sec.gov/Archives/edgar/data/883945/000143774918003536/0001437749-18-003536-index.html,https://www.sec.gov/Archives/edgar/data/883945/000143774918003536/usak20171231_10k.htm,1620599342,18:29:02,20210509
4,2016-12-31,USAK,USD,2017-03-03 00:00:00,2017-03-03 15:31:57,FY,429099000,343029000,86070000,0.20058308222578006,0.0,24393000.0,0.0,-524000.0,86599000.0,429628000,3178000.0,29954000.0,29425000,0.06857391883924223,-529000.0,-0.0012328157371608883,-7511000.0,-11218000.0,-0.026143151114311616,-3519000.0,-7699000.0,-0.01794224642798049,-0.9,-0.9,8550000.0,8550000.0,https://www.sec.gov/Archives/edgar/data/883945/000143774917003762/0001437749-17-003762-index.html,https://www.sec.gov/Archives/edgar/data/883945/000143774917003762/usak20161231_10k.htm,1620599342,18:29:02,20210509
5,2015-12-31,USAK,USD,2016-02-23 00:00:00,2016-02-23 17:12:20,FY,507934000,383567000,124367000,0.2448487401906547,0.0,24782000.0,0.0,-743000.0,106101000.0,489668000,2237000.0,37480000.0,55746000,0.109750479392992,18266000.0,0.03596136505923998,3312000.0,19341000.0,0.038077781759047434,8272000.0,11069000.0,0.02179220134899416,1.07,1.06,10337000.0,10401000.0,https://www.sec.gov/Archives/edgar/data/883945/000143774916025882/0001437749-16-025882-index.html,https://www.sec.gov/Archives/edgar/data/883945/000143774916025882/usak20151231_10k.htm,1620599342,18:29:02,20210509
6,2014-12-31,USAK,USD,2015-03-06,2015-03-06 15:51:26,FY,602477000,418731000,183746000,0.3049842566604202,0.0,28972000.0,0.0,-245000.0,167610000.0,586341000,3008000.0,43830000.0,59966000,0.09953243028364568,16136000.0,0.02678276515120079,-1902000.0,11226000.0,0.01863307644939143,5193000.0,6033000.0,0.010013660272508327,0.5825608342989571,0.5753934191702432,10356000.0,10485000.0,https://www.sec.gov/Archives/edgar/data/883945/000119312515080939/d887384d10k.htm,https://www.sec.gov/Archives/edgar/data/883945/000119312515080939/d887384d10k.htm,1620599342,18:29:02,20210509
7,2014-03-17,USAK,USD,2014-03-21,2014-03-21 17:03:55,FY,555005000,246698000,308307000,0.5555031035756435,0.0,0.0,0.0,563672000.0,563672000.0,563672000,0.0,44947000.0,31849000,0.05738506860298556,-13098000.0,-0.0235997873893028,0.0,-13098000.0,-0.0235997873893028,0.0,-13098000.0,-0.0235997873893028,-1.26882,-1.26882,10323000.0,10323000.0,https://www.sec.gov/Archives/edgar/data/883945/000088394514000010/0000883945-14-000010-index.htm,https://www.sec.gov/Archives/edgar/data/883945/000088394514000010/form10k_2013.htm,1620599342,18:29:02,20210509
8,2013-12-31,USAK,USD,2013-12-31,2013-12-31,FY,555005000,377294000,177711000,0.32019711534130324,0.0,31370000.0,0.0,-769000.0,188026000.0,565320000,3662000.0,44947000.0,34632000,0.06239943784290232,-10315000.0,-0.01858541814938604,879000.0,-13098000.0,-0.0235997873893028,-3988000.0,-9110000.0,-0.016414266538139297,-0.88,-0.88,10323000.0,10323000.0,,,1620599342,18:29:02,20210509
9,2012-12-31,USAK,USD,2013-03-22 00:00:00,2013-03-22 17:27:07,FY,512428000,358829000,153599000,0.29974747671868046,0.0,24680000.0,0.0,64000.0,179022000.0,537851000,4052000.0,45058000.0,19635000,0.038317578274411235,-25423000.0,-0.04961282365522571,2215000.0,-27260000.0,-0.05319771753299976,-9589000.0,-17671000.0,-0.03448484470013348,-1.7,-1.7,10310000.0,10310000.0,https://www.sec.gov/Archives/edgar/data/883945/000088394513000013/0000883945-13-000013-index.html,https://www.sec.gov/Archives/edgar/data/883945/000088394513000013/form10k2012.htm,1620599342,18:29:02,20210509
10,2011-12-31,USAK,USD,2012-03-14 00:00:00,2012-03-14 17:21:16,FY,519408000,309305000,210103000,0.40450474386224317,0.0,159039000.0,0.0,0.0,226367000.0,535672000,3345000.0,49263000.0,32999000,0.0635319440593907,-16264000.0,-0.0313125712349444,3867000.0,-15742000.0,-0.030307580938298988,-4965000.0,-10777000.0,-0.020748621507562456,-1.05,-1.05,10302000.0,10302000.0,https://www.sec.gov/Archives/edgar/data/883945/000088394512000009/0000883945-12-000009-index.html,https://www.sec.gov/Archives/edgar/data/883945/000088394512000009/form10k-2011.htm,1620599342,18:29:02,20210509
11,2010-12-31,USAK,USD,2011-03-07,2011-03-04 17:44:25,FY,460161000,184980000,275181000,0.5980102616258223,0.0,174381000.0,0.0,0.0,229787000.0,414767000,3438000.0,49754000.0,95148000,0.20677110837293905,45394000.0,0.09864808186699872,365000.0,-3301000.0,-0.0071735762048500415,7000.0,-3308000.0,-0.007188788271930911,-0.32,-0.32,10295000.0,10295000.0,https://www.sec.gov/Archives/edgar/data/883945/000088394511000008/form10k.htm,https://www.sec.gov/Archives/edgar/data/883945/000088394511000008/form10k.htm,1620599342,18:29:02,20210509
12,2009-12-31,USAK,USD,2010-03-16 00:00:00,2010-03-16 12:10:29,FY,382368000,122283000,260085000,0.6801955184534271,0.0,168733000.0,0.0,0.0,224527000.0,346810000,3030000.0,50152000.0,85710000,0.2241557870951544,35558000.0,0.09299418361369152,214000.0,-9430000.0,-0.02466210561553268,-2253000.0,-7177000.0,-0.018769876140262782,-0.7,-0.7,10240000.0,10240000.0,https://www.sec.gov/Archives/edgar/data/883945/000088394510000008/0000883945-10-000008-index.html,https://www.sec.gov/Archives/edgar/data/883945/000088394510000008/form10k_2009.htm,1620599342,18:29:02,20210509
13,2008-12-31,USAK,USD,2009-03-02 00:00:00,2009-03-02 15:33:08,FY,535620000,199096000,336524000,0.6282887121466711,0.0,190803000.0,0.0,0.0,266379000.0,465475000,4643000.0,50919000.0,121064000,0.2260259138941787,70145000.0,0.1309603823606288,-139000.0,7365000.0,0.013750420073933012,4225000.0,3140000.0,0.005862365109592622,0.30724070450097846,0.30670052744676696,10220000.0,10238000.0,https://www.sec.gov/Archives/edgar/data/883945/000088394509000063/0000883945-09-000063-index.html,https://www.sec.gov/Archives/edgar/data/883945/000088394509000063/form_10k20090227.htm,1620599342,18:29:02,20210509
14,2007-12-31,USAK,USD,2008-03-03,2008-03-03 17:26:25,FY,482109000,287641000,194468000,0.40336936253005024,0.0,193380000.0,0.0,0.0,473799000.0,761440000,0.0,49093000.0,-230238000,-0.477564202286205,-279331000.0,-0.5793938715103846,0.0,3158000.0,0.00655038590858084,3018000.0,140000.0,0.0002903907622550087,0.013096351730589336,0.01295816364309515,10690000.0,10804000.0,https://www.sec.gov/Archives/edgar/data/883945/000088394508000020/form_10k-022808.htm,https://www.sec.gov/Archives/edgar/data/883945/000088394508000020/form_10k-022808.htm,1620599342,18:29:02,20210509
15,2006-12-31,USAK,USD,2007-03-02,2007-03-02 16:12:49,FY,465618000,260414000,205204000,0.44071320266828173,0.0,180004000.0,0.0,0.0,439214000.0,699628000,0.0,46739000.0,-187271000,-0.40219879815642867,-234010000.0,-0.5025793676361309,0.0,22346000.0,0.04799213088841067,1422000.0,12441000.0,0.0267193278610363,1.1,1.08,11310000.0,11519444.0,https://www.sec.gov/Archives/edgar/data/883945/000088394507000036/form10k_03022007.htm,https://www.sec.gov/Archives/edgar/data/883945/000088394507000036/form10k_03022007.htm,1620599342,18:29:02,20210509
16,2005-12-31,USAK,USD,2006-03-06,2006-03-03 17:47:31,FY,439703000,242244000,197459000,0.44907357921142227,0.0,169336000.0,0.0,0.0,406206000.0,648450000,0.0,41890000.0,-166857000,-0.3794766012512992,-208747000.0,-0.4747454531808971,0.0,28687000.0,0.06524176546441575,13119000.0,15568000.0,0.03540571704082074,1.55,1.51,10043871.0,10309934.0,https://www.sec.gov/Archives/edgar/data/883945/000088394506000025/form10-k_2005.htm,https://www.sec.gov/Archives/edgar/data/883945/000088394506000025/form10-k_2005.htm,1620599342,18:29:02,20210509
17,2004-12-31,USAK,USD,2005-03-01,2005-02-28 18:02:57,FY,363105000,205093000,158012000,0.4351688905413035,0.0,152177000.0,0.0,0.0,345306000.0,550399000,0.0,35871000.0,-151423000,-0.41702262430977266,-187294000.0,-0.5158122306219964,0.0,14227000.0,0.03918150397268008,6795000.0,7432000.0,0.0204679087316341,0.8,0.79,9290000.0,9407595.0,https://www.sec.gov/Archives/edgar/data/883945/000088394505000034/form10-k_2004.htm,https://www.sec.gov/Archives/edgar/data/883945/000088394505000034/form10-k_2004.htm,1620599342,18:29:02,20210509
18,2003-12-31,USAK,USD,2004-02-27,2004-02-27 17:18:55,FY,298662871,166525409,132137462,0.4424301606609815,0.0,26518205.0,0.0,0.0,288556059.0,455081468,0.0,30610962.0,-125807635,-0.4212362741266222,-156418597.0,-0.5237296369524286,0.0,8227412.0,0.027547488485771637,4872693.0,3354719.0,0.011232460830392272,0.36,0.36,9318664.0,9318664.0,https://www.sec.gov/Archives/edgar/data/883945/000119312504031444/d10k.htm,https://www.sec.gov/Archives/edgar/data/883945/000119312504031444/d10k.htm,1620599342,18:29:02,20210509
19,2002-12-31,USAK,USD,2002-12-31,2002-12-31,FY,273773099,143636930,130136169,0.4753431563413029,0.0,21592134.0,0.0,0.0,264466807.0,408103737,0.0,27810446.0,-106520192,-0.3890820259151904,-134330638.0,-0.49066412474660265,0.0,6367278.0,0.023257500547926368,3765444.0,2601834.0,0.00950361452423052,0.28,0.28,9292264.0,9292264.0,,,1620599342,18:29:02,20210509
20,2001-12-31,USAK,USD,2001-12-31,2001-12-31,FY,252441345,121403435,131037910,0.5190826011483974,0.0,82895989.0,0.0,0.0,245955224.0,367358659,0.0,26418261.0,-88499053,-0.35057273601517214,-114917314.0,-0.4552238223893158,0.0,1779446.0,0.007048948340851218,692235.0,1087211.0,0.004306786592346828,0.12,0.12,9060092.0,9060092.0,,,1620599342,18:29:02,20210509
21,2000-12-31,USAK,USD,2000-12-31,2000-12-31,FY,226585437,112614104,113971333,0.5029949607926479,0.0,71567226.0,0.0,0.0,220790518.0,333404622,0.0,26792923.0,-80026262,-0.35318360729423226,-106819185.0,-0.47143005488035844,0.0,154706.0,0.0006827711526756241,60645.0,94061.0,0.0004151237663168971,0.01,0.01,9406100.0,9406100.0,,,1620599342,18:29:02,20210509
22,1999-12-31,USAK,USD,1999-12-31,1999-12-31,FY,166363356,66719365,99643991,0.5989539607508279,0.0,42480525.0,0.0,0.0,150526684.0,217246049,0.0,18591780.0,-32290913,-0.19409871125706313,-50882693.0,-0.305852768442589,0.0,14212999.0,0.08543347129881174,5571497.0,8641502.0,0.05194354218245032,0.93,0.92,9291938.0,9392937.0,,,1620599342,18:29:02,20210509
23,1998-12-31,USAK,USD,1998-12-31,1998-12-31,FY,145216121,53482331,91733790,0.6317052774051167,0.0,33400982.0,0.0,0.0,126255930.0,179738261,0.0,16179143.0,-18342997,-0.12631515615266986,-34522140.0,-0.23772939094000453,0.0,17180277.0,0.11830833162111526,6683128.0,10497149.0,0.07228638891958834,1.12,1.11,9372454.0,9456891.0,,,1620599342,18:29:02,20210509
24,1997-12-31,USAK,USD,1997-12-31,1997-12-31,FY,129507242,53221160,76286082,0.5890487730408157,0.0,34188558.0,0.0,0.0,115338538.0,168559698,0.0,13607835.0,-25444621,-0.1964725725531241,-39052456.0,-0.3015465034766164,0.0,12981595.0,0.10023837122560297,5078123.0,7903472.0,0.06102725900069743,0.84,0.83,9408895.0,9522255.0,,,1620599342,18:29:02,20210509
25,1996-12-31,USAK,USD,1996-12-31,1996-12-31,FY,108312633,49557539,58755094,0.5424583667908802,0.0,31064185.0,0.0,0.0,102060873.0,151618412,0.0,11839187.0,-31466592,-0.29051636109704765,-43305779.0,-0.3998220503050646,0.0,5535480.0,0.0511065038923022,2153302.0,3382178.0,0.0312260712930873,0.35135397652659267,0.3473923628237014,9626127.0,9735902.0,,,1620599342,18:29:02,20210509
26,1995-12-31,USAK,USD,1995-12-31,1995-12-31,FY,102400000,29700000,72700000,0.7099609375,0.0,0.0,0.0,0.0,0.0,88300000,0.0,11100000.0,25200000,0.24609375,14100000.0,0.1376953125,200000.0,9800000.0,0.095703125,3800000.0,6000000.0,0.05859375,0.6,0.6,10000000.0,10000000.0,,,1620599342,18:29:02,20210509
27,1994-12-31,USAK,USD,1994-12-31,1994-12-31,FY,92500000,25200000,67300000,0.7275675675675676,0.0,0.0,0.0,0.0,0.0,75400000,0.0,9100000.0,26200000,0.28324324324324324,17100000.0,0.18486486486486486,0.0,13100000.0,0.14162162162162162,5000000.0,8100000.0,0.08756756756756756,0.8,0.8,10125000.0,10125000.0,,,1620599342,18:29:02,20210509
28,1993-12-31,USAK,USD,1993-12-31,1993-12-31,FY,75900000,21500000,54400000,0.7167325428194994,0.0,0.0,0.0,0.0,0.0,63100000,0.0,7500000.0,20300000,0.26745718050065875,12800000.0,0.1686429512516469,0.0,9400000.0,0.12384716732542819,3800000.0,5600000.0,0.07378129117259552,0.56,0.56,10000000.0,10000000.0,,,1620599342,18:29:02,20210509
29,1992-12-31,USAK,USD,1992-12-31,1992-12-31,FY,63000000,18000000,45000000,0.7142857142857143,0.0,0.0,0.0,0.0,0.0,52900000,0.0,6800000.0,16900000,0.26825396825396824,10100000.0,0.16031746031746033,100000.0,6800000.0,0.10793650793650794,2700000.0,4100000.0,0.06507936507936508,0.225,0.225,9600000.0,9600000.0,,,1620599342,18:29:02,20210509
30,1991-12-31,USAK,USD,1991-12-31,1991-12-31,FY,52500000,14000000,38500000,0.7333333333333333,0.0,0.0,0.0,0.0,0.0,43700000,0.0,5900000.0,14700000,0.28,8800000.0,0.1676190476190476,-1300000.0,3300000.0,0.06285714285714286,1300000.0,2000000.0,0.0380952380952381,0.14,0.14,14285714.0,14285714.0,,,1620599342,18:29:02,20210509
31,1990-12-31,USAK,USD,1990-12-31,1990-12-31,FY,45700000,18300000,27400000,0.5995623632385121,0.0,0.0,0.0,0.0,0.0,37800000,0.0,4700000.0,12600000,0.27571115973741794,7900000.0,0.17286652078774617,-200000.0,3600000.0,0.0787746170678337,1500000.0,2100000.0,0.045951859956236324,0.15,0.15,14000000.0,14000000.0,,,1620599342,18:29:02,20210509
