,date,symbol,reportedCurrency,fillingDate,acceptedDate,period,revenue,costOfRevenue,grossProfit,grossProfitRatio,researchAndDevelopmentExpenses,generalAndAdministrativeExpenses,sellingAndMarketingExpenses,otherExpenses,operatingExpenses,costAndExpenses,interestExpense,depreciationAndAmortization,ebitda,ebitdaratio,operatingIncome,operatingIncomeRatio,totalOtherIncomeExpensesNet,incomeBeforeTax,incomeBeforeTaxRatio,incomeTaxExpense,netIncome,netIncomeRatio,eps,epsdiluted,weightedAverageShsOut,weightedAverageShsOutDil,link,finalLink,timestamp,est_time,est_date
0,2020-12-31,EKSO,USD,2021-02-25,2021-02-25 16:14:52,FY,8882000.0,3812000.0,5070000.0,0.5708173834721909,2474000.0,7702000.0,7752000.0,990000.0,17928000.0,21740000.0,139000.0,620000.0,-12238000.0,-1.3778428281918487,-12858000.0,-1.4476469263679352,-2499000.0,-15825000.0,-1.7816933123170458,0.0,-15825000.0,-1.7816933123170458,-3.300939281490335,-3.300939281490335,8236000.0,8236000.0,https://www.sec.gov/Archives/edgar/data/1549084/000154908421000012/0001549084-21-000012-index.htm,https://www.sec.gov/Archives/edgar/data/1549084/000154908421000012/ekso-20201231.htm,1620591547,16:19:07,20210509
1,2019-12-31,EKSO,USD,2020-02-27 00:00:00,2020-02-27 16:35:25,FY,13917000.0,7153000.0,6764000.0,0.4860242868434289,4596000.0,7409000.0,11398000.0,-132000.0,23403000.0,30556000.0,384000.0,690000.0,-15949000.0,-1.1460084788388303,-16639000.0,-1.1955881296256377,5987000.0,-12132000.0,-0.8717395990515198,0.0,-12132000.0,-0.8717395990515198,-2.549987,-2.549987,4794090.0,4794090.0,https://www.sec.gov/Archives/edgar/data/1549084/000154908420000005/0001549084-20-000005-index.html,https://www.sec.gov/Archives/edgar/data/1549084/000154908420000005/ekso1231201910-k.htm,1620591547,16:19:07,20210509
2,2018-12-31,EKSO,USD,2019-02-28 00:00:00,2019-02-28 17:05:46,FY,11332000.0,7023000.0,4309000.0,0.38025061771973173,5847000.0,11700000.0,13827000.0,-425000.0,31374000.0,38397000.0,600000.0,1515000.0,-25550000.0,-2.2546770208259796,-27065000.0,-2.3883692199082245,673000.0,-26992000.0,-2.3819272855630076,0.0,-26992000.0,-2.3819272855630076,-6.599967,-6.599967,4081953.0,4081953.0,https://www.sec.gov/Archives/edgar/data/1549084/000154908419000002/0001549084-19-000002-index.html,https://www.sec.gov/Archives/edgar/data/1549084/000154908419000002/ekso1231201810-k.htm,1620591547,16:19:07,20210509
3,2017-12-31,EKSO,USD,2018-03-13 00:00:00,2018-03-13 16:36:51,FY,7353000.0,5284000.0,2069000.0,0.2813817489460084,9483000.0,10715000.0,13156000.0,296000.0,33354000.0,38638000.0,648000.0,1732000.0,-29553000.0,-4.019175846593227,-31285000.0,-4.254725962192302,2811000.0,-29122000.0,-3.960560315517476,0.0,-29122000.0,-3.960560315517476,-12.299939,-12.299939,2373945.0,2373945.0,https://www.sec.gov/Archives/edgar/data/1549084/000114420418014386/0001144204-18-014386-index.html,https://www.sec.gov/Archives/edgar/data/1549084/000114420418014386/tv487296_10k.htm,1620591547,16:19:07,20210509
4,2016-12-31,EKSO,USD,2017-03-15 00:00:00,2017-03-14 20:35:44,FY,14221000.0,11274000.0,2947000.0,0.20722874622037832,8879000.0,10853000.0,10997000.0,-166000.0,30729000.0,42003000.0,16000.0,1855000.0,-25927000.0,-1.8231488643555305,-27782000.0,-1.9535897616201392,4316000.0,-23470000.0,-1.650376204205049,0.0,-23470000.0,-1.650376204205049,-28.050401,-30.75044,1208382.0,1241448.0,https://www.sec.gov/Archives/edgar/data/1549084/000114420417014588/0001144204-17-014588-index.html,https://www.sec.gov/Archives/edgar/data/1549084/000114420417014588/v460534_10k.htm,1620591547,16:19:07,20210509
5,2015-12-31,EKSO,USD,2016-03-14 00:00:00,2016-03-14 17:06:37,FY,8661000.0,7482000.0,1179000.0,0.1361274679598199,6480000.0,7002000.0,9258000.0,-45000.0,22740000.0,30222000.0,13000.0,933000.0,-20628000.0,-2.3817111188084517,-21561000.0,-2.489435400069276,2460000.0,-19590000.0,-2.2618635261517146,0.0,-19590000.0,-2.2618635261517146,-19.447743,-21.068388,1261732.0,1262028.0,https://www.sec.gov/Archives/edgar/data/1549084/000114420416087881/0001144204-16-087881-index.html,https://www.sec.gov/Archives/edgar/data/1549084/000114420416087881/v432273_10k.htm,1620591547,16:19:07,20210509
6,2014-12-31,EKSO,USD,2015-03-19,2015-03-19 16:03:36,FY,5327000.0,3768000.0,1559000.0,0.2926600337901258,3868000.0,7400000.0,7085000.0,-61000.0,18353000.0,22121000.0,435000.0,745000.0,-16049000.0,-3.0127651586258684,-16794000.0,-3.1526187347475125,-16546000.0,-33769000.0,-6.339215318190351,0.0,-33769000.0,-6.339215318190351,-34.843873,-34.843873,965838.0,965838.0,https://www.sec.gov/Archives/edgar/data/1549084/000114420415017256/v403902_10k.htm,https://www.sec.gov/Archives/edgar/data/1549084/000114420415017256/v403902_10k.htm,1620591547,16:19:07,20210509
7,2013-12-31,EKSO,USD,2014-02-19,2014-02-19,FY,0.0,0.0,0.0,0.0,0.0,30000.0,0.0,0.0,30000.0,30000.0,0.0,0.0,-30000.0,0.0,-30000.0,0.0,0.0,-30000.0,0.0,0.0,-30000.0,0.0,-0.00955,-0.00955,3140000.0,3140000.0,https://www.sec.gov/Archives/edgar/data/1549084/000155889114000022/0001558891-14-000022-index.htm,https://www.sec.gov/Archives/edgar/data/1549084/000155889114000022/ekso-20131231_10q.htm,1620591547,16:19:07,20210509
8,2013-03-31,EKSO,USD,2013-07-03,2013-07-03 15:02:08,FY,0.0,0.0,0.0,0.0,0.0,10941.0,0.0,0.0,11441.0,11441.0,0.0,0.0,-10900.0,0.0,-11441.0,0.0,-541.0,-12292.0,0.0,0.0,-12292.0,0.0,-0.045309,-0.045309,271295.0,271295.0,https://www.sec.gov/Archives/edgar/data/1549084/000154908413000022/pnmg_10k.htm,https://www.sec.gov/Archives/edgar/data/1549084/000154908413000022/pnmg_10k.htm,1620591547,16:19:07,20210509
