,date,symbol,reportedCurrency,fillingDate,acceptedDate,period,revenue,costOfRevenue,grossProfit,grossProfitRatio,researchAndDevelopmentExpenses,generalAndAdministrativeExpenses,sellingAndMarketingExpenses,otherExpenses,operatingExpenses,costAndExpenses,interestExpense,depreciationAndAmortization,ebitda,ebitdaratio,operatingIncome,operatingIncomeRatio,totalOtherIncomeExpensesNet,incomeBeforeTax,incomeBeforeTaxRatio,incomeTaxExpense,netIncome,netIncomeRatio,eps,epsdiluted,weightedAverageShsOut,weightedAverageShsOutDil,link,finalLink,timestamp,est_time,est_date
0,2020-12-31,1066.HK,CNY,2020-12-31,2020-12-31,FY,11345252000,4887962000,6457290000,0.5691623244684207,411404000.0,1021623000,2635706000.0,33469000.0,0.0,8854955000,178935000.0,690694000.0,3180991000,0.28038081481134136,2490297000,0.21950125039091242,0.0,2496029000,0.22000648376959805,345638000.0,2030137000,0.17894155193732145,0.45352285288175337,0.45352285288175337,4476372000,4476372000,https://www1.hkexnews.hk/search/titlesearch.xhtml,https://www1.hkexnews.hk/search/titlesearch.xhtml,1620585057,14:30:57,20210509
1,2019-12-31,1066.HK,CNY,2019-12-31,2019-12-31,FY,10364081000,3858884000,6505197000,0.6276675182295468,406363000.0,986235000,2781192000.0,108346000.0,4159663000.0,8018547000,396735000.0,611197000.0,2956731000,0.28528636547707414,2345534000,0.2263137464865433,0.0,2247101000,0.21681623291056873,327137000.0,1844883000,0.17800738917420658,0.41213799925475364,0.4115434437864041,4476372000,4482839000,https://www1.hkexnews.hk/search/titlesearch.xhtml,https://www1.hkexnews.hk/search/titlesearch.xhtml,1620585057,14:30:57,20210509
2,2018-12-31,1066.HK,CNY,2018-12-31,2018-12-31,FY,8808861000,3419707000,5389154000,0.6117878349993262,311163000.0,929612000,2438194000.0,134348000.0,3685262000.0,7104969000,284408000.0,562558000.0,2266450000,0.2572920608010502,1703892000,0.19342932077143685,0.0,1775215000,0.20152605427648365,258431000.0,1472935000,0.16721060759160578,0.32904660291861354,0.3284957065076912,4476372000,4483879000,https://www1.hkexnews.hk/search/titlesearch.xhtml,https://www1.hkexnews.hk/search/titlesearch.xhtml,1620585057,14:30:57,20210509
3,2017-12-31,1066.HK,CNY,2017-12-31,2017-12-31,FY,6292641000,2299818000,3992823000,0.634522611412283,273825000.0,419544000,1922146000.0,117852000.0,2634236000.0,4934054000,23879000.0,364998000.0,1723585000,0.2739048676064629,1358587000,0.2159009229987854,0.0,1527561000,0.2427535592766217,224399000.0,1729924000,0.2749122347834558,0.38645671092572287,0.3858598673832823,4476372000,4483296000,https://www1.hkexnews.hk/search/titlesearch.xhtml,https://www1.hkexnews.hk/search/titlesearch.xhtml,1620585057,14:30:57,20210509
4,2016-12-31,1066.HK,CNY,2016-12-31,2016-12-31,FY,6730340000,2593772000,4136568000,0.6146150120201951,302679000.0,731462000,1839173000.0,104906000.0,2906994000.0,5500766000,56762000.0,349167000.0,1578741000,0.23457076462704707,1229574000,0.18269121619412987,0.0,1314346000,0.19528671657003954,176754000.0,1105933000,0.16432052466888747,0.24706011922154816,0.2469755387843199,4476372000,4477905000,https://www1.hkexnews.hk/search/titlesearch.xhtml,https://www1.hkexnews.hk/search/titlesearch.xhtml,1620585057,14:30:57,20210509
5,2015-12-31,1066.HK,CNY,2015-12-31,2015-12-31,FY,5918930000,2403372000,3515558000,0.5939516094969868,292658000.0,393316000,1544998000.0,50888000.0,2245276000.0,4648648000,44497000.0,316372000.0,1586654000,0.26806432919463485,1270282000,0.2146134520935372,0.0,1335505000,0.22563284242253245,186647000.0,1112736000,0.18799614119443886,0.2485798767394667,0.2485031558232096,4476372000,4477754000,https://www1.hkexnews.hk/search/titlesearch.xhtml,https://www1.hkexnews.hk/search/titlesearch.xhtml,1620585057,14:30:57,20210509
6,2014-12-31,1066.HK,CNY,2014-12-31,2014-12-31,FY,5277827000,2173518000,3104309000,0.5881793776112783,238100000.0,324333000,1417460000.0,47029000.0,1993840000.0,4167358000,22705000.0,244484000.0,1354953000,0.25672554253862434,1110469000,0.2104026903496458,0.0,1275664000,0.24170250370086022,180844000.0,1084948000,0.2055671775524283,0.24,0.24,4476372000,4476372000,https://www1.hkexnews.hk/search/titlesearch.xhtml,https://www1.hkexnews.hk/search/titlesearch.xhtml,1620585057,14:30:57,20210509
7,2013-12-31,1066.HK,CNY,2013-12-31,2013-12-31,FY,4613310000,1886444000,2726866000,0.5910866601203908,208921000.0,313995000,1161236000.0,40886000.0,1676455000.0,3562899000,8957000.0,187961000.0,1238372000,0.2684345946836436,1050411000,0.22769139728307874,0.0,544154000,0.11795305323076057,156475000.0,387984000,0.08410100340102876,0.09,0.09,4476372000,4476372000,https://www1.hkexnews.hk/search/titlesearch.xhtml,https://www1.hkexnews.hk/search/titlesearch.xhtml,1620585057,14:30:57,20210509
8,2012-12-31,1066.HK,CNY,2012-12-31,2012-12-31,FY,3689115000,1576695000,2112420000,0.57260887773897,170587000.0,212893000,874317000.0,45484000.0,1245739000.0,2822434000,4678000.0,128342000.0,995023000,0.26971861815096576,866681000,0.2349292445478116,0.0,1126175000,0.3052696920535142,129805000.0,996486000,0.27011519022855074,0.22,0.22,4476372000,4476372000,https://www1.hkexnews.hk/search/titlesearch.xhtml,https://www1.hkexnews.hk/search/titlesearch.xhtml,1620585057,14:30:57,20210509
9,2011-12-31,1066.HK,CNY,2011-12-31,2011-12-31,FY,3180577000,1420461000,1760116000,0.5533951858420658,0.0,285781000,633441000.0,2559276000.0,877005000.0,2297466000,1142000.0,97714000.0,980825000,0.3083795801830926,883111000,0.2776574816456259,0.0,3592506000,1.1295139215305903,124472000.0,3462172000,1.0885358222737573,0.78,0.78,4417726000,4417726000,https://www1.hkexnews.hk/search/titlesearch.xhtml,https://www1.hkexnews.hk/search/titlesearch.xhtml,1620585057,14:30:57,20210509
10,2010-12-31,1066.HK,CNY,2010-12-31,2010-12-31,FY,2462557000,1102858000,1359699000,0.5521492497432546,0.0,262188000,501324000.0,0.0,659354000.0,1762212000,9658000.0,93477000.0,793822000,0.32235680229939856,700345000,0.28439747790609515,0.0,887884000,0.3605536846456752,85532000.0,799072000,0.32448873264659456,0.0925,0.0925,8610248000,8610248000,https://www1.hkexnews.hk/search/titlesearch.xhtml,https://www1.hkexnews.hk/search/titlesearch.xhtml,1620585057,14:30:57,20210509
11,2009-12-31,1066.HK,CNY,2009-12-31,2009-12-31,FY,1878495000,877236000,1001259000,0.5330112669983151,0.0,180941000,321319000.0,109369000.0,439258000.0,1316494000,4003000.0,74759000.0,636760000,0.33897348675402383,562001000,0.29917620222571795,0.0,704960000,0.37527914633789283,71782000.0,633864000,0.33743182707433345,0.1475,0.1475,4305124000,4305124000,https://www1.hkexnews.hk/search/titlesearch.xhtml,https://www1.hkexnews.hk/search/titlesearch.xhtml,1620585057,14:30:57,20210509
12,2008-12-31,1066.HK,CNY,2008-12-31,2008-12-31,FY,1514367000,756134000,758233000,0.5006930288364709,0.0,137680000,208747000.0,55981000.0,268353000.0,1024487000,30227000.0,60251000.0,550131000,0.3632745562997609,489880000,0.32348829576978366,0.0,524082000,0.3460733098383681,38977000.0,482394000,0.31854497621778605,0.12,0.12,3993740000,3993740000,https://www1.hkexnews.hk/search/titlesearch.xhtml,https://www1.hkexnews.hk/search/titlesearch.xhtml,1620585057,14:30:57,20210509
13,2007-12-31,1066.HK,CNY,2007-12-31,2007-12-31,FY,1095109000,594844000,500265000,0.4568175405370607,0.0,88049000,0.0,72558000.0,240749000.0,835593000,0.0,48036000.0,307552000,0.2808414504857507,259516000,0.2369773237184609,0.0,332074000,0.30323374202933223,2732000.0,329342000,0.3007390131941204,0.0775,0.0775,3976116129,3976116129,https://www1.hkexnews.hk/search/titlesearch.xhtml,https://www1.hkexnews.hk/search/titlesearch.xhtml,1620585057,14:30:57,20210509
14,2006-12-31,1066.HK,CNY,2006-12-31,2006-12-31,FY,786926000,451585000,335341000,0.42614045030917774,0.0,59759000,0.0,29134000.0,175127000.0,626712000,0.0,43308000.0,203522000,0.25862914683210364,160214000,0.20359474715538692,0.0,189348000,0.24061728802962412,6745000.0,182603000,0.23204596111959702,0.045,0.045,3798244444,3798244444,https://www1.hkexnews.hk/search/titlesearch.xhtml,https://www1.hkexnews.hk/search/titlesearch.xhtml,1620585057,14:30:57,20210509
15,2005-12-31,1066.HK,CNY,2005-12-31,2005-12-31,FY,569987000,335727000,234260000,0.41099182963821984,0.0,40107000,0.0,-4188000.0,127492000.0,463219000,0.0,23863000.0,130631000,0.2291824199499287,106768000,0.1873165528336611,0.0,102580000,0.1799690168372261,2000.0,102578000,0.17996550798526983,0.026202,0.026202,3862240000,3862240000,https://www1.hkexnews.hk/search/titlesearch.xhtml,https://www1.hkexnews.hk/search/titlesearch.xhtml,1620585057,14:30:57,20210509
16,2004-12-31,1066.HK,CNY,2004-12-31,2004-12-31,FY,407823000,244846000,162977000,0.39962679888088704,0.0,29611000,0.0,-11848000.0,90213000.0,335059000,0.0,16014000.0,88778000,0.21768757524710475,72764000,0.17842054028340726,0.0,69867000,0.1713169683906989,3040000.0,65888000,0.1615602847313663,0.02,0.02,3294400000,3294400000,https://www1.hkexnews.hk/search/titlesearch.xhtml,https://www1.hkexnews.hk/search/titlesearch.xhtml,1620585057,14:30:57,20210509
17,2003-12-31,1066.HK,CNY,2003-12-31,2003-12-31,FY,317935000,185338000,132597000,0.4170569456020885,0.0,21983000,0.0,-11634000.0,71111000.0,256449000,0.0,11472000.0,72958000,0.22947457813704059,61486000,0.193391731014201,0.0,56802000,0.17865915989117273,4572000.0,50454000,0.15869281456901568,0.02,0.02,2522700000,2522700000,https://www1.hkexnews.hk/search/titlesearch.xhtml,https://www1.hkexnews.hk/search/titlesearch.xhtml,1620585057,14:30:57,20210509
18,2002-12-31,1066.HK,CNY,2002-12-31,2002-12-31,FY,278247000,171894000,106353000,0.3822251452845853,0.0,21380000,0.0,-2887000.0,58230000.0,230124000,0.0,8693000.0,56816000,0.20419267772878055,48123000,0.1729506517590486,0.0,50727000,0.18230924322634207,5295000.0,43526000,0.15642935952588888,0.0175,0.0175,2487200000,2487200000,https://www1.hkexnews.hk/search/titlesearch.xhtml,https://www1.hkexnews.hk/search/titlesearch.xhtml,1620585057,14:30:57,20210509
