,date,symbol,reportedCurrency,fillingDate,acceptedDate,period,revenue,costOfRevenue,grossProfit,grossProfitRatio,researchAndDevelopmentExpenses,generalAndAdministrativeExpenses,sellingAndMarketingExpenses,otherExpenses,operatingExpenses,costAndExpenses,interestExpense,depreciationAndAmortization,ebitda,ebitdaratio,operatingIncome,operatingIncomeRatio,totalOtherIncomeExpensesNet,incomeBeforeTax,incomeBeforeTaxRatio,incomeTaxExpense,netIncome,netIncomeRatio,eps,epsdiluted,weightedAverageShsOut,weightedAverageShsOutDil,link,finalLink,timestamp,est_time,est_date
0,2020-12-31,BELFA,USD,2020-12-31,2020-12-31,FY,465771000,346041000,119730000.0,0.25705765279504306,23611000.0,0.0,0.0,-1785000.0,0.0,448356000,4746000.0,16423000.0,33838000.0,0.07264943502279017,17415000.0,0.026055722661994844,-533000.0,12136000.0,0.026055722661994844,-659000.0,12795000.0,0.027470581036603825,1.041598827743406,1.041598827743406,12284000.0,12284000.0,,,1620589277,15:41:17,20210509
1,2019-12-31,BELFA,USD,2020-03-25 00:00:00,2020-03-25 08:57:13,FY,492412000,381715000,110697000.0,0.22480565055278912,26925000.0,76062000.0,0.0,-2337000.0,102987000.0,484702000,5448000.0,16471000.0,24181000.0,0.049107251651056436,7710000.0,0.015657620041753653,-9564000.0,-7302000.0,-0.014829045595964355,1441000.0,-8743000.0,-0.017755456812587833,-0.71,-0.71,12284000.0,12284000.0,https://www.sec.gov/Archives/edgar/data/729580/000143774920006060/0001437749-20-006060-index.html,https://www.sec.gov/Archives/edgar/data/729580/000143774920006060/belfb20191231_10k.htm,1620589277,15:41:17,20210509
2,2018-12-31,BELFA,USD,2019-03-08 00:00:00,2019-03-08 16:27:50,FY,548184000,438414000,109770000.0,0.20024298410752595,0.0,79937000.0,0.0,-678000.0,79937000.0,518351000,5317000.0,18207000.0,48040000.0,0.0876348087503466,29833000.0,0.05442150810676707,-900000.0,23616000.0,0.04308042555054507,2907000.0,20709000.0,0.03777746158224246,1.73,1.73,12114000.0,12114000.0,https://www.sec.gov/Archives/edgar/data/729580/000072958019000007/0000729580-19-000007-index.html,https://www.sec.gov/Archives/edgar/data/729580/000072958019000007/bel10-k.htm,1620589277,15:41:17,20210509
3,2017-12-31,BELFA,USD,2018-03-09 00:00:00,2018-03-09 15:58:11,FY,491611000,389601000,102010000.0,0.20750145948727755,0.0,85067000.0,0.0,0.0,85067000.0,474668000,6802000.0,20718000.0,37661000.0,0.07660731757426095,16943000.0,0.03446424103610375,-605000.0,9643000.0,0.019615102184450714,21540000.0,-11897000.0,-0.024200028070974815,-0.99,-0.99,12032000.0,12032000.0,https://www.sec.gov/Archives/edgar/data/729580/000072958018000006/0000729580-18-000006-index.html,https://www.sec.gov/Archives/edgar/data/729580/000072958018000006/bel10-k.htm,1620589277,15:41:17,20210509
4,2016-12-31,BELFA,USD,2017-03-10 00:00:00,2017-03-10 12:21:12,FY,500153000,400245000,99908000.0,0.19975487500824748,0.0,71005000.0,0.0,0.0,71005000.0,471250000,6662000.0,21778000.0,50681000.0,0.10133099271622883,28903000.0,0.05778831677506683,-105415000.0,-82552000.0,-0.16505349363094893,-17718000.0,-64834000.0,-0.12962833372987867,-5.48,-5.48,11924000.0,11924000.0,https://www.sec.gov/Archives/edgar/data/729580/000072958017000006/0000729580-17-000006-index.html,https://www.sec.gov/Archives/edgar/data/729580/000072958017000006/bel10-k.htm,1620589277,15:41:17,20210509
5,2015-12-31,BELFA,USD,2016-03-11 00:00:00,2016-03-11 15:52:03,FY,567080000,458253000,108827000.0,0.19190766734852224,0.0,78113000.0,0.0,0.0,78113000.0,536366000,7588000.0,23009000.0,53723000.0,0.0947361924243493,30714000.0,0.05416167031106722,-2114000.0,25732000.0,0.045376313747619385,6535000.0,19197000.0,0.033852366509134514,1.64,1.64,11873000.0,11873000.0,https://www.sec.gov/Archives/edgar/data/729580/000072958016000036/0000729580-16-000036-index.html,https://www.sec.gov/Archives/edgar/data/729580/000072958016000036/bel10-k.htm,1620589277,15:41:17,20210509
6,2014-12-31,BELFA,USD,2015-03-13,2015-03-13 16:57:25,FY,487076000,399100000,87976000.0,0.1806206834251739,0.0,72051000.0,0.0,0.0,72051000.0,471151000,3978000.0,19746000.0,35671000.0,0.07323497770368484,15925000.0,0.03269510302293687,-1832000.0,10391000.0,0.02133342640573545,1296000.0,9095000.0,0.018672650674638046,0.79,0.79,11666000.0,11666000.0,https://www.sec.gov/Archives/edgar/data/729580/000072958015000009/bel10-k.htm,https://www.sec.gov/Archives/edgar/data/729580/000072958015000009/bel10-k.htm,1620589277,15:41:17,20210509
7,2013-12-31,BELFA,USD,2014-03-13,2014-03-13 15:32:07,FY,349189000,286952000,62237000.0,0.17823299130270426,0.0,45831000.0,0.0,0.0,45831000.0,332783000,156000.0,12382000.0,28788000.0,0.08244245952764835,16406000.0,0.046983152390252844,-1261000.0,15165000.0,0.04342920309631747,-743000.0,15908000.0,0.045556990626852506,1.41,1.41,11415000.0,11415000.0,https://www.sec.gov/Archives/edgar/data/729580/000072958014000005/bel10-k.htm,https://www.sec.gov/Archives/edgar/data/729580/000072958014000005/bel10-k.htm,1620589277,15:41:17,20210509
8,2012-12-31,BELFA,USD,2013-03-12 00:00:00,2013-03-12 16:52:04,FY,286594000,240092000,46502000.0,0.16225740943634548,0.0,39343000.0,0.0,0.0,39343000.0,279435000,16000.0,9072000.0,16231000.0,0.056634123533639925,7159000.0,0.02497958784901289,-6371000.0,1038000.0,0.0036218483289950244,-1364000.0,2402000.0,0.008381194302741857,0.21,0.21,11800000.0,11800000.0,https://www.sec.gov/Archives/edgar/data/729580/000072958013000006/0000729580-13-000006-index.html,https://www.sec.gov/Archives/edgar/data/729580/000072958013000006/bel10-k.htm,1620589277,15:41:17,20210509
9,2011-12-31,BELFA,USD,2012-03-12 00:00:00,2012-03-12 15:14:16,FY,295121000,244749000,50372000.0,0.17068253360486038,0.0,39284000.0,0.0,0.0,39284000.0,284033000,0.0,8667000.0,19755000.0,0.06693864550472518,11088000.0,0.03757103018761796,-3573000.0,7872000.0,0.02667380498168548,4108000.0,3764000.0,0.012754090695003066,0.32,0.32,11773000.0,11773000.0,https://www.sec.gov/Archives/edgar/data/729580/000072958012000005/0000729580-12-000005-index.html,https://www.sec.gov/Archives/edgar/data/729580/000072958012000005/bel10-k.htm,1620589277,15:41:17,20210509
10,2010-12-31,BELFA,USD,2011-03-11,2011-03-11 14:49:29,FY,302539000,239185000,63354000.0,0.20940771272464045,0.0,40443000.0,0.0,0.0,40443000.0,279628000,0.0,8836000.0,31747000.0,0.10493523149081606,22911000.0,0.07572907955668526,-7751000.0,15580000.0,0.051497492885214796,1931000.0,13649000.0,0.04511484469770839,1.17,1.17,11679000.0,11679000.0,https://www.sec.gov/Archives/edgar/data/729580/000072958011000009/bel10-k.htm,https://www.sec.gov/Archives/edgar/data/729580/000072958011000009/bel10-k.htm,1620589277,15:41:17,20210509
11,2009-12-31,BELFA,USD,2010-03-12 00:00:00,2010-03-12 15:54:37,FY,182753000,161454000,21299000.0,0.11654528243038419,0.0,30055000.0,0.0,0.0,25362000.0,186816000,0.0,6778000.0,2715000.0,0.014856117273040662,-4063000.0,-0.022232193178771346,-6159000.0,-9695000.0,-0.05304974473743249,-1385000.0,-8310000.0,-0.04547120977494214,-0.72,-0.72,11538000.0,11538000.0,https://www.sec.gov/Archives/edgar/data/729580/000114420410013110/0001144204-10-013110-index.html,https://www.sec.gov/Archives/edgar/data/729580/000114420410013110/v177171_10k.htm,1620589277,15:41:17,20210509
12,2008-12-31,BELFA,USD,2009-03-13 00:00:00,2009-03-13 16:43:09,FY,258350000,217079000,41271000.0,0.15974840332881748,0.0,36093000.0,0.0,0.0,50898000.0,267977000,0.0,7443000.0,-2184000.0,-0.008453648151732147,-9627000.0,-0.03726340236113799,-26285000.0,18653000.0,0.07220050319334237,-3724000.0,-14929000.0,-0.057785949293593965,-1.28,-1.28,11527074.0,11527074.0,https://www.sec.gov/Archives/edgar/data/729580/000114420409013931/0001144204-09-013931-index.html,https://www.sec.gov/Archives/edgar/data/729580/000114420409013931/v142471_10k.htm,1620589277,15:41:17,20210509
13,2007-12-31,BELFA,USD,2008-03-17,2008-03-17 14:38:37,FY,259137000,203007000,56130000.0,0.21660357262760624,0.0,36117000.0,0.0,0.0,30618000.0,233625000,0.0,7921000.0,33433000.0,0.12901669773131585,25512000.0,0.09844985471005684,7645000.0,31704000.0,0.1223445513377094,5368000.0,26336000.0,0.10162963992019665,2.22,2.21,11861607.0,11903425.0,https://www.sec.gov/Archives/edgar/data/729580/000114420408015714/v106810_10k.htm,https://www.sec.gov/Archives/edgar/data/729580/000114420408015714/v106810_10k.htm,1620589277,15:41:17,20210509
14,2006-12-31,BELFA,USD,2007-03-16,2007-03-16 15:39:50,FY,254932986,192985004,61947982.0,0.24299712238886184,0.0,37800403.0,0.0,0.0,38830256.0,231815260,0.0,9027659.0,32145385.0,0.12609347069743262,23117726.0,0.09068158013886833,4119941.0,31048353.0,0.12179025353745317,5845000.0,25203353.0,0.09886265953829922,2.16,2.15,2702677.0,2702677.0,https://www.sec.gov/Archives/edgar/data/729580/000114420407013141/v068360_10-k.htm,https://www.sec.gov/Archives/edgar/data/729580/000114420407013141/v068360_10-k.htm,1620589277,15:41:17,20210509
15,2005-12-31,BELFA,USD,2006-03-16,2006-03-16 10:44:15,FY,215915756,156146724,59769032.0,0.27681644502127023,0.0,33151672.0,0.0,0.0,33151672.0,189298396,0.0,10104373.0,36721733.0,0.17007435529623877,26617360.0,0.1232765986749017,0.0,27715277.0,0.128361530966735,7482000.0,20233277.0,0.09370912699858736,1.76,1.75,11510175.0,11593258.0,https://www.sec.gov/Archives/edgar/data/729580/000114420406010168/v037509_10-k.htm,https://www.sec.gov/Archives/edgar/data/729580/000114420406010168/v037509_10-k.htm,1620589277,15:41:17,20210509
16,2004-12-31,BELFA,USD,2005-03-31,2005-03-31 12:09:19,FY,190021953,132776304,57245649.0,0.30125808148072236,0.0,31301722.0,0.0,0.0,32334508.0,165110812,0.0,9025364.0,33936505.0,0.1785925492514015,24911141.0,0.1310961212992059,1902214.0,28370589.0,0.14930163884801248,3649000.0,24721589.0,0.1300985944502949,2.19,2.15,11283750.0,11511095.0,https://www.sec.gov/Archives/edgar/data/729580/000114420405009461/v014734_10-k.htm,https://www.sec.gov/Archives/edgar/data/729580/000114420405009461/v014734_10-k.htm,1620589277,15:41:17,20210509
17,2003-12-31,BELFA,USD,2003-12-31,2003-12-31,FY,158497502,113812860,44684642.0,0.2819264747781325,0.0,26757349.0,0.0,0.0,26757349.0,140570209,0.0,8374918.0,26302211.0,0.1659471642650873,17927293.0,0.11310773213321684,0.0,18176694.0,0.1146812648189244,4413000.0,13763694.0,0.08683855471741125,1.25,1.24,11020916.0,11133471.0,,,1620589277,15:41:17,20210509
18,2002-12-31,BELFA,USD,2002-12-31,2002-12-31,FY,95527892,72420220,23107672.0,0.24189450343989585,0.0,22269733.0,0.0,0.0,22269733.0,94689953,0.0,5998426.0,6836365.0,0.07156407261661338,837939.0,0.008771668488194002,940058.0,1777997.0,0.018612333662717064,1199000.0,578997.0,0.0060610256112424215,0.053083093992126976,0.052228075685819525,10907371.0,11085934.0,,,1620589277,15:41:17,20210509
19,2001-12-31,BELFA,USD,2001-12-31,2001-12-31,FY,96044817,89603327,6441490.0,0.0670675441028744,0.0,21561028.0,0.0,0.0,21561028.0,111164355,0.0,7784577.0,-7334961.0,-0.07637019080373697,-15119538.0,-0.15742169616503096,2410566.0,-12708972.0,-0.1323233506707603,-547000.0,-12161972.0,-0.1266280927996354,-1.13,-1.13,10715921.0,10715921.0,,,1620589277,15:41:17,20210509
20,2000-12-31,BELFA,USD,2001-03-19 00:00:00,2001-03-19 00:00:00,FY,145226811,82546790,62680021.0,0.4316008908299997,0.0,23284152.0,0.0,0.0,29215907.0,111762697,0.0,5931755.0,39395869.0,0.271271321932422,33464114.0,0.23042655670515275,3912347.0,37376461.0,0.2573661209155106,5159000.0,32217461.0,0.22184237730042836,3.04,2.94,10582916.0,10953540.0,https://www.sec.gov/Archives/edgar/data/729580/000095011001000244/0000950110-01-000244-index.html,https://www.sec.gov/Archives/edgar/data/729580/000095011001000244/0000950110-01-000244-0001.txt,1620589277,15:41:17,20210509
21,1999-12-31,BELFA,USD,1999-12-31,1999-12-31,FY,119500000,70000000,49500000.0,0.41422594142259417,0.0,19500000.0,0.0,0.0,25600000.0,95600000,0.0,6100000.0,30000000.0,0.2510460251046025,23900000.0,0.2,900000.0,24700000.0,0.20669456066945607,3400000.0,21300000.0,0.17824267782426778,2.03,1.98,10476670.0,10777485.0,,,1620589277,15:41:17,20210509
22,1998-12-31,BELFA,USD,1998-12-31,1998-12-31,FY,90800000,54600000,36200000.0,0.3986784140969163,0.0,16600000.0,0.0,0.0,20700000.0,75300000,0.0,4100000.0,19600000.0,0.21585903083700442,15500000.0,0.17070484581497797,1600000.0,17000000.0,0.18722466960352424,1800000.0,15200000.0,0.16740088105726872,1.47,1.445,10361630.0,10527844.0,,,1620589277,15:41:17,20210509
23,1997-12-31,BELFA,USD,1997-12-31,1997-12-31,FY,73500000,47300000,26200000.0,0.3564625850340136,0.0,13800000.0,0.0,0.0,17200000.0,64500000,0.0,3400000.0,12400000.0,0.16870748299319727,9000000.0,0.12244897959183673,1400000.0,10500000.0,0.14285714285714285,1600000.0,8900000.0,0.12108843537414966,0.87,0.86,10176966.0,10317756.0,,,1620589277,15:41:17,20210509
24,1996-12-31,BELFA,USD,1997-03-31 00:00:00,1997-03-31 00:00:00,FY,65500000,43500000,22000000.0,0.33587786259541985,0.0,11500000.0,0.0,0.0,14500000.0,58000000,0.0,3000000.0,10500000.0,0.16030534351145037,7500000.0,0.11450381679389313,2300000.0,9700000.0,0.1480916030534351,1900000.0,7800000.0,0.11908396946564885,0.77,0.77,10127552.0,10127552.0,https://www.sec.gov/Archives/edgar/data/729580/000095011097000545/0000950110-97-000545-index.html,https://www.sec.gov/Archives/edgar/data/729580/0000950110-97-000545.txt,1620589277,15:41:17,20210509
25,1995-12-31,BELFA,USD,1996-03-29 00:00:00,1996-03-29 00:00:00,FY,70700000,47600000,23100000.0,0.32673267326732675,0.0,12600000.0,0.0,0.0,15600000.0,63200000,0.0,3000000.0,10500000.0,0.1485148514851485,7500000.0,0.10608203677510608,1800000.0,9300000.0,0.13154172560113153,1200000.0,8100000.0,0.11456859971711457,0.81,0.81,10021556.0,10021556.0,https://www.sec.gov/Archives/edgar/data/729580/000095011096000322/0000950110-96-000322-index.html,https://www.sec.gov/Archives/edgar/data/729580/0000950110-96-000322.txt,1620589277,15:41:17,20210509
26,1994-12-31,BELFA,USD,1994-12-31,1994-12-31,FY,45700000,33700000,12000000.0,0.26258205689277897,0.0,11500000.0,0.0,0.0,14100000.0,47800000,0.0,2600000.0,500000.0,0.010940919037199124,-2100000.0,-0.045951859956236324,300000.0,-1800000.0,-0.03938730853391685,-200000.0,-1600000.0,-0.0350109409190372,-0.16,-0.16,9894120.0,9894120.0,,,1620589277,15:41:17,20210509
27,1993-12-31,BELFA,USD,1993-12-31,1993-12-31,FY,47500000,30300000,17200000.0,0.36210526315789476,0.0,11300000.0,0.0,0.0,13700000.0,44000000,0.0,2400000.0,5900000.0,0.12421052631578948,3500000.0,0.07368421052631578,600000.0,4000000.0,0.08421052631578947,200000.0,3800000.0,0.08,0.195,0.19,9868000.0,9868000.0,,,1620589277,15:41:17,20210509
28,1992-12-31,BELFA,USD,1992-12-31,1992-12-31,FY,50400000,29400000,21000000.0,0.4166666666666667,0.0,10200000.0,0.0,0.0,12600000.0,42000000,0.0,2400000.0,10800000.0,0.21428571428571427,8400000.0,0.16666666666666666,11700000.0,20100000.0,0.39880952380952384,1200000.0,18900000.0,0.375,0.97,0.97,20000000.0,20000000.0,,,1620589277,15:41:17,20210509
29,1991-12-31,BELFA,USD,1991-12-31,1991-12-31,FY,36600000,21100000,15500000.0,0.42349726775956287,0.0,16000000.0,0.0,0.0,18400000.0,39500000,0.0,2400000.0,-500000.0,-0.01366120218579235,-2900000.0,-0.07923497267759563,200000.0,-2800000.0,-0.07650273224043716,500000.0,-3300000.0,-0.09016393442622951,-0.17,-0.17,19411765.0,19411765.0,,,1620589277,15:41:17,20210509
30,1990-12-31,BELFA,USD,1990-12-31,1990-12-31,FY,36600000,24000000,12600000.0,0.3442622950819672,0.0,10500000.0,0.0,0.0,12700000.0,36700000,0.0,2200000.0,2100000.0,0.05737704918032787,-100000.0,-0.00273224043715847,200000.0,0.0,0.0,-700000.0,700000.0,0.01912568306010929,0.04,0.04,17500000.0,17500000.0,,,1620589277,15:41:17,20210509
31,1989-12-31,BELFA,USD,1989-12-31,1989-12-31,FY,30200000,21200000,9000000.0,0.2980132450331126,0.0,9000000.0,0.0,0.0,11000000.0,32200000,0.0,2000000.0,0.0,0.0,-2000000.0,-0.06622516556291391,200000.0,0.0,0.0,0.0,-1800000.0,-0.059602649006622516,-0.095,-0.095,18947368.0,18947368.0,,,1620589277,15:41:17,20210509
32,1988-12-31,BELFA,USD,1988-12-31,1988-12-31,FY,37600000,23500000,14100000.0,0.375,0.0,8500000.0,0.0,0.0,10300000.0,33800000,0.0,1800000.0,5600000.0,0.14893617021276595,3800000.0,0.10106382978723404,500000.0,4300000.0,0.11436170212765957,1200000.0,3100000.0,0.08244680851063829,0.165,0.165,18787879.0,18787879.0,,,1620589277,15:41:17,20210509
33,1987-12-31,BELFA,USD,1987-12-31,1987-12-31,FY,33700000,19500000,14200000.0,0.42136498516320475,0.0,7300000.0,0.0,0.0,8700000.0,28200000,0.0,1400000.0,6900000.0,0.20474777448071216,5500000.0,0.1632047477744807,300000.0,5700000.0,0.16913946587537093,1600000.0,4100000.0,0.12166172106824925,0.22,0.22,18636364.0,18636364.0,,,1620589277,15:41:17,20210509
34,1986-12-31,BELFA,USD,1986-12-31,1986-12-31,FY,23300000,13600000,9700000.0,0.41630901287553645,0.0,5900000.0,0.0,0.0,7000000.0,20600000,0.0,1100000.0,3800000.0,0.1630901287553648,2700000.0,0.11587982832618025,500000.0,3200000.0,0.13733905579399142,600000.0,2600000.0,0.11158798283261803,0.14,0.14,18571429.0,18571429.0,,,1620589277,15:41:17,20210509
35,1985-12-31,BELFA,USD,1985-12-31,1985-12-31,FY,17900000,11100000,6800000.0,0.37988826815642457,0.0,4800000.0,0.0,0.0,5800000.0,16900000,0.0,1000000.0,2000000.0,0.11173184357541899,1000000.0,0.055865921787709494,500000.0,1400000.0,0.0782122905027933,100000.0,1300000.0,0.07262569832402235,0.07,0.07,18571429.0,18571429.0,,,1620589277,15:41:17,20210509
