,date,symbol,reportedCurrency,fillingDate,acceptedDate,period,revenue,costOfRevenue,grossProfit,grossProfitRatio,researchAndDevelopmentExpenses,generalAndAdministrativeExpenses,sellingAndMarketingExpenses,otherExpenses,operatingExpenses,costAndExpenses,interestExpense,depreciationAndAmortization,ebitda,ebitdaratio,operatingIncome,operatingIncomeRatio,totalOtherIncomeExpensesNet,incomeBeforeTax,incomeBeforeTaxRatio,incomeTaxExpense,netIncome,netIncomeRatio,eps,epsdiluted,weightedAverageShsOut,weightedAverageShsOutDil,link,finalLink,timestamp,est_time,est_date
0,2020-12-31,NMRK,USD,2021-03-01,2021-03-01 08:20:58,FY,1904998000,0.0,1904998000,1.0,0.0,1572524000,0.0,15290000.0,1736290000.0,1736290000,37728000.0,141193000,309901000,0.16267786107911925,168708000,0.08856072289839674,15290000.0,146270000.0,0.0767822328422392,36993000.0,80060000.0,0.04202629084125023,0.4503470698752349,0.4503470698752349,179106000,179106000,https://www.sec.gov/Archives/edgar/data/1690680/000169068021000013/0001690680-21-000013-index.htm,https://www.sec.gov/Archives/edgar/data/1690680/000169068021000013/nmrk-20201231.htm,1620595743,17:29:03,20210509
1,2019-12-31,NMRK,USD,2020-02-28,2020-02-28 17:08:26,FY,2218132000,1275988000.0,942144000,0.4247465885709236,0.0,1921706000,0.0,80954000.0,2052850000.0,2052850000,0.0,131144000,296426000,0.1336376735018475,165282000,0.07451405056146343,80954000.0,214148000.0,0.09654429943754475,52436000.0,117305000.0,0.052884589375204,0.59,0.58,177774000,185016000,https://www.sec.gov/Archives/edgar/data/1690680/000169068020000012/0001690680-20-000012-index.htm,https://www.sec.gov/Archives/edgar/data/1690680/000169068020000012/nmrk10-k2019.htm,1620595743,17:29:03,20210509
2,2018-12-31,NMRK,USD,2019-03-15,2019-03-15 17:16:06,FY,2047579000,1155834000.0,891745000,0.4355118898953349,0.0,1744549000,0.0,127293000.0,1842282000.0,1842282000,58400000.0,97733000,303030000,0.1479942898418083,205297000,0.10026328654474381,127293000.0,282385000.0,0.13791165078368162,90487000.0,106732000.0,0.052125949719156135,0.65,0.64,157256000,163810000,https://www.sec.gov/Archives/edgar/data/1690680/000156459019008054/0001564590-19-008054-index.htm,https://www.sec.gov/Archives/edgar/data/1690680/000156459019008054/nmrk-10k_20181231.htm,1620595743,17:29:03,20210509
3,2017-12-31,NMRK,USD,2018-04-30,2018-04-30,FY,1596450000,1020183000.0,576267000,0.36096777224466786,0.0,1354003000,0.0,73927000.0,0.0,1470589000,0.0,95815000,221676000,0.13885558583106267,125861000,0.0788380469165962,73927000.0,202574000.0,0.1268902878261142,57478000.0,144492000.0,0.09050831532462651,1.08,0.85,133413000,138398000,https://www.sec.gov/Archives/edgar/data/1690680/000119312518140974/0001193125-18-140974-index.htm,https://www.sec.gov/Archives/edgar/data/1690680/000119312518140974/d564283d10ka.htm,1620595743,17:29:03,20210509
4,2016-12-31,NMRK,USD,2016-12-31,2016-12-31,FY,1349983000,849975000.0,500008000,0.3703809603528341,0.0,1107637000,0.0,15279000.0,0.0,1197844000,0.0,72197000,224336000,0.16617690741290816,152139000,0.1126969747026444,15279000.0,171205000.0,0.12682011551256572,3993000.0,168401000.0,0.1247430523199181,0.41,0.39,145942443,157335619,,,1620595743,17:29:03,20210509
5,2015-12-31,NMRK,USD,2015-12-31,2015-12-31,FY,1200247000,816268000.0,383979000,0.3199166504894409,0.0,1120779000,0.0,-460000.0,0.0,1211024000,0.0,71774000,60997000,0.050820372806597305,-10777000,-0.008978985158888128,-460000.0,-9370000.0,-0.007806726448805954,-6644000.0,-2803000.0,-0.0023353526399149506,-0.018675,-0.018675,150091007,225158363,,,1620595743,17:29:03,20210509
