,date,symbol,reportedCurrency,fillingDate,acceptedDate,period,revenue,costOfRevenue,grossProfit,grossProfitRatio,researchAndDevelopmentExpenses,generalAndAdministrativeExpenses,sellingAndMarketingExpenses,otherExpenses,operatingExpenses,costAndExpenses,interestExpense,depreciationAndAmortization,ebitda,ebitdaratio,operatingIncome,operatingIncomeRatio,totalOtherIncomeExpensesNet,incomeBeforeTax,incomeBeforeTaxRatio,incomeTaxExpense,netIncome,netIncomeRatio,eps,epsdiluted,weightedAverageShsOut,weightedAverageShsOutDil,link,finalLink,timestamp,est_time,est_date
0,2020-03-31,0973.HK,EUR,2020-03-31,2020-03-31,FY,1644083000,302852000,1341231000,0.8157927549886471,21306000.0,159968000,972191000,0.0,0.0,1455356000,22926000.0,200810000,389537000,0.23693268527197228,188727000,0.11479164981330019,0.0,160540000,0.09764713825275245,45300000,116288000,0.07073122220715135,0.08,0.079,1461732521,1464509877,https://www1.hkexnews.hk/search/titlesearch.xhtml,https://www1.hkexnews.hk/search/titlesearch.xhtml,1620585006,14:30:06,20210509
1,2019-03-31,0973.HK,EUR,2019-03-31,2019-03-31,FY,1426874000,239901000,1186973000,0.8318695273724239,17879000.0,132542000,886416000,0.0,0.0,1275346000,4075000.0,65660000,217188000,0.15221245884359796,151528000,0.10619578182796799,0.0,148224000,0.10388023048986807,30655000,118186000,0.08282861696267504,0.08089101973621447,0.08062235640329563,1461052171,1465920934,https://www1.hkexnews.hk/search/titlesearch.xhtml,https://www1.hkexnews.hk/search/titlesearch.xhtml,1620585006,14:30:06,20210509
2,2018-03-31,0973.HK,EUR,2018-03-31,2018-03-31,FY,1319366000,220968000,1098398000,0.8325195586364966,17548000.0,123048000,818652000,0.0,0.0,1178961000,3013000.0,64309000,204714000,0.15516088788099738,140405000,0.10641853738841231,0.0,135959000,0.10304873704491399,39453000,96313000,0.07299945579922477,0.06593698624593133,0.06588244920324168,1460682471,1461891614,https://www1.hkexnews.hk/search/titlesearch.xhtml,https://www1.hkexnews.hk/search/titlesearch.xhtml,1620585006,14:30:06,20210509
3,2017-03-31,0973.HK,EUR,2017-03-31,2017-03-31,FY,1323177000,220751000,1102426000,0.8331659332047036,15622000.0,127862000,792791000,0.0,0.0,1154838000,3041000.0,66746000,235085000,0.17766708460017064,168339000,0.1272233420018637,0.0,168593000,0.12741530422611638,36239000,131910000,0.09969187795737078,0.09018129243459744,0.09010994023415007,1462720221,1463878454,https://www1.hkexnews.hk/search/titlesearch.xhtml,https://www1.hkexnews.hk/search/titlesearch.xhtml,1620585006,14:30:06,20210509
4,2016-03-31,0973.HK,EUR,2016-03-31,2016-03-31,FY,1282676000,221171000,1061505000,0.8275706413778694,14556000.0,117704000,759450000,0.0,0.0,1114753000,5689000.0,61384000,229307000,0.17877234781035897,167923000,0.13091614717980224,0.0,158372000,0.12346999554057299,44817000,110343000,0.08602562143518706,0.07513396682891234,0.07501942150658024,1468616721,1470859116,https://www1.hkexnews.hk/search/titlesearch.xhtml,https://www1.hkexnews.hk/search/titlesearch.xhtml,1620585006,14:30:06,20210509
5,2015-03-31,0973.HK,EUR,2015-03-31,2015-03-31,FY,1177877000,214661000,963216000,0.8177560135735735,13038000.0,111077000,674660000,0.0,0.0,1012079000,2821000.0,62211000,228009000,0.19357623928474704,165798000,0.1407600284240205,0.0,168460000,0.14302002670907063,42882000,122383000,0.10390134114173212,0.08323622276313135,0.0831470258523611,1470309391,1471886682,https://www1.hkexnews.hk/search/titlesearch.xhtml,https://www1.hkexnews.hk/search/titlesearch.xhtml,1620585006,14:30:06,20210509
6,2014-03-31,0973.HK,EUR,2014-03-31,2014-03-31,FY,1054872000,199279000,855593000,0.8110870323603243,10936000.0,104389000,606899000,0.0,0.0,920762000,4451000.0,50306000,184416000,0.17482310650012514,134110000,0.1271339081898088,0.0,119347000,0.11313884528170243,26825000,89349000,0.08470127181307306,0.060768842630618825,0.06074266185539789,1470309391,1470943111,https://www1.hkexnews.hk/search/titlesearch.xhtml,https://www1.hkexnews.hk/search/titlesearch.xhtml,1620585006,14:30:06,20210509
7,2013-03-31,0973.HK,EUR,2013-03-31,2013-03-31,FY,1043363000,187902000,855461000,0.819907357266838,8918000.0,101541000,586094000,0.0,0.0,884533000,4272000.0,42183000,201013000,0.19265873909655604,158830000,0.15222889828372294,0.0,155081000,0.1486357097194361,29473000,122702000,0.11760240683252138,0.08345318390202679,0.08344332065011453,1470309391,1470483186,https://www1.hkexnews.hk/search/titlesearch.xhtml,https://www1.hkexnews.hk/search/titlesearch.xhtml,1620585006,14:30:06,20210509
8,2012-03-31,0973.HK,EUR,2012-03-31,2012-03-31,FY,913448000,157960000,755488000,0.8270728054580009,6334000.0,93109000,502768000,4128000.0,0.0,761175000,3778000.0,36841000,189114000,0.20703313160683476,152273000,0.16670133384713745,0.0,156585000,0.17142190907418922,32394000,121159000,0.1326391869050017,0.082,0.082,1474789625,1474789625,https://www1.hkexnews.hk/search/titlesearch.xhtml,https://www1.hkexnews.hk/search/titlesearch.xhtml,1620585006,14:30:06,20210509
9,2011-03-31,0973.HK,EUR,2011-03-31,2011-03-31,FY,772294000,135332000,636962000,0.8247662159747454,5082000.0,74142000,428053000,-3020000.0,0.0,640210000,3502000.0,30452000,162536000,0.21045871131978236,132084000,0.17102813177365098,0.0,127603000,0.16522593727259308,24903000,99501000,0.12883824035924143,0.068,0.068,1455250609,1455250609,https://www1.hkexnews.hk/search/titlesearch.xhtml,https://www1.hkexnews.hk/search/titlesearch.xhtml,1620585006,14:30:06,20210509
10,2010-03-31,0973.HK,EUR,2010-03-31,2010-03-31,FY,612245000,114982000,497263000,0.812196097967317,0.0,59404000,330545000,5474000.0,0.0,504931000,0.0,26725000,134039000,0.21893033017827832,107314000,0.17527950412008264,0.0,112138000,0.18315870280688287,27579000,81626000,0.13332244444625926,0.064,0.064,1274396391,1274396391,https://www1.hkexnews.hk/search/titlesearch.xhtml,https://www1.hkexnews.hk/search/titlesearch.xhtml,1620585006,14:30:06,20210509
11,2009-03-31,0973.HK,EUR,2009-03-31,2009-03-31,FY,537335000,105550000,431785000,0.8035676068002271,0.0,52799000,299340000,1677000.0,0.0,457689000,0.0,23370000,103016000,0.19171652693384947,79646000,0.14822410600463398,0.0,76311000,0.1420175495733574,16927000,58383000,0.10865288879376925,0.046,0.046,1274396391,1274396391,https://www1.hkexnews.hk/search/titlesearch.xhtml,https://www1.hkexnews.hk/search/titlesearch.xhtml,1620585006,14:30:06,20210509
