,date,symbol,reportedCurrency,fillingDate,acceptedDate,period,revenue,costOfRevenue,grossProfit,grossProfitRatio,researchAndDevelopmentExpenses,generalAndAdministrativeExpenses,sellingAndMarketingExpenses,otherExpenses,operatingExpenses,costAndExpenses,interestExpense,depreciationAndAmortization,ebitda,ebitdaratio,operatingIncome,operatingIncomeRatio,totalOtherIncomeExpensesNet,incomeBeforeTax,incomeBeforeTaxRatio,incomeTaxExpense,netIncome,netIncomeRatio,eps,epsdiluted,weightedAverageShsOut,weightedAverageShsOutDil,link,finalLink,timestamp,est_time,est_date
0,2020-06-30,WSA.AX,AUD,2020-06-30,2020-06-30,FY,308352000.0,171770000.0,136582000.0,0.44294183271066834,0.0,19909000.0,0.0,3108000.0,95540000.0,0.0,1186000.0,22760000.0,63802000.0,0.20691287878787878,41042000.0,0.1331011311747613,3131000.0,44935000.0,0.14572631278538814,13067000.0,31868000.0,0.10334941884599419,0.1165244837363515,0.1165244837363515,273487588.0,273487588.0,,,1620599932,18:38:52,20210509
1,2019-06-30,WSA.AX,AUD,2019-06-30,2019-06-30,FY,268716000.0,178755000.0,89961000.0,0.33478095833519406,0.0,17157000.0,0.0,6495000.0,78586000.0,0.0,1520000.0,15517000.0,26892000.0,0.10007591658107444,11375000.0,0.04233093675106804,6495000.0,19017000.0,0.07076988344571965,4823000.0,14194000.0,0.0528215662632668,0.0519,0.0512,273487588.0,277226562.0,,,1620599932,18:38:52,20210509
2,2018-06-30,WSA.AX,AUD,2018-06-30,2018-06-30,FY,248268000.0,146408000.0,101860000.0,0.4102824367216073,0.0,19226000.0,0.0,470000.0,85848000.0,0.0,1910000.0,17764000.0,33776000.0,0.13604653036235037,16012000.0,0.06449482011374805,474000.0,17163000.0,0.0691309391464063,5326000.0,11837000.0,0.04767831536887557,0.0434,0.0427,272746202.0,277213115.0,,,1620599932,18:38:52,20210509
3,2017-06-30,WSA.AX,AUD,2017-06-30,2017-06-30,FY,213920000.0,146493000.0,67427000.0,0.31519727000747944,0.0,18499000.0,0.0,36173000.0,85574000.0,232019000.0,1840000.0,17711000.0,-436000.0,-0.0020381451009723263,-18147000.0,-0.08483077786088257,35479000.0,17350000.0,0.08110508601346297,-1949000.0,19299000.0,0.09021596858638743,0.0709,0.0701,272081823.0,275306705.0,,,1620599932,18:38:52,20210509
4,2016-06-30,WSA.AX,AUD,2016-06-30,2016-06-30,FY,209117000.0,214762000.0,-5645000.0,-0.026994457648110867,0.0,18307000.0,0.0,-1949000.0,29045000.0,232473000.0,2525000.0,62162000.0,27472000.0,0.13137143321681163,-34690000.0,-0.16588799571531726,-2089000.0,-38545000.0,-0.1843226519125657,-8762000.0,-26700000.0,-0.12767971996537825,-0.1104,-0.1104,241940446.0,241940446.0,,,1620599932,18:38:52,20210509
5,2015-06-30,WSA.AX,AUD,2015-06-30,2015-06-30,FY,312680000.0,236474000.0,76206000.0,0.24371881796085454,0.0,18882000.0,0.0,1712000.0,19110000.0,255356000.0,15439000.0,67053000.0,124149000.0,0.39704810029423054,57096000.0,0.18260202123576819,1693000.0,48066000.0,0.15372265575028785,13053000.0,35761000.0,0.1143693232697966,0.151,0.149,232559757.0,240006711.0,,,1620599932,18:38:52,20210509
6,2014-06-30,WSA.AX,AUD,2014-06-30,2014-06-30,FY,320078000.0,234114000.0,85964000.0,0.2685720355663307,0.0,21617000.0,0.0,-120000.0,24733000.0,255731000.0,26562000.0,85780000.0,147011000.0,0.4592974212535694,61231000.0,0.1913002455651435,-120000.0,37769000.0,0.11799936265535275,12309000.0,26843000.0,0.08386393316629072,0.129,0.1277,208025041.0,210203602.0,,,1620599932,18:38:52,20210509
7,2013-06-30,WSA.AX,AUD,2013-06-30,2013-06-30,FY,306541000.0,259838000.0,46703000.0,0.15235482366143518,0.0,16893000.0,0.0,9296000.0,159314000.0,276731000.0,26721000.0,92751000.0,-19860000.0,-0.06478741832250824,-112611000.0,-0.36736032047915285,9296000.0,-128558000.0,-0.4193827253124378,-34453000.0,-93986000.0,-0.30660172701204735,-0.498,-0.498,196843803.0,196843803.0,,,1620599932,18:38:52,20210509
8,2012-06-30,WSA.AX,AUD,2012-06-30,2012-06-30,FY,330698000.0,234524000.0,96174000.0,0.29082123266545307,0.0,14850000.0,0.0,5033000.0,14929000.0,249374000.0,37436000.0,95383000.0,176628000.0,0.5341066471523868,81245000.0,0.24567732493090372,5033000.0,57461000.0,0.1737567206333271,17280000.0,40301000.0,0.1218664763621189,0.224,0.224,179735899.0,179735899.0,,,1620599932,18:38:52,20210509
9,2011-06-30,WSA.AX,AUD,2011-06-30,2011-06-30,FY,468659000.0,223729000.0,244930000.0,0.5226187910613047,0.0,12852000.0,0.0,-995000.0,17186000.0,236581000.0,36715000.0,84076000.0,311820000.0,0.6653451656748297,227744000.0,0.4859482054116106,-995000.0,195270000.0,0.4166568869903277,60297000.0,135007000.0,0.2880708574891339,0.751,0.751,179735899.0,179735899.0,,,1620599932,18:38:52,20210509
10,2010-06-30,WSA.AX,AUD,2010-06-30,2010-06-30,FY,170365000.0,118600000.0,51765000.0,0.3038476212837144,0.0,14076000.0,0.0,13512000.0,14288000.0,132676000.0,30840000.0,44359000.0,81836000.0,0.48035688081472133,37477000.0,0.21998062982420097,13512000.0,22858000.0,0.13417075103454348,8646000.0,14212000.0,0.08342089044111173,0.08,0.08,178163303.0,178163303.0,,,1620599932,18:38:52,20210509
11,2009-06-30,WSA.AX,AUD,2009-06-30,2009-06-30,FY,58898000.0,55299000.0,3599000.0,0.06110564025943156,0.0,17751000.0,0.0,-1813000.0,22621000.0,75572000.0,26174000.0,41056000.0,22034000.0,0.37410438385004585,-19022000.0,-0.3229651261502937,-6271000.0,-47712000.0,-0.8100784406940813,-12540000.0,-35172000.0,-0.5971679853305715,-0.209,-0.209,168320650.0,168320650.0,,,1620599932,18:38:52,20210509
12,2008-06-30,WSA.AX,AUD,2008-06-30,2008-06-30,FY,60742000.0,42119000.0,18623000.0,0.30659181455994206,0.0,12172000.0,0.0,-56506000.0,12172000.0,60403033.002555,24617000.0,17056290.91177,23507290.91177,0.3870022539885088,6451000.0,0.10620328602943598,-62495000.0,-67567000.0,-1.1123604754535577,-12660000.0,-54907000.0,-0.9039379671397056,-0.317,-0.317,166232784.0,166232784.0,,,1620599932,18:38:52,20210509
13,2007-06-30,WSA.AX,AUD,2007-06-30,2007-06-30,FY,17536000.0,8357000.0,9179000.0,0.5234375,0.0,7035000.0,0.0,-14107000.0,7035000.0,19623787.693753,253000.0,2139810.239549,4283810.239549,0.2442866240618727,2144000.0,0.12226277372262774,-18379000.0,-15385000.0,-0.8773380474452555,-3272000.0,-12113000.0,-0.6907504562043796,-0.0768,-0.0768,157704552.0,157704552.0,,,1620599932,18:38:52,20210509
14,2006-06-30,WSA.AX,AUD,2006-06-30,2006-06-30,FY,955501.525758,0.0,955501.525758,1.0,0.0,4462000.0,0.0,326000.0,7426000.0,5396769.377132,73000.0,0.0,-6653000.0,-6.962835558762892,-7426000.0,-7.771834790225949,326000.0,-6726000.0,-7.039235227452159,-1890000.0,-4836000.0,-5.0612164079629265,-0.036058,-0.036058,134189221.0,134189221.0,,,1620599932,18:38:52,20210509
15,2005-06-30,WSA.AX,AUD,2005-06-30,2005-06-30,FY,302000.0,3129000.0,-2827000.0,-9.360927152317881,0.0,927000.0,0.0,0.0,4007000.0,4056000.0,42000.0,0.0,-3712000.0,-12.291390728476822,-4007000.0,-13.2682119205298,0.0,-3754000.0,-12.43046357615894,-3754000.0,-3754000.0,-12.43046357615894,-0.032413,-0.032413,115699436.0,115699436.0,,,1620599932,18:38:52,20210509
16,2004-06-30,WSA.AX,AUD,2004-06-30,2004-06-30,FY,10000.0,2035000.0,10000.0,1.0,0.0,781000.0,0.0,0.0,2789000.0,2816000.0,27000.0,0.0,-2694000.0,-269.4,-2779000.0,-277.9,0.0,-2721000.0,-272.1,-2721000.0,-2721000.0,-272.1,-0.03006481935275405,-0.029509226106717985,90504452.0,92208450.0,,,1620599932,18:38:52,20210509
17,2003-06-30,WSA.AX,AUD,2003-06-30,2003-06-30,FY,0.0,0.0,0.0,0.0,0.0,588664.0,0.0,-165.0,753888.0,0.0,0.0,17359.0,-736529.0,0.0,-753888.0,0.0,-165.0,-720412.0,0.0,-720412.0,-720412.0,0.0,-0.01147,-0.01147,62942684.0,62942684.0,,,1620599932,18:38:52,20210509
18,2002-06-30,WSA.AX,AUD,2002-06-30,2002-06-30,FY,196.0,0.0,196.0,1.0,0.0,371046.0,0.0,-71157.0,789996.0,0.0,0.0,15111.0,-774689.0,-3952.4948979591836,-789800.0,-4029.591836734694,-71157.0,-902456.0,-4604.367346938776,-902456.0,-902456.0,-4604.367346938776,-0.018627,-0.018627,48529312.0,48529312.0,,,1620599932,18:38:52,20210509
19,2001-06-30,WSA.AX,AUD,2001-06-30,2001-06-30,FY,0.0,0.0,0.0,0.0,0.0,303966.0,0.0,0.0,382258.0,0.0,0.0,0.0,-382258.0,0.0,-382258.0,0.0,0.0,-253900.0,0.0,-253900.0,-253900.0,0.0,-0.006863,-0.006863,36637286.0,36637286.0,,,1620599932,18:38:52,20210509
20,2000-06-30,WSA.AX,AUD,2000-06-30,2000-06-30,FY,0.0,0.0,0.0,0.0,0.0,0.0,0.0,0.0,0.0,0.0,0.0,0.0,0.0,0.0,0.0,0.0,0.0,-30428.0,0.0,-30428.0,-30428.0,0.0,-0.003333,-0.003333,9205680.0,9205680.0,,,1620599932,18:38:52,20210509
