,date,symbol,reportedCurrency,fillingDate,acceptedDate,period,revenue,costOfRevenue,grossProfit,grossProfitRatio,researchAndDevelopmentExpenses,generalAndAdministrativeExpenses,sellingAndMarketingExpenses,otherExpenses,operatingExpenses,costAndExpenses,interestExpense,depreciationAndAmortization,ebitda,ebitdaratio,operatingIncome,operatingIncomeRatio,totalOtherIncomeExpensesNet,incomeBeforeTax,incomeBeforeTaxRatio,incomeTaxExpense,netIncome,netIncomeRatio,eps,epsdiluted,weightedAverageShsOut,weightedAverageShsOutDil,link,finalLink,timestamp,est_time,est_date
0,2020-09-30,OCSI,USD,2020-11-19,2020-11-18 19:23:39,FY,2114591.0,0.0,0.0,0.0,0.0,3703915.0,0.0,0.0,3381794.0,0.0,12431910.0,0.0,0.0,0.0,0.0,-0.5992662410839732,0.0,-1267203.0,-0.5992662410839732,0.0,-1267203.0,-0.5992662410839732,-0.04,-0.04,29466768.0,29466768.0,https://www.sec.gov/Archives/edgar/data/1577791/000157779120000015/0001577791-20-000015-index.htm,https://www.sec.gov/Archives/edgar/data/1577791/000157779120000015/ocsi-09302020x10xk.htm,1620596030,17:33:50,20210509
1,2019-09-30,OCSI,USD,2019-11-20 00:00:00,2019-11-19 18:52:39,FY,10763648.0,0.0,0.0,0.0,0.0,4278941.0,0.0,0.0,3789666.0,0.0,14528318.0,0.0,0.0,0.0,0.0,0.6479199245460275,0.0,6973982.0,0.6479199245460275,0.0,6973982.0,0.6479199245460275,0.24,0.24,29466768.0,29466768.0,https://www.sec.gov/Archives/edgar/data/1577791/000157779119000017/0001577791-19-000017-index.html,https://www.sec.gov/Archives/edgar/data/1577791/000157779119000017/ocsi-093019x10xk.htm,1620596030,17:33:50,20210509
2,2018-09-30,OCSI,USD,2018-11-29 00:00:00,2018-11-28 20:01:39,FY,25611521.0,0.0,0.0,0.0,0.0,5640733.0,0.0,0.0,4938472.0,0.0,14379881.0,0.0,0.0,0.0,0.0,0.8071777150603433,0.0,20673049.0,0.8071777150603433,0.0,20673049.0,0.8071777150603433,0.7,0.7,29466768.0,29466768.0,https://www.sec.gov/Archives/edgar/data/1577791/000157779118000013/0001577791-18-000013-index.html,https://www.sec.gov/Archives/edgar/data/1577791/000157779118000013/ocsi-093018x10xk.htm,1620596030,17:33:50,20210509
3,2017-09-30,OCSI,USD,2017-12-11 00:00:00,2017-12-08 17:37:21,FY,-4277577.0,0.0,0.0,0.0,0.0,4745534.0,0.0,0.0,4489302.0,0.0,10769842.0,0.0,0.0,0.0,0.0,2.04949647896461,0.0,-8766879.0,2.04949647896461,0.0,-8766879.0,2.04949647896461,-0.3,-0.3,29466768.0,29466768.0,https://www.sec.gov/Archives/edgar/data/1577791/000157779117000029/0001577791-17-000029-index.html,https://www.sec.gov/Archives/edgar/data/1577791/000157779117000029/ocsi-093017x10xk.htm,1620596030,17:33:50,20210509
4,2016-09-30,OCSI,USD,2016-12-14 00:00:00,2016-12-13 21:48:31,FY,2735459.0,0.0,0.0,0.0,0.0,7199308.0,0.0,0.0,7193076.0,0.0,9594441.0,0.0,0.0,0.0,0.0,-1.629568200437294,0.0,-4457617.0,-1.629568200437294,0.0,-4457617.0,-1.629568200437294,-0.15,-0.15,29466768.0,29466768.0,https://www.sec.gov/Archives/edgar/data/1577791/000157779116000046/0001577791-16-000046-index.html,https://www.sec.gov/Archives/edgar/data/1577791/000157779116000046/fsfr-093016x10xk.htm,1620596030,17:33:50,20210509
5,2015-09-30,OCSI,USD,2015-12-14 00:00:00,2015-12-14 17:29:54,FY,19301906.0,0.0,0.0,0.0,0.0,3389824.0,0.0,0.0,3389824.0,0.0,8950703.0,0.0,0.0,0.0,0.0,0.8243787945086873,0.0,15912082.0,0.8243787945086873,0.0,15912082.0,0.8243787945086873,0.54,0.54,29466768.0,29466768.0,https://www.sec.gov/Archives/edgar/data/1577791/000157779115000018/0001577791-15-000018-index.html,https://www.sec.gov/Archives/edgar/data/1577791/000157779115000018/fsfr10-kended9302015.htm,1620596030,17:33:50,20210509
6,2014-09-30,OCSI,USD,2014-12-10 00:00:00,2014-12-09 19:59:58,FY,11192053.0,0.0,0.0,0.0,0.0,2111333.0,0.0,0.0,1956458.0,0.0,1555767.0,0.0,0.0,0.0,0.0,0.8251922145114932,0.0,9235595.0,0.8251922145114932,0.0,9235595.0,0.8251922145114932,0.99,0.99,9290330.0,9290330.0,https://www.sec.gov/Archives/edgar/data/1577791/000157779114000053/0001577791-14-000053-index.html,https://www.sec.gov/Archives/edgar/data/1577791/000157779114000053/fsfr10-kended09302014.htm,1620596030,17:33:50,20210509
