,date,symbol,reportedCurrency,fillingDate,acceptedDate,period,revenue,costOfRevenue,grossProfit,grossProfitRatio,researchAndDevelopmentExpenses,generalAndAdministrativeExpenses,sellingAndMarketingExpenses,otherExpenses,operatingExpenses,costAndExpenses,interestExpense,depreciationAndAmortization,ebitda,ebitdaratio,operatingIncome,operatingIncomeRatio,totalOtherIncomeExpensesNet,incomeBeforeTax,incomeBeforeTaxRatio,incomeTaxExpense,netIncome,netIncomeRatio,eps,epsdiluted,weightedAverageShsOut,weightedAverageShsOutDil,link,finalLink,timestamp,est_time,est_date
0,2020-12-31,1327.HK,CNY,2020-12-31,2020-12-31,FY,62868000,60717000,2151000.0,0.034214544760450466,0.0,19858000,26677000,12000.0,0.0,145841000,1108000.0,0.0,-82961000.0,-1.3196061589361838,-82973000,-2.3261754787809377,0.0,-146242000,-2.3261754787809377,0.0,-146242000,-2.3261754787809377,-0.4231539351851852,-0.4231539351851852,345600000,345600000,https://www1.hkexnews.hk/search/titlesearch.xhtml,https://www1.hkexnews.hk/search/titlesearch.xhtml,1620585181,14:33:01,20210509
1,2019-12-31,1327.HK,CNY,2019-12-31,2019-12-31,FY,91491000,77192000,14299000.0,0.15628859669257086,0.0,26078000,25826000,0.0,136259000.0,213451000,1658000.0,4418000.0,-117542000.0,-1.2847383895683728,-121960000,-1.333027292301975,0.0,-127017000,-1.3883004885726464,35000.0,-127052000,-1.3886830398618444,-0.3676,-0.3676,345600000,345600000,https://www1.hkexnews.hk/search/titlesearch.xhtml,https://www1.hkexnews.hk/search/titlesearch.xhtml,1620585181,14:33:01,20210509
2,2018-12-31,1327.HK,CNY,2018-12-31,2018-12-31,FY,106948000,87871000,19077000.0,0.17837640722594159,0.0,22687000,31329000,0.0,105862000.0,193733000,1462000.0,4350000.0,-82435000.0,-0.7707951527845308,-86785000,-0.8114691251823316,0.0,-106728000,-0.9979429255339043,89000.0,-106817000,-0.9987751056588249,-0.309,-0.309,345600000,345600000,https://www1.hkexnews.hk/search/titlesearch.xhtml,https://www1.hkexnews.hk/search/titlesearch.xhtml,1620585181,14:33:01,20210509
3,2017-12-31,1327.HK,CNY,2017-12-31,2017-12-31,FY,115805000,75151000,40654000.0,0.35105565390095417,0.0,20059000,37248000,0.0,57307000.0,132458000,1806000.0,23734000.0,7081000.0,0.061145891800872154,-16653000,-0.14380208108458184,0.0,-96983000,-0.8374681576788567,-7086000.0,-113184000,-0.9773671257717715,-0.328,-0.328,345600000,345600000,https://www1.hkexnews.hk/search/titlesearch.xhtml,https://www1.hkexnews.hk/search/titlesearch.xhtml,1620585181,14:33:01,20210509
4,2016-12-31,1327.HK,CNY,2016-12-31,2016-12-31,FY,271812000,196732000,75080000.0,0.2762203287566406,0.0,61337000,89925000,0.0,147992000.0,344724000,1343000.0,47570000.0,-25342000.0,-0.0932335584889556,-72912000,-0.2682442276279193,0.0,-339376000,-1.2485688637734904,-175000.0,-322514000,-1.1865333392197548,-1.303,-1.303,247568300,247568300,https://www1.hkexnews.hk/search/titlesearch.xhtml,https://www1.hkexnews.hk/search/titlesearch.xhtml,1620585181,14:33:01,20210509
5,2015-12-31,1327.HK,CNY,2015-12-31,2015-12-31,FY,691349000,490614000,200735000.0,0.29035262942450196,0.0,76352000,50277000,0.0,124434000.0,615048000,2213000.0,40801000.0,117102000.0,0.1693818896100233,76301000,0.11036538709103506,0.0,129173000,0.18684195681197197,40344000.0,85901000,0.1242512826372787,1.000747,1.000747,85811765,85811765,https://www1.hkexnews.hk/search/titlesearch.xhtml,https://www1.hkexnews.hk/search/titlesearch.xhtml,1620585181,14:33:01,20210509
6,2014-12-31,1327.HK,CNY,2014-12-31,2014-12-31,FY,722722000,482077000,240645000.0,0.332970353745977,0.0,36970000,37211000,0.0,72646000.0,554723000,6536000.0,38708000.0,206707000.0,0.28601177216135665,167999000,0.2324531424254416,0.0,160989000,0.22275370059303579,43207000.0,115165000,0.15934896128801945,1.652202,1.652202,69693164,69693164,https://www1.hkexnews.hk/search/titlesearch.xhtml,https://www1.hkexnews.hk/search/titlesearch.xhtml,1620585181,14:33:01,20210509
7,2013-12-31,1327.HK,CNY,2013-12-31,2013-12-31,FY,580446000,391697000,188749000.0,0.32517925870795905,0.0,30584000,30424000,0.0,60653000.0,452350000,12727000.0,33331000.0,161427000.0,0.27810855790202704,128096000,0.22068547289498075,0.0,115615000,0.19918304200563014,30870000.0,85227000,0.14683019609059242,1.222519,1.222519,69693164,69693164,https://www1.hkexnews.hk/search/titlesearch.xhtml,https://www1.hkexnews.hk/search/titlesearch.xhtml,1620585181,14:33:01,20210509
