,date,symbol,reportedCurrency,fillingDate,acceptedDate,period,revenue,costOfRevenue,grossProfit,grossProfitRatio,researchAndDevelopmentExpenses,generalAndAdministrativeExpenses,sellingAndMarketingExpenses,otherExpenses,operatingExpenses,costAndExpenses,interestExpense,depreciationAndAmortization,ebitda,ebitdaratio,operatingIncome,operatingIncomeRatio,totalOtherIncomeExpensesNet,incomeBeforeTax,incomeBeforeTaxRatio,incomeTaxExpense,netIncome,netIncomeRatio,eps,epsdiluted,weightedAverageShsOut,weightedAverageShsOutDil,link,finalLink,timestamp,est_time,est_date
0,2020-12-31,ADOM,USD,2021-03-31,2021-03-31 16:53:53,FY,618000.0,303000.0,315000.0,0.5097087378640777,75000.0,4422000.0,0.0,155000.0,4652000.0,4955000.0,49000.0,44000.0,-4293000.0,-6.946601941747573,-4337000.0,-7.017799352750809,-49000.0,-4386000.0,-7.097087378640777,0.0,-4386000.0,-7.097087378640777,-0.059764685747580454,-0.059764685747580454,73387820,73387820,https://www.sec.gov/Archives/edgar/data/1563568/000156459021017115/0001564590-21-017115-index.htm,https://www.sec.gov/Archives/edgar/data/1563568/000156459021017115/adom-10k_20201231.htm,1620586188,14:49:48,20210509
1,2019-12-31,ADOM,USD,2020-03-10,2020-03-10 08:31:44,FY,12561000.0,11627000.0,934000.0,0.07435713717060743,109000.0,6038000.0,0.0,333249.0,6147000.0,17774000.0,42000.0,48000.0,-5165000.0,-0.41119337632354114,-5213000.0,-0.4150147281267415,18000.0,-5153000.0,-0.41023803837274103,0.0,-5153000.0,-0.41023803837274103,-0.07067,-0.07067,72919333000,72919333000,https://www.sec.gov/Archives/edgar/data/1563568/000156459020009553/0001564590-20-009553-index.htm,https://www.sec.gov/Archives/edgar/data/1563568/000156459020009553/adom-10k_20191231.htm,1620586188,14:49:48,20210509
2,2018-12-31,ADOM,USD,2019-02-19,2019-02-19 08:02:03,FY,5011000.0,4878000.0,133000.0,0.026541608461384952,686000.0,10822000.0,0.0,170633.0,11508000.0,16386000.0,189000.0,43000.0,-11332000.0,-2.2614248652963482,-11375000.0,-2.270005986828976,138000.0,-11048000.0,-2.204749550987827,0.0,-11048000.0,-2.204749550987827,-0.15305,-0.15305,72185167,72185167,https://www.sec.gov/Archives/edgar/data/1563568/000156459019003196/0001564590-19-003196-index.htm,https://www.sec.gov/Archives/edgar/data/1563568/000156459019003196/adom-10k_20181231.htm,1620586188,14:49:48,20210509
3,2017-12-31,ADOM,USD,2018-03-12,2018-03-12 14:32:59,FY,425000.0,479000.0,-54000.0,-0.12705882352941175,587000.0,20957000.0,0.0,2252101.0,21544000.0,22023000.0,322000.0,19000.0,-21579000.0,-50.77411764705882,-21598000.0,-50.818823529411766,20000.0,-21900000.0,-51.529411764705884,3000.0,-21903000.0,-51.5364705882353,-0.32918,-0.32918,66537525,66537525,https://www.sec.gov/Archives/edgar/data/1563568/000117184318001854/0001171843-18-001854-index.htm,https://www.sec.gov/Archives/edgar/data/1563568/000117184318001854/f10k_031218p.htm,1620586188,14:49:48,20210509
4,2016-12-31,ADOM,USD,2016-12-31,2016-12-31,FY,68000.0,50000.0,18000.0,0.2647058823529412,37000.0,9515000.0,0.0,0.0,9552000.0,9602000.0,1148000.0,13000.0,-9521000.0,-140.01470588235293,-9534000.0,-140.2058823529412,-3000.0,-10685000.0,-157.13235294117646,0.0,-10685000.0,-157.13235294117646,-0.151,-0.151,70574262,70574262,,,1620586188,14:49:48,20210509
5,2015-12-31,ADOM,USD,2015-12-31,2015-12-31,FY,0.0,0.0,0.0,0.0,549000.0,4768000.0,0.0,0.0,0.0,5317000.0,702000.0,7000.0,-5310000.0,0.0,-5317000.0,0.0,-16000.0,-6035000.0,0.0,0.0,-6035000.0,0.0,-0.085513,-0.085513,70574262,70574262,,,1620586188,14:49:48,20210509
6,2014-12-31,ADOM,USD,2014-12-31,2014-12-31,FY,53000.0,1000.0,52000.0,0.9811320754716981,59000.0,2202000.0,0.0,0.0,2261000.0,2262000.0,65000.0,7000.0,-2202000.0,-41.54716981132076,-2209000.0,-41.679245283018865,88000.0,-2186000.0,-41.24528301886792,0.0,-2186000.0,-41.24528301886792,-0.030974,-0.030974,70574262,70574262,,,1620586188,14:49:48,20210509
7,2013-12-31,ADOM,USD,2013-12-31,2013-12-31,FY,27763.0,22400.0,5363.0,0.1931707668479631,521363.0,1136128.0,0.0,0.0,1657491.0,1679891.0,1053.0,4895.0,-1647233.0,-59.33195259878255,-1652128.0,-59.50826639772359,0.0,-1653132.0,-59.544429636566655,0.0,-1653132.0,-59.544429636566655,-0.023424,-0.023424,70574262,70574262,,,1620586188,14:49:48,20210509
8,2012-12-31,ADOM,USD,2012-12-31,2012-12-31,FY,0.0,0.0,0.0,0.0,126648.0,112007.0,0.0,0.0,0.0,238655.0,0.0,0.0,-238655.0,0.0,-238655.0,0.0,0.0,-238655.0,0.0,0.0,-238655.0,0.0,-0.003382,-0.003382,70574262,70574262,,,1620586188,14:49:48,20210509
