,date,symbol,reportedCurrency,fillingDate,acceptedDate,period,revenue,costOfRevenue,grossProfit,grossProfitRatio,researchAndDevelopmentExpenses,generalAndAdministrativeExpenses,sellingAndMarketingExpenses,otherExpenses,operatingExpenses,costAndExpenses,interestExpense,depreciationAndAmortization,ebitda,ebitdaratio,operatingIncome,operatingIncomeRatio,totalOtherIncomeExpensesNet,incomeBeforeTax,incomeBeforeTaxRatio,incomeTaxExpense,netIncome,netIncomeRatio,eps,epsdiluted,weightedAverageShsOut,weightedAverageShsOutDil,link,finalLink,timestamp,est_time,est_date
0,2020-12-31,HFC,USD,2021-02-24,2021-02-24 16:49:05,FY,11183.643,9158.805,2024.838,1.810535261184571e-07,0.0,313.6,0.0,11603.786,11917000000,11917.386,0.0,520912000,520911266.257,46577.95910125171,-733.743,-6.560858568178544e-08,0.0,-747.046,-6.679809074735307e-08,-232.147,-514.899,-4.6040364485883534e-08,-3.72,-3.72,161983000,161983000,https://www.sec.gov/Archives/edgar/data/48039/000004803921000012/0000048039-21-000012-index.htm,https://www.sec.gov/Archives/edgar/data/48039/000004803921000012/hfc-20201231.htm,1620593053,16:44:13,20210509
1,2019-12-31,HFC,USD,2020-02-20,2020-02-20 17:31:29,FY,17486578000.0,13798609000.0,3687969000.0,0.2109028421684334,0.0,354236000.0,0.0,5013000.0,2258213000,16056822000.0,143321000.0,509925000,1939681000.0,0.1109239898166468,1429756000.0,0.08176305278253984,-137070000.0,1171504000.0,0.06699446855754168,299152000.0,772388000.0,0.044170334527430126,4.64,4.61,166287000,167385000,https://www.sec.gov/Archives/edgar/data/48039/000004803920000015/0000048039-20-000015-index.htm,https://www.sec.gov/Archives/edgar/data/48039/000004803920000015/hfc12-31x201910k.htm,1620593053,16:44:13,20210509
2,2018-12-31,HFC,USD,2019-02-20,2019-02-20 17:16:00,FY,17714666000.0,14077087000.0,3637579000.0,0.2053427933668069,0.0,290424000.0,0.0,2923000.0,2013586000,16090673000.0,131363000.0,437324000,2061317000.0,0.11636217132177372,1623993000.0,0.09167505613710132,14945000.0,1524467000.0,0.08605677352313613,347243000.0,1097960000.0,0.06198028232651973,6.25,6.19,175009000,176661000,https://www.sec.gov/Archives/edgar/data/48039/000004803919000012/0000048039-19-000012-index.htm,https://www.sec.gov/Archives/edgar/data/48039/000004803919000012/hfc12-31x201810k.htm,1620593053,16:44:13,20210509
3,2017-12-31,HFC,USD,2018-02-21,2018-02-21 17:30:39,FY,14251299000.0,11359114000.0,2892185000.0,0.2029418511252904,0.0,264874000.0,0.0,826000.0,1969045000,13328159000.0,117597000.0,409937000,1333077000.0,0.09354073618131231,923140000.0,0.06477584955588961,59584000.0,868863000.0,0.06096728445596433,-12379000.0,805395000.0,0.05651379568978238,4.54,4.52,176174000,177196000,https://www.sec.gov/Archives/edgar/data/48039/000004803918000012/0000048039-18-000012-index.htm,https://www.sec.gov/Archives/edgar/data/48039/000004803918000012/hfc12-31x201710k.htm,1620593053,16:44:13,20210509
4,2016-12-31,HFC,USD,2017-02-22,2017-02-22 16:44:11,FY,10535700000.0,8473989000.0,2061711000.0,0.19568808906859536,0.0,125648000.0,0.0,-7441000.0,1507514000,9981503000.0,72192000.0,363027000,917224000.0,0.08705866719819282,554197000.0,0.05260182047704472,-656030000.0,-171534000.0,-0.016281215296563113,19411000.0,-260453000.0,-0.024720996231859298,-1.48,-1.48,176101000,176101000,https://www.sec.gov/Archives/edgar/data/48039/000004803917000015/0000048039-17-000015-index.htm,https://www.sec.gov/Archives/edgar/data/48039/000004803917000015/hfc12-31x201610k.htm,1620593053,16:44:13,20210509
5,2015-12-31,HFC,USD,2016-02-24,2016-02-24 15:48:50,FY,13237920000.0,10466197000.0,2771723000.0,0.20937753060903827,0.0,120846000.0,0.0,0.0,1527370000,11993567000.0,43470000.0,346151000,1590504000.0,0.12014757605424417,1244353000.0,0.09399913279427584,4294000.0,1208568000.0,0.09129591355741687,406060000.0,740101000.0,0.055907650144433566,3.91,3.9,188731000,188940000,https://www.sec.gov/Archives/edgar/data/48039/000004803916000090/0000048039-16-000090-index.htm,https://www.sec.gov/Archives/edgar/data/48039/000004803916000090/hfc12-31x201510k.htm,1620593053,16:44:13,20210509
6,2014-12-31,HFC,USD,2015-02-25,2015-02-25 12:56:17,FY,19764327000.0,17625863000.0,2138464000.0,0.10819816935835963,0.0,114609000.0,0.0,0.0,1622930000,19248793000.0,43646000.0,363381000,878915000.0,0.04446976616001142,515534000.0,0.026084065498410344,-8818000.0,467500000.0,0.0236537272430273,141172000.0,281292000.0,0.014232308542557508,1.4261190511196848,1.424782705593938,197243000,197428000,https://www.sec.gov/Archives/edgar/data/48039/000004803915000014/0000048039-15-000014-index.htm,https://www.sec.gov/Archives/edgar/data/48039/000004803915000014/hfc12-31x201410k.htm,1620593053,16:44:13,20210509
7,2013-12-31,HFC,USD,2014-02-26,2014-02-25 17:38:12,FY,20160560000.0,17392227000.0,2768333000.0,0.13731429087287259,0.0,127963000.0,0.0,0.0,1522259000,18914486000.0,68050000.0,303446000,1549520000.0,0.07685897613955169,1246074000.0,0.06180750931521743,-24181000.0,1159399000.0,0.05750827357970215,391576000.0,735842000.0,0.03649908534286746,3.66,3.64,200419000,201234000,https://www.sec.gov/Archives/edgar/data/48039/000004803914000017/0000048039-14-000017-index.htm,https://www.sec.gov/Archives/edgar/data/48039/000004803914000017/hfc12-31x201310k.htm,1620593053,16:44:13,20210509
8,2012-12-31,HFC,USD,2013-02-28,2013-02-27 21:48:14,FY,20090724000.0,15840643000.0,4250081000.0,0.2115444421017381,0.0,128101000.0,0.0,0.0,1365935000,17206578000.0,104186000.0,242868000,3127014000.0,0.15564466467211435,2884146000.0,0.1435561008154808,3249000.0,2787995000.0,0.1387702603450229,1027962000.0,1727172000.0,0.08596862910465546,8.41,8.38,205289000,206184000,https://www.sec.gov/Archives/edgar/data/48039/000004803913000010/0000048039-13-000010-index.htm,https://www.sec.gov/Archives/edgar/data/48039/000004803913000010/hfc12-31x201210k.htm,1620593053,16:44:13,20210509
9,2011-12-31,HFC,USD,2012-02-29,2012-02-28 18:45:08,FY,15439528000.0,13428159000.0,2011369000.0,0.130273995422658,0.0,120114000.0,0.0,0.0,279821000,13707980000.0,78323000.0,159707000,1891255000.0,0.1224943534543284,1731548000.0,0.11215031962116977,-12814000.0,1641695000.0,0.10633064689542322,581991000.0,1023397000.0,0.06628421542420208,6.46,6.42,158486000,159294000,https://www.sec.gov/Archives/edgar/data/48039/000119312512086106/0001193125-12-086106-index.htm,https://www.sec.gov/Archives/edgar/data/48039/000119312512086106/d269091d10k.htm,1620593053,16:44:13,20210509
10,2010-12-31,HFC,USD,2011-02-25,2011-02-25 14:23:53,FY,8322929000.0,7871563000.0,451366000.0,0.054231629273780904,0.0,70839000.0,0.0,0.0,188368000,8059931000.0,74196000.0,117529000,380527000.0,0.04572032273734403,262998000.0,0.03159921224847647,2393000.0,192363000.0,0.023112416314016376,59312000.0,103964000.0,0.012491275607421378,0.975,0.97,106436000,107218000,https://www.sec.gov/Archives/edgar/data/48039/000095012311018524/0000950123-11-018524-index.htm,https://www.sec.gov/Archives/edgar/data/48039/000095012311018524/d78694e10vk.htm,1620593053,16:44:13,20210509
11,2009-12-31,HFC,USD,2010-02-26,2010-02-26 16:58:32,FY,4834268000.0,4238008000.0,596260000.0,0.12334028647149889,0.0,60343000.0,0.0,0.0,515949000,4753957000.0,40346000.0,98751000,179062000.0,0.037040147546639944,80311000.0,0.016612856382807076,-1207000.0,43803000.0,0.009060937457335837,7460000.0,19533000.0,0.004040528990118049,0.19371057955492085,0.1930023911625793,100836000,101206000,https://www.sec.gov/Archives/edgar/data/48039/000095012310018263/0000950123-10-018263-index.htm,https://www.sec.gov/Archives/edgar/data/48039/000095012310018263/c96998e10vk.htm,1620593053,16:44:13,20210509
12,2008-12-31,HFC,USD,2009-02-27,2009-02-27 17:02:07,FY,5867668000.0,5548641000.0,319027000.0,0.05437032224727098,0.0,54906000.0,0.0,0.0,118695000,5667336000.0,23955000.0,63789000,264121000.0,0.04501294210919909,200332000.0,0.03414167263723851,-1817000.0,185384000.0,0.03159415290708336,64826000.0,120558000.0,0.02054615223628876,1.2,1.19,100404000,101098000,https://www.sec.gov/Archives/edgar/data/48039/000095013409004038/0000950134-09-004038-index.htm,https://www.sec.gov/Archives/edgar/data/48039/000095013409004038/d66595e10vk.htm,1620593053,16:44:13,20210509
13,2007-12-31,HFC,USD,2008-02-29,2008-02-28 20:29:26,FY,4791742000.0,4213181000.0,578561000.0,0.12074126695468997,0.0,68773000.0,0.0,0.0,112229000,4325410000.0,0.0,43456000,509788000.0,0.1063888665124291,466332000.0,0.0973199308310005,19109000.0,499444000.0,0.10423015262507873,165316000.0,334128000.0,0.06972996459325231,3.045,2.99,109704000,111700000,https://www.sec.gov/Archives/edgar/data/48039/000095013408003740/0000950134-08-003740-index.htm,https://www.sec.gov/Archives/edgar/data/48039/000095013408003740/d54405e10vk.htm,1620593053,16:44:13,20210509
14,2006-12-31,HFC,USD,2007-03-01,2007-03-01 14:59:22,FY,4023217000.0,3558350000.0,464867000.0,0.11554609159784322,0.0,63255000.0,0.0,0.0,102976000,3661326000.0,0.0,39721000,401612000.0,0.09982359887622269,361891000.0,0.08995065391700224,12929000.0,383501000.0,0.0953219774126029,136603000.0,266566000.0,0.06625692822435379,2.34,2.29,113952000,116420000,https://www.sec.gov/Archives/edgar/data/48039/000095013407004555/0000950134-07-004555-index.htm,https://www.sec.gov/Archives/edgar/data/48039/000095013407004555/d44106e10vk.htm,1620593053,16:44:13,20210509
15,2005-12-31,HFC,USD,2006-03-07,2006-03-07 17:22:59,FY,3212745000.0,2637083000.0,575662000.0,0.1791807317418594,0.0,264343000.0,0.0,0.0,308160000,2945243000.0,0.0,43817000,311319000.0,0.09690124799820714,267502000.0,0.0832627550583691,5832000.0,268413000.0,0.08354631319946028,101424000.0,167658000.0,0.052185280811268865,1.3575,1.325,123456000,126488000,https://www.sec.gov/Archives/edgar/data/48039/000095013406004428/0000950134-06-004428-index.htm,https://www.sec.gov/Archives/edgar/data/48039/000095013406004428/d33650e10vk.htm,1620593053,16:44:13,20210509
16,2004-12-31,HFC,USD,2005-03-11,2005-03-11 17:10:07,FY,2246373000.0,1836686000.0,409687000.0,0.18237710300114895,0.0,223692000.0,0.0,0.0,264173000,2100859000.0,0.0,40481000,185995000.0,0.0827979146829133,145514000.0,0.06477730991246779,-318000.0,138469000.0,0.061641143300778634,54590000.0,83879000.0,0.03733974722808723,0.6675,0.6525,125560000,128680000,https://www.sec.gov/Archives/edgar/data/48039/000095013405004765/0000950134-05-004765-index.htm,https://www.sec.gov/Archives/edgar/data/48039/000095013405004765/d23336e10vk.htm,1620593053,16:44:13,20210509
17,2003-12-31,HFC,USD,2003-12-31,2003-12-31,FY,1403244000.0,1286903000.0,116341000.0,0.08290860320799519,0.0,34782000.0,0.0,0.0,56274000,1343177000.0,0.0,36275000,96342000.0,0.06865662707269726,60067000.0,0.04280581281658785,30753000.0,74359000.0,0.05299078421144149,28306000.0,46053000.0,0.03281895379563354,0.37125,0.36,124040000,128128000,,,1620593053,16:44:13,20210509
18,2002-12-31,HFC,USD,2002-12-31,2002-12-31,FY,448637000.0,419496000.0,29141000.0,0.06495451779501021,0.0,9025000.0,0.0,0.0,20751000,440247000.0,0.0,11726000,20116000.0,0.04483803163805036,8390000.0,0.018701087961982627,726000.0,8517000.0,0.018984167600978073,3114000.0,5403000.0,0.012043144011751149,0.04375,0.0425,124128000,127216000,,,1620593053,16:44:13,20210509
19,2002-07-31,HFC,USD,2002-07-31,2002-07-31,FY,888906000.0,699624000.0,189282000.0,0.2129381509405944,0.0,118537000.0,0.0,0.0,146236000,845860000.0,0.0,27699000,70745000.0,0.07958659295808555,43046000.0,0.048425817803007296,9275000.0,50896000.0,0.05725689780471726,18867000.0,32029000.0,0.036031931385320834,0.2575,0.25125,124480000,127768000,,,1620593053,16:44:13,20210509
20,2001-07-31,HFC,USD,2001-07-31,2001-07-31,FY,1142130000.0,873363000.0,268767000.0,0.23532084788946966,0.0,123533000.0,0.0,0.0,150860000,1024223000.0,0.0,27327000,145234000.0,0.12716065596735923,117907000.0,0.1032343078283558,6455000.0,121895000.0,0.1067260294362288,48445000.0,73450000.0,0.06430966702564507,0.605,0.59625,121496000,123096000,,,1620593053,16:44:13,20210509
21,2000-07-31,HFC,USD,2000-07-31,2000-07-31,FY,965946000.0,802392000.0,163554000.0,0.16932002410072614,0.0,109274000.0,0.0,0.0,136770000,939162000.0,0.0,27496000,54280000.0,0.056193617448594434,26784000.0,0.02772825810138455,-2997000.0,18634000.0,0.019290933447625436,7189000.0,11445000.0,0.011848488424818778,0.08869342839429634,0.08717871112479801,129040000,131282051,,,1620593053,16:44:13,20210509
22,1999-07-31,HFC,USD,1999-07-31,1999-07-31,FY,598000000.0,429800000.0,168200000.0,0.28127090301003344,0.0,102800000.0,0.0,0.0,129200000,559000000.0,0.0,26400000,65400000.0,0.10936454849498328,39000000.0,0.06521739130434782,2000000.0,33100000.0,0.055351170568561876,13200000.0,19900000.0,0.03327759197324415,0.15068451659801307,0.1489908858531634,132064000,133565217,,,1620593053,16:44:13,20210509
23,1998-07-31,HFC,USD,1998-07-31,1998-07-31,FY,589600000.0,518800000.0,70800000.0,0.12008141112618724,0.0,13700000.0,0.0,0.0,38100000,556900000.0,0.0,24400000,57100000.0,0.09684531886024424,32700000.0,0.055461329715061056,500000.0,24900000.0,0.04223202170963365,9700000.0,15200000.0,0.025780189959294438,0.11509571117034165,0.11347222253742284,132064000,133953488,,,1620593053,16:44:13,20210509
24,1997-07-31,HFC,USD,1997-07-31,1997-07-31,FY,721300000.0,656600000.0,64700000.0,0.08969915430472758,0.0,17100000.0,0.0,0.0,37300000,693900000.0,0.0,20200000,47600000.0,0.0659919589629835,27400000.0,0.037986967974490506,3700000.0,21800000.0,0.030223208096492444,8700000.0,13100000.0,0.01816165257174546,0.09919433002180761,0.09911184213786574,132064000,132173913,,,1620593053,16:44:13,20210509
25,1996-07-31,HFC,USD,1996-10-29 00:00:00,1996-10-29 00:00:00,FY,676300000.0,600500000.0,75800000.0,0.11208043767558776,0.0,18100000.0,0.0,0.0,37400000,637900000.0,0.0,19300000,57700000.0,0.08531716693774952,38400000.0,0.05677953570900488,3000000.0,31800000.0,0.04702055300901967,12600000.0,19200000.0,0.02838976785450244,0.1453840562151684,0.14400000036,132064000,133333333,https://www.sec.gov/Archives/edgar/data/48039/000095013496005678/0000950134-96-005678-index.html,https://www.sec.gov/Archives/edgar/data/48039/0000950134-96-005678.txt,1620593053,16:44:13,20210509
26,1995-07-31,HFC,USD,1995-10-26 00:00:00,1995-10-26 00:00:00,FY,614800000.0,554100000.0,60700000.0,0.0987312947299935,0.0,17500000.0,0.0,0.0,33300000,587400000.0,0.0,15800000,43200000.0,0.07026675341574495,27400000.0,0.044567338972023425,1000000.0,20100000.0,0.03269355888093689,7700000.0,18100000.0,0.029440468445022773,0.13705476132784106,0.1347518378885063,132064000,134320988,https://www.sec.gov/Archives/edgar/data/48039/000095013495002566/0000950134-95-002566-index.html,https://www.sec.gov/Archives/edgar/data/48039/0000950134-95-002566.txt,1620593053,16:44:13,20210509
27,1994-07-31,HFC,USD,1994-10-28 00:00:00,1994-10-28 00:00:00,FY,552300000.0,485500000.0,66800000.0,0.12094875973202969,0.0,12400000.0,0.0,0.0,23300000,508800000.0,0.0,10900000,54400000.0,0.09849719355422777,43500000.0,0.07876154263986963,400000.0,35000000.0,0.06337135614702155,14300000.0,20700000.0,0.037479630635524175,0.15674218560697845,0.1548855631757673,132064000,133647059,https://www.sec.gov/Archives/edgar/data/48039/000095013494001235/0000950134-94-001235-index.html,https://www.sec.gov/Archives/edgar/data/48039/0000950134-94-001235.txt,1620593053,16:44:13,20210509
