,date,symbol,reportedCurrency,fillingDate,acceptedDate,period,revenue,costOfRevenue,grossProfit,grossProfitRatio,researchAndDevelopmentExpenses,generalAndAdministrativeExpenses,sellingAndMarketingExpenses,otherExpenses,operatingExpenses,costAndExpenses,interestExpense,depreciationAndAmortization,ebitda,ebitdaratio,operatingIncome,operatingIncomeRatio,totalOtherIncomeExpensesNet,incomeBeforeTax,incomeBeforeTaxRatio,incomeTaxExpense,netIncome,netIncomeRatio,eps,epsdiluted,weightedAverageShsOut,weightedAverageShsOutDil,link,finalLink,timestamp,est_time,est_date
0,2020-12-31,CYD,CNY,2020-12-31,2020-12-31,FY,20581170000.0,17391599000.0,3189571000.0,0.15497520306182788,626478000.0,1760036000.0,0.0,0.0,0.0,19399166000.0,151170000.0,0.0,1123034000.0,0.05456609123776734,1182004000.0,0.057431331649269696,-58970000.0,971864000.0,0.04722102776469948,192538000.0,548903000.0,0.026670155292434782,13.438692695820318,13.438692695820318,40844970.0,40844970.0,,,1620590931,16:08:51,20210509
1,2019-12-31,CYD,CNY,2019-12-31,2019-12-31,FY,18016085000.0,14910244000.0,3105841000.0,0.1723926702166425,492204000.0,1806042000.0,0.0,0.0,2161982000.0,17072226000.0,126851000.0,465209000.0,1409068000.0,0.07821166474292278,943859000.0,0.052389795008182964,43995000.0,1033319000.0,0.057355357726165256,172619000.0,604914000.0,0.03357632915253231,14.81,14.81,40844970.0,40844970.0,,,1620590931,16:08:51,20210509
2,2018-12-31,CYD,CNY,2018-12-31,2018-12-31,FY,16263248000.0,13171227000.0,3092021000.0,0.19012321523966183,447668000.0,1554512000.0,0.0,0.0,1969738000.0,15140965000.0,108339000.0,433885000.0,1556168000.0,0.09568617535685368,1122283000.0,0.06900731022487021,24628000.0,1181067000.0,0.0726218403605479,206667000.0,695266000.0,0.0427507469602628,17.02,17.02,40849941.0,40849941.0,,,1620590931,16:08:51,20210509
3,2017-12-31,CYD,CNY,2017-12-31,2017-12-31,FY,16222442000.0,12707419000.0,3515023000.0,0.21667656447777714,608181000.0,1815853000.0,0.0,0.0,2402287000.0,15109706000.0,96072000.0,444181000.0,1556917000.0,0.09597303537901383,1112736000.0,0.06859238578260905,507519000.0,1625237000.0,0.10018448517183788,220167000.0,953922000.0,0.058802614304307575,23.4,23.4,40765897.0,40765897.0,,,1620590931,16:08:51,20210509
4,2016-12-31,CYD,CNY,2016-12-31,2016-12-31,FY,13664840000.0,10700655000.0,2964185000.0,0.21692057865295167,588007000.0,1504360000.0,0.0,0.0,2035398000.0,12736053000.0,75131000.0,478160000.0,1406947000.0,0.10296110309377936,928787000.0,0.06796910904189145,-22209000.0,883878000.0,0.06468264538772499,160270000.0,515737000.0,0.037741898185416005,12.89,12.89,40010628.0,40010628.0,,,1620590931,16:08:51,20210509
5,2015-12-31,CYD,CNY,2015-12-31,2015-12-31,FY,13733437000.0,10942865000.0,2790572000.0,0.20319545646148157,506955000.0,1497774000.0,0.0,0.0,1964719000.0,12907584000.0,111336000.0,469435000.0,1295288000.0,0.09431637542736024,825853000.0,0.06013447325676741,-64678000.0,686138000.0,0.04996112772061356,176818000.0,341108000.0,0.024837773676028806,8.81,8.81,38718275.0,38718275.0,,,1620590931,16:08:51,20210509
6,2014-12-31,CYD,CNY,2014-12-31,2014-12-31,FY,16436142000.0,13145152000.0,3290990000.0,0.2002288614931655,494594000.0,1598670000.0,0.0,0.0,2060807000.0,15205959000.0,115630000.0,431256000.0,1661439000.0,0.10108448807512128,1230183000.0,0.07484621391078271,82048000.0,1201385000.0,0.07309409957640911,179639000.0,730280000.0,0.044431351347536424,19.36,19.36,37721126.0,37721126.0,,,1620590931,16:08:51,20210509
7,2013-12-31,CYD,CNY,2013-12-31,2013-12-31,FY,15902355000.0,12637451000.0,3264904000.0,0.2053094651704103,468612000.0,1550228000.0,0.0,0.0,1953455000.0,14590906000.0,156945000.0,388939000.0,1700388000.0,0.10692680423748557,1311449000.0,0.08246885445583374,-67058000.0,1162119000.0,0.07307842140362229,222147000.0,700423000.0,0.04404523732491194,18.58,18.58,37276964.0,37276964.0,,,1620590931,16:08:51,20210509
8,2012-12-31,CYD,CNY,2012-12-31,2012-12-31,FY,13449489000.0,10569605000.0,2879884000.0,0.2141259047090934,373732000.0,1475038000.0,0.0,0.0,1809869000.0,12379474000.0,207073000.0,348485000.0,1418500000.0,0.10546869104097562,1070015000.0,0.07955804120141664,-43105000.0,913576000.0,0.06792644687095548,142238000.0,567333000.0,0.04218249481448701,15.13,15.13,37273298.0,37273298.0,,,1620590931,16:08:51,20210509
9,2011-12-31,CYD,CNY,2011-12-31,2011-12-31,FY,15444428000.0,12002149000.0,3442279000.0,0.2228816114135143,328140000.0,1681454000.0,0.0,0.0,1907191000.0,13909340000.0,156174000.0,301557000.0,1836645000.0,0.1189195870510711,1535088000.0,0.0993942928802543,-79632000.0,1299282000.0,0.08412626223515692,226780000.0,818532000.0,0.05299853125023471,21.25,21.25,37260706.0,37260706.0,,,1620590931,16:08:51,20210509
10,2010-12-31,CYD,CNY,2010-12-31,2010-12-31,FY,16208184000.0,12199253000.0,4008931000.0,0.2473399240778609,324123000.0,1822764000.0,0.0,0.0,2059259000.0,14258512000.0,130446000.0,275136000.0,2224808000.0,0.13726448317714063,1949672000.0,0.12028935505668001,-54023000.0,1765203000.0,0.10890812937464185,327946000.0,1117297000.0,0.06893412611801544,30.32,30.32,37272098.0,37272098.0,,,1620590931,16:08:51,20210509
11,2009-12-31,CYD,CNY,2009-12-31,2009-12-31,FY,13175903000.0,10630085000.0,2545818000.0,0.1932177248117264,297259000.0,1471857000.0,0.0,0.0,1769116000.0,12399201000.0,77493000.0,285314000.0,1062016000.0,0.08060290061333937,776702000.0,0.05894867319530206,189904000.0,966668000.0,0.07336635674989411,147223000.0,628331000.0,0.047687889019826575,16.85,16.85,37268546.0,37268546.0,,,1620590931,16:08:51,20210509
12,2008-12-31,CYD,CNY,2009-01-30 00:00:00,2009-01-30 06:04:23,FY,10384022000.0,8561520000.0,1822502000.0,0.17551022137664962,177370000.0,1041225000.0,0.0,0.0,1218595000.0,9780115000.0,146973000.0,266621000.0,870528000.0,0.08383341252551275,603907000.0,0.05815733056035513,6688000.0,463622000.0,0.044647632680285154,110531000.0,252450000.0,0.024311389170785656,6.77,6.77,37267673.0,37267673.0,https://www.sec.gov/Archives/edgar/data/932695/000114554909000137/0001145549-09-000137-index.html,https://www.sec.gov/Archives/edgar/data/932695/000114554909000137/u93401e20vf.htm,1620590931,16:08:51,20210509
13,2007-12-31,CYD,CNY,2007-12-31,2007-12-31,FY,10214138177.92,8135550714.72,2078587463.2,0.20350101271327056,163684927.56,1017093593.48,0.0,0.0,1179098352.64,9314649067.36,133865591.0,238678878.84,1138167989.3999999,0.11143064344482714,899489110.56,0.08806314295849592,15998125.2,837878065.84,0.08203120530043827,73233427.0,561643770.72,0.05498689766446578,14.101894,14.101894,37267673.0,37267673.0,,,1620590931,16:08:51,20210509
14,2006-12-31,CYD,CNY,2006-12-31,2006-12-31,FY,7867334410.0,6421171072.5,1446163337.5,0.18381871954773052,190586495.0,911527750.0,0.0,0.0,1100024515.0,7521195587.5,133563377.5,162406330.0,508545152.5,0.06464008341295359,346138822.5,0.043996963197602275,-32835272.5,231227065.0,0.029390776208278655,34636495.0,126514437.5,0.0160809787542767,2.98709,2.98709,37267673.0,37267673.0,,,1620590931,16:08:51,20210509
15,2005-12-31,CYD,CNY,2005-12-31,2005-12-31,FY,5831811990.0,4528894413.0,1302917577.0,0.22341556607691668,123928225.0,1012764060.5,0.0,0.0,1134157206.5,5663051619.5,70554316.5,139776505.5,308536876.0,0.0529058338178697,168760370.5,0.028937896281529474,-137249.5,117291808.0,0.02011241243735637,20886144.5,68511721.0,0.01174793033751419,1.88077,1.88077,36459635.0,36459635.0,,,1620590931,16:08:51,20210509
16,2004-12-31,CYD,CNY,2004-12-31,2004-12-31,FY,5583206545.65,4007684203.2,1575522342.45,0.28218951413816573,136986826.2,658444051.0,0.0,0.0,795439155.35,4803123358.55,31754983.4,132822916.75,912906103.85,0.16350928384715865,780083187.1,0.1397195645050567,2392385.35,754007014.6,0.1350490991932698,105190452.05,491490321.8,0.08803011634648034,13.907479394453876,13.882745401846734,35340000.0,35402963.0,,,1620590931,16:08:51,20210509
17,2003-12-31,CYD,CNY,2003-12-31,2003-12-31,FY,4570747409.9,3193346031.4,1377401378.5,0.30135145414437486,94610976.35,561258570.0,0.0,0.0,655869546.35,3849215577.75,23625840.1,125538144.75,847069976.9,0.18532417150536273,721531832.15,0.15785860986043548,-4461922.85,697028508.15,0.15249770893930228,112947078.6,438261817.3,0.09588405965088945,12.402175,12.402175,35340000.0,35340000.0,,,1620590931,16:08:51,20210509
18,2002-12-31,CYD,CNY,2002-12-31,2002-12-31,FY,3513672446.4,2371504358.4,1142168088.0,0.32506390547879044,75545758.08,426205226.88,0.0,0.0,501750984.96,2873255343.36,25148807.04,118881506.88,759298609.92,0.2160982907493138,640417103.04,0.18226431541623964,10289653.44,495757655.04,0.14109387331990436,83252650.56,412505004.48,0.11739995994864003,11.671522,11.671522,35340000.0,35340000.0,,,1620590931,16:08:51,20210509
19,2001-12-31,CYD,CNY,2001-12-31,2001-12-31,FY,1783628229.12,1183599878.4,600028350.72,0.33640886644636697,44726466.24,243267936.96,0.0,0.0,304856852.16,1488456730.56,29792809.92,16862448.96,312033947.52,0.1749433780121041,295171498.56,0.16548936249211008,-5711875.2,186836265.6,0.10475067760739613,-63592210.56,250428476.16,0.14040396539561134,7.119149,7.119149,35340000.0,35340000.0,,,1620590931,16:08:51,20210509
20,2000-12-31,CYD,CNY,2000-12-31,2000-12-31,FY,1412700242.4,958836517.2,453863725.2,0.3212739062243966,0.0,346924906.2,0.0,0.0,363765600.0,1322602117.2,27852870.6,16840693.8,106938819.0,0.07569816709192631,90098125.2,0.06377724197663803,-4563604.8,47694630.6,0.033761324001029984,10664946.0,37029684.6,0.02621198998103888,1.074762,1.074762,35340000.0,35340000.0,,,1620590931,16:08:51,20210509
21,1999-12-31,CYD,CNY,1999-12-31,1999-12-31,FY,1270147204.8,700871921.28,569275283.52,0.4481963046241079,0.0,309947871.36,0.0,0.0,454673544.0,1155545465.28,0.0,144725672.64,259327412.15999997,0.20417114739140352,114601739.52,0.09022713201029751,-4445328.96,54908504.64,0.043230032261218104,11216798.4,43691706.24,0.03439893114348096,1.241712,1.241712,35340000.0,35340000.0,,,1620590931,16:08:51,20210509
22,1998-12-31,CYD,CNY,1998-12-31,1998-12-31,FY,1172292240.0,639131080.0,533161160.0,0.4548022598870056,0.0,293073060.0,0.0,0.0,442921150.0,1082052230.0,61263860.0,149848090.0,240088100.0,0.20480225988700565,90240010.0,0.0769774011299435,-11590460.0,9934680.0,0.00847457627118644,4139450.0,5795230.0,0.0049435028248587575,0.165578,0.165578,35000000.0,35000000.0,,,1620590931,16:08:51,20210509
23,1997-12-31,CYD,CNY,1997-12-31,1997-12-31,FY,941390520.0,538174000.0,403216520.0,0.4283201407211961,0.0,290613960.0,0.0,0.0,472765160.0,1010939160.0,0.0,182151200.0,112602560.0,0.11961301671064203,-69548640.0,-0.07387862796833773,-440474720.0,-445442480.0,-0.4731750219876869,4967760.0,-450410240.0,-0.47845206684256814,-12.750584,-12.750584,35324675.0,35324675.0,,,1620590931,16:08:51,20210509
24,1996-12-31,CYD,CNY,1996-12-31,1996-12-31,FY,1209076880.0,712832560.0,496244320.0,0.4104323953328758,0.0,360150560.0,0.0,0.0,521969360.0,1234801920.0,63067840.0,161818800.0,136093760.0,0.11256005490734386,-25725040.0,-0.02127659574468085,-5808880.0,-78834800.0,-0.06520247083047358,-7468560.0,-71366240.0,-0.059025394646533974,-2.157584,-2.157584,33076923.0,33076923.0,,,1620590931,16:08:51,20210509
25,1995-12-31,CYD,CNY,1995-12-31,1995-12-31,FY,10130015712.0,0.0,0.0,0.0,0.0,0.0,0.0,0.0,0.0,0.0,0.0,0.0,10130015712.0,1.0,10130015712.0,1.0,0.0,0.0,0.0,0.0,1281974688.0,0.12655209275552998,6.663936,6.580637,6031000.0,6031000.0,,,1620590931,16:08:51,20210509
