,date,symbol,reportedCurrency,fillingDate,acceptedDate,period,revenue,costOfRevenue,grossProfit,grossProfitRatio,researchAndDevelopmentExpenses,generalAndAdministrativeExpenses,sellingAndMarketingExpenses,otherExpenses,operatingExpenses,costAndExpenses,interestExpense,depreciationAndAmortization,ebitda,ebitdaratio,operatingIncome,operatingIncomeRatio,totalOtherIncomeExpensesNet,incomeBeforeTax,incomeBeforeTaxRatio,incomeTaxExpense,netIncome,netIncomeRatio,eps,epsdiluted,weightedAverageShsOut,weightedAverageShsOutDil,link,finalLink,timestamp,est_time,est_date
0,2020-09-30,SHV.AX,AUD,2020-09-30,2020-09-30,FY,247876000.0,185963000.0,61913000.0,0.24977408058868145,0.0,15847000.0,9624000.0,677000.0,0.0,0.0,2068000.0,0.0,38730000.0,0.15624747857799867,38053000.0,0.15351627426616535,677000.0,36662000.0,0.14790459746002033,11661000.0,25001000.0,0.10086091432813181,0.26000028744482,0.26000028744482,96157586,96157586,,,1620597894,18:04:54,20210509
1,2019-09-30,SHV.AX,AUD,2019-09-30,2019-09-30,FY,298204000.0,192424000.0,105780000.0,0.35472361202398356,0.0,16059000.0,10996000.0,789000.0,26504000.0,0.0,3957000.0,0.0,80065000.0,0.2684906976432241,79276000.0,0.2658448578825234,789000.0,76108000.0,0.25522125793081246,23086000.0,53022000.0,0.17780445600997974,0.55138,0.549393,96157586,96510203,,,1620597894,18:04:54,20210509
2,2018-06-30,SHV.AX,AUD,2018-06-30,2018-06-30,FY,206549000.0,159232000.0,47317000.0,0.22908365569429046,0.0,8452000.0,4733000.0,3689000.0,16149000.0,0.0,5441000.0,0.0,34857000.0,0.16875898697161448,31168000.0,0.1508988181981031,3737000.0,29464000.0,0.14264895981098916,9093000.0,20371000.0,0.09862550774876663,0.230487,0.229493,88440183,88765177,,,1620597894,18:04:54,20210509
3,2017-06-30,SHV.AX,AUD,2017-06-30,2017-06-30,FY,239981000.0,208490000.0,31491000.0,0.13122288847867122,0.0,8246000.0,5417000.0,2173000.0,16654000.0,0.0,5032000.0,14866000.0,29703000.0,0.12377229864030903,14837000.0,0.061825727870123054,2173000.0,11978000.0,0.049912284722540536,2729000.0,9249000.0,0.038540551126964216,0.125178,0.123191,73848216,75078459,,,1620597894,18:04:54,20210509
4,2016-06-30,SHV.AX,AUD,2016-06-30,2016-06-30,FY,285917000.0,229319000.0,56598000.0,0.19795255266388498,0.0,7956000.0,5767000.0,8895000.0,15665000.0,0.0,5538000.0,12599000.0,53532000.0,0.18722916091033412,40933000.0,0.1431639251950741,8895000.0,44290000.0,0.15490509483521442,10494000.0,33796000.0,0.11820213558480258,0.463954,0.456999,72902256,73951966,,,1620597894,18:04:54,20210509
5,2015-06-30,SHV.AX,AUD,2015-06-30,2015-06-30,FY,223474000.0,120613000.0,102861000.0,0.46028173299802216,0.0,6484000.0,5530000.0,114000.0,17130000.0,0.0,5387000.0,10546000.0,96277000.0,0.43081969267118325,85731000.0,0.3836285205437769,114000.0,80514000.0,0.36028352291541743,23748000.0,56766000.0,0.25401612715573174,0.823592,0.804716,68904899,70541636,,,1620597894,18:04:54,20210509
6,2014-06-30,SHV.AX,AUD,2014-06-30,2014-06-30,FY,188088000.0,131138000.0,56950000.0,0.30278380332610266,0.0,6070000.0,5465000.0,188000.0,15330000.0,0.0,4512000.0,3810000.0,45430000.0,0.24153587682361446,41620000.0,0.2212794011313853,188000.0,37353000.0,0.19859321168814598,8346000.0,29007000.0,0.15422036493556207,0.498725,0.484817,58125158,59830861,,,1620597894,18:04:54,20210509
7,2013-06-30,SHV.AX,AUD,2013-06-30,2013-06-30,FY,190918000.0,136474000.0,54444000.0,0.2851695492305597,0.0,-3410000.0,7483000.0,112000.0,9408000.0,0.0,5141000.0,4662000.0,49698000.0,0.260310709309756,45036000.0,0.23589184885657716,-39795000.0,198000.0,0.0010370944594014185,-2674000.0,2872000.0,0.015043107512125625,0.049674,0.049674,57475855,57475855,,,1620597894,18:04:54,20210509
8,2012-06-30,SHV.AX,AUD,2012-06-30,2012-06-30,FY,246766000.0,212704000.0,34062000.0,0.1380336026843244,0.0,5691000.0,7550000.0,4315000.0,15964000.0,0.0,6489000.0,6113000.0,24211000.0,0.09811319225501082,18098000.0,0.07334073575776241,-20593000.0,-8743000.0,-0.03543032670627234,-4274000.0,-4469000.0,-0.018110274511075268,-0.078485,-0.078485,56800004,56800004,,,1620597894,18:04:54,20210509
9,2011-06-30,SHV.AX,AUD,2011-06-30,2011-06-30,FY,249573000.0,218042000.0,31531000.0,0.12633978835851634,0.0,4820000.0,8363000.0,9940000.0,8919000.0,0.0,3774000.0,5212000.0,27824000.0,0.11148641880331607,22612000.0,0.0906027494961394,9953000.0,19223000.0,0.07702355623404776,1549000.0,17674000.0,0.07081695535975446,0.334802,0.334802,52806873,52806873,,,1620597894,18:04:54,20210509
10,2010-06-30,SHV.AX,AUD,2010-06-30,2010-06-30,FY,238376000.0,198246000.0,40130000.0,0.1683474846461053,0.0,5114000.0,7521000.0,8909000.0,14316000.0,0.0,2946000.0,4952000.0,30766000.0,0.129065006544283,25814000.0,0.1082911031311877,8754000.0,23603000.0,0.09901584052085781,6350000.0,17253000.0,0.07237725274356478,0.384909,0.384909,44748510,44748510,,,1620597894,18:04:54,20210509
11,2009-06-30,SHV.AX,AUD,2009-06-30,2009-06-30,FY,248581000.0,201380000.0,47201000.0,0.18988176892039216,0.0,5159000.0,9121000.0,7338000.0,20374000.0,0.0,3873000.0,4796000.0,31623000.0,0.12721406704454483,26827000.0,0.10792055708199742,2590000.0,23047000.0,0.09271424606064019,6335000.0,16712000.0,0.06722959518225448,0.378687,0.378687,44145673,44145673,,,1620597894,18:04:54,20210509
12,2008-06-30,SHV.AX,AUD,2008-06-30,2008-06-30,FY,224655000.0,177281000.0,47374000.0,0.21087445193741514,0.0,5499000.0,8007000.0,8273000.0,18409000.0,0.0,1891000.0,3802000.0,32767000.0,0.1458547550688834,28965000.0,0.12893102757561595,-1845000.0,25384000.0,0.11299103069150475,7254000.0,18130000.0,0.08070152010861098,0.415133,0.415133,43705673,43705673,,,1620597894,18:04:54,20210509
13,2007-06-30,SHV.AX,AUD,2007-06-30,2007-06-30,FY,229498000.0,174627000.0,54871000.0,0.23909140820399305,0.0,4898000.0,4964000.0,7943000.0,14322000.0,0.0,800000.0,3802000.0,44351000.0,0.19325222877759282,40549000.0,0.17668563560466757,7943000.0,40014000.0,0.17435446060532117,11916000.0,28098000.0,0.12243243949838342,0.631145,0.629367,44498958,44644874,,,1620597894,18:04:54,20210509
14,2006-06-30,SHV.AX,AUD,2006-06-30,2006-06-30,FY,217866000.0,164994000.0,52872000.0,0.2426812811544711,0.0,5146000.0,4643000.0,5861000.0,14503000.0,0.0,628000.0,3549000.0,41918000.0,0.19240266953081253,38369000.0,0.17611284000257038,5861000.0,37903000.0,0.17397391056888178,11411000.0,30801000.0,0.1413758916030955,0.694259,0.692481,44388041,44479184,,,1620597894,18:04:54,20210509
15,2005-06-30,SHV.AX,AUD,2005-06-30,2005-06-30,FY,178029000.0,131047000.0,46982000.0,0.2639008251464649,0.0,4332000.0,3993000.0,776000.0,14496000.0,0.0,1361000.0,4692000.0,37178000.0,0.20883114548753293,32486000.0,0.18247588875969645,776000.0,31995000.0,0.17971791112683888,31995000.0,21716000.0,0.12198012683326874,0.496915,0.495137,43720183,43858532,,,1620597894,18:04:54,20210509
16,2004-06-30,SHV.AX,AUD,2004-06-30,2004-06-30,FY,127380000.0,91023000.0,36357000.0,0.28542157324540746,0.0,3814000.0,2989000.0,326000.0,12847000.0,0.0,1369000.0,4349000.0,27859000.0,0.21870780342282933,23510000.0,0.18456586591301616,326000.0,22587000.0,0.17731983042863872,22587000.0,15225000.0,0.1195242581252944,0.355574,0.352908,42818037,43141600,,,1620597894,18:04:54,20210509
17,2003-06-30,SHV.AX,AUD,2003-06-30,2003-06-30,FY,80994000.0,54939000.0,26055000.0,0.3216904955922661,0.0,2777000.0,1674000.0,994000.0,9628000.0,0.0,1415000.0,2835000.0,19262000.0,0.23782008543842753,16427000.0,0.20281749265377683,994000.0,16110000.0,0.19890362249055485,16110000.0,0.0,0.0,0.278237,0.274681,39418324,39908074,,,1620597894,18:04:54,20210509
18,2002-06-30,SHV.AX,AUD,2002-06-30,2002-06-30,FY,80530000.0,60014000.0,20516000.0,0.25476220042220293,0.0,2236000.0,1718000.0,-1813000.0,3954000.0,0.0,2027000.0,3843000.0,20405000.0,0.2533838321122563,16562000.0,0.2056624860300509,-1813000.0,12803000.0,0.158984229479697,12803000.0,8554000.0,0.10622128399354278,0.22579,0.219567,37952772,38958457,,,1620597894,18:04:54,20210509
19,2001-06-30,SHV.AX,AUD,2001-06-30,2001-06-30,FY,64996000.0,47942000.0,64996000.0,1.0,0.0,1016000.0,51000.0,-49440000.0,3300000.0,0.0,1996000.0,3300000.0,64996000.0,1.0,61696000.0,0.9492276447781401,-49440000.0,10260000.0,0.15785586805341867,10260000.0,6564000.0,0.10099083020493568,0.177787,0.177787,36940874,36940874,,,1620597894,18:04:54,20210509
20,2000-06-30,SHV.AX,AUD,2000-06-30,2000-06-30,FY,0.0,0.0,0.0,0.0,0.0,0.0,0.0,0.0,0.0,0.0,899000.0,0.0,8485000.0,0.0,0.0,0.0,0.0,7586000.0,0.0,7586000.0,5239000.0,0.0,0.14223,0.14223,36802041,36802041,,,1620597894,18:04:54,20210509
21,1999-06-30,SHV.AX,AUD,1999-06-30,1999-06-30,FY,0.0,0.0,0.0,0.0,0.0,0.0,0.0,0.0,0.0,0.0,461000.0,0.0,6966000.0,0.0,0.0,0.0,0.0,6505000.0,0.0,6505000.0,4198000.0,0.0,0.115562,0.115562,35375955,35375955,,,1620597894,18:04:54,20210509
22,1998-06-30,SHV.AX,AUD,1998-06-30,1998-06-30,FY,0.0,0.0,0.0,0.0,0.0,0.0,0.0,0.0,0.0,0.0,216000.0,0.0,5811000.0,0.0,0.0,0.0,0.0,5595000.0,0.0,5595000.0,0.0,0.0,0.142528,0.14223,33333873,33403694,,,1620597894,18:04:54,20210509
23,1997-06-30,SHV.AX,AUD,1997-06-30,1997-06-30,FY,17006000.0,0.0,17006000.0,1.0,0.0,0.0,0.0,-17006000.0,1045000.0,0.0,761000.0,957000.0,17963000.0,1.0562742561448901,17006000.0,1.0,-17006000.0,4221000.0,0.24820651534752441,4221000.0,0.0,0.0,0.14223,0.14223,29297662,29297662,,,1620597894,18:04:54,20210509
24,1996-06-30,SHV.AX,AUD,1996-06-30,1996-06-30,FY,11464000.0,0.0,11464000.0,1.0,0.0,0.0,0.0,-10659000.0,805000.0,0.0,750000.0,805000.0,11464000.0,1.0,10659000.0,0.9297801814375436,-10659000.0,2036000.0,0.17759944173063502,2036000.0,0.0,0.0,0.069287,0.069287,29384981,29384981,,,1620597894,18:04:54,20210509
25,1993-12-31,SHV.AX,AUD,1993-12-31,1993-12-31,FY,15241000.0,0.0,15241000.0,1.0,0.0,0.0,0.0,-14232000.0,1009000.0,0.0,944000.0,1009000.0,15241000.0,1.0,14232000.0,0.9337969949478381,-14232000.0,2748000.0,0.1803031297158979,2748000.0,0.0,0.0,0.138574,0.138574,19722287,19722287,,,1620597894,18:04:54,20210509
26,1992-12-31,SHV.AX,AUD,1992-12-31,1992-12-31,FY,18669000.0,0.0,18669000.0,1.0,0.0,0.0,0.0,-17415000.0,1254000.0,0.0,1209000.0,1254000.0,18669000.0,1.0,17415000.0,0.9328298248433231,-17415000.0,-9125000.0,-0.4887781884407306,-9125000.0,0.0,0.0,-0.744836,-0.744836,12237776,12237776,,,1620597894,18:04:54,20210509
27,1991-12-31,SHV.AX,AUD,1991-12-31,1991-12-31,FY,18773000.0,0.0,18773000.0,1.0,0.0,0.0,0.0,-17382000.0,1391000.0,0.0,1344000.0,1391000.0,18773000.0,1.0,17382000.0,0.9259042241517073,-17382000.0,-5783000.0,-0.30804879347999786,-5783000.0,-935000.0,-0.04980557183188622,-0.009723621805564046,-0.009723621805564046,96157586,96157586,,,1620597894,18:04:54,20210509
28,1990-12-31,SHV.AX,AUD,1990-12-31,1990-12-31,FY,23592000.0,0.0,23592000.0,1.0,0.0,0.0,0.0,-22766000.0,826000.0,0.0,1516000.0,826000.0,23592000.0,1.0,22766000.0,0.9649881315700237,-22766000.0,787000.0,0.03335876568328247,787000.0,-1986000.0,-0.08418107833163785,-0.02065359669074887,-0.02065359669074887,96157586,96157586,,,1620597894,18:04:54,20210509
29,1989-12-31,SHV.AX,AUD,1989-12-31,1989-12-31,FY,20498000.0,0.0,20498000.0,1.0,0.0,0.0,0.0,-19334000.0,1164000.0,0.0,1241000.0,1164000.0,20498000.0,1.0,19334000.0,0.9432139720948385,-19334000.0,703000.0,0.03429602888086643,703000.0,0.0,0.0,0.0,0.0,96157586,96157586,,,1620597894,18:04:54,20210509
