,date,symbol,reportedCurrency,fillingDate,acceptedDate,period,revenue,costOfRevenue,grossProfit,grossProfitRatio,researchAndDevelopmentExpenses,generalAndAdministrativeExpenses,sellingAndMarketingExpenses,otherExpenses,operatingExpenses,costAndExpenses,interestExpense,depreciationAndAmortization,ebitda,ebitdaratio,operatingIncome,operatingIncomeRatio,totalOtherIncomeExpensesNet,incomeBeforeTax,incomeBeforeTaxRatio,incomeTaxExpense,netIncome,netIncomeRatio,eps,epsdiluted,weightedAverageShsOut,weightedAverageShsOutDil,link,finalLink,timestamp,est_time,est_date
0,2018-12-31,NUOT,USD,2019-04-16,2019-04-16 17:27:02,FY,1370594.0,162993.0,1207601.0,0.8810785688540881,576192.0,1906362.0,114875.0,-37124000.0,2712304.0,2875297.0,0.0,127816.0,-1376887.0,-1.0045914399158322,-1504703.0,-1.0978473566935212,-37124.0,-1541827.0,-1.1249334230268044,0.0,-1541827.0,-1.1249334230268044,-0.06623,-0.06623,23278564.0,23278564.0,https://www.sec.gov/Archives/edgar/data/1091596/000143774919007338/0001437749-19-007338-index.htm,https://www.sec.gov/Archives/edgar/data/1091596/000143774919007338/aurx20181231_10k.htm,1620595899,17:31:39,20210509
1,2017-12-31,NUOT,USD,2018-04-16,2018-04-16 16:31:27,FY,721045.0,1091042.0,-369997.0,-0.5131399565907815,1328324.0,3111194.0,712735.0,9299223.0,15164211.0,16255253.0,0.0,1113857.0,-14420351.0,-19.999238605080127,-15534208.0,-21.54402013743941,555497.0,-14978711.0,-20.773614684243007,0.0,-14978711.0,-20.773614684243007,-1.02271,-1.02271,14646112.0,14646112.0,https://www.sec.gov/Archives/edgar/data/1091596/000143774918006937/0001437749-18-006937-index.htm,https://www.sec.gov/Archives/edgar/data/1091596/000143774918006937/aurx20171231_10k.htm,1620595899,17:31:39,20210509
2,2016-12-31,NUOT,USD,2017-03-29 00:00:00,2017-03-28 20:41:47,FY,729050000.0,729050000.0,-256605000.0,-0.35197174405047665,1015871000.0,2399210000.0,893138000.0,-237665000.0,5201357000.0,5930407000.0,0.0,836192000.0,-4621770000.0,-6.339441739249708,-5457962000.0,-7.486402853027913,-237665000.0,-5695627000.0,-7.812395583293327,0.0,-5695627000.0,-7.812395583293327,-573.74461,-573.74461,9927112.0,9927112.0,https://www.sec.gov/Archives/edgar/data/1091596/000143774917005460/0001437749-17-005460-index.html,https://www.sec.gov/Archives/edgar/data/1091596/000143774917005460/nuot20161231_10k.htm,1620595899,17:31:39,20210509
3,2015-12-31,NUOT,USD,2016-10-24,2016-10-21 19:01:18,FY,11510977.0,7967110.0,3543867.0,0.3078684806684958,2550805.0,2785312.0,6236357.0,27054517.0,44863348.0,52830458.0,39312841.0,740973.0,-40578508.0,-3.525201032023607,-41319481.0,-3.589572023295677,-11577640.0,-52897121.0,-4.595363278025836,-89013.0,-52808108.0,-4.587630398358019,-0.41927,-0.41927,125951100.0,125951100.0,https://www.sec.gov/Archives/edgar/data/1091596/000114420416129029/0001144204-16-129029-index.htm,https://www.sec.gov/Archives/edgar/data/1091596/000114420416129029/v446039_10k.htm,1620595899,17:31:39,20210509
4,2014-12-31,NUOT,USD,2015-03-31,2015-03-31 17:21:36,FY,7761934.0,6770743.0,991191.0,0.12769897296215094,2623541.0,5978429.0,0.0,15780099.0,24382069.0,31152812.0,0.0,2316082.0,-21074796.0,-2.7151475392601894,-23390878.0,-3.013537347779561,4527190.0,-18863688.0,-2.430281937465585,19584.0,-18883272.0,-2.4328050199859983,-0.14992542343814386,-0.15668655403038056,125951100.0,120516225.0,https://www.sec.gov/Archives/edgar/data/1091596/000114420415020277/0001144204-15-020277-index.htm,https://www.sec.gov/Archives/edgar/data/1091596/000114420415020277/v404551_10k.htm,1620595899,17:31:39,20210509
5,2013-12-31,NUOT,USD,2014-03-31,2014-03-31 17:28:48,FY,11571438.0,8453192.0,3118246.0,0.2694778298081881,3798398.0,6789660.0,0.0,10625258.0,21213316.0,29666508.0,0.0,1663895.0,-16431175.0,-1.4199769294015143,-18095070.0,-1.5637702072983497,-2134701.0,-20229771.0,-1.7482503903144968,18589.0,-20248360.0,-1.7498568457956565,-0.18205217397746565,-0.1954096797061835,111222841.0,103620046.0,https://www.sec.gov/Archives/edgar/data/1091596/000114420414019618/0001144204-14-019618-index.htm,https://www.sec.gov/Archives/edgar/data/1091596/000114420414019618/v372139_10k.htm,1620595899,17:31:39,20210509
6,2012-12-31,NUOT,USD,2013-03-18 00:00:00,2013-03-18 16:13:48,FY,7247399.0,2727156.0,4520243.0,0.6237055528473042,98148.0,2949164.0,0.0,4987250.0,8034562.0,10761718.0,0.0,1341902.0,-2172417.0,-0.299751262487411,-3514319.0,-0.48490761996131304,21804.0,-3492515.0,-0.48189909235023487,18000.0,-3510515.0,-0.48438274200164777,-0.03156289632990044,-0.06928741108482524,111222841.0,50665986.0,https://www.sec.gov/Archives/edgar/data/1091596/000114420413015812/0001144204-13-015812-index.html,https://www.sec.gov/Archives/edgar/data/1091596/000114420413015812/v335525_10k.htm,1620595899,17:31:39,20210509
7,2011-12-31,NUOT,USD,2012-03-29 00:00:00,2012-03-29 16:43:39,FY,7247399.0,2727156.0,4520243.0,0.6237055528473042,98148.0,2949164.0,0.0,4987250.0,8034562.0,10761718.0,0.0,1341902.0,-2172417.0,-0.299751262487411,-3514319.0,-0.48490761996131304,21804.0,-3492515.0,-0.48189909235023487,18000.0,-3510515.0,-0.48438274200164777,-0.03156289632990044,-0.04870497284041679,111222841.0,72077137.0,https://www.sec.gov/Archives/edgar/data/1091596/000114420412018103/0001144204-12-018103-index.html,https://www.sec.gov/Archives/edgar/data/1091596/000114420412018103/v306806_10k.htm,1620595899,17:31:39,20210509
8,2010-12-31,NUOT,USD,2011-03-30,2011-03-30 17:25:55,FY,3911033000.0,3598704000.0,2298083000.0,0.5875897748753335,415633000.0,2635145000.0,0.0,4650231000.0,7701009000.0,11299713000.0,0.0,440178000.0,-4962748000.0,-1.268909773965088,-5402926000.0,-1.3814575330865273,-1399825000.0,-6802751000.0,-1.739374482393782,14000000.0,-6816751000.0,-1.7429540993389725,-0.17629,-0.17629,38668698000.0,38668698000.0,https://www.sec.gov/Archives/edgar/data/1091596/000114420411018428/0001144204-11-018428-index.htm,https://www.sec.gov/Archives/edgar/data/1091596/000114420411018428/v216377_10k.htm,1620595899,17:31:39,20210509
9,2009-12-31,NUOT,USD,2010-03-29 00:00:00,2010-03-29 17:07:46,FY,2066184000000.0,917610000000.0,1607379000000.0,0.7779457202262722,0.0,1700863000000.0,0.0,3355980000000.0,5056843000000.0,5974453000000.0,0.0,33406000000.0,-3416058000000.0,-1.6533174199393665,-3449464000000.0,-1.669485389490965,10880000000.0,-3438584000000.0,-1.6642196435554626,0.0,-3438584000000.0,-1.6642196435554626,-0.09792,-0.09792,35116049000000.0,35116049000000.0,https://www.sec.gov/Archives/edgar/data/1091596/000114420410016329/0001144204-10-016329-index.html,https://www.sec.gov/Archives/edgar/data/1091596/000114420410016329/v178857_10k.htm,1620595899,17:31:39,20210509
10,2008-12-31,NUOT,USD,2009-03-31 00:00:00,2009-03-31 16:23:11,FY,2090737000000.0,1202040000000.0,1489717000000.0,0.712531992307019,0.0,1929551000000.0,0.0,7454220000000.0,9383771000000.0,10585811000000.0,0.0,170767000000.0,-7723287000000.0,-3.6940499928972415,-7894054000000.0,-3.7757278892562764,233305000000.0,-7660749000000.0,-3.6641380527536462,0.0,-7660749000000.0,-3.6641380527536462,-0.2356,-0.2356,32515784000000.0,32515784000000.0,https://www.sec.gov/Archives/edgar/data/1091596/000114420409017866/0001144204-09-017866-index.html,https://www.sec.gov/Archives/edgar/data/1091596/000114420409017866/v143662_10k.htm,1620595899,17:31:39,20210509
11,2007-12-31,NUOT,USD,2008-03-25,2008-03-25 17:21:36,FY,1943278000.0,1700570000.0,1092993000.0,0.5624480902886771,0.0,1638156000.0,0.0,4807834000.0,6445990000.0,8146560000.0,-296880000.0,157927000.0,-5195070000.0,-2.673353992583665,-5352997000.0,-2.754622344306888,315128000.0,-5037869000.0,-2.5924592364036436,0.0,-5037869000.0,-2.5924592364036436,-0.16893,-0.16893,29822574000.0,29822574000.0,https://www.sec.gov/Archives/edgar/data/1091596/000114420408017360/0001144204-08-017360-index.htm,https://www.sec.gov/Archives/edgar/data/1091596/000114420408017360/v107684_10k.htm,1620595899,17:31:39,20210509
12,2006-12-31,NUOT,USD,2007-02-26,2007-02-26 17:29:07,FY,1948155000.0,2029170000.0,933570000.0,0.47920724993647834,0.0,1785976000.0,0.0,3306858000.0,5092834000.0,7122004000.0,-244595000.0,197194000.0,-3962070000.0,-2.0337550143597403,-4159264000.0,-2.13497591310753,1896308000.0,-2262956000.0,-1.1615892985927712,0.0,-2262956000.0,-1.1615892985927712,-0.08238,-0.08238,27470781000.0,27470781000.0,https://www.sec.gov/Archives/edgar/data/1091596/000114420407010079/0001144204-07-010079-index.htm,https://www.sec.gov/Archives/edgar/data/1091596/000114420407010079/v066957_10k.htm,1620595899,17:31:39,20210509
13,2005-12-31,NUOT,USD,2006-03-23,2006-03-23 16:40:51,FY,1514425000.0,1762648000.0,633101000.0,0.41804711359096686,0.0,1472624000.0,0.0,6606611000.0,8079235000.0,9841883000.0,101564000.0,224274000.0,-7221860000.0,-4.76871419845816,-7446134000.0,-4.916806048500256,-942649000.0,-6503485000.0,-4.294359245258101,0.0,-6503485000.0,-4.294359245258101,-0.26622,-0.26622,24428653000.0,24428653000.0,https://www.sec.gov/Archives/edgar/data/1091596/000114420406011429/0001144204-06-011429-index.htm,https://www.sec.gov/Archives/edgar/data/1091596/000114420406011429/v03836010ksb.htm,1620595899,17:31:39,20210509
