,date,symbol,reportedCurrency,fillingDate,acceptedDate,period,revenue,costOfRevenue,grossProfit,grossProfitRatio,researchAndDevelopmentExpenses,generalAndAdministrativeExpenses,sellingAndMarketingExpenses,otherExpenses,operatingExpenses,costAndExpenses,interestExpense,depreciationAndAmortization,ebitda,ebitdaratio,operatingIncome,operatingIncomeRatio,totalOtherIncomeExpensesNet,incomeBeforeTax,incomeBeforeTaxRatio,incomeTaxExpense,netIncome,netIncomeRatio,eps,epsdiluted,weightedAverageShsOut,weightedAverageShsOutDil,link,finalLink,timestamp,est_time,est_date
0,2021-01-30,SIG,USD,2021-03-19,2021-03-18 21:51:01,FY,5226000000,3494000000,1732000000,0.33141982395713737,0.0,-1587000000.0,0.0,0.0,-1587000000.0,1907000000.0,32000000.0,176000000.0,178000000,0.03406046689628779,2000000.0,0.0003827018752391887,2000000.0,-89000000,-0.017030233448143896,0.0,-15000000,-0.0028702640642939152,-0.28846153846153844,-0.28846153846153844,52000000,52000000,https://www.sec.gov/Archives/edgar/data/832988/000083298821000025/0000832988-21-000025-index.htm,https://www.sec.gov/Archives/edgar/data/832988/000083298821000025/sig-20210130.htm,1620597915,18:05:15,20210509
1,2020-02-01,SIG,USD,2020-03-26,2020-03-26 10:16:29,FY,6137100000,3904200000,2232900000,0.3638363396392433,0.0,1886000000.0,0.0,26500000.0,2074600000.0000005,5978800000.0,35600000.0,178000000.0,336300000,0.05479786870020042,158300000.0,0.025793941764025354,7000000.0,129700000,0.02113376024506689,24200000.0,105500000,0.01719052972902511,2.03668,2.03668,52000000,52000000,https://www.sec.gov/Archives/edgar/data/832988/000083298820000018/0000832988-20-000018-index.htm,https://www.sec.gov/Archives/edgar/data/832988/000083298820000018/fy20q410k.htm,1620597915,18:05:15,20210509
2,2019-02-02,SIG,USD,2019-04-03 00:00:00,2019-04-03 17:27:04,FY,6247100000,4024100000,2223000000,0.35584511213202924,0.0,1974100000.0,0.0,126800000.0,2987600000.0,7011700000.0,39700000.0,183600000.0,-581000000,-0.09300315346320692,-764600000.0,-0.12239279025467817,1700000.0,-802600000,-0.1284756126842855,-145200000.0,-657400000,-0.10523282803220695,-12.01828,-12.01828,54700000,54700000,https://www.sec.gov/Archives/edgar/data/832988/000083298819000003/0000832988-19-000003-index.html,https://www.sec.gov/Archives/edgar/data/832988/000083298819000003/fy19q410k.htm,1620597915,18:05:15,20210509
3,2018-02-03,SIG,USD,2018-04-02 00:00:00,2018-04-02 17:25:08,FY,6253000000,4063000000,2190000000,0.35023188869342714,0.0,1764800000.0,0.0,4400000.0,1610100000.0000005,5673100000.0,52700000.0,203400000.0,783300000,0.12526787142171758,579900000.0,0.09273948504717736,0.0,527200000,0.08431153046537662,7900000.0,519300000,0.08304813689429075,7.43983,7.43983,69800000,69800000,https://www.sec.gov/Archives/edgar/data/832988/000162828018003906/0001628280-18-003906-index.html,https://www.sec.gov/Archives/edgar/data/832988/000162828018003906/fy18q410k.htm,1620597915,18:05:15,20210509
4,2017-01-28,SIG,USD,2017-03-16 00:00:00,2017-03-16 17:15:52,FY,6408400000,4047600000,2360800000,0.3683914861743961,0.0,1851800000.0,0.0,6200000.0,1597600000.0,5645200000.0,49400000.0,188800000.0,952000000,0.1485550215342363,763200000.0,0.11909368953248861,0.0,713800000,0.11138505711253979,170600000.0,543200000,0.08476374758129955,7.08214,7.08214,76700000,76700000,https://www.sec.gov/Archives/edgar/data/832988/000162828017002652/0001628280-17-002652-index.html,https://www.sec.gov/Archives/edgar/data/832988/000162828017002652/fy17q410k.htm,1620597915,18:05:15,20210509
5,2016-01-30,SIG,USD,2016-03-24 00:00:00,2016-03-24 13:49:35,FY,6550200000,4109800000,2440400000,0.3725687765259076,0.0,1987600000.0,0.0,-255400000.0,1736699999.9999998,5846500000.0,45900000.0,175300000.0,879000000,0.13419437574425208,703700000.0,0.10743183414246893,0.0,657800000,0.100424414521694,189900000.0,467900000,0.0714329333455467,5.87077,5.87077,79700000,79700000,https://www.sec.gov/Archives/edgar/data/832988/000162828016012998/0001628280-16-012998-index.html,https://www.sec.gov/Archives/edgar/data/832988/000162828016012998/fy16q410k.htm,1620597915,18:05:15,20210509
6,2015-01-31,SIG,USD,2015-03-26,2015-03-26 12:49:56,FY,5736300000,3662100000,2074200000,0.36159196694733536,0.0,0.0,0.0,-2600000.0,1712900000.0,5375000000.0,36000000.0,126000000.0,487300000,0.0849502292418458,361300000.0,0.06298485086205394,-2600000.0,540600000,0.09424193295329743,159300000.0,381300000,0.06647141885884629,4.77,4.75,79900000,80200000,https://www.sec.gov/Archives/edgar/data/832988/000162828015001969/a10k-1312015xq4.htm,https://www.sec.gov/Archives/edgar/data/832988/000162828015001969/a10k-1312015xq4.htm,1620597915,18:05:15,20210509
7,2014-02-01,SIG,USD,2014-03-27,2014-03-27 07:49:21,FY,4209200000,2628700000,1580500000,0.3754870284139504,0.0,1196700000.0,0.0,-192200000.0,1010000000.0,3638700000.0,4000000.0,110200000.0,680700000,0.16171719091513828,570500000.0,0.13553644397985365,-192200000.0,566500000,0.1345861446355602,198500000.0,368000000,0.08742753967499763,4.5601,4.5601,80700000,80700000,https://www.sec.gov/Archives/edgar/data/832988/000119312514117532/d646375d10k.htm,https://www.sec.gov/Archives/edgar/data/832988/000119312514117532/d646375d10k.htm,1620597915,18:05:15,20210509
8,2013-02-02,SIG,USD,2013-03-28 00:00:00,2013-03-28 07:45:19,FY,3983400000,2446000000,1537400000,0.38595169955314557,0.0,1138300000.0,0.0,-1700000.0,976900000.0000001,3422900000.0,3600000.0,99400000.0,659900000,0.16566249937239544,560500000.0,0.14070894210975549,-1700000.0,556900000,0.1398051915449114,197000000.0,359900000,0.09034995230205352,4.34662,4.34662,82800000,82800000,https://www.sec.gov/Archives/edgar/data/832988/000119312513130663/0001193125-13-130663-index.html,https://www.sec.gov/Archives/edgar/data/832988/000119312513130663/d455150d10k.htm,1620597915,18:05:15,20210509
9,2012-01-28,SIG,USD,2012-03-22 00:00:00,2012-03-22 08:38:10,FY,3749200000,2311600000,1437600000,0.38344180091752905,0.0,1056700000.0,0.0,-1100000.0,930200000.0000004,3241800000.0000005,5300000.0,92400000.0,599800000,0.159980795903126,507400000.0,0.1353355382481596,-1100000.0,502100000,0.13392190333937906,177700000.0,324400000,0.08652512536007681,3.72874,3.72874,87000000,87000000,https://www.sec.gov/Archives/edgar/data/832988/000119312512126437/0001193125-12-126437-index.html,https://www.sec.gov/Archives/edgar/data/832988/000119312512126437/d273004d10k.htm,1620597915,18:05:15,20210509
10,2011-01-29,SIG,USD,2011-03-30,2011-03-30 08:23:13,FY,3437400000,2194500000,1242900000,0.36158142782335484,0.0,980400000.0,0.0,-400000.0,870400000.0000001,3064900000.0,72800000.0,97800000.0,470300000,0.1368185256298365,372500000.0,0.10836678885203933,-400000.0,300400000,0.08739163321114796,100000000.0,200400000,0.05829987781462734,2.31944,2.31944,86400000,86400000,https://www.sec.gov/Archives/edgar/data/832988/000119312511082150/d10k.htm,https://www.sec.gov/Archives/edgar/data/832988/000119312511082150/d10k.htm,1620597915,18:05:15,20210509
11,2010-01-30,SIG,USD,2010-03-30 00:00:00,2010-03-30 12:48:46,FY,3290700000,2213800000,1076900000,0.3272555991126508,0.0,916500000.0,0.0,-400000.0,801099999.9999999,3014900000.0,-34000000.0,108900000.0,384700000,0.11690521773482845,275800000.0,0.08381195490321208,-400000.0,241800000,0.07347980672805178,77700000.0,164100000,0.04986780928070016,1.91482,1.91482,85700000,85700000,https://www.sec.gov/Archives/edgar/data/832988/000119312510071072/0001193125-10-071072-index.html,https://www.sec.gov/Archives/edgar/data/832988/000119312510071072/d10k.htm,1620597915,18:05:15,20210509
12,2009-01-31,SIG,USD,2009-04-01 00:00:00,2009-04-01 09:00:22,FY,3344299378,2264199560,1080099818,0.322967442778982,0.0,0.0,282999710.0,0.0,850699248.0,3114898808.0,32799732.0,0.0,347500370,0.10390827217383168,229400570.0,0.06859450786884666,-526700594.0,-326500524,-0.0976289760862432,67200084.0,-393700608,-0.11772289603912368,-4.62,-4.62,85200000,85200000,https://www.sec.gov/Archives/edgar/data/832988/000119312509070078/0001193125-09-070078-index.html,https://www.sec.gov/Archives/edgar/data/832988/000119312509070078/d20f.htm,1620597915,18:05:15,20210509
13,2008-02-02,SIG,USD,2008-02-02,2008-02-02,FY,3665300000,3264800000,400500000,0.10926799989086841,0.0,158000000.0,0.0,-108800000.0,49199999.99999982,3314000000.0,-17800000.0,114100000.00000001,465400000,0.12697459962349603,351300000.0,0.09584481488554825,-108800000.0,333500000,0.09098845933484298,118300000.0,219800000,0.059967806182304316,2.55285,2.55285,86100000,86100000,,,1620597915,18:05:15,20210509
14,2007-02-03,SIG,USD,2007-05-04 00:00:00,2007-05-04 13:20:32,FY,3516400000,3055200000,461200000,0.13115686497554316,0.0,140400000.0,0.0,-90500000.0,49900000.00000009,3105100000.0,-15200000.0,93400000.0,504600000,0.14349903310203618,411200000.0,0.11693777727221022,-90500000.0,396000000,0.112615174610397,133200000.0,249600000,0.07098168581503811,2.82673,2.82673,88300000,88300000,https://www.sec.gov/Archives/edgar/data/832988/000115697307000735/0001156973-07-000735-index.html,https://www.sec.gov/Archives/edgar/data/832988/000115697307000735/u52539-20f.htm,1620597915,18:05:15,20210509
15,2006-01-28,SIG,USD,2006-01-28,2006-01-28,FY,3169300000,2742500000,426800000,0.13466696115861546,0.0,134000000.0,0.0,-83700000.0,50199999.99999982,2792700000.0,-14100000.0,83600000.0,460200000,0.14520556589783232,376600000.0,0.11882750134099013,-83700000.0,362500000,0.11437856940018301,125900000.0,239100000,0.07544252674092071,2.74828,2.74828,87000000,87000000,,,1620597915,18:05:15,20210509
16,2005-01-29,SIG,USD,2005-01-29,2005-01-29,FY,2965100000,2442000000,523100000,0.176419007790631,0.0,121000000.0,0.0,0.0,121000000.0,2563000000.0,-18000000.0,77700000.0,479700000,0.16178206468584533,402000000.0,0.13557721493372904,2200000.0,386200000,0.1302485582273785,126900000.0,252500000,0.08515733027553876,2.90564,2.90564,86900000,86900000,,,1620597915,18:05:15,20210509
17,2004-01-31,SIG,USD,2004-01-31,2004-01-31,FY,2951067000,2354904000,596163000,0.20201608435186325,0.0,0.0,0.0,0.0,116787000.0,2471691000.0,0.0,73722000.0,553098000,0.18742305749073132,479376000.0,0.16244158468784342,0.0,386675000,0.1310288787072608,136313000.0,250363000,0.08483812803979035,0.097079,0.095865,859309310,865915915,,,1620597915,18:05:15,20210509
18,2003-02-01,SIG,USD,2003-02-01,2003-02-01,FY,2439700000,2020300000,419400000,0.17190638193220478,0.0,91300000.0,0.0,0.0,91299999.99999996,2111600000.0,-25000000.0,57400000.0,385400000,0.1579702422428987,328000000.0,0.13444275935565847,0.0,303000000,0.12419559781940402,107400000.0,194700000,0.07980489404434972,2.25347,2.25347,86400000,86400000,,,1620597915,18:05:15,20210509
19,2002-02-02,SIG,USD,2002-02-02,2002-02-02,FY,2267200000,1893900000,373200000,0.16460832745236414,0.0,84900000.0,0.0,0.0,84899999.99999987,1978799999.9999998,-25700000.0,49900000.0,338200000,0.14917078334509526,288300000.0,0.12716125617501764,0.0,262600000,0.1158256880733945,90700000.0,146100000,0.06444071983062809,1.7168,1.7168,85100000,85100000,,,1620597915,18:05:15,20210509
20,2001-01-27,SIG,USD,2001-01-27,2001-01-27,FY,2082400000,1739600000,342800000,0.16461774875144064,0.0,74600000.0,0.0,0.0,74600000.00000013,1814200000.0000002,-23900000.0,45900000.0,314100000,0.1508355743373031,268200000.0,0.1287936995774107,0.0,244400000,0.11736457933154053,78200000.0,145800000,0.07001536688436419,1.72544,1.72544,84500000,84500000,,,1620597915,18:05:15,20210509
21,2000-01-29,SIG,USD,2000-01-29,2000-01-29,FY,1836500000,1538900000,297700000,0.16210182412197113,0.0,72900000.0,0.0,0.0,72799999.99999996,1611700000.0,-18400000.0,44900000.0,269700000,0.14685543152736183,224800000.0,0.12240675197386333,0.0,206400000,0.11238769398312007,61900000.0,103900000,0.056575006806425264,1.22668,1.22668,84700000,84700000,,,1620597915,18:05:15,20210509
22,1999-01-30,SIG,USD,1999-01-30,1999-01-30,FY,1643600000,1398700000,244900000,0.149002190313945,0.0,75300000.0,0.0,0.0,75299999.99999996,1474000000.0,-21700000.0,45800000.0,215400000,0.1310537843757605,169600000.0,0.10318812363105379,0.0,147900000,0.08998539790703335,39800000.0,82200000,0.05001216841080555,0.97741,0.97741,84100000,84100000,,,1620597915,18:05:15,20210509
23,1998-01-31,SIG,USD,1998-01-31,1998-01-31,FY,1515200000,1253900000,261300000,0.17245248152059134,0.0,69300000.0,0.0,0.0,113100000.0,1367000000.0,0.0,43800000.0,192000000,0.12671594508975711,148200000.0,0.09780887011615629,0.0,112300000,0.0741156282998944,29200000.0,83100000,0.0548442449841605,0.64935,0.64935,44911441,44911441,,,1620597915,18:05:15,20210509
24,1997-01-31,SIG,USD,1997-01-31,1997-01-31,FY,1443800000,1210900000,232900000,0.16131043080759108,0.0,0.0,0.0,0.0,0.0,1321300000.0,0.0,39400000.0,161900000,0.11213464468762986,122500000.0,0.08484554647458097,-32500000.0,29800000,0.02063997783626541,17900000.0,11900000,0.008242138800387865,0.07992,0.07992,14668168,14668168,,,1620597915,18:05:15,20210509
25,1996-01-31,SIG,USD,1996-01-31,1996-01-31,FY,1354500000,1146900000,207600000,0.15326688815060907,0.0,0.0,0.0,0.0,0.0,1257700000.0,0.0,40600000.0,137400000,0.10143964562569213,96800000.0,0.0714654854189738,-54000000.0,-25800000,-0.01904761904761905,11400000.0,-37200000,-0.027464008859357698,-0.254412,-0.254412,14668168,14668168,,,1620597915,18:05:15,20210509
26,1995-01-31,SIG,USD,1995-01-31,1995-01-31,FY,1459600000,1266100000,193500000,0.1325705672787065,0.0,0.0,0.0,0.0,0.0,1393400000.0,0.0,44700000.0,110900000,0.07597972047136202,66200000.0,0.0453548917511647,-37100000.0,-32300000,-0.022129350506988214,9200000.0,-41500000,-0.028432447245820773,-0.28638,-0.28638,14668168,14668168,,,1620597915,18:05:15,20210509
27,1994-01-31,SIG,USD,1994-01-31,1994-01-31,FY,1489400000,1291800000,197600000,0.13267087417752116,0.0,0.0,0.0,0.0,0.0,1564500000.0,0.0,54700000.0,-20400000,-0.013696790653954613,-75100000.0,-0.050422989123136835,-31700000.0,-170500000,-0.11447562776957164,-1500000.0,-169000000,-0.11346851080972203,-1.15218,-1.15218,14668168,14668168,,,1620597915,18:05:15,20210509
28,1993-01-31,SIG,USD,1993-01-31,1993-01-31,FY,1373900000,1238000000,135900000,0.09891549603319019,0.0,0.0,0.0,0.0,0.0,1376900000.0,0.0,55200000.0,52200000,0.03799403158890749,-3000000.0,-0.002183565033845258,-8300000.0,-59400000,-0.04323458767013611,-21500000.0,-37900000,-0.027585704927578426,-0.18648,-0.18648,14668168,14668168,,,1620597915,18:05:15,20210509
29,1992-01-31,SIG,USD,1992-01-31,1992-01-31,FY,1981300000,1787900000,193400000,0.09761267854439004,0.0,0.0,0.0,0.0,0.0,1978800000.0,0.0,110400000.0,112900000,0.05698278907787816,2500000.0,0.0012617978095190027,-145900000.0,-214700000,-0.10836319588149194,6400000.0,-221100000,-0.1115933982738606,-1.7649,-1.7649,14668168,14668168,,,1620597915,18:05:15,20210509
30,1991-01-31,SIG,USD,1991-01-31,1991-01-31,FY,2191600000,1784000000,407600000,0.18598284358459574,0.0,0.0,0.0,0.0,0.0,1927500000.0,0.0,57500000.0,321600000,0.14674210622376346,264100000.0,0.12050556670925351,15800000.0,220400000,0.10056579667822596,71600000.0,148800000,0.06789560138711444,0.98568,0.92574,14668168,14668168,,,1620597915,18:05:15,20210509
31,1990-01-31,SIG,USD,1990-01-31,1990-01-31,FY,1508400000,1194200000,314200000,0.2083001856271546,0.0,0.0,0.0,0.0,0.0,1290900000.0,0.0,38700000.0,256200000,0.16984884645982498,217500000.0,0.14419252187748607,37700000.0,204000000,0.13524264120922833,71400000.0,132600000,0.0879077167859984,12.52746,11.26206,10584747,11774045,,,1620597915,18:05:15,20210509
32,1989-01-31,SIG,USD,1989-01-31,1989-01-31,FY,1112500000,922000000,190500000,0.17123595505617978,0.0,0.0,0.0,0.0,0.0,951000000.0,0.0,29000000.0,190500000,0.17123595505617978,161500000.0,0.1451685393258427,18000000.0,150600000,0.13537078651685394,55700000.0,94900000,0.08530337078651686,11.3886,10.38294,14668168,14668168,,,1620597915,18:05:15,20210509
33,1988-01-31,SIG,USD,1988-01-31,1988-01-31,FY,636100000,521900000,114200000,0.17953152020122623,0.0,0.0,0.0,0.0,0.0,542100000.0,0.0,15600000.0,109600000,0.17229995283760416,94000000.0,0.1477755069957554,7400000.0,88600000,0.13928627574280775,32200000.0,56400000,0.08866530419745323,9.29736,8.51814,14668168,14668168,,,1620597915,18:05:15,20210509
34,1987-01-31,SIG,USD,1987-01-31,1987-01-31,FY,239400000,193600000,45800000,0.19131161236424393,0.0,0.0,0.0,0.0,0.0,201200000.0,0.0,5900000.0,44100000,0.18421052631578946,38200000.0,0.1595655806182122,700000.0,32600000,0.1361737677527151,11100000.0,21500000,0.0898078529657477,5.54112,4.97502,14668168,14668168,,,1620597915,18:05:15,20210509
