,date,symbol,reportedCurrency,fillingDate,acceptedDate,period,revenue,costOfRevenue,grossProfit,grossProfitRatio,researchAndDevelopmentExpenses,generalAndAdministrativeExpenses,sellingAndMarketingExpenses,otherExpenses,operatingExpenses,costAndExpenses,interestExpense,depreciationAndAmortization,ebitda,ebitdaratio,operatingIncome,operatingIncomeRatio,totalOtherIncomeExpensesNet,incomeBeforeTax,incomeBeforeTaxRatio,incomeTaxExpense,netIncome,netIncomeRatio,eps,epsdiluted,weightedAverageShsOut,weightedAverageShsOutDil,link,finalLink,timestamp,est_time,est_date
0,2020-06-30,GME.AX,AUD,2020-06-30,2020-06-30,FY,0.0,0.0,0.0,0.0,38270.0,163335.0,0.0,144613.0,631233.0,0.0,2213.0,52128.0,-579105.0,0.0,-631233.0,0.0,144613.0,-488185.0,0.0,-250880.0,-237305.0,0.0,-0.000492,-0.000492,514031467,514031467,,,1620592641,16:37:21,20210509
1,2019-06-30,GME.AX,AUD,2019-06-30,2019-06-30,FY,0.0,0.0,0.0,0.0,106017.0,199341.0,0.0,130063.0,1117238.0,0.0,0.0,1762.0,-1115476.0,0.0,-1117238.0,0.0,130063.0,-984045.0,0.0,-706780.0,-277265.0,0.0,-0.000591,-0.000591,492452849,492452849,,,1620592641,16:37:21,20210509
2,2018-06-30,GME.AX,AUD,2018-06-30,2018-06-30,FY,0.0,0.0,0.0,0.0,91979.0,159813.0,0.0,100000.0,1804030.0,0.0,0.0,2462.0,-1801568.0,0.0,-1804030.0,0.0,100000.0,-1697583.0,0.0,-613196.0,-1084387.0,0.0,-0.002258,-0.002258,473128094,473128094,,,1620592641,16:37:21,20210509
3,2017-06-30,GME.AX,AUD,2017-06-30,2017-06-30,FY,5200259.0,2968580.0,2231679.0,0.429147663606755,44662.0,232736.0,0.0,19766.0,785950.0,0.0,0.0,2168.0,1447897.0,0.27842786291990457,1445729.0,0.2780109606079236,19766.0,1481988.0,0.28498349793731426,-297759.0,1779747.0,0.3422419921776973,0.003708,0.003708,473701785,473701785,,,1620592641,16:37:21,20210509
4,2016-06-30,GME.AX,AUD,2016-06-30,2016-06-30,FY,4506448.0,2342741.0,2163707.0,0.48013579652977245,92373.0,215900.0,0.0,43694.0,443180.0,0.0,76898.0,8766.0,1729293.0,0.38373748016175935,1720527.0,0.38179226743546135,43694.0,1696904.0,0.37655022314692194,-616003.0,2312907.0,0.5132439118347755,0.004879,0.004879,473014873,473014873,,,1620592641,16:37:21,20210509
5,2015-06-30,GME.AX,AUD,2015-06-30,2015-06-30,FY,2011571.0,1801576.0,209995.0,0.1043935312250972,43462.0,142439.0,0.0,200000.0,10145011.0,0.0,0.0,8799.0,-9926217.0,-4.934559605402941,-9935016.0,-4.938933798508728,200000.0,-9712597.0,-4.828364000077551,-289745.0,-9422852.0,-4.684324838646013,-0.0202,-0.0202,467007137,467007137,,,1620592641,16:37:21,20210509
6,2014-06-30,GME.AX,AUD,2014-06-30,2014-06-30,FY,0.0,0.0,0.0,0.0,71625.0,70339.0,0.0,300000.0,341536.0,0.0,0.0,1417.0,-340119.0,0.0,-341536.0,0.0,300000.0,-28623.0,0.0,-481255.0,452632.0,0.0,0.001171,0.001171,394757154,394757154,,,1620592641,16:37:21,20210509
7,2013-06-30,GME.AX,AUD,2013-06-30,2013-06-30,FY,0.0,0.0,0.0,0.0,0.0,149197.0,0.0,1450.0,1046190.0,0.0,0.0,4087.0,-1042103.0,0.0,-1046190.0,0.0,1450.0,-1012588.0,0.0,-73394.0,-939194.0,0.0,-0.002471,-0.002471,378033358,378033358,,,1620592641,16:37:21,20210509
8,2012-06-30,GME.AX,AUD,2012-06-30,2012-06-30,FY,120200.0,0.0,120200.0,1.0,0.0,128002.0,0.0,138.0,1558618.0,0.0,0.0,16907.0,-1421511.0,-11.826214642262896,-1438418.0,-11.966871880199667,138.0,-1393156.0,-11.590316139767054,0.0,-1393156.0,-11.590316139767054,-0.004087,-0.004087,342876253,342876253,,,1620592641,16:37:21,20210509
9,2011-06-30,GME.AX,AUD,2011-06-30,2011-06-30,FY,7862.0,0.0,7862.0,1.0,0.0,199642.0,0.0,100000.0,753360.0,0.0,0.0,216478.0,-529020.0,-67.28822182650725,-745498.0,-94.82294581531417,100000.0,-587602.0,-74.739506486899,0.0,-587602.0,-74.739506486899,-0.001806,-0.001806,319967953,319967953,,,1620592641,16:37:21,20210509
10,2010-06-30,GME.AX,AUD,2010-06-30,2010-06-30,FY,0.0,0.0,0.0,0.0,0.0,169283.0,0.0,100508.0,759743.0,0.0,0.0,230712.0,-529031.0,0.0,-759743.0,0.0,100508.0,-635852.0,0.0,0.0,-635852.0,0.0,-0.002186,-0.002186,289957522,289957522,,,1620592641,16:37:21,20210509
11,2009-06-30,GME.AX,AUD,2009-06-30,2009-06-30,FY,0.0,0.0,0.0,0.0,0.0,320977.0,0.0,100000.0,1043314.0,0.0,0.0,234302.0,-809012.0,0.0,-1043314.0,0.0,100000.0,-795277.0,0.0,-166416.0,-628861.0,0.0,-0.002349,-0.002349,269553209,269553209,,,1620592641,16:37:21,20210509
12,2008-06-30,GME.AX,AUD,2008-06-30,2008-06-30,FY,0.0,0.0,0.0,0.0,0.0,556564.0,0.0,281818.0,1234054.0,0.0,23545.0,34598.0,-1199456.0,0.0,-1234054.0,0.0,281818.0,-460137.0,0.0,0.0,-460137.0,0.0,-0.001759,-0.001759,266631575,266631575,,,1620592641,16:37:21,20210509
13,2007-06-30,GME.AX,AUD,2007-06-30,2007-06-30,FY,0.0,0.0,0.0,0.0,0.0,316282.0,0.0,100000.0,584043.0,0.0,0.0,8539.0,-575504.0,0.0,-584043.0,0.0,100000.0,-403906.0,0.0,0.0,-403906.0,0.0,-0.001703,-0.001703,239304634,239304634,,,1620592641,16:37:21,20210509
14,2006-06-30,GME.AX,AUD,2006-06-30,2006-06-30,FY,81.0,0.0,81.0,1.0,0.0,210467.0,0.0,100000.0,533755.0,0.0,0.0,8112.0,-525562.0,-6488.419753086419,-533674.0,-6588.567901234568,100000.0,-379353.0,-4683.37037037037,0.0,-379353.0,-4683.37037037037,-0.001676,-0.001676,228384173,228384173,,,1620592641,16:37:21,20210509
15,2005-06-30,GME.AX,AUD,2005-06-30,2005-06-30,FY,1541.0,0.0,1541.0,1.0,0.0,0.0,0.0,320000.0,390196.0,0.0,19104.0,2109.0,-386546.0,-250.84101232965608,-388655.0,-252.2096041531473,319250.0,-30538.0,-19.8170019467878,-30538.0,-30538.0,-19.8170019467878,-0.000174,-0.000174,210498467,210498467,,,1620592641,16:37:21,20210509
16,2004-06-30,GME.AX,AUD,2004-06-30,2004-06-30,FY,579.0,0.0,579.0,1.0,0.0,0.0,0.0,652891.0,246367.0,0.0,62984.0,43.0,-245745.0,-424.4300518134715,-245788.0,-424.50431778929186,-317787.0,-491788.0,-849.3747841105354,-491788.0,-491788.0,-849.3747841105354,-0.003749,-0.003749,129965440,129965440,,,1620592641,16:37:21,20210509
17,2003-06-30,GME.AX,AUD,2003-06-30,2003-06-30,FY,78.0,0.0,78.0,1.0,0.0,0.0,0.0,233000.0,174807.0,0.0,80707.0,0.0,65575.0,840.7051282051282,-174729.0,-2240.1153846153848,-1786589.0,-2034721.0,-26086.166666666668,-2034721.0,-2034721.0,-26086.166666666668,-0.013851,-0.013851,147172250,147172250,,,1620592641,16:37:21,20210509
18,2002-06-30,GME.AX,AUD,2002-06-30,2002-06-30,FY,0.0,0.0,0.0,0.0,0.0,0.0,0.0,87137.0,202625.0,0.0,77034.0,0.0,89952.0,0.0,-202625.0,0.0,-115488.0,-189707.0,0.0,-189707.0,-189707.0,0.0,-0.001285,-0.001285,146792360,146792360,,,1620592641,16:37:21,20210509
19,2001-06-30,GME.AX,AUD,2001-06-30,2001-06-30,FY,114250.0,0.0,114250.0,1.0,0.0,0.0,0.0,-165949.0,874525.0,0.0,69280.0,347.0,-759928.0,-6.651448577680525,-760275.0,-6.654485776805251,-165949.0,-976915.0,-8.550678336980306,-976915.0,-976915.0,-8.550678336980306,-0.00664,-0.00664,146792360,146792360,,,1620592641,16:37:21,20210509
20,2000-06-30,GME.AX,AUD,2000-06-30,2000-06-30,FY,0.0,0.0,0.0,0.0,0.0,0.0,0.0,0.0,0.0,0.0,82753.0,0.0,-844750.0,0.0,0.0,0.0,0.0,-927503.0,0.0,-927503.0,-927503.0,0.0,-0.00714,-0.00714,130443094,130443094,,,1620592641,16:37:21,20210509
21,1999-06-30,GME.AX,AUD,1999-06-30,1999-06-30,FY,0.0,0.0,0.0,0.0,0.0,0.0,0.0,0.0,0.0,0.0,86032.0,0.0,-933238.0,0.0,0.0,0.0,0.0,-1019270.0,0.0,-1019270.0,-1019270.0,0.0,-0.009639,-0.009639,105840905,105840905,,,1620592641,16:37:21,20210509
22,1998-06-30,GME.AX,AUD,1998-06-30,1998-06-30,FY,0.0,0.0,0.0,0.0,0.0,0.0,0.0,0.0,0.0,0.0,92468.0,0.0,-991327.0,0.0,0.0,0.0,0.0,-1083795.0,0.0,-1083795.0,0.0,0.0,-0.01428,-0.01428,75898479,75898479,,,1620592641,16:37:21,20210509
23,1997-06-30,GME.AX,AUD,1997-06-30,1997-06-30,FY,0.0,0.0,0.0,0.0,0.0,0.0,0.0,0.0,0.0,0.0,0.0,0.0,-682963.0,0.0,0.0,0.0,0.0,-682963.0,0.0,-682963.0,0.0,0.0,-0.007059,-0.007059,73616832,73616832,,,1620592641,16:37:21,20210509
24,1996-06-30,GME.AX,AUD,1996-06-30,1996-06-30,FY,0.0,0.0,0.0,0.0,0.0,0.0,0.0,0.0,0.0,0.0,0.0,0.0,386997.0,0.0,0.0,0.0,0.0,386997.0,0.0,386997.0,0.0,0.0,0.009177,0.009177,42171205,42171205,,,1620592641,16:37:21,20210509
25,1995-06-30,GME.AX,AUD,1995-06-30,1995-06-30,FY,0.0,0.0,0.0,0.0,0.0,0.0,0.0,0.0,0.0,0.0,0.0,0.0,-787000.0,0.0,0.0,0.0,0.0,-787000.0,0.0,-787000.0,0.0,0.0,-0.012477,-0.012477,63076471,63076471,,,1620592641,16:37:21,20210509
26,1994-06-30,GME.AX,AUD,1994-06-30,1994-06-30,FY,0.0,0.0,0.0,0.0,0.0,0.0,0.0,0.0,0.0,0.0,0.0,0.0,-272000.0,0.0,0.0,0.0,0.0,-272000.0,0.0,-272000.0,0.0,0.0,-0.006053,-0.006053,44935217,44935217,,,1620592641,16:37:21,20210509
27,1993-06-30,GME.AX,AUD,1993-06-30,1993-06-30,FY,0.0,0.0,0.0,0.0,0.0,0.0,0.0,0.0,0.0,0.0,0.0,0.0,-321000.0,0.0,0.0,0.0,0.0,-321000.0,0.0,-321000.0,0.0,0.0,-0.009131,-0.009131,35154350,35154350,,,1620592641,16:37:21,20210509
28,1992-06-30,GME.AX,AUD,1992-06-30,1992-06-30,FY,0.0,0.0,0.0,0.0,0.0,0.0,0.0,0.0,0.0,0.0,0.0,0.0,-614000.0,0.0,0.0,0.0,0.0,-614000.0,0.0,-614000.0,0.0,0.0,-0.020626,-0.020626,31322198,31322198,,,1620592641,16:37:21,20210509
29,1991-06-30,GME.AX,AUD,1991-06-30,1991-06-30,FY,0.0,0.0,0.0,0.0,0.0,0.0,0.0,0.0,0.0,0.0,0.0,0.0,-1489000.0,0.0,0.0,0.0,0.0,-1489000.0,0.0,-1489000.0,0.0,0.0,0.0,0.0,29693161,29693161,,,1620592641,16:37:21,20210509
30,1990-06-30,GME.AX,AUD,1990-06-30,1990-06-30,FY,0.0,0.0,0.0,0.0,0.0,0.0,0.0,0.0,0.0,0.0,0.0,0.0,-403000.0,0.0,0.0,0.0,0.0,-403000.0,0.0,-403000.0,1202000.0,0.0,0.0023383782456259626,0.0023383782456259626,514031467,514031467,,,1620592641,16:37:21,20210509
31,1989-06-30,GME.AX,AUD,1989-06-30,1989-06-30,FY,0.0,0.0,0.0,0.0,0.0,0.0,0.0,0.0,0.0,0.0,22000.0,0.0,-1287000.0,0.0,0.0,0.0,0.0,-1309000.0,0.0,-1309000.0,-843000.0,0.0,-0.0016399774218491569,-0.0016399774218491569,514031467,514031467,,,1620592641,16:37:21,20210509
