,date,symbol,reportedCurrency,fillingDate,acceptedDate,period,revenue,costOfRevenue,grossProfit,grossProfitRatio,researchAndDevelopmentExpenses,generalAndAdministrativeExpenses,sellingAndMarketingExpenses,otherExpenses,operatingExpenses,costAndExpenses,interestExpense,depreciationAndAmortization,ebitda,ebitdaratio,operatingIncome,operatingIncomeRatio,totalOtherIncomeExpensesNet,incomeBeforeTax,incomeBeforeTaxRatio,incomeTaxExpense,netIncome,netIncomeRatio,eps,epsdiluted,weightedAverageShsOut,weightedAverageShsOutDil,link,finalLink,timestamp,est_time,est_date
0,2020-12-31,0988.HK,HKD,2020-12-31,2020-12-31,FY,34609000.0,32912000.0,1697000.0,0.04903348839897136,0.0,38536000.0,0.0,1923000.0,0.0,70164000,51498000.0,0.0,-68416000.0,-1.9768268369499262,-35555000.0,-11.534138518882372,0.0,-399185000.0,-11.534138518882372,-17011000.0,-376908000.0,-10.890462018550089,-0.06608228884974024,-0.06608228884974024,5703616000,5703616000,https://www1.hkexnews.hk/search/titlesearch.xhtml,https://www1.hkexnews.hk/search/titlesearch.xhtml,1620585016,14:30:16,20210509
1,2019-12-31,0988.HK,HKD,2019-12-31,2019-12-31,FY,5522721000.0,5488620000.0,34101000.0,0.006174673679876278,0.0,58411000.0,131000.0,1669000.0,0.0,5545816000,40747000.0,18250000.0,-4845000.0,-0.000877284947039693,-23095000.0,-0.00418181544930479,0.0,-383224000.0,-0.06939043272328985,-4412000.0,-382988000.0,-0.06934770016446604,-0.07,-0.07,5703616000,5703616000,https://www1.hkexnews.hk/search/titlesearch.xhtml,https://www1.hkexnews.hk/search/titlesearch.xhtml,1620585016,14:30:16,20210509
2,2018-12-31,0988.HK,HKD,2018-12-31,2018-12-31,FY,11536943000.0,11469113000.0,67830000.0,0.005879373764783271,0.0,57942000.0,218000.0,1115000.0,0.0,11526648000,49172000.0,18805000.0,29100000.0,0.0025223319557009165,10295000.0,0.0008923507726440184,0.0,-472513000.0,-0.04095651681732327,-24460000.0,-453358000.0,-0.0392961983083387,-0.07948606638315062,-0.07028357258420083,5703616000,6450412000,https://www1.hkexnews.hk/search/titlesearch.xhtml,https://www1.hkexnews.hk/search/titlesearch.xhtml,1620585016,14:30:16,20210509
3,2017-12-31,0988.HK,HKD,2017-12-31,2017-12-31,FY,3090306000.0,2899156000.0,191150000.0,0.06185471600547001,0.0,48923000.0,29000.0,383000.0,0.0,2933942000,64107000.0,31190000.0,187554000.0,0.06069107719429726,156364000.0,0.05059822554789073,0.0,-29751000.0,-0.00962720196640721,44516000.0,670520000.0,0.21697527688196575,0.14,0.11,4672638000,6510067000,https://www1.hkexnews.hk/search/titlesearch.xhtml,https://www1.hkexnews.hk/search/titlesearch.xhtml,1620585016,14:30:16,20210509
4,2016-12-31,0988.HK,HKD,2016-12-31,2016-12-31,FY,3326156000.0,3170257000.0,155899000.0,0.04687062182290909,0.0,72663000.0,40631000.0,11374000.0,0.0,3272698000,193086000.0,65480000.0,118938000.0,0.03575839497606246,53458000.0,0.016072006243844247,0.0,-641278000.0,-0.1927985338029846,61497000.0,-679007000.0,-0.20414165781761287,-0.17,-0.17,4037608000,4037608000,https://www1.hkexnews.hk/search/titlesearch.xhtml,https://www1.hkexnews.hk/search/titlesearch.xhtml,1620585016,14:30:16,20210509
5,2015-12-31,0988.HK,HKD,2015-12-31,2015-12-31,FY,1569903000.0,1495216000.0,74687000.0,0.04757427688207488,0.0,204705000.0,0.0,125000.0,0.0,1679399000,191572000.0,5584000.0,-103912000.0,-0.06619007671174588,-109496000.0,-0.069746984367824,0.0,-1115019000.0,-0.7102470662200149,222844000.0,-1291990000.0,-0.8229744130688329,-0.42,-0.42,3075990000,3075990000,https://www1.hkexnews.hk/search/titlesearch.xhtml,https://www1.hkexnews.hk/search/titlesearch.xhtml,1620585016,14:30:16,20210509
6,2014-12-31,0988.HK,HKD,2014-12-31,2014-12-31,FY,5825864000.0,5186775000.0,639089000.0,0.10969857861426219,0.0,240170000.0,0.0,47971000.0,0.0,5418789000,88411000.0,1764000.0,408839000.0,0.07017654377101834,407075000.0,0.06987375606433655,0.0,-64365000.0,-0.0110481466783296,332478000.0,-376988000.0,-0.06470937186312622,-0.16,-0.16,2407249000,2407249000,https://www1.hkexnews.hk/search/titlesearch.xhtml,https://www1.hkexnews.hk/search/titlesearch.xhtml,1620585016,14:30:16,20210509
7,2013-12-31,0988.HK,HKD,2013-12-31,2013-12-31,FY,3105949000.0,2457945000.0,648004000.0,0.20863317459494665,0.0,263221000.0,0.0,125000.0,0.0,2710736000,87377000.0,133063000.0,528276000.0,0.1700852138911489,395213000.0,0.1272438794069059,0.0,-2392527000.0,-0.7703046637275757,320034000.0,-2581507000.0,-0.8311491914387519,-1.08,-1.08,2389223000,2389223000,https://www1.hkexnews.hk/search/titlesearch.xhtml,https://www1.hkexnews.hk/search/titlesearch.xhtml,1620585016,14:30:16,20210509
8,2012-12-31,0988.HK,HKD,2012-12-31,2012-12-31,FY,2233316000.0,1786160000.0,447156000.0,0.20022065842899078,0.0,198387000.0,0.0,123000.0,0.0,1990865000,67736000.0,115190000.0,357641000.0,0.16013900406391213,242451000.0,0.10856099181665291,0.0,193668000.0,0.0867176879581752,46260000.0,138478000.0,0.06200555586401566,0.06,0.06,2354374000,2354374000,https://www1.hkexnews.hk/search/titlesearch.xhtml,https://www1.hkexnews.hk/search/titlesearch.xhtml,1620585016,14:30:16,20210509
9,2011-12-31,0988.HK,HKD,2011-12-31,2011-12-31,FY,2559575000.0,1776024000.0,783551000.0,0.3061254309797525,0.0,87113000.0,131566000.0,0.0,0.0,1992854000,75703000.0,103298000.0,670019000.0,0.2617696297236846,566721000.0,0.22141214850121602,0.0,491018000.0,0.19183575398259475,181700000.0,291152000.0,0.1137501342996396,0.12731001706725212,0.1272808314767028,2286952800,2287477200,https://www1.hkexnews.hk/search/titlesearch.xhtml,https://www1.hkexnews.hk/search/titlesearch.xhtml,1620585016,14:30:16,20210509
10,2010-12-31,0988.HK,HKD,2010-12-31,2010-12-31,FY,2358250000.0,1639963000.0,718287000.0,0.3045847556450758,0.0,88379000.0,148985000.0,-16949000.0,0.0,1842731000,51736000.0,104189000.0,619708000.0,0.2627829958655783,515519000.0,0.21860235344005088,0.0,446834000.0,0.1894769426481501,160248000.0,187236000.0,0.07939616240856567,0.10394772168418892,0.10363475507048465,1801251600,1806691200,https://www1.hkexnews.hk/search/titlesearch.xhtml,https://www1.hkexnews.hk/search/titlesearch.xhtml,1620585016,14:30:16,20210509
11,2009-12-31,0988.HK,HKD,2009-12-31,2009-12-31,FY,1224798000.0,778276000.0,446522000.0,0.3645678716000516,0.0,67148000.0,53494000.0,0.0,0.0,807438000,80733000.0,99766000.0,517126000.0,0.4222132955801691,417360000.0,0.34075823115321874,0.0,336627000.0,0.27484287204910524,141927000.0,50414000.0,0.04116107309123627,0.058333,0.058333,837111600,837111600,https://www1.hkexnews.hk/search/titlesearch.xhtml,https://www1.hkexnews.hk/search/titlesearch.xhtml,1620585016,14:30:16,20210509
12,2008-12-31,0988.HK,HKD,2008-12-31,2008-12-31,FY,506833000.0,293111000.0,213722000.0,0.42168130330897946,0.0,69153000.0,48003000.0,0.0,0.0,406261000,31652000.0,27379000.0,127951000.0,0.25245199108976724,100572000.0,0.19843222521027637,0.0,-502219000.0,-0.9908964096655112,15423000.0,-563433000.0,-1.111673864961437,-1.125,-1.125,501009600,501009600,https://www1.hkexnews.hk/search/titlesearch.xhtml,https://www1.hkexnews.hk/search/titlesearch.xhtml,1620585016,14:30:16,20210509
13,2007-12-31,0988.HK,HKD,2007-12-31,2007-12-31,FY,9172000.0,2010000.0,7162000.0,0.7808547754034016,0.0,0.0,0.0,0.0,0.0,11090000,0.0,4030000.0,2112000.0,0.23026602703881377,-1918000.0,-0.20911469690361972,0.0,3307000.0,0.3605538595726123,413000.0,2740000.0,0.2987352812908853,0.008333,0.008333,328800000,328800000,https://www1.hkexnews.hk/search/titlesearch.xhtml,https://www1.hkexnews.hk/search/titlesearch.xhtml,1620585016,14:30:16,20210509
14,2006-12-31,0988.HK,HKD,2006-12-31,2006-12-31,FY,15382000.0,11488000.0,3894000.0,0.25315303601612277,0.0,3486000.0,0.0,0.0,0.0,23995000,434000.0,876000.0,-7737000.0,-0.5029905083864257,-8613000.0,-0.5599401898322715,0.0,552537000.0,35.921011571967234,-2466000.0,555003000.0,36.0813288259004,6.941667,6.941667,79930800,79930800,https://www1.hkexnews.hk/search/titlesearch.xhtml,https://www1.hkexnews.hk/search/titlesearch.xhtml,1620585016,14:30:16,20210509
15,2005-12-31,0988.HK,HKD,2005-12-31,2005-12-31,FY,2726000.0,0.0,0.0,0.0,0.0,11538000.0,0.0,0.0,0.0,11538000,0.0,0.0,-8812000.0,-3.2325752017608216,-8812000.0,-3.2325752017608216,0.0,-9502000.0,-3.4856933235509904,472000.0,-9974000.0,-3.6588407923697726,-0.333333,-0.333333,29922000,29922000,https://www1.hkexnews.hk/search/titlesearch.xhtml,https://www1.hkexnews.hk/search/titlesearch.xhtml,1620585016,14:30:16,20210509
16,2004-12-31,0988.HK,HKD,2004-12-31,2004-12-31,FY,2731000.0,0.0,2731000.0,1.0,0.0,14245000.0,0.0,0.0,0.0,14245000,0.0,213000.0,-11301000.0,-4.138044672281215,-11514000.0,-4.216038081288906,0.0,99925000.0,36.589161479311606,136000.0,99789000.0,36.53936287074332,3.75,3.75,26610400,26610400,https://www1.hkexnews.hk/search/titlesearch.xhtml,https://www1.hkexnews.hk/search/titlesearch.xhtml,1620585016,14:30:16,20210509
17,2003-12-31,0988.HK,HKD,2003-12-31,2003-12-31,FY,11050000.0,4508000.0,6542000.0,0.5920361990950226,0.0,20630000.0,0.0,0.0,0.0,25138000,0.0,3151000.0,-10937000.0,-0.9897737556561086,-14088000.0,-1.2749321266968325,0.0,-92884000.0,-8.40579185520362,144000.0,-93028000.0,-8.418823529411764,-3.5,-3.5,26579429,26579429,https://www1.hkexnews.hk/search/titlesearch.xhtml,https://www1.hkexnews.hk/search/titlesearch.xhtml,1620585016,14:30:16,20210509
18,2002-12-31,0988.HK,HKD,2002-12-31,2002-12-31,FY,19901000.0,26153000.0,-6252000.0,-0.3141550675845435,0.0,39560000.0,0.0,0.0,0.0,65713000,0.0,38432000.0,-7380000.0,-0.3708356364001809,-45812000.0,-2.3019948746294157,0.0,-806693000.0,-40.535299733681725,-6192000.0,-800295000.0,-40.21380835133913,-40.666667,-40.666667,19679385,19679385,https://www1.hkexnews.hk/search/titlesearch.xhtml,https://www1.hkexnews.hk/search/titlesearch.xhtml,1620585016,14:30:16,20210509
