,date,symbol,reportedCurrency,fillingDate,acceptedDate,period,revenue,costOfRevenue,grossProfit,grossProfitRatio,researchAndDevelopmentExpenses,generalAndAdministrativeExpenses,sellingAndMarketingExpenses,otherExpenses,operatingExpenses,costAndExpenses,interestExpense,depreciationAndAmortization,ebitda,ebitdaratio,operatingIncome,operatingIncomeRatio,totalOtherIncomeExpensesNet,incomeBeforeTax,incomeBeforeTaxRatio,incomeTaxExpense,netIncome,netIncomeRatio,eps,epsdiluted,weightedAverageShsOut,weightedAverageShsOutDil,link,finalLink,timestamp,est_time,est_date
0,2020-12-27,NYT,USD,2021-02-25,2021-02-25 15:46:49,FY,1783639000,960222000,823417000,0.4616500312002597,0.0,-5483000.0,229040000.0,23330000.0,452597000.0,1412819000,-23330000.0,62136000,177568000,0.09955377741796406,115432000,0.064717131661732,23330000.0,115432000.0,0.064717131661732,14595000.0,100837000.0,0.05653442204392257,0.6035433188687716,0.6000095204660268,167075000,168059000,https://www.sec.gov/Archives/edgar/data/71691/000007169121000006/0000071691-21-000006-index.htm,https://www.sec.gov/Archives/edgar/data/71691/000007169121000006/nyt-20201227.htm,1620595982,17:33:02,20210509
1,2019-12-29,NYT,USD,2020-02-27,2020-02-27 15:23:40,FY,1812184000,706355000,1105829000,0.610218940240064,0.0,863644000.0,0.0,263222000.0,937549000.0,1643904000,-5279000.0,60661000,228941000,0.1263343015940986,168280000,0.09286032764884802,1459000.0,164460000.0,0.090752373931124,24494000.0,139966000.0,0.07723608640182233,0.8432905962307804,0.8361970080772356,165976000,167384000,https://www.sec.gov/Archives/edgar/data/71691/000007169120000003/0000071691-20-000003-index.htm,https://www.sec.gov/Archives/edgar/data/71691/000007169120000003/a201910-kq4project.htm,1620595982,17:33:02,20210509
2,2018-12-30,NYT,USD,2019-02-26,2019-02-26 15:29:17,FY,1748598000,654176000,1094422000,0.6258854236365362,0.0,838855000.0,0.0,239401000.0,912528999.9999999,1566705000,-13172000.0,59011000,240904000,0.137769801864122,181893000,0.10402219378038863,-3394000.0,176091000.0,0.10070410694739443,48631000.0,125684000.0,0.07187701232644668,0.7629141324009664,0.7540843938057611,164742000,166671000,https://www.sec.gov/Archives/edgar/data/71691/000007169119000003/0000071691-19-000003-index.htm,https://www.sec.gov/Archives/edgar/data/71691/000007169119000003/a201810-k_q4project.htm,1620595982,17:33:02,20210509
3,2017-12-31,NYT,USD,2018-02-27,2018-02-27 15:28:24,FY,1675639000,615406000,1060233000,0.6327335422486585,0.0,875906000.0,0.0,0.0,937777000.0,1553183000,26475000.0,61871000,184327000,0.11000400444248433,122456000,0.07308018015813669,8551000.0,111224000.0,0.06637706570448647,103956000.0,4296000.0,0.002563798049579892,0.026530637451675457,0.026153181178963005,161926000,164263000,https://www.sec.gov/Archives/edgar/data/71691/000007169118000004/0000071691-18-000004-index.htm,https://www.sec.gov/Archives/edgar/data/71691/000007169118000004/a201710-k_q4project.htm,1620595982,17:33:02,20210509
4,2016-12-25,NYT,USD,2017-02-22,2017-02-22 17:31:08,FY,1555342000,629355000,925987000,0.5953590914409821,0.0,709509000.0,0.0,226376000.0,860656000.0,1490011000,-29908000.0,61723000,127054000,0.08168878613192468,65331000,0.04200426658574127,-4897000.0,30526000.0,0.019626551588010868,4421000.0,29068000.0,0.018689137180118585,0.17853,0.17853,161092000,161092000,https://www.sec.gov/Archives/edgar/data/71691/000007169117000003/0000071691-17-000003-index.htm,https://www.sec.gov/Archives/edgar/data/71691/000007169117000003/a2016form10-k_q4project.htm,1620595982,17:33:02,20210509
5,2015-12-27,NYT,USD,2016-02-24,2016-02-24 12:57:55,FY,1579215000,617812000,961403000,0.6087853775451728,0.0,713837000.0,0.0,156125000.0,824818000.0000001,1442630000,-35077000.0,61597000,198182000,0.12549399543444054,136585000,0.08648917341843891,-4756000.0,96752000.0,0.061265882099650774,33910000.0,63246000.0,0.040049011692518115,0.38300732756010414,0.377421318342941,165130000,167574000,https://www.sec.gov/Archives/edgar/data/71691/000007169116000023/0000071691-16-000023-index.htm,https://www.sec.gov/Archives/edgar/data/71691/000007169116000023/a2015form10-k.htm,1620595982,17:33:02,20210509
6,2014-12-28,NYT,USD,2015-02-24,2015-02-24 17:17:58,FY,1588500000,644000000,944500000,0.5945860875039345,0.0,761100000.0,0.0,0.0,855099999.9999999,1499100000,-54900000.0,79455000,168855000,0.10629839471199244,89400000,0.0562795089707271,-4700000.0,29900000.0,0.01882278879446018,-3541000.0,33300000.0,0.020963172804532578,0.20645,0.20645,150728000,150728000,https://www.sec.gov/Archives/edgar/data/71691/000007169115000004/0000071691-15-000004-index.htm,https://www.sec.gov/Archives/edgar/data/71691/000007169115000004/a2014form10-k.htm,1620595982,17:33:02,20210509
7,2013-12-29,NYT,USD,2014-02-26,2014-02-26 17:20:35,FY,1577200000,626900000,950300000,0.6025234592949531,0.0,694000000.0,0.0,0.0,794199999.9999999,1421100000,-56500000.0,85500000,241600000,0.1531828556936343,156100000,0.09897286330205428,-4800000.0,94800000.0,0.060106517879786964,37892000.0,65100000.0,0.04127567841744864,0.43480003205898854,0.41608078742170523,149724000,156460000,https://www.sec.gov/Archives/edgar/data/71691/000007169114000004/0000071691-14-000004-index.htm,https://www.sec.gov/Archives/edgar/data/71691/000007169114000004/a2013form10-k.htm,1620595982,17:33:02,20210509
8,2012-12-30,NYT,USD,2013-02-28,2013-02-28 16:38:30,FY,1990100000,832200000,1157900000,0.5818300587910156,0.0,901400000.0,0.0,2600000.0,1055000000.0,1887200000,165000000.0,103800000,206600000,0.10381387869956284,102800000,0.05165569569368374,-4500000.0,263300000.0,0.13230490930104014,103482000.0,133200000.0,0.0669313099844229,0.8997446670539442,0.8776900673422859,148042000,151762000,https://www.sec.gov/Archives/edgar/data/71691/000007169113000004/0000071691-13-000004-index.htm,https://www.sec.gov/Archives/edgar/data/71691/000007169113000004/a2012form10-k.htm,1620595982,17:33:02,20210509
9,2011-12-25,NYT,USD,2012-02-23,2012-02-23 15:01:36,FY,2323400000,957500000,1365900000,0.587888439356116,0.0,1019600000.0,0.0,335608000.0,1355600000.0,2313100000,-7100000.0,116500000,126800000,0.054575191529654815,10300000,0.004433158302487733,-6900000.0,-3700000.0,-0.001592493759146079,36506000.0,-39700000.0,-0.01708702763191874,-0.2697,-0.2697,147103000,147103000,https://www.sec.gov/Archives/edgar/data/71691/000007169112000003/0000071691-12-000003-index.htm,https://www.sec.gov/Archives/edgar/data/71691/000007169112000003/a2011form10-k.htm,1620595982,17:33:02,20210509
10,2010-12-26,NYT,USD,2011-02-22,2011-02-22 17:02:39,FY,2393500000,961800000,1431700000,0.598161687904742,0.0,1054200000.0,0.0,0.0,1197500000.0000002,2159300000,-49600000.0,121000000,355100000,0.14836014205138917,234100000,0.09780655943179445,-7300000.0,177200000.0,0.07403384165448089,68516000.0,107700000.0,0.04499686651347399,0.7400383418193812,0.7034985498915685,145533000,153092000,https://www.sec.gov/Archives/edgar/data/71691/000119312511042247/0001193125-11-042247-index.htm,https://www.sec.gov/Archives/edgar/data/71691/000119312511042247/d10k.htm,1620595982,17:33:02,20210509
11,2009-12-27,NYT,USD,2010-02-22,2010-02-22 17:12:00,FY,2440400000,1021200000,1419200000,0.5815440091788231,0.0,1152900000.0,0.0,0.0,1354400000.0,2375600000,-81701000.0,133800000,198600000,0.0813801016226848,64800000,0.02655302409441075,-6100000.0,3800000.0,0.0015571217833142109,2206000.0,19900000.0,0.008154400917882314,0.13593,0.13593,144074000,144074000,https://www.sec.gov/Archives/edgar/data/71691/000119312510036478/0001193125-10-036478-index.htm,https://www.sec.gov/Archives/edgar/data/71691/000119312510036478/d10k.htm,1620595982,17:33:02,20210509
12,2008-12-28,NYT,USD,2009-02-26,2009-02-26 11:00:56,FY,2948900000,1315100000,1633800000,0.5540370985791312,0.0,1332100000.0,0.0,0.0,1674400000.0,2989500000,-47790000.0,144500000,103900000,0.03523347688968768,-40600000,-0.013767845637356302,0.0,-71400000.0,-0.024212418189833496,-5726000.0,-57800000.0,-0.019600529010817592,-0.40195,-0.40195,143777000,143777000,https://www.sec.gov/Archives/edgar/data/71691/000110465909012370/0001104659-09-012370-index.htm,https://www.sec.gov/Archives/edgar/data/71691/000110465909012370/a09-1680_110k.htm,1620595982,17:33:02,20210509
13,2007-12-30,NYT,USD,2008-02-26,2008-02-26 17:20:09,FY,3195100000,1341100000,1854000000,0.5802635285280586,0.0,1397400000.0,0.0,0.0,1626500000.0,2967600000,-39842000.0,190200000,417600000,0.13070013458107727,227400000,0.07117148133078777,0.0,185000000.0,0.05790116115301556,76137000.0,208700000.0,0.06531876936559106,1.450423590406494,1.4477170881948973,143889000,144158000,https://www.sec.gov/Archives/edgar/data/71691/000110465908012938/0001104659-08-012938-index.htm,https://www.sec.gov/Archives/edgar/data/71691/000110465908012938/a08-3879_210k.htm,1620595982,17:33:02,20210509
14,2006-12-31,NYT,USD,2007-03-01,2007-03-01 17:16:39,FY,3289903000,1529529000,1760374000,0.5350838611351155,0.0,0.0,0.0,0.0,2280985000.0,3810514000,0.0,169853000,-350758000,-0.1066165172650987,-520611000,-0.15824509111666818,-795093000.0,-551922000.0,-0.1677623929945655,16608000.0,-543443000.0,-0.1651851133604851,-3.76,-3.76,144579000,144579000,https://www.sec.gov/Archives/edgar/data/71691/000110465907015629/0001104659-07-015629-index.htm,https://www.sec.gov/Archives/edgar/data/71691/000110465907015629/a07-2276_410k.htm,1620595982,17:33:02,20210509
15,2005-12-25,NYT,USD,2006-02-23,2006-02-23 17:27:09,FY,3372800000,1540400000,1832400000,0.543287476280835,0.0,1474300000.0,0.0,0.0,1479000000.0,3019400000,-49168000.0,143800000,497100000,0.14738496204933588,353300000,0.10474976280834915,4200000.0,446100000.0,0.13226399430740038,180200000.0,259800000.0,0.07702798861480076,1.7863036303630364,1.7809524462389548,145440000,145877000,https://www.sec.gov/Archives/edgar/data/71691/000104746906002366/0001047469-06-002366-index.htm,https://www.sec.gov/Archives/edgar/data/71691/000104746906002366/a2167394z10-k.htm,1620595982,17:33:02,20210509
16,2004-12-26,NYT,USD,2005-02-24,2005-02-24 15:27:32,FY,3303600000,1475500000,1828100000,0.553366024942487,0.0,1318100000.0,0.0,0.0,1318199999.9999998,2793700000,-41760000.0,146800000,656800000,0.1988134156677564,510000000,0.1543770432255721,8200000.0,476600000.0,0.14426686039472092,183500000.0,292600000.0,0.08857004479961254,1.9828281390825861,1.9590645232563588,147567000,149357000,https://www.sec.gov/Archives/edgar/data/71691/000104746905004590/0001047469-05-004590-index.htm,https://www.sec.gov/Archives/edgar/data/71691/000104746905004590/a2152141z10-k.htm,1620595982,17:33:02,20210509
17,2003-12-28,NYT,USD,2004-02-20,2004-02-20 17:29:06,FY,3227200000,1428800000,1798400000,0.5572632622706991,0.0,1258900000.0,0.0,0.0,1258900000.0,2687700000,-44757000.0,147700000,687300000,0.21297099652949925,539600000,0.167203767972236,13300000.0,499800000.0,0.15487109568666335,197800000.0,302700000.0,0.09379647992067427,2.014173071164787,1.9805024862601412,150285000,152840000,https://www.sec.gov/Archives/edgar/data/71691/000104746904005136/0001047469-04-005136-index.htm,https://www.sec.gov/Archives/edgar/data/71691/000104746904005136/a2127962z10-k.htm,1620595982,17:33:02,20210509
18,2002-12-29,NYT,USD,2003-02-24,2003-02-24 13:27:35,FY,3079000000,1352600000,1726400000,0.560701526469633,0.0,1181500000.0,0.0,0.0,1181500000.0,2534100000,-45435000.0,153400000,698300000,0.22679441377070478,544900000,0.1769730431958428,5000000.0,491400000.0,0.159597271841507,191600000.0,299700000.0,0.09733679766157843,1.9773955384889452,1.9359839798456122,151563000,154805000,https://www.sec.gov/Archives/edgar/data/71691/000104746903006543/0001047469-03-006543-index.htm,https://www.sec.gov/Archives/edgar/data/71691/000104746903006543/a2100471z10-k.htm,1620595982,17:33:02,20210509
19,2001-12-30,NYT,USD,2001-12-30,2001-12-30,FY,3016000000,1362900000,1653100000,0.5481100795755968,0.0,1278700000.0,0.0,0.0,1278699999.9999998,2641600000,-39500000.0,194100000,568500000,0.1884946949602122,374400000,0.12413793103448276,0.0,339900000.0,0.11269893899204245,137600000.0,444700000.0,0.147446949602122,2.77764,2.77764,160100000,160100000,,,1620595982,17:33:02,20210509
20,2000-12-31,NYT,USD,2000-12-31,2000-12-31,FY,3489455000,1230077000,2259378000,0.647487358341059,0.0,1395484000.0,0.0,0.0,1623457000.0,2853534000,0.0,227973000,863894000,0.24757275849667068,635921000,0.1822407797206154,101263000.0,673086000.0,0.19289144006728845,275550000.0,397536000.0,0.11392495389681197,2.37,2.32,167987000,171597000,,,1620595982,17:33:02,20210509
21,1999-12-26,NYT,USD,1999-12-26,1999-12-26,FY,3130600000,1378800000,1751800000,0.5595732447454163,0.0,1180500000.0,0.0,0.0,1180500000.0000002,2559300000,-32800000.0,197500000,768800000,0.24557592793713665,571300000,0.18248897974829106,0.0,538500000.0,0.1720117549351562,228300000.0,310200000.0,0.09908643710470837,1.73103,1.73103,179200000,179200000,,,1620595982,17:33:02,20210509
22,1998-12-27,NYT,USD,1998-12-27,1998-12-27,FY,2936700000,1461600000,1475100000,0.5022984983144345,0.0,959800000.0,0.0,0.0,959900000.0000001,2421500000,-22300000.0,188200000,703400000,0.2395205502775224,515200000,0.17543501208839854,0.0,505500000.0,0.17213198488098885,218900000.0,278900000.0,0.09497054516974836,1.44658,1.44658,192800000,192800000,,,1620595982,17:33:02,20210509
23,1997-12-28,NYT,USD,1997-12-28,1997-12-28,FY,2866400000,1412300000,1454200000,0.5073262629081775,0.0,999100000.0,0.0,0.0,999000000.0000002,2411300000,-28100000.0,173900000,629000000,0.21943901758303097,455100000,0.15877058331007535,0.0,437400000.0,0.1525955902874686,175100000.0,262300000.0,0.09150851241975998,1.33012,1.33012,197200000,197200000,,,1620595982,17:33:02,20210509
24,1996-12-29,NYT,USD,1997-03-28 00:00:00,1997-03-28 00:00:00,FY,2615000000,1347800000,1267200000,0.4845889101338432,0.0,967100000.0,0.0,0.0,1093900000.0,2441700000,-8200000.0,147900000,321200000,0.12282982791586998,173300000,0.0662715105162524,0.0,197900000.0,0.07567877629063098,113400000.0,84500000.0,0.03231357552581262,0.42915,0.42915,196900000,196900000,https://www.sec.gov/Archives/edgar/data/71691/000091205797010816/0000912057-97-010816-index.html,https://www.sec.gov/Archives/edgar/data/71691/0000912057-97-010816.txt,1620595982,17:33:02,20210509
25,1995-12-31,NYT,USD,1996-03-11 00:00:00,1996-03-11 00:00:00,FY,2409400000,1165400000,1244000000,0.5163111148003653,0.0,876400000.0,0.0,0.0,1015400000.0,2180800000,0.0,139000000,367600000,0.15256910434132978,228600000,0.09487839296090313,25300000.0,228700000.0,0.09491989706980991,92800000.0,135900000.0,0.05640408400431643,0.7015714374212733,0.700651751518017,193708000,193962264,https://www.sec.gov/Archives/edgar/data/71691/000095011296000742/0000950112-96-000742-index.html,https://www.sec.gov/Archives/edgar/data/71691/0000950112-96-000742.txt,1620595982,17:33:02,20210509
26,1994-12-31,NYT,USD,1995-03-09 00:00:00,1995-03-09 00:00:00,FY,2357600000,1108400000,1249200000,0.5298608754665762,0.0,883600000.0,0.0,0.0,1037900000.0,2146300000,0.0,154300000,365600000,0.15507295554801492,211300000,0.08962504241601629,200800000.0,387200000.0,0.164234815066169,173900000.0,213300000.0,0.0904733627417713,1.0247910060536178,1.0127735963000688,208140000,210609756,https://www.sec.gov/Archives/edgar/data/71691/000095011295000622/0000950112-95-000622-index.html,https://www.sec.gov/Archives/edgar/data/71691/0000950112-95-000622.txt,1620595982,17:33:02,20210509
27,1993-12-31,NYT,USD,1993-12-31,1993-12-31,FY,2019700000,1007800000,1011900000,0.5010150022280536,0.0,0.0,0.0,0.0,0.0,1893100000,0.0,128800000,255400000,0.1264544239243452,126600000,0.06268257662029014,0.0,49300000.0,0.024409565777095608,43200000.0,6100000.0,0.003020250532257266,0.04,0.04,150000000,150000000,,,1620595982,17:33:02,20210509
28,1992-12-31,NYT,USD,1992-12-31,1992-12-31,FY,1773500000,896700000,876800000,0.49438962503524103,0.0,0.0,0.0,0.0,0.0,1685100000,0.0,107900000,196300000,0.110685085988159,88400000,0.04984493938539611,-53800000.0,-200000.0,-0.00011277135607555681,11100000.0,-44700000.0,-0.025204398082886947,-0.29,-0.29,154482759,154482759,,,1620595982,17:33:02,20210509
29,1991-12-31,NYT,USD,1991-12-31,1991-12-31,FY,1703100000,918900000,784200000,0.46045446538664786,0.0,0.0,0.0,0.0,0.0,1609400000,0.0,72400000,166100000,0.09752803710880159,93700000,0.055017321355175855,0.0,68800000.0,0.040396923257589104,21800000.0,47000000.0,0.027596735364922787,0.3,0.3,156333333,156333333,,,1620595982,17:33:02,20210509
30,1990-12-31,NYT,USD,1990-12-31,1990-12-31,FY,1776800000,914800000,862000000,0.48514182800540295,0.0,0.0,0.0,0.0,0.0,1646900000,0.0,126200000,256100000,0.14413552453849618,129900000,0.07310895992796038,0.0,114100000.0,0.06421656911301216,49300000.0,64800000.0,0.036470058532192706,0.42,0.42,154047619,154047619,,,1620595982,17:33:02,20210509
31,1989-12-31,NYT,USD,1989-12-31,1989-12-31,FY,1768900000,897800000,871100000,0.49245293685341174,0.0,0.0,0.0,0.0,0.0,1599900000,0.0,99000000,268000000,0.15150658601390696,169000000,0.09553960088190401,0.0,132500000.0,0.0749053083837413,64300000.0,266600000.0,0.15071513369890893,1.7,1.69,156764706,157692308,,,1620595982,17:33:02,20210509
32,1988-12-31,NYT,USD,1988-12-31,1988-12-31,FY,1700000000,869700000,830300000,0.4884117647058824,0.0,0.0,0.0,0.0,0.0,1449000000,0.0,90700000,341700000,0.201,251000000,0.1476470588235294,28900000.0,252800000.0,0.1487058823529412,91800000.0,167700000.0,0.09864705882352941,1.04,1.04,161153846,161153846,,,1620595982,17:33:02,20210509
33,1987-12-31,NYT,USD,1987-12-31,1987-12-31,FY,1689600000,833800000,855800000,0.5065104166666666,0.0,0.0,0.0,0.0,0.0,1398200000,0.0,81500000,372900000,0.220703125,291400000,0.17246685606060605,18000000.0,286400000.0,0.16950757575757575,126100000.0,160300000.0,0.09487452651515152,0.98,0.98,163469388,163469388,,,1620595982,17:33:02,20210509
34,1986-12-31,NYT,USD,1986-12-31,1986-12-31,FY,1564700000,782900000,781800000,0.4996484949191538,0.0,0.0,0.0,0.0,0.0,1293000000,0.0,75200000,346900000,0.22170384099188342,271700000,0.17364350993800728,21600000.0,255600000.0,0.16335399757141944,123400000.0,132200000.0,0.08448903943247907,0.82,0.82,160975610,160975610,,,1620595982,17:33:02,20210509
35,1985-12-31,NYT,USD,1985-12-31,1985-12-31,FY,1393800000,749900000,643900000,0.46197445831539674,0.0,0.0,0.0,0.0,0.0,1180600000,0.0,58400000,271600000,0.1948629645573253,213200000,0.15296312239919643,26200000.0,214800000.0,0.15411106328024107,98500000.0,116300000.0,0.08344095279093126,0.73,0.73,159041096,159041096,,,1620595982,17:33:02,20210509
