,date,symbol,reportedCurrency,fillingDate,acceptedDate,period,revenue,costOfRevenue,grossProfit,grossProfitRatio,researchAndDevelopmentExpenses,generalAndAdministrativeExpenses,sellingAndMarketingExpenses,otherExpenses,operatingExpenses,costAndExpenses,interestExpense,depreciationAndAmortization,ebitda,ebitdaratio,operatingIncome,operatingIncomeRatio,totalOtherIncomeExpensesNet,incomeBeforeTax,incomeBeforeTaxRatio,incomeTaxExpense,netIncome,netIncomeRatio,eps,epsdiluted,weightedAverageShsOut,weightedAverageShsOutDil,link,finalLink,timestamp,est_time,est_date
0,2020-12-31,1333.HK,CNY,2020-12-31,2020-12-31,FY,20401559000,14465080000,5936479000,0.29098163527601,0.0,2408771000.0,519585000,12006000.0,0.0,16817510000,1870938000.0,0.0,3787651000,0.18565497862197688,3584049000,0.17567525109233073,0.0,2000997000.0,0.0980805927625433,163113000.0,1852496000.0,0.0908016882435308,0.26207403504910026,0.26207403504910026,7068598000,7068598000,https://www1.hkexnews.hk/search/titlesearch.xhtml,https://www1.hkexnews.hk/search/titlesearch.xhtml,1620585183,14:33:03,20210509
1,2019-12-31,1333.HK,CNY,2019-12-31,2019-12-31,FY,23583699000,16479312000,7104387000,0.3012414210340795,0.0,2784666000.0,536438000,1687000.0,2874490000.0,19353802000,1272104000.0,1840959000.0,6070856000,0.2574174644952855,4229897000,0.17935680912481117,0.0,3545889000.0,0.15035338604007795,367601000.0,3174775000.0,0.13461734734657188,0.43,0.43,7068598000,7068598000,https://www1.hkexnews.hk/search/titlesearch.xhtml,https://www1.hkexnews.hk/search/titlesearch.xhtml,1620585183,14:33:03,20210509
2,2018-12-31,1333.HK,CNY,2018-12-31,2018-12-31,FY,25600434000,17238753000,8361681000,0.32662262678828025,0.0,2676286000.0,309957000,334000.0,2508907000.0,19747660000,1262066000.0,1394968000.0,7247742000,0.28311012227370835,5852774000,0.22862010854972226,0.0,5237133000.0,0.20457203967713986,770402000.0,4465517000.0,0.17443130065685605,0.819440155038845,0.6315006097199672,5449473000,7071279000,https://www1.hkexnews.hk/search/titlesearch.xhtml,https://www1.hkexnews.hk/search/titlesearch.xhtml,1620585183,14:33:03,20210509
3,2017-12-31,1333.HK,CNY,2017-12-31,2017-12-31,FY,19458826000,13110247000,6348579000,0.3262570414063007,0.0,1809904000.0,232693000,0.0,1667643000.0,14777890000,1155272000.0,968378000.0,5649314000,0.2903214202131208,4680936000,0.24055593076375728,0.0,4732700000.0,0.243216111804484,864505000.0,3867831000.0,0.19877000801589984,0.5,0.5,7068598000,7068598000,https://www1.hkexnews.hk/search/titlesearch.xhtml,https://www1.hkexnews.hk/search/titlesearch.xhtml,1620585183,14:33:03,20210509
4,2016-12-31,1333.HK,CNY,2016-12-31,2016-12-31,FY,16695543000,10407165000,6288378000,0.3766501035635678,0.0,1839854000.0,155924000,150000.0,1805855000.0,12213020000,906310000.0,761290000.0,5243813000,0.3140846032980179,4482523000,0.2684862061689159,0.0,3679191000.0,0.2203696519484272,772032000.0,2907159000.0,0.17412784957039132,0.41,0.41,7068598000,7068598000,https://www1.hkexnews.hk/search/titlesearch.xhtml,https://www1.hkexnews.hk/search/titlesearch.xhtml,1620585183,14:33:03,20210509
5,2015-12-31,1333.HK,CNY,2015-12-31,2015-12-31,FY,16171246000,10851223000,5320023000,0.32898040138651036,0.0,1455407000.0,136305000,167000.0,1355860000.0,12207083000,580604000.0,681931000.0,4646094000,0.28730587612111025,3964163000,0.24513652194765945,0.0,3523122000.0,0.21786336068352433,718141000.0,2804981000.0,0.1734548469548976,0.4,0.4,7068598000,7068598000,https://www1.hkexnews.hk/search/titlesearch.xhtml,https://www1.hkexnews.hk/search/titlesearch.xhtml,1620585183,14:33:03,20210509
6,2014-12-31,1333.HK,CNY,2014-12-31,2014-12-31,FY,15971218000,11504049000,4467169000,0.2797012100141642,0.0,1261089000.0,155733000,160000.0,1221208000.0,12725257000,481490000.0,595515000.0,3841476000,0.24052492427315186,3245961000,0.20323816254965651,0.0,2970328000.0,0.18598005487120645,493308000.0,2477020000.0,0.15509274245708748,0.35742805105018355,0.3571969337551405,6930122000,6934606000,https://www1.hkexnews.hk/search/titlesearch.xhtml,https://www1.hkexnews.hk/search/titlesearch.xhtml,1620585183,14:33:03,20210509
7,2013-12-31,1333.HK,CNY,2013-12-31,2013-12-31,FY,14306751000,10465700000,3841051000,0.26847821703194524,0.0,1040200000.0,147033000,150000.0,929184000.0,11394884000,563490000.0,501200000.0,3413067000,0.2385633887106863,2911867000,0.20353097639009723,0.0,2555166000.0,0.17859862102863186,428541000.0,2126625000.0,0.14864486003845317,0.39336008727585897,0.39269995867336704,5406306000,5415394000,https://www1.hkexnews.hk/search/titlesearch.xhtml,https://www1.hkexnews.hk/search/titlesearch.xhtml,1620585183,14:33:03,20210509
8,2012-12-31,1333.HK,CNY,2012-12-31,2012-12-31,FY,13497170000,10237582000,3259588000,0.2415015888515889,0.0,792589000.0,132025000,150000.0,690028000.0,10927610000,376458000.0,454824000.0,3024384000,0.2240754172911803,2569560000,0.19037768658170565,0.0,2342451000.0,0.17355127037741985,535668000.0,1806783000.0,0.13386383960489495,0.3341991740756073,0.3334075148044626,5406306000,5419143000,https://www1.hkexnews.hk/search/titlesearch.xhtml,https://www1.hkexnews.hk/search/titlesearch.xhtml,1620585183,14:33:03,20210509
9,2011-12-31,1333.HK,CNY,2011-12-31,2011-12-31,FY,10305694000,8083397000,2222297000,0.21563778237545186,0.0,278015000.0,116851000,0.0,376472000.0,8459869000,463720000.0,377980000.0,2223805000,0.21578410925067248,1845825000,0.17910729738336884,0.0,1528025000.0,0.14826997580172668,422998000.0,1105027000.0,0.10722489916739232,0.2043959405923379,0.2037572283645996,5406306000,5423253000,https://www1.hkexnews.hk/search/titlesearch.xhtml,https://www1.hkexnews.hk/search/titlesearch.xhtml,1620585183,14:33:03,20210509
10,2010-12-31,1333.HK,CNY,2010-12-31,2010-12-31,FY,10521948000,6245568000,4276380000,0.4064247418823967,0.0,181043000.0,137020000,0.0,331520000.0,6577088000,362534000.0,389055000.0,4333915000,0.4118928358132924,3944860000,0.374917268171255,0.0,3477133000.0,0.3304647580467039,881266000.0,2595867000.0,0.2467097347373319,0.4801553963094209,0.4778492808975485,5406306000,5432397000,https://www1.hkexnews.hk/search/titlesearch.xhtml,https://www1.hkexnews.hk/search/titlesearch.xhtml,1620585183,14:33:03,20210509
11,2009-12-31,1333.HK,CNY,2009-12-31,2009-12-31,FY,13852708000,8562633000,5290075000,0.38188020710463255,0.0,207465000.0,130887000,0.0,293938000.0,8856571000,327092000.0,329704000.0,5325841000,0.38446208495840667,4996137000,0.36066139559138904,0.0,4717105000.0,0.3405186191753988,1188290000.0,3528815000.0,0.25473827933137694,0.72,0.71,4916540000,4944735000,https://www1.hkexnews.hk/search/titlesearch.xhtml,https://www1.hkexnews.hk/search/titlesearch.xhtml,1620585183,14:33:03,20210509
12,2008-12-31,1333.HK,CNY,2008-12-31,2008-12-31,FY,11264429000,8162134000,3102295000,0.2754063255225809,0.0,108946000.0,169921000,0.0,-40705000.0,8121429000,0.0,316563000.0,3459563000,0.30712280222992216,3143000000,0.2790199130377581,0.0,2643961000.0,0.23471771183430604,733523000.0,1910438000.0,0.16959918696278348,0.48,0.48,3980079167,3980079167,https://www1.hkexnews.hk/search/titlesearch.xhtml,https://www1.hkexnews.hk/search/titlesearch.xhtml,1620585183,14:33:03,20210509
13,2007-12-31,1333.HK,CNY,2007-12-31,2007-12-31,FY,144759377,95873710,48885667,0.3377029385806213,0.0,11307384.0,33132915,0.0,25506260.0,121379970,3806010.0,5960018.0,29339425,0.20267719859004366,23379407,0.1615053026927575,0.0,20467243.0,0.141388029046298,2467698.0,17999545.0,0.12434113335538878,0.1258,0.1258,80000000,80000000,https://www1.hkexnews.hk/search/titlesearch.xhtml,https://www1.hkexnews.hk/search/titlesearch.xhtml,1620585183,14:33:03,20210509
14,2006-12-31,1333.HK,CNY,2006-12-31,2006-12-31,FY,135545119,81916682,53628437,0.395650078701838,0.0,10869887.0,34141858,0.0,36583776.0,118500458,2310379.0,6135101.0,23179762,0.17101141059900504,17044661,0.12574898399698184,0.0,15228257.0,0.112348250621994,983975.0,14244282.0,0.10508885974713704,0.0989,0.0989,80000000,80000000,https://www1.hkexnews.hk/search/titlesearch.xhtml,https://www1.hkexnews.hk/search/titlesearch.xhtml,1620585183,14:33:03,20210509
15,2005-12-31,1333.HK,CNY,2005-12-31,2005-12-31,FY,129969287,83392895,46576392,0.35836460347743543,0.0,18705298.0,25420789,0.0,35961770.0,119354665,3096969.0,7274147.0,17888769,0.13763843299378875,10614622,0.081670233368288,0.0,7671747.0,0.05902738390801513,0.0,7671747.0,0.05902738390801513,0.0109,0.0109,70383562,70383562,https://www1.hkexnews.hk/search/titlesearch.xhtml,https://www1.hkexnews.hk/search/titlesearch.xhtml,1620585183,14:33:03,20210509
16,2004-12-31,1333.HK,CNY,2004-12-31,2004-12-31,FY,116155151,72332206,43822945,0.37727939417856726,0.0,7691856.0,21421073,0.0,27799720.0,100131926,3467567.0,7698776.0,23722001,0.20422685344363248,16023225,0.13794674503931384,0.0,12555658.0,0.10809385457214894,0.0,3134460.0,0.026985114073847658,0.0981,0.0981,80000000,80000000,https://www1.hkexnews.hk/search/titlesearch.xhtml,https://www1.hkexnews.hk/search/titlesearch.xhtml,1620585183,14:33:03,20210509
17,2003-12-31,1333.HK,CNY,2003-12-31,2003-12-31,FY,88738964,53704787,35034177,0.3948003832904788,0.0,6068001.0,13570752,0.0,14119670.0,67824457,4304280.0,6594104.0,27508611,0.3099947279077993,20914507,0.23568572425524373,0.0,16610227.0,0.1871807631200202,1280767.0,4598838.0,0.051824337277590934,0.1246,0.1246,80000000,80000000,https://www1.hkexnews.hk/search/titlesearch.xhtml,https://www1.hkexnews.hk/search/titlesearch.xhtml,1620585183,14:33:03,20210509
