,date,symbol,reportedCurrency,fillingDate,acceptedDate,period,revenue,costOfRevenue,grossProfit,grossProfitRatio,researchAndDevelopmentExpenses,generalAndAdministrativeExpenses,sellingAndMarketingExpenses,otherExpenses,operatingExpenses,costAndExpenses,interestExpense,depreciationAndAmortization,ebitda,ebitdaratio,operatingIncome,operatingIncomeRatio,totalOtherIncomeExpensesNet,incomeBeforeTax,incomeBeforeTaxRatio,incomeTaxExpense,netIncome,netIncomeRatio,eps,epsdiluted,weightedAverageShsOut,weightedAverageShsOutDil,link,finalLink,timestamp,est_time,est_date
0,2020-06-30,CAY.AX,AUD,2020-06-30,2020-06-30,FY,0.0,0.0,0.0,0.0,0.0,6921325.0,0.0,55103.0,8586108.0,0.0,3048.0,110156.0,-8475952.0,0.0,-8586108.0,0.0,53962.0,-8520515.0,0.0,0.0,-8520515.0,0.0,-0.02224295292124993,-0.02224295292124993,383065820.0,383065820.0,,,1620589954,15:52:34,20210509
1,2019-06-30,CAY.AX,AUD,2019-06-30,2019-06-30,FY,0.0,0.0,0.0,0.0,0.0,6850681.0,0.0,-22515.0,8290699.0,0.0,0.0,65490.0,-8225209.0,0.0,-8290699.0,0.0,-28665.0,-8261236.0,0.0,0.0,-8261236.0,0.0,-0.0216,-0.0216,383065820.0,383065820.0,,,1620589954,15:52:34,20210509
2,2018-06-30,CAY.AX,AUD,2018-06-30,2018-06-30,FY,0.0,0.0,0.0,0.0,0.0,1397171.0,0.0,1947.0,3007597.0,0.0,0.0,39121.0,-2968476.0,0.0,-3007597.0,0.0,1947.0,-2991871.0,0.0,0.0,-2991871.0,0.0,-0.0099,-0.0099,303182408.0,303182408.0,,,1620589954,15:52:34,20210509
3,2017-06-30,CAY.AX,AUD,2017-06-30,2017-06-30,FY,0.0,0.0,0.0,0.0,0.0,1103049.0,0.0,-13224.0,3553842.0,0.0,9252.0,22835.0,-3531007.0,0.0,-3553842.0,0.0,-13224.0,-3567660.0,0.0,0.0,-3567660.0,0.0,-0.0162,-0.0162,219849531.0,219849531.0,,,1620589954,15:52:34,20210509
4,2016-06-30,CAY.AX,AUD,2016-06-30,2016-06-30,FY,0.0,0.0,0.0,0.0,0.0,649243.0,0.0,22682.0,4344293.0,0.0,27056.0,38034.0,-4306259.0,0.0,-4344293.0,0.0,-26497.0,-4389709.0,0.0,0.0,-4389709.0,0.0,-0.0284,-0.0284,154613218.0,154613218.0,,,1620589954,15:52:34,20210509
5,2015-06-30,CAY.AX,AUD,2015-06-30,2015-06-30,FY,0.0,0.0,0.0,0.0,0.0,621638.0,0.0,95190.0,4414415.0,0.0,271.0,27703.0,-4386712.0,0.0,-4414415.0,0.0,66698.0,-4336803.0,0.0,0.0,-4336803.0,0.0,-0.0372,-0.0372,116616970.0,116616970.0,,,1620589954,15:52:34,20210509
6,2014-06-30,CAY.AX,AUD,2014-06-30,2014-06-30,FY,0.0,0.0,0.0,0.0,0.0,659407.0,0.0,6772.0,2678391.0,0.0,0.0,44072.0,-2634319.0,0.0,-2678391.0,0.0,16147.0,-2627530.0,0.0,0.0,-2627530.0,0.0,-0.0321,-0.0321,81772651.0,81772651.0,,,1620589954,15:52:34,20210509
7,2013-06-30,CAY.AX,AUD,2013-06-30,2013-06-30,FY,300936.0,0.0,300936.0,1.0,0.0,869353.0,0.0,360372.0,2972046.0,0.0,78.0,54559.0,-2616551.0,-8.69470917404365,-2671110.0,-8.876006858601164,30372.0,-2564910.0,-8.523107903341574,0.0,-2564910.0,-8.523107903341574,-0.0413,-0.0413,62175973.0,62175973.0,,,1620589954,15:52:34,20210509
8,2012-06-30,CAY.AX,AUD,2012-06-30,2012-06-30,FY,0.0,0.0,0.0,0.0,0.0,931524.0,0.0,64836.0,4978725.0,0.0,2403.0,44569.0,-4934156.0,0.0,-4978725.0,0.0,64836.0,-4723474.0,0.0,0.0,-4723474.0,0.0,-0.0946,-0.0946,49922847.0,49922847.0,,,1620589954,15:52:34,20210509
9,2011-06-30,CAY.AX,AUD,2011-06-30,2011-06-30,FY,0.0,0.0,0.0,0.0,0.0,832747.0,0.0,3083.0,2887586.0,0.0,807.0,13366.0,-2874220.0,0.0,-2887586.0,0.0,3083.0,-2698783.0,0.0,0.0,-2698783.0,0.0,-0.0844,-0.0844,31983440.0,31983440.0,,,1620589954,15:52:34,20210509
10,2010-06-30,CAY.AX,AUD,2010-06-30,2010-06-30,FY,0.0,0.0,0.0,0.0,0.0,473857.0,0.0,0.0,516066.0,0.0,0.0,41.0,-516025.0,0.0,-516066.0,0.0,0.0,-509886.0,0.0,0.0,-509886.0,0.0,-0.066,-0.066,7725406.0,7725406.0,,,1620589954,15:52:34,20210509
