,date,symbol,reportedCurrency,fillingDate,acceptedDate,period,revenue,costOfRevenue,grossProfit,grossProfitRatio,researchAndDevelopmentExpenses,generalAndAdministrativeExpenses,sellingAndMarketingExpenses,otherExpenses,operatingExpenses,costAndExpenses,interestExpense,depreciationAndAmortization,ebitda,ebitdaratio,operatingIncome,operatingIncomeRatio,totalOtherIncomeExpensesNet,incomeBeforeTax,incomeBeforeTaxRatio,incomeTaxExpense,netIncome,netIncomeRatio,eps,epsdiluted,weightedAverageShsOut,weightedAverageShsOutDil,link,finalLink,timestamp,est_time,est_date
0,2019-12-31,SGOC,USD,2019-12-31,2019-12-31,FY,5525000.0,4119000.0,1406000.0,0.25447963800904977,0.0,4350000.0,0.0,162000.0,3570000.0,7689000.0,218000.0,3516000.0,1352000.0,0.2447058823529412,-2164000.0,-0.39167420814479637,-39311000.0,-41692000.0,-7.54606334841629,-4640000.0,-19402000.0,-3.5116742081447962,-0.24,-0.24,79197068.0,79197068.0,,,1620597833,18:03:53,20210509
1,2018-12-31,SGOC,USD,2019-05-14,2019-05-14,FY,1580000.0,2635000.0,-1055000.0,-0.6677215189873418,0.0,2391000.0,0.0,-3000.0,2548000.0,5183000.0,198000.0,2383000.0,-1220000.0,-0.7721518987341772,-3603000.0,-2.280379746835443,-10061000.0,-13862000.0,-8.773417721518987,-311000.0,-12372000.0,-7.830379746835443,-0.35,-0.35,35080704.0,35080704.0,https://www.sec.gov/Archives/edgar/data/1412095/000114420419025920/tv520695_20f.htm,https://www.sec.gov/Archives/edgar/data/1412095/000114420419025920/tv520695_20f.htm,1620597833,18:03:53,20210509
2,2017-12-31,SGOC,USD,2018-05-14,2018-05-14,FY,51000.0,1343000.0,-1292000.0,-25.333333333333332,0.0,3312000.0,257000.0,2000.0,3569000.0,4912000.0,13000.0,2716000.0,-2145000.0,-42.05882352941177,-4861000.0,-95.31372549019608,-7153000.0,-11893000.0,-233.19607843137254,-679000.0,-11214000.0,-219.88235294117646,-0.99,-0.99,11341629.0,11341629.0,https://www.sec.gov/Archives/edgar/data/1412095/000114420418028109/tv488619_20f.htm,https://www.sec.gov/Archives/edgar/data/1412095/000114420418028109/tv488619_20f.htm,1620597833,18:03:53,20210509
3,2016-12-31,SGOC,USD,2017-05-15,2017-05-15,FY,5069000.0,4867000.0,202000.0,0.03985006904714934,0.0,4115000.0,55000.0,-1500000.0,4170000.0,9037000.0,15000.0,1264000.0,-2704000.0,-0.5334385480370882,-3968000.0,-0.7827973959360821,-1500000.0,-5362000.0,-1.0578023278753206,-315000.0,-5047000.0,-0.9956598934701124,-0.68,-0.68,7422208.0,7422208.0,https://www.sec.gov/Archives/edgar/data/1412095/000114420417027317/v466040_20f.htm,https://www.sec.gov/Archives/edgar/data/1412095/000114420417027317/v466040_20f.htm,1620597833,18:03:53,20210509
4,2015-12-31,SGOC,USD,2016-05-16,2016-05-16,FY,1921000.0,1826000.0,95000.0,0.04945340968245705,0.0,1498000.0,131000.0,-1049000.0,1629000.0,3455000.0,57000.0,3000.0,-1531000.0,-0.7969807391983342,-1534000.0,-0.7985424258198854,-1047000.0,-2418000.0,-1.258719416970328,0.0,-2418000.0,-1.258719416970328,-0.55,-0.55,4400298.0,4400298.0,https://www.sec.gov/Archives/edgar/data/1412095/000114420416102222/v437332_20f.htm,https://www.sec.gov/Archives/edgar/data/1412095/000114420416102222/v437332_20f.htm,1620597833,18:03:53,20210509
5,2014-12-31,SGOC,USD,2015-05-15,2015-05-15,FY,43230000.0,41213000.0,2017000.0,0.046657413832986355,0.0,3069000.0,297000.0,319000.0,3366000.0,44579000.0,304000.0,19000.0,-1330000.0,-0.030765671987046033,-1349000.0,-0.031205181586860975,338000.0,-977000.0,-0.0226000462641684,1311000.0,-2288000.0,-0.05292620865139949,-0.52,-0.52,4351517.0,4351517.0,https://www.sec.gov/Archives/edgar/data/1412095/000114420415031402/v410282_20f.htm,https://www.sec.gov/Archives/edgar/data/1412095/000114420415031402/v410282_20f.htm,1620597833,18:03:53,20210509
6,2013-12-31,SGOC,USD,2014-04-22,2014-04-22,FY,200974000.0,185045000.0,15929000.0,0.07925900862798173,0.0,3802000.0,1073000.0,192000.0,4875000.0,189920000.0,260000.0,76000.0,11130000.0,0.055380297948988425,11054000.0,0.05500213958024421,189000.0,10995000.0,0.054708569267666464,2551000.0,8444000.0,0.04201538507468628,1.96,1.96,4298297.0,4298297.0,https://www.sec.gov/Archives/edgar/data/1412095/000114420414024111/v371724_20f.htm,https://www.sec.gov/Archives/edgar/data/1412095/000114420414024111/v371724_20f.htm,1620597833,18:03:53,20210509
7,2012-12-31,SGOC,USD,2013-04-19,2013-04-19,FY,166701000.0,154221000.0,12480000.0,0.07486457789695322,0.0,5322000.0,670000.0,-130000.0,5992000.0,160213000.0,61000.0,69000.0,6557000.0,0.039333897217173265,6488000.0,0.038919982483608374,-55000.0,6380000.0,0.03827211594411551,2167000.0,4213000.0,0.02527279380447628,1.0,1.0,4264893.0,4264893.0,https://www.sec.gov/Archives/edgar/data/1412095/000114420413022826/v340726_20f.htm,https://www.sec.gov/Archives/edgar/data/1412095/000114420413022826/v340726_20f.htm,1620597833,18:03:53,20210509
8,2011-12-31,SGOC,USD,2012-08-30,2012-08-30,FY,313135771.0,279398945.0,33736826.0,0.10773865244542757,0.0,5778875.0,1705737.0,0.0,7484612.0,286883557.0,2074034.0,1460162.0,27712376.0,0.08849955376065931,26252214.0,0.08383652214553285,803760.0,25270355.0,0.08070095255900994,8651298.0,16619057.0,0.05307300710783375,4.12,4.08,4021649.0,4072060.0,https://www.sec.gov/Archives/edgar/data/1412095/000114420412048947/v309777_20f.htm,https://www.sec.gov/Archives/edgar/data/1412095/000114420412048947/v309777_20f.htm,1620597833,18:03:53,20210509
9,2010-12-31,SGOC,USD,2011-04-29,2011-04-29,FY,217300745.0,184601757.0,32698988.0,0.150478029884343,0.0,6443314.0,700148.0,0.0,7143462.0,191745219.0,1021066.0,1611372.0,27166898.0,0.1250198106775934,25555526.0,0.11760441042206275,-1179061.0,23445299.0,0.1078933208443441,3513710.0,19931589.0,0.091723518941456,8.52,7.44,2338546.0,2676489.0,https://www.sec.gov/Archives/edgar/data/1412095/000114420411024751/v219946_20f.htm,https://www.sec.gov/Archives/edgar/data/1412095/000114420411024751/v219946_20f.htm,1620597833,18:03:53,20210509
10,2009-06-30,SGOC,USD,2010-01-22,2010-01-22,FY,0.0,0.0,0.0,0.0,0.0,200000.0,0.0,0.0,200000.0,200000.0,100000.0,0.0,0.0,0.0,-200000.0,0.0,0.0,-100000.0,0.0,0.0,-100000.0,0.0,-0.1,-0.1,1000000.0,1000000.0,https://www.sec.gov/Archives/edgar/data/1412095/000114420410003132/0001144204-10-003132-index.htm,https://www.sec.gov/Archives/edgar/data/1412095/000114420410003132/v171820_10k.htm,1620597833,18:03:53,20210509
11,2008-12-31,SGOC,USD,2009-03-27 00:00:00,2009-03-27 10:54:47,FY,0.0,0.0,0.0,0.0,0.0,267387.0,0.0,0.0,267387.0,267387.0,0.0,0.0,-267387.0,0.0,-267387.0,0.0,0.0,0.0,0.0,0.0,236505.0,0.0,0.28,0.2,875850.0,1303334.0,https://www.sec.gov/Archives/edgar/data/1412095/000114420409016462/0001144204-09-016462-index.html,https://www.sec.gov/Archives/edgar/data/1412095/000114420409016462/v143714_10k.htm,1620597833,18:03:53,20210509
