,date,symbol,reportedCurrency,fillingDate,acceptedDate,period,revenue,costOfRevenue,grossProfit,grossProfitRatio,researchAndDevelopmentExpenses,generalAndAdministrativeExpenses,sellingAndMarketingExpenses,otherExpenses,operatingExpenses,costAndExpenses,interestExpense,depreciationAndAmortization,ebitda,ebitdaratio,operatingIncome,operatingIncomeRatio,totalOtherIncomeExpensesNet,incomeBeforeTax,incomeBeforeTaxRatio,incomeTaxExpense,netIncome,netIncomeRatio,eps,epsdiluted,weightedAverageShsOut,weightedAverageShsOutDil,link,finalLink,timestamp,est_time,est_date
0,2020-06-30,LBL.AX,AUD,2020-06-30,2020-06-30,FY,22177264.0,10654478.0,11522786.0,0.5195765356808667,675774.0,4733645.0,76294.0,663300.0,7980179.0,0.0,440860.0,1981629.0,5524236.0,0.2490945682028225,3542607.0,0.15974048917846673,663300.0,3765047.0,0.1697705812583554,959986.0,2805061.0,0.12648363657482725,0.0294,0.0294,95414650,95414650,,,1620594336,17:05:36,20210509
1,2019-06-30,LBL.AX,AUD,2019-06-30,2019-06-30,FY,22667200.0,11924478.0,10742722.0,0.4739324662949107,552826.0,4272242.0,182183.0,547586.0,7278733.0,0.0,176708.0,886070.0,4350059.0,0.19190985212112657,3463989.0,0.1528194483659208,547586.0,3834867.0,0.16918132808639796,1025463.0,2809404.0,0.12394137784993295,0.0297,0.0297,93882023,93882023,,,1620594336,17:05:36,20210509
2,2018-06-30,LBL.AX,AUD,2018-06-30,2018-06-30,FY,15648146.0,8404424.0,7243722.0,0.46291247538206765,470091.0,3647599.0,162208.0,658228.0,6114549.0,0.0,110774.0,717499.0,1846672.0,0.11801219134841917,1129173.0,0.07216017795334988,376604.0,1402193.0,0.08960761230116335,434444.0,967749.0,0.06184432328277101,0.0104,0.0104,93073489,93073489,,,1620594336,17:05:36,20210509
3,2017-06-30,LBL.AX,AUD,2017-06-30,2017-06-30,FY,13751417.0,6565425.0,7185992.0,0.5225637474305376,447849.0,3372905.0,216969.0,284943.0,5889722.0,0.0,77804.0,867406.0,2163676.0,0.15734203973306896,1296270.0,0.09426446743633765,284943.0,1510717.0,0.10985900580282018,397825.0,1112892.0,0.08092925987190992,0.0122,0.0122,91132465,91132465,,,1620594336,17:05:36,20210509
4,2016-06-30,LBL.AX,AUD,2016-06-30,2016-06-30,FY,10515581.0,5354139.0,5161442.0,0.49083754858623596,81662.0,3375580.0,269741.0,87486.0,5226883.0,0.0,80145.0,612904.0,547463.0,0.05206207816762574,-65441.0,-0.006223241492790555,87486.0,-36840.0,-0.003503372757054508,-115585.0,78745.0,0.007488411719713823,0.0009,0.0009,89410345,89410345,,,1620594336,17:05:36,20210509
5,2015-06-30,LBL.AX,AUD,2015-06-30,2015-06-30,FY,9546595.0,4547348.0,4999247.0,0.5236680722288942,108694.0,3046255.0,122441.0,111613.0,4679693.0,0.0,100950.0,449939.0,769493.0,0.08060392213139868,319554.0,0.033473086477429914,111613.0,384756.0,0.040302956184901526,17990.0,366766.0,0.03841851466412894,0.0042,0.0042,87608466,87608466,,,1620594336,17:05:36,20210509
6,2014-06-30,LBL.AX,AUD,2014-06-30,2014-06-30,FY,9669960.0,4823352.0,4846608.0,0.5012024868768847,46497.0,2346438.0,42067.0,25350.0,3704053.0,0.0,146878.0,427998.0,1570553.0,0.16241566666253016,1142555.0,0.11815509061050924,25350.0,1065761.0,0.11021358930130011,324949.0,638149.0,0.0659929306843048,0.0073,0.0073,87397357,87397357,,,1620594336,17:05:36,20210509
7,2013-06-30,LBL.AX,AUD,2013-06-30,2013-06-30,FY,13526724.0,8115796.0,5410928.0,0.40001762437083804,0.0,3841543.0,75191.0,98342.0,6124358.0,0.0,182426.0,451608.0,-261822.0,-0.019355906130708367,-713430.0,-0.05274226043201591,-3500585.0,-4640966.0,-0.34309608150502663,-318263.0,-4322703.0,-0.3195676203639551,-0.0507,-0.0507,85275072,85275072,,,1620594336,17:05:36,20210509
8,2012-06-30,LBL.AX,AUD,2012-06-30,2012-06-30,FY,14386311.0,7856176.0,6530135.0,0.45391309836135196,424.0,3515109.0,28548.0,208599.0,5066369.0,0.0,136537.0,363183.0,1826949.0,0.126992180274707,1463766.0,0.10174714004166878,208599.0,1592026.0,0.11066255970693252,472587.0,1119439.0,0.07781279022815508,0.015,0.0132,74472306,84805985,,,1620594336,17:05:36,20210509
9,2011-06-30,LBL.AX,AUD,2011-06-30,2011-06-30,FY,13276604.0,7098985.0,6177619.0,0.4653011417678798,15310.0,3227624.0,63447.0,190595.0,4245756.0,0.0,97182.0,158995.0,2090858.0,0.15748439887188018,1931863.0,0.14550882138233542,190595.0,2042532.0,0.15384446203261015,704418.0,1338114.0,0.10078737002323787,0.019,0.019,72099638,72099638,,,1620594336,17:05:36,20210509
10,2010-06-30,LBL.AX,AUD,2010-06-30,2010-06-30,FY,10421235.0,5513240.0,4907995.0,0.4709609753546485,72755.0,3076166.0,63682.0,13776.0,4257973.0,0.0,59658.0,209716.0,859738.0,0.08249866738443189,650022.0,0.06237475692660227,13776.0,610244.0,0.05855774291626664,93514.0,516730.0,0.04958433429435187,0.0079,0.0079,71043734,71043734,,,1620594336,17:05:36,20210509
11,2009-06-30,LBL.AX,AUD,2009-06-30,2009-06-30,FY,9086764.0,4636074.0,4450690.0,0.4897992288563894,17108.0,3250173.0,78374.0,-390732.0,3810957.0,0.0,12094.0,161291.0,801024.0,0.08815283416626644,639733.0,0.07040273082914886,-390732.0,351997.0,0.03873733267420613,81107.0,270890.0,0.0298114928482791,0.0041,0.0041,68833734,68833734,,,1620594336,17:05:36,20210509
12,2008-06-30,LBL.AX,AUD,2008-06-30,2008-06-30,FY,3591258.0,1547326.0,2043932.0,0.5691409528360257,272292.0,1800505.0,72089.0,349202.0,2294875.0,0.0,4767.0,0.0,249075.0,0.06935591929067753,-250943.0,-0.06987607128198531,349202.0,244308.0,0.06802852927859819,3148.0,241160.0,0.06715195622258273,0.0037,0.0037,65000400,65000400,,,1620594336,17:05:36,20210509
