,date,symbol,reportedCurrency,fillingDate,acceptedDate,period,revenue,costOfRevenue,grossProfit,grossProfitRatio,researchAndDevelopmentExpenses,generalAndAdministrativeExpenses,sellingAndMarketingExpenses,otherExpenses,operatingExpenses,costAndExpenses,interestExpense,depreciationAndAmortization,ebitda,ebitdaratio,operatingIncome,operatingIncomeRatio,totalOtherIncomeExpensesNet,incomeBeforeTax,incomeBeforeTaxRatio,incomeTaxExpense,netIncome,netIncomeRatio,eps,epsdiluted,weightedAverageShsOut,weightedAverageShsOutDil,link,finalLink,timestamp,est_time,est_date
0,2020-12-31,KER.PA,EUR,2020-12-31,2020-12-31,FY,13100200000.0,3590600000.0,9509600000.0,0.7259125814873055,0.0,0.0,0.0,0.0,0.0,9965000000.0,162900000.0,1439000000.0,4574200000.0,0.3491702416756996,3135200000.0,0.2393245904642677,0.0,2956500000.0,0.2256835773499641,759200000.0,2150400000.0,0.164150165646326,17.13482983569735,17.13482983569735,125498766,125498766,https://www.infogreffe.com/recherche-entreprise-dirigeants/resultats-entreprise-dirigeants.html?ga_cat=globale&ga_q=K.E.R#phrase=K.E.R,https://www.infogreffe.com/recherche-entreprise-dirigeants/resultats-entreprise-dirigeants.html?ga_cat=globale&ga_q=K.E.R#phrase=K.E.R,1620594102,17:01:42,20210509
1,2019-12-31,KER.PA,EUR,2019-12-31,2019-12-31,FY,15883500000.0,4108500000.0,11775000000.0,0.7413353480026442,0.0,0.0,0.0,0.0,6996700000.0,11105200000.0,173300000.0,1245300000.0,6023600000.0,0.3792363144143293,4778300000.0,0.3008341990115529,0.0,4300300000.0,0.2707400761796833,2133700000.0,2308600000.0,0.14534579909969464,18.4,18.4,125498766,125498766,https://www.infogreffe.com/recherche-entreprise-dirigeants/resultats-entreprise-dirigeants.html?ga_cat=globale&ga_q=K.E.R#phrase=K.E.R,https://www.infogreffe.com/recherche-entreprise-dirigeants/resultats-entreprise-dirigeants.html?ga_cat=globale&ga_q=K.E.R#phrase=K.E.R,1620594102,17:01:42,20210509
2,2018-12-31,KER.PA,EUR,2018-12-31,2018-12-31,FY,13665200000.0,3467000000.0,10198200000.0,0.7462898457395428,0.0,0.0,0.0,0.0,6254400000.0,9721400000.0,84200000.0,491900000.0,4435700000.0,0.32459824956824634,3943800000.0,0.28860170359745924,0.0,3514100000.0,0.25715686561484646,867700000.0,3714900000.0,0.2718511254866376,29.49,29.49,125956038,125956038,https://www.infogreffe.com/recherche-entreprise-dirigeants/resultats-entreprise-dirigeants.html?ga_cat=globale&ga_q=K.E.R#phrase=K.E.R,https://www.infogreffe.com/recherche-entreprise-dirigeants/resultats-entreprise-dirigeants.html?ga_cat=globale&ga_q=K.E.R#phrase=K.E.R,1620594102,17:01:42,20210509
3,2017-12-31,KER.PA,EUR,2017-12-31,2017-12-31,FY,15477700000.0,5344700000.0,10133000000.0,0.6546838354535881,0.0,0.0,0.0,0.0,7185000000.0,12529700000.0,135500000.0,516400000.0,3464400000.0,0.22383170626126622,2948000000.0,0.1904675759318245,0.0,2463700000.0,0.15917739715849255,591000000.0,1785600000.0,0.11536597814920821,14.17,14.17,125999511,125999511,https://www.infogreffe.com/recherche-entreprise-dirigeants/resultats-entreprise-dirigeants.html?ga_cat=globale&ga_q=K.E.R#phrase=K.E.R,https://www.infogreffe.com/recherche-entreprise-dirigeants/resultats-entreprise-dirigeants.html?ga_cat=globale&ga_q=K.E.R#phrase=K.E.R,1620594102,17:01:42,20210509
4,2016-12-31,KER.PA,EUR,2016-12-31,2016-12-31,FY,12384900000.0,4595300000.0,7789600000.0,0.6289594586956697,0.0,0.0,0.0,0.0,5903400000.0,10498700000.0,135600000.0,432000000.0,2318200000.0,0.18717954928986105,1886200000.0,0.1522983633295384,0.0,1178400000.0,0.09514812392510234,296100000.0,813500000.0,0.0656848258766724,6.46,6.46,126000194,126000194,https://www.infogreffe.com/recherche-entreprise-dirigeants/resultats-entreprise-dirigeants.html?ga_cat=globale&ga_q=K.E.R#phrase=K.E.R,https://www.infogreffe.com/recherche-entreprise-dirigeants/resultats-entreprise-dirigeants.html?ga_cat=globale&ga_q=K.E.R#phrase=K.E.R,1620594102,17:01:42,20210509
5,2015-12-31,KER.PA,EUR,2015-12-31,2015-12-31,FY,11584200000.0,4510000000.0,7074200000.0,0.6106766112463528,0.0,0.0,0.0,0.0,5427500000.0,9937500000.0,136100000.0,409600000.0,2056300000.0,0.1775090209077882,1646700000.0,0.14215051535712436,0.0,1004100000.0,0.08667840679546279,321700000.0,696000000.0,0.06008183560366706,5.52,5.52,125996327,125996327,https://www.infogreffe.com/recherche-entreprise-dirigeants/resultats-entreprise-dirigeants.html?ga_cat=globale&ga_q=K.E.R#phrase=K.E.R,https://www.infogreffe.com/recherche-entreprise-dirigeants/resultats-entreprise-dirigeants.html?ga_cat=globale&ga_q=K.E.R#phrase=K.E.R,1620594102,17:01:42,20210509
6,2014-12-31,KER.PA,EUR,2014-12-31,2014-12-31,FY,10037500000.0,3741700000.0,6295800000.0,0.627227895392279,0.0,0.0,0.0,0.0,4631800000.0,8373500000.0,160600000.0,326700000.0,1990700000.0,0.19832627646326276,1664000000.0,0.16577833125778332,0.0,1354500000.0,0.1349439601494396,325600000.0,528900000.0,0.052692403486924035,4.200231558313147,4.199462878455253,125921629,125944678,https://www.infogreffe.com/recherche-entreprise-dirigeants/resultats-entreprise-dirigeants.html?ga_cat=globale&ga_q=K.E.R#phrase=K.E.R,https://www.infogreffe.com/recherche-entreprise-dirigeants/resultats-entreprise-dirigeants.html?ga_cat=globale&ga_q=K.E.R#phrase=K.E.R,1620594102,17:01:42,20210509
7,2013-12-31,KER.PA,EUR,2013-12-31,2013-12-31,FY,9748400000.0,3657900000.0,6090500000.0,0.6247691928931928,0.0,0.0,0.0,0.0,4340400000.0,7998300000.0,183300000.0,295800000.0,2045900000.0,0.2098703376964425,1750100000.0,0.17952689672151328,0.0,1095300000.0,0.1123568995937795,235400000.0,49600000.0,0.005088014443395839,0.3939252720264467,0.3935665641589753,125912206,126026966,https://www.infogreffe.com/recherche-entreprise-dirigeants/resultats-entreprise-dirigeants.html?ga_cat=globale&ga_q=K.E.R#phrase=K.E.R,https://www.infogreffe.com/recherche-entreprise-dirigeants/resultats-entreprise-dirigeants.html?ga_cat=globale&ga_q=K.E.R#phrase=K.E.R,1620594102,17:01:42,20210509
8,2012-12-31,KER.PA,EUR,2012-12-31,2012-12-31,FY,9736300000.0,3776200000.0,5960100000.0,0.6121524603802265,0.0,0.0,0.0,0.0,4168600000.0,7944800000.0,196200000.0,275100000.0,2066600000.0,0.21225722296971128,1791500000.0,0.1840021363351581,0.0,1618600000.0,0.16624385033328884,297600000.0,1048200000.0,0.10765896695870095,8.32,8.31,125985472,126083210,https://www.infogreffe.com/recherche-entreprise-dirigeants/resultats-entreprise-dirigeants.html?ga_cat=globale&ga_q=K.E.R#phrase=K.E.R,https://www.infogreffe.com/recherche-entreprise-dirigeants/resultats-entreprise-dirigeants.html?ga_cat=globale&ga_q=K.E.R#phrase=K.E.R,1620594102,17:01:42,20210509
9,2011-12-31,KER.PA,EUR,2011-12-31,2011-12-31,FY,12227200000.0,6003300000.0,6223900000.0,0.5090208714996074,0.0,0.0,0.0,0.0,4621500000.0,10624800000.0,0.0,309000000.0,1911400000.0,0.1563236063857629,1602400000.0,0.13105208060717088,0.0,1328900000.0,0.10868391782255954,317400000.0,1045500000.0,0.0855060847945564,7.82,7.81,126152543,126270985,https://www.infogreffe.com/recherche-entreprise-dirigeants/resultats-entreprise-dirigeants.html?ga_cat=globale&ga_q=K.E.R#phrase=K.E.R,https://www.infogreffe.com/recherche-entreprise-dirigeants/resultats-entreprise-dirigeants.html?ga_cat=globale&ga_q=K.E.R#phrase=K.E.R,1620594102,17:01:42,20210509
10,2010-12-31,KER.PA,EUR,2010-12-31,2010-12-31,FY,14605100000.0,7175900000.0,7429200000.0,0.5086716284037768,0.0,0.0,0.0,0.0,6091800000.0,13267700000.0,0.0,329400000.0,1666800000.0,0.1141245181477703,1337400000.0,0.09157075268228222,0.0,1083200000.0,0.0741658735647137,304000000.0,1015300000.0,0.06951681262024909,7.62,7.61,126609281,126733150,https://www.infogreffe.com/recherche-entreprise-dirigeants/resultats-entreprise-dirigeants.html?ga_cat=globale&ga_q=K.E.R#phrase=K.E.R,https://www.infogreffe.com/recherche-entreprise-dirigeants/resultats-entreprise-dirigeants.html?ga_cat=globale&ga_q=K.E.R#phrase=K.E.R,1620594102,17:01:42,20210509
11,2009-12-31,KER.PA,EUR,2009-12-31,2009-12-31,FY,16524600000.0,8749300000.0,7775300000.0,0.4705287873836583,0.0,0.0,0.0,0.0,6938700000.0,15688000000.0,0.0,407300000.0,1243900000.0,0.07527564963751014,836600000.0,0.050627549229633396,0.0,455200000.0,0.027546808999915278,176700000.0,1043700000.0,0.06316037907120294,7.79,7.79,126460000,126460000,https://www.infogreffe.com/recherche-entreprise-dirigeants/resultats-entreprise-dirigeants.html?ga_cat=globale&ga_q=K.E.R#phrase=K.E.R,https://www.infogreffe.com/recherche-entreprise-dirigeants/resultats-entreprise-dirigeants.html?ga_cat=globale&ga_q=K.E.R#phrase=K.E.R,1620594102,17:01:42,20210509
12,2008-12-31,KER.PA,EUR,2008-12-31,2008-12-31,FY,20201200000.0,11385900000.0,8815300000.0,0.4363750668277132,0.0,0.0,0.0,0.0,7455100000.0,18841000000.0,372700000.0,419400000.0,1779600000.0,0.08809377660733025,1360200000.0,0.06733263370492842,0.0,987500000.0,0.04888323465932717,334500000.0,1042100000.0,0.05158604439340237,8.270222065898457,8.26912521463145,126006290,126023004,https://www.infogreffe.com/recherche-entreprise-dirigeants/resultats-entreprise-dirigeants.html?ga_cat=globale&ga_q=K.E.R#phrase=K.E.R,https://www.infogreffe.com/recherche-entreprise-dirigeants/resultats-entreprise-dirigeants.html?ga_cat=globale&ga_q=K.E.R#phrase=K.E.R,1620594102,17:01:42,20210509
13,2007-12-31,KER.PA,EUR,2007-12-31,2007-12-31,FY,19760900000.0,10970900000.0,8790000000.0,0.444817796760269,0.0,0.0,0.0,0.0,6993900000.0,17964800000.0,321800000.0,400100000.0,2196200000.0,0.1111386627127307,1796100000.0,0.09089160918784063,0.0,1474300000.0,0.07460692579791406,298200000.0,1041400000.0,0.05270002884484006,7.19,7.17,128279438,128660499,https://www.infogreffe.com/recherche-entreprise-dirigeants/resultats-entreprise-dirigeants.html?ga_cat=globale&ga_q=K.E.R#phrase=K.E.R,https://www.infogreffe.com/recherche-entreprise-dirigeants/resultats-entreprise-dirigeants.html?ga_cat=globale&ga_q=K.E.R#phrase=K.E.R,1620594102,17:01:42,20210509
14,2006-12-31,KER.PA,EUR,2006-12-31,2006-12-31,FY,17930900000.0,10075200000.0,7855700000.0,0.438109631976086,0.0,0.0,0.0,0.0,6581300000.0,16656500000.0,290000000.0,355500000.0,1629900000.0,0.09089895097290153,1274400000.0,0.07107284073861324,0.0,984400000.0,0.05489964251654964,259900000.0,732100000.0,0.04082896006335432,5.64,5.63,121400000,121700000,https://www.infogreffe.com/recherche-entreprise-dirigeants/resultats-entreprise-dirigeants.html?ga_cat=globale&ga_q=K.E.R#phrase=K.E.R,https://www.infogreffe.com/recherche-entreprise-dirigeants/resultats-entreprise-dirigeants.html?ga_cat=globale&ga_q=K.E.R#phrase=K.E.R,1620594102,17:01:42,20210509
15,2005-12-31,KER.PA,EUR,2005-12-31,2005-12-31,FY,17765700000.0,10032100000.0,7733600000.0,0.43531073923346675,0.0,0.0,0.0,0.0,6659500000.0,16691600000.0,311600000.0,393500000.0,1467600000.0,0.08260862223272936,1074100000.0,0.06045919946863901,0.0,762500000.0,0.04291978362800227,192200000.0,573700000.0,0.032292563760504794,4.5,4.39,118977778,121958998,https://www.infogreffe.com/recherche-entreprise-dirigeants/resultats-entreprise-dirigeants.html?ga_cat=globale&ga_q=K.E.R#phrase=K.E.R,https://www.infogreffe.com/recherche-entreprise-dirigeants/resultats-entreprise-dirigeants.html?ga_cat=globale&ga_q=K.E.R#phrase=K.E.R,1620594102,17:01:42,20210509
16,2004-12-31,KER.PA,EUR,2004-12-31,2004-12-31,FY,24212700000.0,14782000000.0,9430700000.0,0.38949394326118114,0.0,0.0,0.0,418200000.0,7964000000.0,22746000000.0,348800000.0,473200000.0,1939900000.0,0.08011911104503008,1466700000.0,0.06057564831679243,0.0,1117900000.0,0.04616998517307033,414700000.0,1029200000.0,0.04250661842751944,7.74,7.15,121479627,136115150,https://www.infogreffe.com/recherche-entreprise-dirigeants/resultats-entreprise-dirigeants.html?ga_cat=globale&ga_q=K.E.R#phrase=K.E.R,https://www.infogreffe.com/recherche-entreprise-dirigeants/resultats-entreprise-dirigeants.html?ga_cat=globale&ga_q=K.E.R#phrase=K.E.R,1620594102,17:01:42,20210509
17,2003-12-31,KER.PA,EUR,2003-12-31,2003-12-31,FY,24360800000.0,15178900000.0,9181900000.0,0.37691290926406357,0.0,0.0,0.0,-31000000.0,7885100000.0,23064000000.0,313600000.0,456400000.0,1753200000.0,0.07196807986601425,1296800000.0,0.05323306295359758,0.0,983200000.0,0.040359922498440115,143000000.0,744800000.0,0.030573708580998983,5.34,5.08,120794657,131082468,https://www.infogreffe.com/recherche-entreprise-dirigeants/resultats-entreprise-dirigeants.html?ga_cat=globale&ga_q=K.E.R#phrase=K.E.R,https://www.infogreffe.com/recherche-entreprise-dirigeants/resultats-entreprise-dirigeants.html?ga_cat=globale&ga_q=K.E.R#phrase=K.E.R,1620594102,17:01:42,20210509
18,2002-12-31,KER.PA,EUR,2002-12-31,2002-12-31,FY,0.0,0.0,0.0,0.0,0.0,0.0,0.0,0.0,0.0,0.0,0.0,0.0,0.0,0.0,0.0,0.0,0.0,0.0,0.0,0.0,0.0,0.0,13.04,12.58,121858517,127187240,https://www.infogreffe.com/recherche-entreprise-dirigeants/resultats-entreprise-dirigeants.html?ga_cat=globale&ga_q=K.E.R#phrase=K.E.R,https://www.infogreffe.com/recherche-entreprise-dirigeants/resultats-entreprise-dirigeants.html?ga_cat=globale&ga_q=K.E.R#phrase=K.E.R,1620594102,17:01:42,20210509
