,date,symbol,reportedCurrency,fillingDate,acceptedDate,period,revenue,costOfRevenue,grossProfit,grossProfitRatio,researchAndDevelopmentExpenses,generalAndAdministrativeExpenses,sellingAndMarketingExpenses,otherExpenses,operatingExpenses,costAndExpenses,interestExpense,depreciationAndAmortization,ebitda,ebitdaratio,operatingIncome,operatingIncomeRatio,totalOtherIncomeExpensesNet,incomeBeforeTax,incomeBeforeTaxRatio,incomeTaxExpense,netIncome,netIncomeRatio,eps,epsdiluted,weightedAverageShsOut,weightedAverageShsOutDil,link,finalLink,timestamp,est_time,est_date
0,2020-12-31,0760.HK,CNY,2020-12-31,2020-12-31,FY,348216000.0,181348000.0,166868000.0,0.47920830748730675,0.0,46097000.0,20821000.0,11071000.0,0.0,248266000.0,53576000.0,0.0,105444000.0,0.3028120476945344,99950000.0,-0.3335056401773612,0.0,-116132000.0,-0.3335056401773612,74036000.0,-100868000.0,-0.2896707790566775,-0.009799539671005515,-0.009799539671005515,10293136554,10293136554,https://www1.hkexnews.hk/search/titlesearch.xhtml,https://www1.hkexnews.hk/search/titlesearch.xhtml,1620584901,14:28:21,20210509
1,2019-12-31,0760.HK,CNY,2019-12-31,2019-12-31,FY,277653000.0,162184000.0,115469000.0,0.41587521114484627,0.0,49642000.0,11038000.0,9364000.0,0.0,222864000.0,33127000.0,2988000.0,57777000.0,0.20809067433090944,54789000.0,0.19732904020486003,0.0,-176290000.0,-0.6349292102012224,14817000.0,-99844000.0,-0.3595999322895845,-0.0097,-0.0097,10293136554,10293136554,https://www1.hkexnews.hk/search/titlesearch.xhtml,https://www1.hkexnews.hk/search/titlesearch.xhtml,1620584901,14:28:21,20210509
2,2018-12-31,0760.HK,CNY,2018-12-31,2018-12-31,FY,278668000.0,196589000.0,82079000.0,0.29454045674422613,0.0,51776000.0,23178000.0,30378000.0,0.0,271543000.0,6774000.0,1547000.0,8672000.0,0.031119468327902737,7125000.0,0.02556805948296898,0.0,101397000.0,0.3638630915641552,40510000.0,69625000.0,0.2498492830177846,0.00676,0.00676,10293136554,10293136554,https://www1.hkexnews.hk/search/titlesearch.xhtml,https://www1.hkexnews.hk/search/titlesearch.xhtml,1620584901,14:28:21,20210509
3,2017-12-31,0760.HK,CNY,2017-12-31,2017-12-31,FY,727015000.0,544692000.0,182323000.0,0.25078299622428696,0.0,63588000.0,0.0,2572000.0,0.0,608280000.0,18434000.0,576000.0,119311000.0,0.16411078175828558,118735000.0,0.16331850099378967,0.0,188410000.0,0.2591555882615902,129995000.0,63667000.0,0.08757315873812782,0.00619,0.00619,10293136554,10293136554,https://www1.hkexnews.hk/search/titlesearch.xhtml,https://www1.hkexnews.hk/search/titlesearch.xhtml,1620584901,14:28:21,20210509
4,2016-12-31,0760.HK,CNY,2016-12-31,2016-12-31,FY,506764000.0,415868000.0,90896000.0,0.17936554293517298,0.0,48486000.0,18872000.0,0.0,0.0,478102000.0,70018000.0,541000.0,29203000.0,0.0576264296595654,28662000.0,0.05655887158519548,0.0,-54966000.0,-0.10846468967803553,18745000.0,-73711000.0,-0.14545429430662005,-0.00974,-0.00974,7564730361,7564730361,https://www1.hkexnews.hk/search/titlesearch.xhtml,https://www1.hkexnews.hk/search/titlesearch.xhtml,1620584901,14:28:21,20210509
5,2015-12-31,0760.HK,CNY,2015-12-31,2015-12-31,FY,365990000.0,288898000.0,77092000.0,0.2106396349627039,0.0,66533000.0,12461000.0,0.0,0.0,193021000.0,134169000.0,1107000.0,174076000.0,0.47563048170715044,172969000.0,0.4726058089018826,0.0,-191435000.0,-0.5230607393644635,-76309000.0,-115125000.0,-0.31455777480259023,-0.03475,-0.03475,3313398324,3313398324,https://www1.hkexnews.hk/search/titlesearch.xhtml,https://www1.hkexnews.hk/search/titlesearch.xhtml,1620584901,14:28:21,20210509
6,2014-12-31,0760.HK,CNY,2014-12-31,2014-12-31,FY,185710000.0,165981000.0,19729000.0,0.10623552851219643,0.0,97085000.0,9313000.0,0.0,0.0,218245000.0,133449000.0,3534000.0,-29001000.0,-0.15616283452695062,-32535000.0,-0.17519250444241022,0.0,-295315000.0,-1.5901943891012869,-36628000.0,17728000.0,0.09546066447687254,0.00549,0.00549,3228682010,3228682010,https://www1.hkexnews.hk/search/titlesearch.xhtml,https://www1.hkexnews.hk/search/titlesearch.xhtml,1620584901,14:28:21,20210509
7,2013-12-31,0760.HK,CNY,2013-12-31,2013-12-31,FY,397413000.0,371837000.0,25576000.0,0.06435622387793051,0.0,109291000.0,35555000.0,0.0,0.0,504566000.0,150613000.0,40319000.0,-66834000.0,-0.16817265665692868,-107153000.0,-0.26962630814794686,0.0,-316198000.0,-0.795640806918747,-48933000.0,-237999000.0,-0.5988706962278536,-0.07371397965574195,-0.02044380245671973,3228682010,11641621000,https://www1.hkexnews.hk/search/titlesearch.xhtml,https://www1.hkexnews.hk/search/titlesearch.xhtml,1620584901,14:28:21,20210509
8,2012-12-31,0760.HK,CNY,2012-12-31,2012-12-31,FY,821409068.128752,730154903.246155,91254164.882597,0.11109466455061504,0.0,241820477.20441598,45668147.298612,940465.751799,0.0,992637445.225324,192357453.974102,96525765.291011,-74702611.805561,-0.09094446933212055,-171228377.096572,-0.20845688675758905,0.0,-740486338.230172,-0.9014830331944963,-134385953.347162,-537487449.859003,-0.6543480839375811,-0.175854,-0.175854,3056755780,3056755780,https://www1.hkexnews.hk/search/titlesearch.xhtml,https://www1.hkexnews.hk/search/titlesearch.xhtml,1620584901,14:28:21,20210509
9,2011-12-31,0760.HK,CNY,2011-12-31,2011-12-31,FY,563604018.311292,499953592.721841,63650425.589451,0.11293465539895306,0.0,220811440.69433498,27383619.635062,0.0,0.0,706589649.999356,189504197.947384,57603934.609887,-85381697.078177,-0.15149234977778075,-142985631.688064,-0.2536987442291258,0.0,-1099369574.53932,-1.950606345627777,-156543497.688554,-798872488.635925,-1.417435757519189,-0.314262,-0.314262,2541901000,2541901000,https://www1.hkexnews.hk/search/titlesearch.xhtml,https://www1.hkexnews.hk/search/titlesearch.xhtml,1620584901,14:28:21,20210509
10,2010-12-31,0760.HK,CNY,2010-12-31,2010-12-31,FY,348902617.88503,295554185.349319,53348432.535711,0.15290350315826612,0.0,72122949.201499,5754223.17419,0.0,0.0,363039326.121621,12416918.194305,10681788.102088,-3454920.1345029995,-0.009902247668549915,-14136708.236591,-0.04051763303550022,0.0,451500280.724837,1.294058162881469,-339185.548479,452588572.044956,1.2971773464711938,0.201381,0.039543,2247682000,11670920000,https://www1.hkexnews.hk/search/titlesearch.xhtml,https://www1.hkexnews.hk/search/titlesearch.xhtml,1620584901,14:28:21,20210509
11,2009-12-31,0760.HK,CNY,2009-12-31,2009-12-31,FY,259027304.543321,216881076.849875,42146227.693446,0.16270959452615258,0.0,60749241.020126,5296783.007871,0.0,0.0,272632887.625208,0.0,9470112.704897,-4135470.37699,-0.015965383974793912,-13605583.081887,-0.05252567139929271,0.0,-13605583.081887,-0.05252567139929271,341614.32963,-7383447.856384,-0.02850451565097129,-0.003258,-0.003258,2247682000,2247682000,https://www1.hkexnews.hk/search/titlesearch.xhtml,https://www1.hkexnews.hk/search/titlesearch.xhtml,1620584901,14:28:21,20210509
12,2008-12-31,0760.HK,CNY,2008-12-31,2008-12-31,FY,322463626.114827,264655866.847826,57807759.267001,0.17926908520967905,0.0,85972455.406912,6375732.789855,-133279318.492196,0.0,326558852.355072,0.0,22822675.585284,18727449.345039,0.05807616062212948,-4095226.240245,-0.012699808315083324,0.0,-138738446.139911,-0.43024525839235966,8964415.900223,-158555079.501115,-0.4916991147542783,-0.070528,-0.070528,2247682010,2247682010,https://www1.hkexnews.hk/search/titlesearch.xhtml,https://www1.hkexnews.hk/search/titlesearch.xhtml,1620584901,14:28:21,20210509
13,2007-12-31,0760.HK,CNY,2007-12-31,2007-12-31,FY,446389912.664114,374582615.844697,71807296.819416,0.16086227484590895,0.0,87855551.291751,11306192.471345,0.0,0.0,437011646.624621,0.0,21313048.712865,30691314.752357,0.06875449888458987,9378266.039492,0.021009135227812985,0.0,6099479.590764,0.013664017527550074,30398097.564229,-24298617.973465,-0.054433617974133056,-0.010773,-0.010773,2247682010,2247682010,https://www1.hkexnews.hk/search/titlesearch.xhtml,https://www1.hkexnews.hk/search/titlesearch.xhtml,1620584901,14:28:21,20210509
14,2006-12-31,0760.HK,CNY,2006-12-31,2006-12-31,FY,515785097.40886,444320631.389443,71464466.019417,0.13855473215188208,0.0,98599545.42532,13121338.005529,-1504050.665466,0.0,556054549.926059,0.0,25999019.803253,-14270432.713946003,-0.027667400213065695,-40269452.517199,-0.07807409077831039,0.0,-16488406.095287,-0.03196758917254395,2973006.815405,-16268814.698129,-0.03154184713722506,-0.009826,-0.009826,1656089610,1656089610,https://www1.hkexnews.hk/search/titlesearch.xhtml,https://www1.hkexnews.hk/search/titlesearch.xhtml,1620584901,14:28:21,20210509
15,2005-12-31,0760.HK,CNY,2005-12-31,2005-12-31,FY,576544290.678185,493377664.066529,83166626.611655,0.14425019544262016,0.0,98589135.121196,0.0,0.0,0.0,614014865.652398,0.0,0.0,-37470574.974214,-0.0649916677349066,-37470574.974214,-0.0649916677349066,0.0,-3131135.636926,-0.005430867476361386,1582222.795255,-4713358.432182,-0.008175188807502906,0.006953,0.006953,715419162,715419162,https://www1.hkexnews.hk/search/titlesearch.xhtml,https://www1.hkexnews.hk/search/titlesearch.xhtml,1620584901,14:28:21,20210509
16,2004-12-31,0760.HK,CNY,2004-12-31,2004-12-31,FY,736334635.14204,638934921.222753,97399713.919287,0.13227642605796813,0.0,109351344.187459,0.0,0.0,0.0,774676163.943161,0.0,0.0,-38341528.801121,-0.05207079359199891,-38341528.801121,-0.05207079359199891,0.0,26853346.488615,0.03646894388369352,481559.714852,26371786.773762,0.03581494814334633,0.045471,0.045471,714878163,714878163,https://www1.hkexnews.hk/search/titlesearch.xhtml,https://www1.hkexnews.hk/search/titlesearch.xhtml,1620584901,14:28:21,20210509
17,2003-12-31,0760.HK,CNY,2003-12-31,2003-12-31,FY,770648277.468515,663060838.326477,107587439.142038,0.1396064096781602,0.0,117146146.757204,0.0,0.0,0.0,820546543.802277,0.0,0.0,-49898266.333762,-0.06474843037043004,-49898266.333762,-0.06474843037043004,0.0,4835330.622954,0.006274367651657469,1895748.147213,2939582.475741,0.0038144281401590457,0.017443,0.0041110932886638295,715036675,715036675,https://www1.hkexnews.hk/search/titlesearch.xhtml,https://www1.hkexnews.hk/search/titlesearch.xhtml,1620584901,14:28:21,20210509
18,2002-12-31,0760.HK,CNY,2002-12-31,2002-12-31,FY,786468062.443672,614169858.869712,172298203.573961,0.2190784493379237,0.0,120591974.749721,0.0,0.0,0.0,762990025.822051,0.0,0.0,23478036.621621,0.029852498458324283,23478036.621621,0.029852498458324283,0.0,70421374.863307,0.08954130272562809,4961344.356827,65460030.50648,0.08323291641759242,0.452942,0.452942,715171611,715171611,https://www1.hkexnews.hk/search/titlesearch.xhtml,https://www1.hkexnews.hk/search/titlesearch.xhtml,1620584901,14:28:21,20210509
19,2001-12-31,0760.HK,CNY,2001-12-31,2001-12-31,FY,577504728.135164,462717791.595462,114786936.539702,0.19876363075045908,0.0,93304050.162109,0.0,0.0,0.0,568218789.499392,0.0,0.0,9285938.635772,0.01607941577510105,9285938.635772,0.01607941577510105,0.0,30205301.19444,0.05230312363325015,3267589.149662,26937712.044778,0.04664500692793164,0.111644,0.110795,670671611,670671611,https://www1.hkexnews.hk/search/titlesearch.xhtml,https://www1.hkexnews.hk/search/titlesearch.xhtml,1620584901,14:28:21,20210509
20,2000-12-31,0760.HK,CNY,2000-12-31,2000-12-31,FY,699425368.542524,561092625.30292,138332743.239605,0.1977805631040599,0.0,82171538.48521,0.0,0.0,0.0,658712205.254452,0.0,0.0,40713163.288072,0.05820944609560112,40713163.288072,0.05820944609560112,0.0,39161256.837327,0.055990615437544085,5749686.194561,33411570.642766,0.04777002972081163,0.19844,0.19844,173584402,173584402,https://www1.hkexnews.hk/search/titlesearch.xhtml,https://www1.hkexnews.hk/search/titlesearch.xhtml,1620584901,14:28:21,20210509
21,1999-12-31,0760.HK,CNY,1999-12-31,1999-12-31,FY,640454454.123526,523546650.569252,116907803.554274,0.18253882505082197,0.0,100993557.532867,0.0,0.0,0.0,677293873.721545,0.0,0.0,-36839419.598019,-0.057520748526035996,-36839419.598019,-0.057520748526035996,0.0,-41095567.540596,-0.06416626081059279,6669526.478301,-47765094.018897,-0.07458000129652378,-0.434344,-0.434344,110044118,110044118,https://www1.hkexnews.hk/search/titlesearch.xhtml,https://www1.hkexnews.hk/search/titlesearch.xhtml,1620584901,14:28:21,20210509
22,1998-12-31,0760.HK,CNY,1998-12-31,1998-12-31,FY,516730780.300488,0.0,0.0,0.0,0.0,0.0,0.0,0.0,0.0,0.0,0.0,0.0,516730780.300488,1.0,516730780.300488,1.0,0.0,-29354542.556212,-0.0568081942769924,-1055780.416656,-28298762.139556,-0.05476500185086666,-0.256465,-0.256465,110358333,110358333,https://www1.hkexnews.hk/search/titlesearch.xhtml,https://www1.hkexnews.hk/search/titlesearch.xhtml,1620584901,14:28:21,20210509
23,1997-12-31,0760.HK,CNY,1997-12-31,1997-12-31,FY,595237898.638446,0.0,0.0,0.0,0.0,0.0,0.0,0.0,0.0,0.0,0.0,0.0,595237898.638446,1.0,595237898.638446,1.0,0.0,14678565.554623,0.02465999827665362,2901092.340453,11777473.21417,0.019786161534925663,0.106854,0.106854,110270000,110270000,https://www1.hkexnews.hk/search/titlesearch.xhtml,https://www1.hkexnews.hk/search/titlesearch.xhtml,1620584901,14:28:21,20210509
