,date,symbol,reportedCurrency,fillingDate,acceptedDate,period,revenue,costOfRevenue,grossProfit,grossProfitRatio,researchAndDevelopmentExpenses,generalAndAdministrativeExpenses,sellingAndMarketingExpenses,otherExpenses,operatingExpenses,costAndExpenses,interestExpense,depreciationAndAmortization,ebitda,ebitdaratio,operatingIncome,operatingIncomeRatio,totalOtherIncomeExpensesNet,incomeBeforeTax,incomeBeforeTaxRatio,incomeTaxExpense,netIncome,netIncomeRatio,eps,epsdiluted,weightedAverageShsOut,weightedAverageShsOutDil,link,finalLink,timestamp,est_time,est_date
0,2019-12-31,ALATF.PA,EUR,2019-12-31,2019-12-31,FY,70298000,4099000.0,66199000,0.9416910865173974,0.0,6614000.0,1226000.0,-371000.0,67732000,71831000,782000.0,3967000.0,2434000.0,0.03462402913311901,-1533000.0,-0.021807163788443485,0.0,-8297000.0,-0.11802611738598538,504000.0,-15197000.0,-0.21617969216762922,-0.46221436356759293,-0.4209997804274357,32878684.0,36097406.0,https://www.infogreffe.com/recherche-entreprise-dirigeants/resultats-entreprise-dirigeants.html?ga_cat=globale&ga_q=A.L.A.T.F#phrase=A.L.A.T.F,https://www.infogreffe.com/recherche-entreprise-dirigeants/resultats-entreprise-dirigeants.html?ga_cat=globale&ga_q=A.L.A.T.F#phrase=A.L.A.T.F,1620586467,14:54:27,20210509
1,2018-12-31,ALATF.PA,EUR,2018-12-31,2018-12-31,FY,67607000,3772000.0,63835000,0.9442069608176669,0.0,8102000.0,1221000.0,-455000.0,63588000,67360000,660000.0,1162000.0,1409000.0,0.020841037170707174,247000.0,0.0036534678361708106,0.0,-1023000.0,-0.015131569216205423,-209000.0,-1158000.0,-0.017128403863505257,-0.03713599151990975,-0.03379605325137294,31182687.0,34264356.0,https://www.infogreffe.com/recherche-entreprise-dirigeants/resultats-entreprise-dirigeants.html?ga_cat=globale&ga_q=A.L.A.T.F#phrase=A.L.A.T.F,https://www.infogreffe.com/recherche-entreprise-dirigeants/resultats-entreprise-dirigeants.html?ga_cat=globale&ga_q=A.L.A.T.F#phrase=A.L.A.T.F,1620586467,14:54:27,20210509
2,2017-12-31,ALATF.PA,EUR,2017-12-31,2017-12-31,FY,160924000,113805000.0,47119000,0.29280281375059036,0.0,7403000.0,752000.0,-314000.0,48072000,161877000,731000.0,874000.0,-79000.0,-0.0004909149660709403,-953000.0,-0.005922050160324128,0.0,-4412000.0,-0.02741666873803783,230000.0,-4843000.0,-0.03009495165419701,-0.22011365190955298,-0.21690963561599783,22002270.0,22327270.0,https://www.infogreffe.com/recherche-entreprise-dirigeants/resultats-entreprise-dirigeants.html?ga_cat=globale&ga_q=A.L.A.T.F#phrase=A.L.A.T.F,https://www.infogreffe.com/recherche-entreprise-dirigeants/resultats-entreprise-dirigeants.html?ga_cat=globale&ga_q=A.L.A.T.F#phrase=A.L.A.T.F,1620586467,14:54:27,20210509
3,2016-12-31,ALATF.PA,EUR,2016-12-31,2016-12-31,FY,139963000,99289000.0,40674000,0.2906053742774876,0.0,4816000.0,591000.0,-419000.0,36270000,135559000,711000.0,634000.0,5038000.0,0.035995227310074804,4404000.0,0.031465458728378214,0.0,1971000.0,0.01408229317748262,1403000.0,376000.0,0.0026864242692711646,0.021744828142989364,0.020812036973690707,17291468.0,18066468.0,https://www.infogreffe.com/recherche-entreprise-dirigeants/resultats-entreprise-dirigeants.html?ga_cat=globale&ga_q=A.L.A.T.F#phrase=A.L.A.T.F,https://www.infogreffe.com/recherche-entreprise-dirigeants/resultats-entreprise-dirigeants.html?ga_cat=globale&ga_q=A.L.A.T.F#phrase=A.L.A.T.F,1620586467,14:54:27,20210509
4,2015-12-31,ALATF.PA,EUR,2015-12-31,2015-12-31,FY,110803000,73636000.0,37167000,0.3354331561419817,0.0,4900000.0,391000.0,-266000.0,32076000,105712000,1366000.0,515000.0,5606000.0,0.050594297988321615,5091000.0,0.04594640939324748,0.0,3826000.0,0.03452975099952167,1271000.0,2299000.0,0.020748535689466892,0.15,0.11,15793308.0,20629308.0,https://www.infogreffe.com/recherche-entreprise-dirigeants/resultats-entreprise-dirigeants.html?ga_cat=globale&ga_q=A.L.A.T.F#phrase=A.L.A.T.F,https://www.infogreffe.com/recherche-entreprise-dirigeants/resultats-entreprise-dirigeants.html?ga_cat=globale&ga_q=A.L.A.T.F#phrase=A.L.A.T.F,1620586467,14:54:27,20210509
5,2014-12-31,ALATF.PA,EUR,2014-12-31,2014-12-31,FY,116008000,88354000.0,27654000,0.23838011171643336,0.0,0.0,0.0,-298000.0,22380000,110734000,553000.0,427000.0,5701000.0,0.04914316254051445,5274000.0,0.04546238190469623,0.0,4036000.0,0.034790704089373146,17000.0,21000.0,0.00018102199848286324,0.0013636861293249793,0.0010195252682540902,15399438.0,20597822.0,https://www.infogreffe.com/recherche-entreprise-dirigeants/resultats-entreprise-dirigeants.html?ga_cat=globale&ga_q=A.L.A.T.F#phrase=A.L.A.T.F,https://www.infogreffe.com/recherche-entreprise-dirigeants/resultats-entreprise-dirigeants.html?ga_cat=globale&ga_q=A.L.A.T.F#phrase=A.L.A.T.F,1620586467,14:54:27,20210509
6,2013-12-31,ALATF.PA,EUR,2013-12-31,2013-12-31,FY,132755000,104324000.0,28431000,0.21416142518172573,0.0,0.0,0.0,-1513000.0,25993000,130317000,1708000.0,407000.0,2845000.0,0.02143045459681368,2438000.0,0.01836465669842944,0.0,-153000.0,-0.0011524989642574667,970000.0,-5242000.0,-0.03948627170351399,-0.34240859823132436,-0.26098226515479506,15309195.0,20085656.0,https://www.infogreffe.com/recherche-entreprise-dirigeants/resultats-entreprise-dirigeants.html?ga_cat=globale&ga_q=A.L.A.T.F#phrase=A.L.A.T.F,https://www.infogreffe.com/recherche-entreprise-dirigeants/resultats-entreprise-dirigeants.html?ga_cat=globale&ga_q=A.L.A.T.F#phrase=A.L.A.T.F,1620586467,14:54:27,20210509
7,2012-12-31,ALATF.PA,EUR,2012-12-31,2012-12-31,FY,137384000,110619000.0,26765000,0.1948189017643976,0.0,0.0,0.0,0.0,23829000,134448000,623000.0,475000.0,3411000.0,0.024828218715425378,2936000.0,0.021370756419961567,0.0,1169000.0,0.008508996680836196,1033000.0,-3966000.0,-0.028867990450125197,-0.30544366693824915,-0.22040873761145618,12984391.0,17993842.0,https://www.infogreffe.com/recherche-entreprise-dirigeants/resultats-entreprise-dirigeants.html?ga_cat=globale&ga_q=A.L.A.T.F#phrase=A.L.A.T.F,https://www.infogreffe.com/recherche-entreprise-dirigeants/resultats-entreprise-dirigeants.html?ga_cat=globale&ga_q=A.L.A.T.F#phrase=A.L.A.T.F,1620586467,14:54:27,20210509
8,2011-12-31,ALATF.PA,EUR,2011-12-31,2011-12-31,FY,84530000,63517000.0,21013000,0.2485863007216373,0.0,0.0,0.0,0.0,18041000,81558000,708000.0,605000.0,3577000.0,0.04231633739500769,2972000.0,0.03515911510706258,0.0,-1375000.0,-0.016266414290784337,552000.0,-6962000.0,-0.08236129184904767,-0.6669037198705505,-0.6379504070072282,10439288.0,10913074.0,https://www.infogreffe.com/recherche-entreprise-dirigeants/resultats-entreprise-dirigeants.html?ga_cat=globale&ga_q=A.L.A.T.F#phrase=A.L.A.T.F,https://www.infogreffe.com/recherche-entreprise-dirigeants/resultats-entreprise-dirigeants.html?ga_cat=globale&ga_q=A.L.A.T.F#phrase=A.L.A.T.F,1620586467,14:54:27,20210509
9,2010-12-31,ALATF.PA,EUR,2010-12-31,2010-12-31,FY,45087000,28052000.0,17035000,0.3778250937077206,0.0,0.0,0.0,-1430000.0,15353000,43405000,0.0,1647000.0,3329000.0,0.07383503005300862,1682000.0,0.037305653514316764,0.0,-3634000.0,-0.08059972941202564,969000.0,-4603000.0,-0.1020915119657551,-0.49,-0.49,9348980.0,9348980.0,https://www.infogreffe.com/recherche-entreprise-dirigeants/resultats-entreprise-dirigeants.html?ga_cat=globale&ga_q=A.L.A.T.F#phrase=A.L.A.T.F,https://www.infogreffe.com/recherche-entreprise-dirigeants/resultats-entreprise-dirigeants.html?ga_cat=globale&ga_q=A.L.A.T.F#phrase=A.L.A.T.F,1620586467,14:54:27,20210509
10,2009-12-31,ALATF.PA,EUR,2009-12-31,2009-12-31,FY,31010000,18768000.0,12242000,0.3947758787487907,0.0,0.0,0.0,-347000.0,10787000,29555000,0.0,432000.0,1887000.0,0.06085133827797485,1455000.0,0.04692034827475008,0.0,-3345000.0,-0.10786842953885843,-16000.0,-3329000.0,-0.1073524669461464,-0.45,-0.45,7397778.0,7397778.0,https://www.infogreffe.com/recherche-entreprise-dirigeants/resultats-entreprise-dirigeants.html?ga_cat=globale&ga_q=A.L.A.T.F#phrase=A.L.A.T.F,https://www.infogreffe.com/recherche-entreprise-dirigeants/resultats-entreprise-dirigeants.html?ga_cat=globale&ga_q=A.L.A.T.F#phrase=A.L.A.T.F,1620586467,14:54:27,20210509
