,date,symbol,reportedCurrency,fillingDate,acceptedDate,period,revenue,costOfRevenue,grossProfit,grossProfitRatio,researchAndDevelopmentExpenses,generalAndAdministrativeExpenses,sellingAndMarketingExpenses,otherExpenses,operatingExpenses,costAndExpenses,interestExpense,depreciationAndAmortization,ebitda,ebitdaratio,operatingIncome,operatingIncomeRatio,totalOtherIncomeExpensesNet,incomeBeforeTax,incomeBeforeTaxRatio,incomeTaxExpense,netIncome,netIncomeRatio,eps,epsdiluted,weightedAverageShsOut,weightedAverageShsOutDil,link,finalLink,timestamp,est_time,est_date
0,2020-12-31,RIO,USD,2020-12-31,2020-12-31,FY,44611000000.0,15485000000.0,29126000000.0,0.652888301091659,45000000.0,0.0,2088000000.0,0.0,0.0,26529000000.0,648000000.0,4279000000.0,22361000000.0,0.5012440877810406,18082000000.0,0.34500459527919125,0.0,15391000000.0,0.34500459527919125,4991000000.0,9769000000.0,0.21898186545919168,5.992883872155082,5.992883872155082,1630100000,1630100000,,,1620597277,17:54:37,20210509
1,2019-12-31,RIO,USD,2019-12-31,2019-12-31,FY,43165000000.0,16412000000.0,26753000000.0,0.619784547665933,45000000.0,0.0,2257000000.0,0.0,28181000000.0,27952000000.0,550000000.0,4384000000.0,19597000000.0,0.45400208502258776,15213000000.0,0.3524383180817792,0.0,11119000000.0,0.25759295725703696,4147000000.0,8010000000.0,0.18556701030927836,4.914,4.878,1630100000,1642100000,,,1620597277,17:54:37,20210509
2,2018-12-31,RIO,USD,2018-12-31,2018-12-31,FY,40522000000.0,16559000000.0,23963000000.0,0.5913577809584917,45000000.0,0.0,2580000000.0,0.0,23209000000.0,28137600000.0,481000000.0,4015000000.0,16399400000.0,0.40470361778786834,12384400000.0,0.3056216376289423,0.0,18167000000.0,0.4483243670105128,4242000000.0,13638000000.0,0.3365579191550269,7.932,7.876,1755547151,1768029457,,,1620597277,17:54:37,20210509
3,2017-12-31,RIO,USD,2017-12-31,2017-12-31,FY,40030000000.0,15807000000.0,24223000000.0,0.605121159130652,58000000.0,0.0,2338000000.0,0.0,25131000000.0,27367000000.0,592000000.0,4375000000.0,17038000000.0,0.425630776917312,12663000000.0,0.3163377466899825,0.0,12816000000.0,0.32015988008993257,3965000000.0,8762000000.0,0.21888583562328254,4.904,4.869,1786700000,1786700000,,,1620597277,17:54:37,20210509
4,2016-12-31,RIO,USD,2016-12-31,2016-12-31,FY,33781000000.0,15530000000.0,18251000000.0,0.5402741185873716,60000000.0,0.0,1454000000.0,0.0,26737000000.0,27258000000.0,787000000.0,4794000000.0,11317000000.0,0.335010804890323,6523000000.0,0.19309671116900032,0.0,6343000000.0,0.1877682721056215,1567000000.0,4617000000.0,0.1366744619756668,2.569,2.553,1797300000,1797300000,,,1620597277,17:54:37,20210509
5,2015-12-31,RIO,USD,2015-12-31,2015-12-31,FY,34829000000.0,16819000000.0,18010000000.0,0.5170978207815327,104000000.0,0.0,2165000000.0,0.0,28423000000.0,28758000000.0,750000000.0,4645000000.0,10716000000.0,0.30767463895030006,6071000000.0,0.17430876568376927,0.0,-726000000.0,-0.020844698383530966,993000000.0,-866000000.0,-0.024864337190272475,-0.475,-0.475,1824700000,1824700000,,,1620597277,17:54:37,20210509
6,2014-12-31,RIO,USD,2014-12-31,2014-12-31,FY,47664000000.0,19704000000.0,27960000000.0,0.5866062437059416,112000000.0,0.0,3370000000.0,589000000.0,35256000000.0,34691000000.0,649000000.0,4860000000.0,17833000000.0,0.3741398120174555,12973000000.0,0.2721760657938906,0.0,9552000000.0,0.20040281973816718,3053000000.0,6527000000.0,0.13693773078214166,3.531,3.512,1848400000,1848400000,,,1620597277,17:54:37,20210509
7,2013-12-31,RIO,USD,2013-12-31,2013-12-31,FY,51171000000.0,16674000000.0,34497000000.0,0.674151374802134,231000000.0,0.0,3513000000.0,0.0,36426000000.0,37123000000.0,507000000.0,4791000000.0,18839000000.0,0.36815774559809267,14048000000.0,0.27453049578863026,0.0,3505000000.0,0.06849582771491665,2426000000.0,3665000000.0,0.0716225987375662,1.984,1.973,1847300000,1847300000,,,1620597277,17:54:37,20210509
8,2012-12-31,RIO,USD,2012-12-31,2012-12-31,FY,50967000000.0,16624000000.0,34343000000.0,0.6738281633213649,129000000.0,0.0,3075000000.0,0.0,39922000000.0,39503000000.0,276000000.0,4441000000.0,15905000000.0,0.3120646692958189,11464000000.0,0.22492985657386153,0.0,-2568000000.0,-0.0503855435870269,429000000.0,-2990000000.0,-0.05866541095218475,-1.617,-1.617,1849100000,1849100000,,,1620597277,17:54:37,20210509
9,2011-12-31,RIO,USD,2011-12-31,2011-12-31,FY,60537000000.0,36260000000.0,24277000000.0,0.40102747080298,0.0,0.0,0.0,0.0,38050000000.0,37697000000.0,497000000.0,3817000000.0,26657000000.0,0.440342270016684,22840000000.0,0.37728992186596627,0.0,13214000000.0,0.21827972975205245,6439000000.0,5826000000.0,0.09623866395757966,3.03,3.01,1923100000,1923100000,,,1620597277,17:54:37,20210509
10,2010-12-31,RIO,USD,2010-12-31,2010-12-31,FY,56576000000.0,36667000000.0,19909000000.0,0.3518983314479638,0.0,0.0,0.0,0.0,37555000000.0,35900000000.0,778000000.0,3437000000.0,24113000000.0,0.4262054581447964,20676000000.0,0.3654553167420814,0.0,20577000000.0,0.3637054581447964,5296000000.0,14324000000.0,0.25318156108597284,7.305,7.262,1960848734,1972459378,,,1620597277,17:54:37,20210509
11,2009-12-31,RIO,USD,2009-12-31,2009-12-31,FY,41825000000.0,33818000000.0,8007000000.0,0.19144052600119546,0.0,0.0,0.0,0.0,34581000000.0,34332000000.0,929000000.0,3427000000.0,10920000000.0,0.2610878661087866,7493000000.0,0.17915122534369396,0.0,7860000000.0,0.18792588164973104,2076000000.0,4872000000.0,0.11648535564853557,0.02762,0.02753,1523969171,1523969171,,,1620597277,17:54:37,20210509
12,2008-12-31,RIO,USD,2008-12-31,2008-12-31,FY,54263999516.4,0.0,0.0,0.0,307000678.8,0.0,0.0,-2078000000.0,39067000000.0,36068998419.8,1617999763.4,3474999965.0,21670001061.6,0.3993439712281207,18195001096.6,0.33530519789830443,0.0,9177999750.2,0.1691360723867427,3741999301.4,3675999711.2,0.06774288190993029,1.933912,1.925651,1900606050,1900606050,,,1620597277,17:54:37,20210509
13,2007-12-31,RIO,USD,2007-12-31,2007-12-31,FY,29700000461.9,0.0,0.0,0.0,69000633.6,0.0,0.0,-3168000000.0,21239000000.0,21436000083.8,537999353.6,2114999518.8,10378999896.9,0.34946127055501136,8264000378.1,0.27824916665241445,0.0,9835999362.6,0.3311784245666224,2089999638.4,7311999230.6,0.24619525646068724,4.698059,4.678232,1556460900,1562983578,,,1620597277,17:54:37,20210509
14,2006-12-31,RIO,USD,2006-12-31,2006-12-31,FY,22464999387.7,0.0,0.0,0.0,14999612.0,0.0,0.0,-2756000000.0,14031000000.0,13677998935.3,159999133.5,1509000233.2,10296000685.6,0.4583129742365918,8787000452.4,0.3911418068949979,0.0,10239999516.4,0.4558201555975375,2372999480.7,7437999352.7,0.33109279124986046,4.608013,4.589839,1614080700,1614080700,,,1620597277,17:54:37,20210509
15,2005-12-31,RIO,USD,2005-12-31,2005-12-31,FY,19033000090.4,0.0,0.0,0.0,20000207.8,0.0,0.0,-1552000000.0,12552000000.0,12294000088.4,173000249.2,1333999753.8,8072999755.8,0.4241580264517477,6739000002.0,0.3540692465713308,0.0,7311999246.3,0.3841748127762621,1813999580.1,5214999994.4,0.27399779171074445,3.158199,3.148286,1293322410,1656456967,,,1620597277,17:54:37,20210509
16,2004-12-31,RIO,USD,2004-12-31,2004-12-31,FY,12953999393.8,0.0,0.0,0.0,15999433.8,0.0,0.0,-12000542.2,0.0,10224997589.3,147999596.9,1171000377.5,3900002182.0,0.30106549054391696,2729001804.5,0.21066866853538266,0.0,3863000832.5,0.2982091256194513,619000574.4,3297001041.4,0.2545160719227762,197.521685,197.191243,1669521600,1669521600,,,1620597277,17:54:37,20210509
17,2003-12-31,RIO,USD,2003-12-31,2003-12-31,FY,9228683700.0,0.0,0.0,0.0,23201100.0,0.0,0.0,-1242000000.0,0.0,7656363000.0,169546500.0,1006570800.0,2578891500.0,0.2794430477663895,1572320700.0,0.17037323535099594,0.0,2093453100.0,0.22684200348095146,567534600.0,1506286800.0,0.16321794623863856,0.9030122854630114,0.7363023250698401,1668069000,2045745000,,,1620597277,17:54:37,20210509
18,2002-12-31,RIO,USD,2002-12-31,2002-12-31,FY,8443000000.0,4160000000.0,4283000000.0,0.5072841407082791,25000000.0,1395000000.0,0.0,-1251616332.447451,0.0,6588000000.0,291142788.113071,1008000000.0,2863000000.0,0.3390974772000474,1855000000.0,0.21970863437166885,0.0,1359000000.0,0.1609617434561175,708000000.0,651000000.0,0.07710529432666113,0.390944,0.390944,16660208340,16660208340,,,1620597277,17:54:37,20210509
19,2001-12-31,RIO,USD,2001-12-31,2001-12-31,FY,8152000000.0,3647000000.0,4505000000.0,0.5526251226692837,39000000.0,1260000000.0,0.0,0.0,0.0,5932000000.0,0.0,986000000.0,3206000000.0,0.3932777232580962,2220000000.0,0.2723258096172718,0.0,1797000000.0,0.22043670264965654,718000000.0,1079000000.0,0.13236015701668302,0.998761,0.998761,1080338710,1080338710,,,1620597277,17:54:37,20210509
20,2000-12-31,RIO,USD,2000-12-31,2000-12-31,FY,11597521209.22452,0.0,0.0,0.0,58009917.552874,0.0,0.0,0.0,0.0,8404744593.141355,437305532.321663,1186972159.1588,4379748775.241964,0.37764524817237394,3192776616.083164,0.2752981916121585,0.0,3697016668.658143,0.3187764524817237,1207052515.234795,2219994921.734974,0.19141977683724504,1.336288,1.336288,1662016500,1662016500,,,1620597277,17:54:37,20210509
21,1999-12-31,RIO,USD,1999-12-31,1999-12-31,FY,11584028568.655363,0.0,0.0,0.0,70395852.206548,0.0,0.0,0.0,0.0,8992418305.94021,443233143.522713,1243660055.649023,3835270318.364178,0.3310826018455999,2591610262.715155,0.2237227098807113,0.0,3269496246.926362,0.2822417285617826,881251779.47457,2064944998.058755,0.17825793382849428,1.245519,1.245519,1658385000,1658385000,,,1620597277,17:54:37,20210509
22,1998-12-31,RIO,USD,1998-12-31,1998-12-31,FY,11847791517.968296,0.0,0.0,0.0,88375134.865964,0.0,0.0,0.0,0.0,9422998755.083408,497110133.621047,1198587766.619636,3623380529.5045233,0.30582750582750584,2424792762.884887,0.2046620046620047,0.0,2513167897.750851,0.21212121212121215,1038407834.675077,1168208814.009461,0.09860139860139856,0.693849,0.693849,1682595000,1682595000,,,1620597277,17:54:37,20210509
23,1997-12-31,RIO,USD,1997-12-31,1997-12-31,FY,12289936024.598293,0.0,0.0,0.0,129966276.532434,0.0,0.0,0.0,0.0,9742055478.410368,476543013.952258,1231971996.297031,3779852542.4849567,0.3075567305573915,2547880546.187926,0.20731438642872882,0.0,3425152912.781855,0.27869574796210617,1104713350.525689,2014477286.252728,0.16391275611368147,1.18811,1.18811,1694700000,1694700000,,,1620597277,17:54:37,20210509
24,1996-12-31,RIO,USD,1996-12-31,1996-12-31,FY,7757646333.527417,0.0,0.0,0.0,90762749.597561,0.0,0.0,0.0,0.0,6430455183.751755,291125800.595952,794602185.156009,2121793334.931671,0.2735099337748344,1327191149.775662,0.17108167770419427,0.0,1897455218.00185,0.24459161147902875,601089152.995171,1200465801.280954,0.15474613686534222,0.708769,0.708769,1693489500,1693489500,,,1620597277,17:54:37,20210509
25,1995-12-31,RIO,USD,1995-12-31,1995-12-31,FY,7965572655.911985,0.0,0.0,0.0,92712775.820508,0.0,0.0,0.0,0.0,5793003275.851412,173063848.198282,675258050.559367,2847827430.619939,0.35751697381183306,2172569380.060572,0.27274490785645,0.0,2200383212.806725,0.2762366634335597,755609122.937141,1259348538.228568,0.15809893307468478,0.745481,0.745481,1689858000,1689858000,,,1620597277,17:54:37,20210509
26,1994-12-31,RIO,USD,1994-12-31,1994-12-31,FY,3577067992.433125,0.0,0.0,0.0,140706345.856198,0.0,0.0,0.0,0.0,2778168628.738489,106311461.313572,356456076.169035,1155355439.863671,0.32298951048951047,798899363.694636,0.22333916083916086,0.0,1441458343.104607,0.40297202797202797,414302018.354361,956803151.822147,0.26748251748251745,0.741341,0.741341,1290393000,1290393000,,,1620597277,17:54:37,20210509
27,1993-12-31,RIO,USD,1993-12-31,1993-12-31,FY,4709780486.361754,0.0,0.0,0.0,124253002.780901,0.0,0.0,0.0,0.0,3930240814.153009,139045026.921484,371279805.928643,1150819478.137388,0.24434673366834161,779539672.208745,0.1655150753768844,0.0,643453050.115378,0.13662060301507542,170108277.616709,424531092.834744,0.09013819095477396,0.329934,0.329934,1286761500,1286761500,,,1620597277,17:54:37,20210509
28,1992-12-31,RIO,USD,1992-12-31,1992-12-31,FY,4926212973.776409,0.0,0.0,0.0,77351250.511883,0.0,0.0,0.0,0.0,4316503116.800388,154702501.023767,336705443.404668,946415300.380689,0.19211822660098513,609709856.976021,0.12376847290640393,0.0,790196108.170415,0.16040640394088662,373106031.880849,362489193.575296,0.0735837438423645,0.281913,0.281913,1284340500,1284340500,,,1620597277,17:54:37,20210509
29,1991-12-31,RIO,USD,1991-12-31,1991-12-31,FY,6646457842.146626,0.0,0.0,0.0,102915310.055761,0.0,0.0,0.0,0.0,5529358931.177725,282549305.789454,366752741.289622,1483851652.258523,0.22325450450450446,1117098910.968901,0.16807432432432431,0.0,813966543.168295,0.12246621621621627,349912054.189589,383593428.389656,0.05771396396396395,0.287518,0.287518,1200816000,1200816000,,,1620597277,17:54:37,20210509
30,1990-12-31,RIO,USD,1990-12-31,1990-12-31,FY,7459202962.848656,0.0,0.0,0.0,98375834.265653,0.0,0.0,0.0,0.0,7459202962.848656,401219088.769723,426295281.817831,2523050808.224991,0.3382467028704421,0.0,0.22730799069045776,0.0,1695536437.637437,0.22730799069045776,582539253.88681,1033910728.752749,0.13860874062580814,0.814281,0.814281,1193553000,1193553000,,,1620597277,17:54:37,20210509
31,1989-12-31,RIO,USD,1989-12-31,1989-12-31,FY,9878048780.487804,0.0,0.0,0.0,85044929.396662,0.0,0.0,0.0,0.0,9878048780.487804,438061617.45828,361039794.608472,2570603337.612323,0.26023391812865493,0.0,0.1793372319688109,0.0,1771501925.545571,0.1793372319688109,670731707.317073,1330231065.468549,0.13466536712150745,1.059143,1.059143,1126975500,1126975500,,,1620597277,17:54:37,20210509
32,1988-12-31,RIO,USD,1988-12-31,1988-12-31,FY,8879919273.46115,0.0,0.0,0.0,55859881.793282,0.0,0.0,0.0,0.0,8879919273.46115,163975782.038345,250468502.234395,1998342222.862909,0.22504058441558444,0.0,0.17836850649350655,0.0,1583897938.590169,0.17836850649350655,578420066.311085,1403704771.515064,0.15807629870129872,1.480035,1.480035,948426750,948426750,,,1620597277,17:54:37,20210509
33,1987-12-31,RIO,USD,1987-12-31,1987-12-31,FY,8481816648.867405,0.0,0.0,0.0,72133850.448729,0.0,0.0,0.0,0.0,8481816648.867405,163191126.599592,278980008.61859,1592565529.387518,0.1877623149988955,0.0,0.13563066048155517,0.0,1150394394.169337,0.13563066048155517,472148839.30077,532853690.068012,0.0628230616302187,0.567259,0.567259,939348000,939348000,,,1620597277,17:54:37,20210509
34,1986-12-31,RIO,USD,1986-12-31,1986-12-31,FY,6423523846.131102,0.0,0.0,0.0,58691345.613672,0.0,0.0,0.0,0.0,6423523846.131102,108808136.956329,245853168.149966,1234292303.598356,0.1921518987341772,0.0,0.13693901035673187,0.0,879630998.492061,0.13693901035673187,400638656.456048,356139676.532332,0.05544303797468355,0.15185,0.15185,2345343750,2345343750,,,1620597277,17:54:37,20210509
35,1985-12-31,RIO,USD,1985-12-31,1985-12-31,FY,4463573105.902353,0.0,0.0,0.0,49558440.06166,0.0,0.0,0.0,0.0,4463573105.902353,127497730.972584,238572025.413107,1251206546.324176,0.28031501145789633,0.0,0.19830229480682948,0.0,885136789.938484,0.19830229480682948,458127440.104879,248656591.704724,0.055707968886163396,0.106021,0.106021,2345343750,2345343750,,,1620597277,17:54:37,20210509
