,date,symbol,reportedCurrency,fillingDate,acceptedDate,period,revenue,costOfRevenue,grossProfit,grossProfitRatio,researchAndDevelopmentExpenses,generalAndAdministrativeExpenses,sellingAndMarketingExpenses,otherExpenses,operatingExpenses,costAndExpenses,interestExpense,depreciationAndAmortization,ebitda,ebitdaratio,operatingIncome,operatingIncomeRatio,totalOtherIncomeExpensesNet,incomeBeforeTax,incomeBeforeTaxRatio,incomeTaxExpense,netIncome,netIncomeRatio,eps,epsdiluted,weightedAverageShsOut,weightedAverageShsOutDil,link,finalLink,timestamp,est_time,est_date
0,2020-12-31,RCII,USD,2021-03-01,2021-02-26 18:29:37,FY,2814191000,1142039000.0,1672152000,0.5941856824927662,0.0,732233000.0,0.0,1281708000.0,1434816000.0,2576855000,15325000.0,56658000.0,293994000,0.10446838896151682,237336000.0,0.08433542712630379,0.0,222779000.0,0.07916271496852914,14664000.0,208115000.0,0.0739519812265763,3.830924988495168,3.830924988495168,53985000,53985000,https://www.sec.gov/Archives/edgar/data/933036/000093303621000049/0000933036-21-000049-index.htm,https://www.sec.gov/Archives/edgar/data/933036/000093303621000049/rcii-20201231.htm,1620597108,17:51:48,20210509
1,2019-12-31,RCII,USD,2020-03-02,2020-02-28 18:46:33,FY,2669852000,1025781000.0,1644071000,0.6157910625757532,0.0,772730000.0,0.0,0.0,1390212000.0,2415993000,31031000.0,61104000.0,314963000,0.11797020958465114,253859000.0,0.09508354770226964,0.0,223783000.0,0.08381850379721423,50237000.0,173546000.0,0.06500210498559471,3.19,3.1,54325000,55955000,https://www.sec.gov/Archives/edgar/data/933036/000093303620000010/0000933036-20-000010-index.htm,https://www.sec.gov/Archives/edgar/data/933036/000093303620000010/racq42019-form10xk.htm,1620597108,17:51:48,20210509
2,2018-12-31,RCII,USD,2019-03-01,2019-03-01 15:57:27,FY,2660465000,972297000.0,1688168000,0.6345386990620061,0.0,846867000.0,0.0,0.0,1632031000.0,2604328000,42968000.0,68946000.0,125083000,0.047015465341585023,56137000.0,0.021100446726418125,-475000.0,13841000.0,0.005202474003604633,5349000.0,8492000.0,0.0031919232164302107,0.15881505862991155,0.1556965274467383,53471000,54542000,https://www.sec.gov/Archives/edgar/data/933036/000093303619000007/0000933036-19-000007-index.htm,https://www.sec.gov/Archives/edgar/data/933036/000093303619000007/rac2018-form10xk.htm,1620597108,17:51:48,20210509
3,2017-12-31,RCII,USD,2018-03-01,2018-02-28 19:50:05,FY,2702540000,983998000.0,1718542000,0.6358988211090307,0.0,903556000.0,0.0,0.0,1781601000.0,2765599000,45996000.0,74639000.0,11580000,0.004284857948448496,-63059000.0,-0.023333234660726575,-1936000.0,-110200000.0,-0.040776454742575505,-116853000.0,6653000.0,0.0024617581978435103,0.12486393153410157,0.12356065671198277,53282000,53844000,https://www.sec.gov/Archives/edgar/data/933036/000093303618000010/0000933036-18-000010-index.htm,https://www.sec.gov/Archives/edgar/data/933036/000093303618000010/rac2017-form10xk.htm,1620597108,17:51:48,20210509
4,2016-12-31,RCII,USD,2017-03-01,2017-03-01 17:25:16,FY,2963252000,1028203000.0,1935049000,0.6530153358539874,0.0,957956000.0,0.0,0.0,1850325000.0,2878528000,47181000.0,80456000.0,165180000,0.05574281228866124,84724000.0,0.028591560893234867,-151320000.0,-113274000.0,-0.038226246029699804,-8079000.0,-105195000.0,-0.03549984948968228,-2.131229,-2.131229,53149617,53149617,https://www.sec.gov/Archives/edgar/data/933036/000093303617000009/0000933036-17-000009-index.htm,https://www.sec.gov/Archives/edgar/data/933036/000093303617000009/a2016rcii10-k.htm,1620597108,17:51:48,20210509
5,2015-12-31,RCII,USD,2016-02-29,2016-02-29 16:51:17,FY,3278420000,1160311000.0,2118109000,0.6460761586373924,0.0,1020712000.0,0.0,0.0,1955997000.0,3116308000,49326000.0,80720000.0,242832000,0.07406982631877551,162112000.0,0.049448209808383305,-1170000000.0,-1056580000.0,-0.32228329500186065,-189952000.0,-866628000.0,-0.264343189707237,-16.34,-16.34,53050000,53050000,https://www.sec.gov/Archives/edgar/data/933036/000093303616000044/0000933036-16-000044-index.htm,https://www.sec.gov/Archives/edgar/data/933036/000093303616000044/a2015rcii10-k.htm,1620597108,17:51:48,20210509
6,2014-12-31,RCII,USD,2015-03-02,2015-03-02 16:36:18,FY,3157796000,973433000.0,2184363000,0.6917365782970147,0.0,1051245000.0,0.0,0.0,1990901000.0,2964334000,47843000.0,87399000.0,280861000,0.08894209758958463,193462000.0,0.061264882215317264,0.0,142353000.0,0.045079859496940274,45931000.0,96422000.0,0.030534588048119638,1.82,1.81,52850000,53126000,https://www.sec.gov/Archives/edgar/data/933036/000093303615000006/0000933036-15-000006-index.htm,https://www.sec.gov/Archives/edgar/data/933036/000093303615000006/a2014rcii10-k.htm,1620597108,17:51:48,20210509
7,2013-12-31,RCII,USD,2014-03-03,2014-03-03 06:19:07,FY,3104183000,954737000.0,2149446000,0.6924353364476257,0.0,1891748000.0,0.0,0.0,1903277000.0,2858014000,39628000.0,11529000.0,257698000,0.08301636855816813,246169000.0,0.07930234783194161,0.0,207356000.0,0.06679889684338843,79118000.0,128238000.0,0.041311353099994425,2.34,2.32,54804000,55162000,https://www.sec.gov/Archives/edgar/data/933036/000093303614000007/0000933036-14-000007-index.htm,https://www.sec.gov/Archives/edgar/data/933036/000093303614000007/a2013rcii10-k.htm,1620597108,17:51:48,20210509
8,2012-12-31,RCII,USD,2013-02-26,2013-02-25 17:53:38,FY,3082646000,948729000.0,2133917000,0.6922355015788384,0.0,1809556000.0,0.0,0.0,1815445000.0,2764174000,32065000.0,5889000.0,324361000,0.10522161805150511,318472000.0,0.10331124624754189,0.0,287249000.0,0.09318261000452209,103757000.0,183492000.0,0.05952418798655441,3.11,3.09,58913000,59405000,https://www.sec.gov/Archives/edgar/data/933036/000093303613000006/0000933036-13-000006-index.htm,https://www.sec.gov/Archives/edgar/data/933036/000093303613000006/a10-k2012.htm,1620597108,17:51:48,20210509
9,2011-12-31,RCII,USD,2012-02-28,2012-02-27 18:45:47,FY,2882184000,829668000.0,2052516000,0.7121391278280638,0.0,1730621000.0,0.0,0.0,1735296000.0,2564964000,37234000.0,4675000.0,321895000,0.11168440321644975,317220000.0,0.1100623693698945,-24063000.0,256550000.0,0.08901236007139031,91913000.0,164637000.0,0.05712230725033516,2.69,2.66,61188000,61889000,https://www.sec.gov/Archives/edgar/data/933036/000119312512082244/0001193125-12-082244-index.htm,https://www.sec.gov/Archives/edgar/data/933036/000119312512082244/d306751d10k.htm,1620597108,17:51:48,20210509
10,2010-12-31,RCII,USD,2011-02-25,2011-02-24 19:58:54,FY,2731632000,2279351000.0,452281000,0.16557171683447844,0.0,0.0,0.0,0.0,129573000.0,2408924000,26766000.0,3254000.0,325962000,0.11932866506176527,322708000.0,0.11813743578930105,-22039000.0,274757000.0,0.10058346072970298,103115000.0,171642000.0,0.0628349645925952,2.64,2.6,65104000,65903000,https://www.sec.gov/Archives/edgar/data/933036/000095012311018066/0000950123-11-018066-index.htm,https://www.sec.gov/Archives/edgar/data/933036/000095012311018066/d78805e10vk.htm,1620597108,17:51:48,20210509
11,2009-12-31,RCII,USD,2010-02-26,2010-02-26 06:05:35,FY,2751956000,2320032000.0,431924000,0.15695163730815465,0.0,0.0,0.0,0.0,135600000.0,2455632000,26791000.0,2843000.0,299167000,0.10871067706024369,296324000.0,0.10767759368245713,0.0,270370000.0,0.09824648359203418,102515000.0,167855000.0,0.06099479788194288,2.54,2.52,65986000,66567000,https://www.sec.gov/Archives/edgar/data/933036/000095012310017379/0000950123-10-017379-index.htm,https://www.sec.gov/Archives/edgar/data/933036/000095012310017379/d70983e10vk.htm,1620597108,17:51:48,20210509
12,2008-12-31,RCII,USD,2009-02-27,2009-02-26 18:19:30,FY,2884172000,2467625000.0,416547000,0.14442515910978956,0.0,0.0,0.0,0.0,146656000.0,2614281000,66241000.0,16637000.0,286528000,0.0993449766518779,269891000.0,0.09357659668008704,8832000.0,221342000.0,0.07674368935001102,81718000.0,139624000.0,0.04841042767213606,2.1,2.08,66606000,67191000,https://www.sec.gov/Archives/edgar/data/933036/000095013409003883/0000950134-09-003883-index.htm,https://www.sec.gov/Archives/edgar/data/933036/000095013409003883/d66311e10vk.htm,1620597108,17:51:48,20210509
13,2007-12-31,RCII,USD,2008-02-29,2008-02-28 19:07:09,FY,2906121000,2461484000.0,444637000,0.15300016757733073,0.0,0.0,0.0,0.0,201687000.0,2663171000,0.0,15734000.0,258684000,0.08901349943791054,242950000.0,0.08359940965981802,-100963000.0,116286000.0,0.0400141632093089,40018000.0,76268000.0,0.026243917579481378,1.11,1.1,68709910,69334545,https://www.sec.gov/Archives/edgar/data/933036/000095013408003737/0000950134-08-003737-index.htm,https://www.sec.gov/Archives/edgar/data/933036/000095013408003737/d54165e10vk.htm,1620597108,17:51:48,20210509
14,2006-12-31,RCII,USD,2007-03-01,2007-03-01 13:14:26,FY,2433908000,2039535000.0,394373000,0.16203282950711367,0.0,0.0,0.0,0.0,172429000.0,2211964000,0.0,5573000.0,227517000,0.09347806079769655,221944000.0,0.09118832757852803,-78103000.0,164138000.0,0.06743804613814491,61046000.0,103092000.0,0.04235657222869558,1.48,1.46,69656757,70610959,https://www.sec.gov/Archives/edgar/data/933036/000095013407004543/0000950134-07-004543-index.htm,https://www.sec.gov/Archives/edgar/data/933036/000095013407004543/d43717e10vk.htm,1620597108,17:51:48,20210509
15,2005-12-31,RCII,USD,2006-03-10,2006-03-10 16:39:21,FY,2339107000,1988175000.0,350932000,0.1500281945203875,0.0,0.0,0.0,0.0,85995000.0,2074170000,0.0,11705000.0,276642000,0.11826821090270774,264937000.0,0.11326416448670369,-7166000.0,209068000.0,0.08937940846656438,73330000.0,135738000.0,0.058029837882576554,1.86,1.83,72977419,74173770,https://www.sec.gov/Archives/edgar/data/933036/000095013406004738/0000950134-06-004738-index.htm,https://www.sec.gov/Archives/edgar/data/933036/000095013406004738/d32968e10vk.htm,1620597108,17:51:48,20210509
16,2004-12-31,RCII,USD,2005-03-10,2005-03-10 17:26:29,FY,2313255000,1897043000.0,416212000,0.17992482454377057,0.0,0.0,0.0,0.0,133261000.0,2030304000,0.0,10780000.0,293731000,0.1269773544205027,282951000.0,0.12231725425860962,-43249000.0,251379000.0,0.1086689534876181,95524000.0,155855000.0,0.06737475980814912,1.99,1.94,78319095,80337629,https://www.sec.gov/Archives/edgar/data/933036/000095013405004635/0000950134-05-004635-index.htm,https://www.sec.gov/Archives/edgar/data/933036/000095013405004635/d23167e10vk.htm,1620597108,17:51:48,20210509
17,2003-12-31,RCII,USD,2003-12-31,2003-12-31,FY,2228150000,122922000.0,2105228000,0.9448322599465925,0.0,0.0,0.0,0.0,290348000.0,413270000,0.0,445208000.0,2260088000,1.0143338644166686,1814880000.0,0.8145232592060678,-35260000.0,290830000.0,0.13052532369903283,109334000.0,181496000.0,0.08145591634315463,2.16,2.08,84025926,87257692,,,1620597108,17:51:48,20210509
18,2002-12-31,RCII,USD,2002-12-31,2002-12-31,FY,2010044000,137589000.0,1872455000,0.9315492596181975,0.0,0.0,0.0,0.0,1522006000.0,1659595000,0.0,388445000.0,738894000,0.36760090823882463,350449000.0,0.17434891972514036,0.0,288443000.0,0.14350083878760864,116270000.0,172173000.0,0.08565633389119841,2.204,1.896,73485027,85422468,,,1620597108,17:51:48,20210509
19,2001-12-31,RCII,USD,2001-12-31,2001-12-31,FY,1808528000,123790000.0,1684738000,0.9315520688648448,0.0,1074761000.0,0.0,0.0,1500152000.0,1623942000,0.0,373391000.0,557977000,0.3085254969787584,184586000.0,0.10206422018348624,-52000000.0,124806000.0,0.06900971397733405,58589000.0,66217000.0,0.036613754390310796,0.788,0.716,64478426,70962291,,,1620597108,17:51:48,20210509
20,2000-12-31,RCII,USD,2000-12-31,2000-12-31,FY,1601614000,79207000.0,1522407000,0.9505455122145535,0.0,914327000.0,0.0,0.0,1277777000.0,1356984000,0.0,363450000.0,608080000,0.37966701090275184,244630000.0,0.15273967385399978,22383000.0,194395000.0,0.1213744385351277,91368000.0,103027000.0,0.06432698515372617,1.516,1.184,61086412,78215372,,,1620597108,17:51:48,20210509
21,1999-12-31,RCII,USD,1999-12-31,1999-12-31,FY,1417200000,858600000.0,558600000,0.39415749364944963,0.0,42000000.0,0.0,0.0,368500000.0,1227100000,0.0,326500000.0,516600000,0.3645215918712955,190100000.0,0.1341377363815975,0.0,115300000.0,0.08135760654812306,55900000.0,59400000.0,0.04191363251481795,0.816,0.696,60539216,70977011,,,1620597108,17:51:48,20210509
22,1998-12-31,RCII,USD,1998-12-31,1998-12-31,FY,809700000,56200000.0,753500000,0.9305915771273311,0.0,452500000.0,0.0,0.0,651300000.0,707500000,0.0,198800000.0,301000000,0.3717426207237248,102200000.0,0.12621958750154377,-14500000.0,48700000.0,0.06014573298752624,23900000.0,24800000.0,0.030628627886871682,0.336,0.332,156250000,156250000,,,1620597108,17:51:48,20210509
23,1997-12-31,RCII,USD,1997-12-31,1997-12-31,FY,327500000,41600000.0,285900000,0.8729770992366412,0.0,175800000.0,0.0,0.0,244000000.0,285600000,0.0,68200000.0,110100000,0.33618320610687025,41900000.0,0.12793893129770992,4300000.0,44100000.0,0.13465648854961831,18200000.0,25900000.0,0.07908396946564886,0.416,0.412,156250000,156250000,,,1620597108,17:51:48,20210509
24,1996-12-31,RCII,USD,1996-12-31,1996-12-31,FY,238000000,28700000.0,209300000,0.8794117647058823,0.0,126700000.0,0.0,0.0,178300000.0,207000000,0.0,51600000.0,82600000,0.34705882352941175,31000000.0,0.13025210084033614,700000.0,31100000.0,0.13067226890756303,13100000.0,18000000.0,0.07563025210084033,0.288,0.288,62500000,62500000,,,1620597108,17:51:48,20210509
25,1995-12-31,RCII,USD,1995-12-31,1995-12-31,FY,133300000,2900000.0,130400000,0.978244561140285,0.0,0.0,0.0,0.0,0.0,113500000,0.0,34800000.0,54600000,0.40960240060015,19800000.0,0.1485371342835709,0.0,18500000.0,0.13878469617404351,7800000.0,10700000.0,0.08027006751687922,0.0832,0.0832,63420000,63420000,,,1620597108,17:51:48,20210509
26,1994-12-31,RCII,USD,1994-12-31,1994-12-31,FY,74400000,1700000.0,72700000,0.9771505376344086,0.0,0.0,0.0,0.0,0.0,65100000,0.0,22800000.0,32100000,0.4314516129032258,9300000.0,0.125,0.0,7100000.0,0.09543010752688172,1600000.0,5500000.0,0.0739247311827957,0.016533,0.016533,242647059,242647059,,,1620597108,17:51:48,20210509
