,date,symbol,reportedCurrency,fillingDate,acceptedDate,period,revenue,costOfRevenue,grossProfit,grossProfitRatio,researchAndDevelopmentExpenses,generalAndAdministrativeExpenses,sellingAndMarketingExpenses,otherExpenses,operatingExpenses,costAndExpenses,interestExpense,depreciationAndAmortization,ebitda,ebitdaratio,operatingIncome,operatingIncomeRatio,totalOtherIncomeExpensesNet,incomeBeforeTax,incomeBeforeTaxRatio,incomeTaxExpense,netIncome,netIncomeRatio,eps,epsdiluted,weightedAverageShsOut,weightedAverageShsOutDil,link,finalLink,timestamp,est_time,est_date
0,2020-12-31,CNQ,CAD,2020-12-31,2020-12-31,FY,17491000000,17422000000,69000000,0.003944885941341261,0.0,309000000.0,0.0,0.0,0.0,17936000000,756000000.0,0.0,5601000000,0.3202218283688754,-445000000,-0.025441655708650163,328000000.0,-873000000,-0.04991138299696987,-438000000,-435000000,-0.024869933108455776,-0.37,-0.37,1181768000,1181768000,,,1620590495,16:01:35,20210509
1,2019-12-31,CNQ,CAD,2020-03-27 00:00:00,2020-03-27 15:02:52,FY,22871000000,10976000000,11895000000,0.5200909448646758,0.0,567000000.0,0.0,190000000.0,757000000.0,17279000000,-636000000.0,5546000000.0,11138000000,0.48699226094180403,5592000000,0.2445017708014516,0.0,4956000000,0.21669362948712342,-460000000,5416000000,0.23680643609811552,4.53941,4.53941,1193106000,1193106000,https://www.sec.gov/Archives/edgar/data/1017413/000101741320000013/0001017413-20-000013-index.html,https://www.sec.gov/Archives/edgar/data/1017413/000101741320000013/a40-f2019.htm,1620590495,16:01:35,20210509
2,2018-12-31,CNQ,CAD,2019-03-27 00:00:00,2019-03-27 15:28:18,FY,21027000000,10653000000,10374000000,0.4933656727065202,0.0,179000000.0,0.0,186000000.0,365000000.0,16179000000,-1778000000.0,5161000000.0,10009000000,0.4760070385694583,4848000000,0.23056070766157796,0.0,3522000000,0.16749892994721072,931000000,2591000000,0.12322252342226661,2.11725,2.11725,1223758000,1223758000,https://www.sec.gov/Archives/edgar/data/1017413/000101741319000018/0001017413-19-000018-index.html,https://www.sec.gov/Archives/edgar/data/1017413/000101741319000018/a40-f.htm,1620590495,16:01:35,20210509
3,2017-12-31,CNQ,CAD,2018-03-22 00:00:00,2018-03-21 19:00:02,FY,17342000000,9204000000,8138000000,0.46926536731634183,0.0,453000000.0,0.0,164000000.0,617000000.0,15007000000,159000000.0,5186000000.0,7521000000,0.4336870026525199,2335000000,0.13464421635336177,0.0,2873000000,0.1656671664167916,476000000,2397000000,0.13821935186253026,2.02651,2.02651,1182823000,1182823000,https://www.sec.gov/Archives/edgar/data/1017413/000101741318000017/0001017413-18-000017-index.html,https://www.sec.gov/Archives/edgar/data/1017413/000101741318000017/a1231201740-f.htm,1620590495,16:01:35,20210509
4,2016-12-31,CNQ,CAD,2017-03-23 00:00:00,2017-03-23 17:25:43,FY,11427000000,7006000000,4421000000,0.38689069747090227,0.0,700000000.0,0.0,142000000.0,842000000.0,12706000000,-34000000.0,4858000000.0,3579000000,0.31320556576529274,-1279000000,-0.11192789008488667,0.0,-1063000000,-0.0930252909775094,-859000000,-204000000,-0.01785245471252297,-0.18538,-0.18538,1100471000,1100471000,https://www.sec.gov/Archives/edgar/data/1017413/000095014217000639/0000950142-17-000639-index.html,https://www.sec.gov/Archives/edgar/data/1017413/000095014217000639/eh1700424_40f-2016.htm,1620590495,16:01:35,20210509
5,2015-12-31,CNQ,CAD,2016-03-24 00:00:00,2016-03-24 17:09:35,FY,12363000000,7105000000,5258000000,0.42530130227291113,0.0,344000000.0,0.0,173000000.0,517000000.0,13105000000,-663000000.0,5483000000.0,4741000000,0.38348297338833615,-742000000,-0.060017795033567904,-1000000.0,-667000000,-0.053951306317236915,-30000000,-637000000,-0.05152471083070452,-0.58234,-0.58234,1093862000,1093862000,https://www.sec.gov/Archives/edgar/data/1017413/000095014216003370/0000950142-16-003370-index.html,https://www.sec.gov/Archives/edgar/data/1017413/000095014216003370/eh1600409_40f-2015.htm,1620590495,16:01:35,20210509
6,2014-12-31,CNQ,CAD,2015-03-25,2015-03-25,FY,18863000000,8497000000,10366000000,0.5495414303133118,0.0,433000000.0,0.0,193000000.0,626000000.0,13700000000,0.0,4880000000.0,10043000000,0.5324179610878439,5163000000,0.27371043842442877,0.0,5163000000,0.27371043842442877,1234000000,3929000000,0.208291364046016,3.58217,3.58217,1096822000,1096822000,https://www.sec.gov/Archives/edgar/data/1017413/000095014215000641/eh1500406_40f-2014.htm,https://www.sec.gov/Archives/edgar/data/1017413/000095014215000641/eh1500406_40f-2014.htm,1620590495,16:01:35,20210509
7,2013-12-31,CNQ,CAD,2014-03-25,2014-03-25,FY,16145000000,7497000000,8648000000,0.5356457107463611,0.0,470000000.0,0.0,171000000.0,641000000.0,13109000000,0.0,4844000000.0,7880000000,0.48807680396407555,3036000000,0.1880458346237225,0.0,3036000000,0.1880458346237225,766000000,2270000000,0.14060080520284918,2.08066,2.08066,1091000000,1091000000,https://www.sec.gov/Archives/edgar/data/1017413/000095014214000718/eh1400468_40f-2013.htm,https://www.sec.gov/Archives/edgar/data/1017413/000095014214000718/eh1400468_40f-2013.htm,1620590495,16:01:35,20210509
8,2012-12-31,CNQ,CAD,2013-03-28 00:00:00,2013-03-27 20:07:43,FY,14589000000,7001000000,7588000000,0.5201178970457194,0.0,56000000.0,0.0,151000000.0,207000000.0,11980000000,0.0,4328000000.0,6937000000,0.47549523613681544,2609000000,0.17883336760573035,0.0,2609000000,0.17883336760573035,717000000,1892000000,0.12968675029131538,1.72,1.72,1100000000,1100000000,https://www.sec.gov/Archives/edgar/data/1017413/000095014213000713/0000950142-13-000713-index.html,https://www.sec.gov/Archives/edgar/data/1017413/000095014213000713/eh1300455_40f-2012.htm,1620590495,16:01:35,20210509
9,2011-12-31,CNQ,CAD,2012-03-28 00:00:00,2012-03-28 17:26:21,FY,13792000000,5998000000,7794000000,0.5651102088167054,0.0,133000000.0,0.0,130000000.0,3867000000.0,9882000000,0.0,3604000000.0,7514000000,0.544808584686775,3910000000,0.2834976798143852,0.0,3910000000,0.2834976798143852,1267000000,2643000000,0.19163283062645012,2.39619,2.39619,1103000000,1103000000,https://www.sec.gov/Archives/edgar/data/1017413/000095014212000726/0000950142-12-000726-index.html,https://www.sec.gov/Archives/edgar/data/1017413/000095014212000726/eh1200461_40f-2011.htm,1620590495,16:01:35,20210509
10,2010-12-31,CNQ,CAD,2011-03-25,2011-03-25,FY,12901000000,5230000000,7671000000,0.5946050693744671,0.0,504000000.0,0.0,107000000.0,4540000000.0,10142000000,0.0,4036000000.0,6795000000,0.5267033563289667,2759000000,0.21385939074490348,0.0,2759000000,0.21385939074490348,1062000000,1697000000,0.1315401906828928,1.55974,1.55974,1088000000,1088000000,https://www.sec.gov/Archives/edgar/data/1017413/000095014211000623/eh1100179_form40f.htm,https://www.sec.gov/Archives/edgar/data/1017413/000095014211000623/eh1100179_form40f.htm,1620590495,16:01:35,20210509
11,2009-12-31,CNQ,CAD,2010-04-01 00:00:00,2010-04-01 11:11:29,FY,10142000000,4205000000,5937000000,0.585387497535003,0.0,1274000000.0,0.0,90000000.0,3462000000.0,8273000000,0.0,2819000000.0,4688000000,0.46223624531650565,1869000000,0.18428317886018536,0.0,1869000000,0.18428317886018536,289000000,1580000000,0.15578781305462433,1.45756,1.45756,1084000000,1084000000,https://www.sec.gov/Archives/edgar/data/1017413/000095014210000571/0000950142-10-000571-index.html,https://www.sec.gov/Archives/edgar/data/1017413/000095014210000571/form40f_2009.htm,1620590495,16:01:35,20210509
12,2008-12-31,CNQ,CAD,2009-03-27 00:00:00,2009-03-27 13:27:29,FY,14156000000,4387000000,9769000000,0.6900960723368184,0.0,0.0,0.0,71000000.0,3041525012.0,7063000000,0.0,2683000000.0,9776000000,0.6905905623057361,7093000000,0.5010596213619667,0.0,7093000000,0.5010596213619667,2108000000,4985000000,0.35214749929358574,4.61147,4.61147,1081000000,1081000000,https://www.sec.gov/Archives/edgar/data/1017413/000095014209000440/0000950142-09-000440-index.html,https://www.sec.gov/Archives/edgar/data/1017413/000095014209000440/form40f2008.txt,1620590495,16:01:35,20210509
13,2007-12-31,CNQ,CAD,2007-12-31,2007-12-31,FY,11152000000,3754000000,7398000000,0.6633787661406025,0.0,0.0,0.0,70000000.0,6560730956.0,8620000000,0.0,2863000000.0,5395000000,0.4837697274031564,2532000000,0.22704447632711622,0.0,2532000000,0.22704447632711622,-76000000,2608000000,0.23385939741750358,2.41705,2.41705,1079000000,1079000000,,,1620590495,16:01:35,20210509
14,2006-12-31,CNQ,CAD,2006-12-31,2006-12-31,FY,10398000000,3392000000,7006000000,0.67378341988844,0.0,0.0,0.0,68000000.0,2965983225.0,7000000000,0.0,2391000000.0,5789000000,0.5567416810925178,3398000000,0.32679361415656855,0.0,3398000000,0.32679361415656855,874000000,2524000000,0.24273898826697443,2.34791,2.34791,1075000000,1075000000,,,1620590495,16:01:35,20210509
15,2005-12-31,CNQ,CAD,2005-12-31,2005-12-31,FY,8741000000,2127000000,6614000000,0.7566639972543188,0.0,0.0,0.0,69000000.0,3081753693.0,7052000000,0.0,2013000000.0,3702000000,0.42352133623155247,1689000000,0.19322731952865804,0.0,1689000000,0.19322731952865804,639000000,1050000000,0.12012355565724746,0.97493,0.97493,1077000000,1077000000,,,1620590495,16:01:35,20210509
16,2004-12-31,CNQ,CAD,2004-12-31,2004-12-31,FY,6536000000,1815000000,4721000000,0.7223072215422277,0.0,0.0,0.0,51000000.0,2308615311.0,4541000000,0.0,1769000000.0,3764000000,0.5758873929008568,1995000000,0.30523255813953487,0.0,1995000000,0.30523255813953487,590000000,1405000000,0.21496328029375766,1.29972,1.29972,1081000000,1081000000,,,1620590495,16:01:35,20210509
17,2003-12-31,CNQ,CAD,2003-12-31,2003-12-31,FY,5100000000,1578000000,3522000000,0.6905882352941176,0.0,0.0,0.0,0.0,1959294087.0,3275000000,0.0,1565000000.0,3390000000,0.6647058823529411,1825000000,0.35784313725490197,0.0,1825000000,0.35784313725490197,431000000,1394000000,0.2733333333333333,1.26843,1.26843,1099000000,1099000000,,,1620590495,16:01:35,20210509
18,2002-12-31,CNQ,CAD,2002-12-31,2002-12-31,FY,3483000000,997000000,2486000000,0.7137525122021247,0.0,0.0,0.0,0.0,1438463960.0,2500000000,0.0,1314000000.0,2297000000,0.6594889463106517,983000000,0.28222796439850706,0.0,983000000,0.28222796439850706,409000000,575000000,0.1650875681883434,0.5394,0.5394,1066000000,1066000000,,,1620590495,16:01:35,20210509
19,2001-12-31,CNQ,CAD,2001-12-31,2001-12-31,FY,2981000000,800000000,2182000000,0.731969137873197,0.0,38000000.0,0.0,0.0,1010824578.0,1918000000,0.0,904000000.0,1968000000,0.6601811472660181,1064000000,0.35692720563569275,0.0,1064000000,0.35692720563569275,359000000,704000000,0.23616236162361623,0.69497,0.69497,1013000000,1013000000,,,1620590495,16:01:35,20210509
20,2000-12-31,CNQ,CAD,2000-12-31,2000-12-31,FY,3222855429,1039292142,2183563287,0.677524429843111,0.0,26994601.0,0.0,0.0,721355729.0,1760647871,161967606.0,644871026.0,2107078584,0.6537924615047943,1462207558,0.4536993949038848,-2999400.0,1295740851,0.4020474636685914,511397720,784343131,0.24336900871888287,0.8401192818946883,0.21331293541403767,933609248,3676960000,,,1620590495,16:01:35,20210509
21,1999-12-31,CNQ,CAD,1999-12-31,1999-12-31,FY,1287615741,439814815,847800926,0.6584269662170897,0.0,17361111.0,0.0,0.0,400752315.0,840567130,0.0,383391204.0,830439815,0.644943820238681,447048611,0.3471910110797566,-1446759.0,353009259,0.2741573031142371,153356481,199652778,0.15505617991664486,0.060313,0.060313,3566528000,3566528000,,,1620590495,16:01:35,20210509
22,1998-12-31,CNQ,CAD,1998-12-31,1998-12-31,FY,877708978,329721362,547987616,0.6243386244591883,0.0,18575851.0,0.0,0.0,345201238.0,674922600,75851393.0,326625387.0,529411765,0.6031746037352258,202786378,0.23104056479185292,-1547988.0,125386996,0.14285714188057444,66563467,58823529,0.06701939990865628,0.018294,0.018294,3193888000,3193888000,,,1620590495,16:01:35,20210509
23,1997-12-31,CNQ,CAD,1997-12-31,1997-12-31,FY,920657613,357398142,563259471,0.6118012419020751,0.0,12866333.0,0.0,0.0,301644031.0,659042173,0.0,288777698.0,550393138,0.597826086732202,261615440,0.2841614909885071,-8577555.0,215868477,0.23447204905696034,104360257,111508220,0.12111801219635382,0.035661,0.035661,3162208000,3162208000,,,1620590495,16:01:35,20210509
24,1996-12-31,CNQ,CAD,1996-12-31,1996-12-31,FY,636800000,129900000,506900000,0.7960113065326633,0.0,7700000.0,0.0,0.0,190100000.0,320000000,26700000.0,182400000.0,499200000,0.7839195979899497,316800000,0.49748743718592964,-104500000.0,185600000,0.2914572864321608,90600000,95000000,0.14918341708542712,0.035625,0.035625,2666666667,2666666667,,,1620590495,16:01:35,20210509
25,1995-12-31,CNQ,CAD,1995-12-31,1995-12-31,FY,281100000,63900000,217200000,0.7726787620064034,0.0,4300000.0,0.0,0.0,86700000.0,150600000,20900000.0,82400000.0,212900000,0.7573817146922803,130500000,0.464247598719317,-35600000.0,73900000,0.26289576663109215,31500000,42400000,0.15083600142298115,0.019063,0.019063,2224262295,2224262295,,,1620590495,16:01:35,20210509
26,1994-12-31,CNQ,CAD,1994-12-31,1994-12-31,FY,259000000,51300000,207700000,0.801930501930502,0.0,2800000.0,0.0,0.0,59900000.0,111200000,12300000.0,57100000.0,204900000,0.7911196911196912,147800000,0.5706563706563706,-37800000.0,97600000,0.37683397683397685,43400000,54200000,0.20926640926640927,0.026563,0.026563,2040470588,2040470588,,,1620590495,16:01:35,20210509
27,1993-12-31,CNQ,CAD,1993-12-31,1993-12-31,FY,157900000,30900000,127000000,0.8043065231158961,0.0,3000000.0,0.0,0.0,38000000.0,68900000,6500000.0,35000000.0,124000000,0.7853071564281191,89000000,0.5636478784040532,-22400000.0,60100000,0.3806206459784674,25800000,34300000,0.21722609246358454,0.01875,0.01875,1829333333,1829333333,,,1620590495,16:01:35,20210509
