,date,symbol,reportedCurrency,fillingDate,acceptedDate,period,revenue,costOfRevenue,grossProfit,grossProfitRatio,researchAndDevelopmentExpenses,generalAndAdministrativeExpenses,sellingAndMarketingExpenses,otherExpenses,operatingExpenses,costAndExpenses,interestExpense,depreciationAndAmortization,ebitda,ebitdaratio,operatingIncome,operatingIncomeRatio,totalOtherIncomeExpensesNet,incomeBeforeTax,incomeBeforeTaxRatio,incomeTaxExpense,netIncome,netIncomeRatio,eps,epsdiluted,weightedAverageShsOut,weightedAverageShsOutDil,link,finalLink,timestamp,est_time,est_date
0,2020-12-31,XPL,USD,2021-03-05,2021-03-05 12:58:08,FY,0.0,438000.0,-438000.0,0.0,0.0,1044000.0,0.0,104000.0,1044000.0,1482000.0,0.0,63000.0,-1419000.0,0.0,-1482000.0,0.0,416000.0,-939000.0,0.0,0.0,-939000.0,0.0,-0.02,-0.02,58116000,58116000,https://www.sec.gov/Archives/edgar/data/917225/000165495421002412/0001654954-21-002412-index.htm,https://www.sec.gov/Archives/edgar/data/917225/000165495421002412/slr_10k.htm,1620600042,18:40:42,20210509
1,2019-12-31,XPL,USD,2020-03-02 00:00:00,2020-03-02 13:56:40,FY,408000.0,1832000.0,-1424000.0,-3.4901960784313726,0.0,1368000.0,0.0,0.0,1368000.0,3200000.0,0.0,62000.0,-2730000.0,-6.6911764705882355,-2792000.0,-6.8431372549019605,-749000.0,-3289000.0,-8.061274509803921,0.0,-3289000.0,-8.061274509803921,-0.06,-0.06,58143000,58143000,https://www.sec.gov/Archives/edgar/data/917225/000165495420002140/0001654954-20-002140-index.html,https://www.sec.gov/Archives/edgar/data/917225/000165495420002140/slr_10k.htm,1620600042,18:40:42,20210509
2,2018-12-31,XPL,USD,2019-03-01 00:00:00,2019-03-01 09:41:14,FY,502000.0,1279000.0,-777000.0,-1.547808764940239,0.0,1954000.0,0.0,0.0,1954000.0,3233000.0,0.0,25000.0,-2706000.0,-5.390438247011952,-2731000.0,-5.440239043824701,-1059000.0,-3598000.0,-7.1673306772908365,0.0,-3598000.0,-7.1673306772908365,-0.06,-0.06,58360000,58360000,https://www.sec.gov/Archives/edgar/data/917225/000091722519000003/0000917225-19-000003-index.html,https://www.sec.gov/Archives/edgar/data/917225/000091722519000003/frm10k18.htm,1620600042,18:40:42,20210509
3,2017-12-31,XPL,USD,2018-03-14 00:00:00,2018-03-14 14:33:31,FY,0.0,712000.0,-712000.0,0.0,0.0,1202000.0,0.0,0.0,1202000.0,1914000.0,0.0,13000.0,-1901000.0,0.0,-1914000.0,0.0,849000.0,-942000.0,0.0,0.0,-942000.0,0.0,-0.02,-0.02,47990000,47990000,https://www.sec.gov/Archives/edgar/data/917225/000091722518000006/0000917225-18-000006-index.html,https://www.sec.gov/Archives/edgar/data/917225/000091722518000006/szck17v4.htm,1620600042,18:40:42,20210509
4,2016-12-31,XPL,USD,2017-03-13 00:00:00,2017-03-13 14:45:56,FY,0.0,633000.0,-633000.0,0.0,0.0,2163000.0,0.0,0.0,2163000.0,2796000.0,0.0,5000.0,-2791000.0,0.0,-2796000.0,0.0,689000.0,-2063000.0,0.0,-353000.0,-1710000.0,0.0,-0.04,-0.04,38906000,38906000,https://www.sec.gov/Archives/edgar/data/917225/000091722517000005/0000917225-17-000005-index.html,https://www.sec.gov/Archives/edgar/data/917225/000091722517000005/frm10k16.htm,1620600042,18:40:42,20210509
5,2015-12-31,XPL,USD,2016-03-03 00:00:00,2016-03-03 12:13:35,FY,0.0,100000.0,-100000.0,0.0,0.0,1965000.0,0.0,0.0,1965000.0,2065000.0,0.0,11000.0,-2054000.0,0.0,-2065000.0,0.0,-827000.0,-2880000.0,0.0,560000.0,8872000.0,0.0,0.23,0.23,39287000,39287000,https://www.sec.gov/Archives/edgar/data/917225/000091722516000041/0000917225-16-000041-index.html,https://www.sec.gov/Archives/edgar/data/917225/000091722516000041/frmk2015.htm,1620600042,18:40:42,20210509
6,2014-12-31,XPL,USD,2015-03-30,2015-03-30 16:02:20,FY,200000.0,292000.0,-92000.0,-0.46,0.0,2176000.0,0.0,0.0,2176000.0,2468000.0,0.0,13000.0,-2255000.0,-11.275,-2268000.0,-11.34,424000.0,-1843000.0,-9.215,0.0,-1833000.0,-9.165,-0.05,-0.05,38967000,38967000,https://www.sec.gov/Archives/edgar/data/917225/000091722515000003/frm10k14.htm,https://www.sec.gov/Archives/edgar/data/917225/000091722515000003/frm10k14.htm,1620600042,18:40:42,20210509
7,2013-12-31,XPL,USD,2014-03-07,2014-03-07 11:35:55,FY,300000.0,823000.0,-523000.0,-1.7433333333333334,0.0,2244000.0,0.0,0.0,2244000.0,3067000.0,0.0,26000.0,-2741000.0,-9.136666666666667,-2767000.0,-9.223333333333333,529000.0,-2181000.0,-7.27,-176000.0,-2052000.0,-6.84,-0.06,-0.06,35743000,35743000,https://www.sec.gov/Archives/edgar/data/917225/000091722514000018/frm10k13.htm,https://www.sec.gov/Archives/edgar/data/917225/000091722514000018/frm10k13.htm,1620600042,18:40:42,20210509
8,2012-12-31,XPL,USD,2013-03-08 00:00:00,2013-03-08 14:40:48,FY,300000.0,2047000.0,-1747000.0,-5.823333333333333,0.0,2680000.0,0.0,0.0,2680000.0,4727000.0,318000.0,61000.0,-4366000.0,-14.553333333333333,-4427000.0,-14.756666666666666,499000.0,-4246000.0,-14.153333333333334,-648000.0,-3297000.0,-10.99,-0.1,-0.1,34351000,34351000,https://www.sec.gov/Archives/edgar/data/917225/000091722513000011/0000917225-13-000011-index.html,https://www.sec.gov/Archives/edgar/data/917225/000091722513000011/frm10k.htm,1620600042,18:40:42,20210509
9,2011-12-31,XPL,USD,2012-03-12 00:00:00,2012-03-12 17:06:39,FY,242000.0,0.0,242000.0,1.0,0.0,0.0,0.0,0.0,8849000.0,8849000.0,0.0,46000.0,-8561000.0,-35.37603305785124,-8607000.0,-35.56611570247934,1167000.0,-7603000.0,-31.417355371900825,-635000.0,-3377000.0,-13.954545454545455,-0.1,-0.1,32807000,32807000,https://www.sec.gov/Archives/edgar/data/917225/000091722512000011/0000917225-12-000011-index.html,https://www.sec.gov/Archives/edgar/data/917225/000091722512000011/frm10k11.htm,1620600042,18:40:42,20210509
10,2010-12-31,XPL,USD,2011-03-11,2011-03-11 17:21:14,FY,200000.0,0.0,200000.0,1.0,0.0,4280000.0,0.0,0.0,8380000.0,8380000.0,0.0,67000.0,-8113000.0,-40.565,-8180000.0,-40.9,1618000.0,-6499000.0,-32.495,-1159000.0,-4066000.0,-20.33,-0.14,-0.14,29750000,29750000,https://www.sec.gov/Archives/edgar/data/917225/000091722511000001/0000917225-11-000001-index.htm,https://www.sec.gov/Archives/edgar/data/917225/000091722511000001/frm10k.htm,1620600042,18:40:42,20210509
11,2009-12-31,XPL,USD,2010-02-16 00:00:00,2010-02-16 07:25:50,FY,200000.0,0.0,200000.0,1.0,0.0,2079000.0,0.0,0.0,5749000.0,5749000.0,0.0,91000.0,-5458000.0,-27.29,-5549000.0,-27.745,4234000.0,-1209000.0,-6.045,996000.0,-1786000.0,-8.93,-0.06,-0.06,29750000,29750000,https://www.sec.gov/Archives/edgar/data/917225/000091722510000004/0000917225-10-000004-index.html,https://www.sec.gov/Archives/edgar/data/917225/000091722510000004/frm10k09.htm,1620600042,18:40:42,20210509
12,2008-12-31,XPL,USD,2009-03-13 00:00:00,2009-03-13 16:17:42,FY,200000.0,0.0,200000.0,1.0,0.0,-936.0,0.0,0.0,4687000.0,4687000.0,0.0,98000.0,-4389000.0,-21.945,-4487000.0,-22.435,5614000.0,1284000.0,6.42,2128000.0,-617000.0,-3.085,-0.02,-0.02,29691000,29691000,https://www.sec.gov/Archives/edgar/data/917225/000091722509000007/0000917225-09-000007-index.html,https://www.sec.gov/Archives/edgar/data/917225/000091722509000007/frm10k08.htm,1620600042,18:40:42,20210509
13,2007-12-31,XPL,USD,2008-03-11,2008-03-11 13:13:47,FY,100000.0,0.0,100000.0,1.0,0.0,0.0,0.0,0.0,6163000.0,6163000.0,0.0,85000.0,-5978000.0,-59.78,-6063000.0,-60.63,2362000.0,-3625000.0,-36.25,303000.0,-3911000.0,-39.11,-0.13,-0.13,29467000,29467000,https://www.sec.gov/Archives/edgar/data/917225/000091722508000002/0000917225-08-000002-index.htm,https://www.sec.gov/Archives/edgar/data/917225/000091722508000002/frm10k.htm,1620600042,18:40:42,20210509
14,2006-12-31,XPL,USD,2007-02-28,2007-02-28 15:32:48,FY,0.0,0.0,0.0,0.0,0.0,0.0,0.0,0.0,5233000.0,5233000.0,0.0,49000.0,-5184000.0,0.0,-5233000.0,0.0,2079000.0,-3129000.0,0.0,54000.0,-3183000.0,0.0,-0.11,-0.11,28422000,28422000,https://www.sec.gov/Archives/edgar/data/917225/000091722507000016/0000917225-07-000016-index.htm,https://www.sec.gov/Archives/edgar/data/917225/000091722507000016/src10k.htm,1620600042,18:40:42,20210509
15,2005-12-31,XPL,USD,2006-03-28,2006-03-28 15:34:30,FY,0.0,0.0,0.0,0.0,0.0,0.0,0.0,0.0,3100009.0,3100009.0,0.0,29237.0,-3070772.0,0.0,-3100009.0,0.0,1224525.0,-1823029.0,0.0,257116.0,-2079285.0,0.0,-0.08,-0.08,27311000,27311000,https://www.sec.gov/Archives/edgar/data/917225/000091722506000013/0000917225-06-000013-index.htm,https://www.sec.gov/Archives/edgar/data/917225/000091722506000013/frm10k05.htm,1620600042,18:40:42,20210509
16,2004-12-31,XPL,USD,2005-03-24,2005-03-24 16:04:08,FY,0.0,0.0,0.0,0.0,0.0,0.0,0.0,0.0,2226019.0,2226019.0,0.0,119177.0,-2106842.0,0.0,-2226019.0,0.0,-1826819.0,-3860322.0,0.0,-935078.0,-2925244.0,0.0,-0.11612719333068679,-0.11404460038986355,25190000,25650000,https://www.sec.gov/Archives/edgar/data/917225/000091722505000005/0000917225-05-000005-index.htm,https://www.sec.gov/Archives/edgar/data/917225/000091722505000005/form10k.htm,1620600042,18:40:42,20210509
