,date,symbol,reportedCurrency,fillingDate,acceptedDate,period,revenue,costOfRevenue,grossProfit,grossProfitRatio,researchAndDevelopmentExpenses,generalAndAdministrativeExpenses,sellingAndMarketingExpenses,otherExpenses,operatingExpenses,costAndExpenses,interestExpense,depreciationAndAmortization,ebitda,ebitdaratio,operatingIncome,operatingIncomeRatio,totalOtherIncomeExpensesNet,incomeBeforeTax,incomeBeforeTaxRatio,incomeTaxExpense,netIncome,netIncomeRatio,eps,epsdiluted,weightedAverageShsOut,weightedAverageShsOutDil,link,finalLink,timestamp,est_time,est_date
0,2020-12-31,HWDN.L,GBP,2020-12-31,2020-12-31,FY,1547500000,617500000.0,930000000,0.6009693053311793,0.0,97600000.0,636700000.0,0.0,0.0,1351800000,10400000.0,114000000,309700000.0,0.2001292407108239,195700000.0,0.12646203554119548,0.0,185300000.0,0.11974151857835218,37700000.0,147600000.0,0.09537964458804524,0.249,0.248,592300000,595000000,https://find-and-update.company-information.service.gov.uk/search/companies?q=Howden+Joinery+Group+PLC,https://find-and-update.company-information.service.gov.uk/search/companies?q=Howden+Joinery+Group+PLC,1620593318,16:48:38,20210509
1,2019-12-31,HWDN.L,GBP,2019-12-31,2019-12-31,FY,1583600000,597400000.0,986200000,0.6227582722909826,0.0,104500000.0,621700000.0,0.0,726200000.0,1323600000,0.0,34500000,294500000.0,0.18596867895933317,260000000.0,0.1641828744632483,0.0,260700000.0,0.1646249052791109,51700000.0,209000000.0,0.13197777216468806,0.35,0.348,596900000,599900000,https://find-and-update.company-information.service.gov.uk/search/companies?q=Howden+Joinery+Group+PLC,https://find-and-update.company-information.service.gov.uk/search/companies?q=Howden+Joinery+Group+PLC,1620593318,16:48:38,20210509
2,2018-12-31,HWDN.L,GBP,2018-12-31,2018-12-31,FY,1511300000,579100000.0,932200000,0.6168199563289883,0.0,97700000.0,594400000.0,0.0,692100000.0,1271200000,0.0,30200000,270300000.0,0.17885264341957255,240100000.0,0.15886984715145902,0.0,238500000.0,0.15781115595844636,48100000.0,190400000.0,0.12598425196850394,0.313,0.312,608300000,610800000,https://find-and-update.company-information.service.gov.uk/search/companies?q=Howden+Joinery+Group+PLC,https://find-and-update.company-information.service.gov.uk/search/companies?q=Howden+Joinery+Group+PLC,1620593318,16:48:38,20210509
3,2017-12-31,HWDN.L,GBP,2017-12-31,2017-12-31,FY,1403800000,515400000.0,888400000,0.6328536828608063,0.0,89500000.0,564500000.0,0.0,654000000.0,1169400000,2400000.0,28000000,262400000.0,0.18692121384812652,234400000.0,0.16697535261433252,0.0,232200000.0,0.16540817780310585,47200000.0,185000000.0,0.13178515458042456,0.299,0.298,619100000,621200000,https://find-and-update.company-information.service.gov.uk/search/companies?q=Howden+Joinery+Group+PLC,https://find-and-update.company-information.service.gov.uk/search/companies?q=Howden+Joinery+Group+PLC,1620593318,16:48:38,20210509
4,2016-12-31,HWDN.L,GBP,2016-12-31,2016-12-31,FY,1307300000,467400000.0,839900000,0.6424692113516408,0.0,89200000.0,513500000.0,-1000000.0,602700000.0,1070100000,1000000.0,24000000,261200000.0,0.19980111680562992,237200000.0,0.181442668094546,0.0,237000000.0,0.18128968102195364,51400000.0,185600000.0,0.1419720033657156,0.295,0.294,629600000,631500000,https://find-and-update.company-information.service.gov.uk/search/companies?q=Howden+Joinery+Group+PLC,https://find-and-update.company-information.service.gov.uk/search/companies?q=Howden+Joinery+Group+PLC,1620593318,16:48:38,20210509
5,2015-12-31,HWDN.L,GBP,2015-12-31,2015-12-31,FY,1220200000,435800000.0,784400000,0.6428454351745615,0.0,87500000.0,475000000.0,-4100000.0,562500000.0,998300000,0.0,21600000,243500000.0,0.1995574495984265,221900000.0,0.181855433535486,0.0,219600000.0,0.1799704966398951,44200000.0,175400000.0,0.1437469267333224,0.273,0.272,642800000,642800000,https://find-and-update.company-information.service.gov.uk/search/companies?q=Howden+Joinery+Group+PLC,https://find-and-update.company-information.service.gov.uk/search/companies?q=Howden+Joinery+Group+PLC,1620593318,16:48:38,20210509
6,2014-12-31,HWDN.L,GBP,2014-12-31,2014-12-31,FY,1090800000,396300000.0,694500000,0.6366886688668867,0.0,80800000.0,423900000.0,-100000.0,504700000.0,901000000,0.0,20800000,210600000.0,0.19306930693069307,189800000.0,0.174000733406674,0.0,188800000.0,0.17308397506417308,40100000.0,157800000.0,0.14466446644664466,0.246,0.244,640700000,646900000,https://find-and-update.company-information.service.gov.uk/search/companies?q=Howden+Joinery+Group+PLC,https://find-and-update.company-information.service.gov.uk/search/companies?q=Howden+Joinery+Group+PLC,1620593318,16:48:38,20210509
7,2013-12-31,HWDN.L,GBP,2013-12-31,2013-12-31,FY,956500000,366300000.0,590200000,0.6170412963930998,0.0,72200000.0,375500000.0,-4100000.0,447700000.0,814000000,300000.0,18700000,161200000.0,0.16853110297961318,142500000.0,0.14898065865133298,0.0,133900000.0,0.13998954521693674,34100000.0,99800000.0,0.10433873497124935,0.157,0.155,636600000,642200000,https://find-and-update.company-information.service.gov.uk/search/companies?q=Howden+Joinery+Group+PLC,https://find-and-update.company-information.service.gov.uk/search/companies?q=Howden+Joinery+Group+PLC,1620593318,16:48:38,20210509
8,2012-12-31,HWDN.L,GBP,2012-12-31,2012-12-31,FY,887100000,341800000.0,545300000,0.6146995829106076,0.0,66400000.0,359100000.0,-7300000.0,425500000.0,767300000,400000.0,16900000,136700000.0,0.15409762146319467,119800000.0,0.13504678164806674,0.0,112100000.0,0.12636681321158832,24100000.0,84200000.0,0.0949160184872055,0.134,0.133,627000000,631000000,https://find-and-update.company-information.service.gov.uk/search/companies?q=Howden+Joinery+Group+PLC,https://find-and-update.company-information.service.gov.uk/search/companies?q=Howden+Joinery+Group+PLC,1620593318,16:48:38,20210509
9,2011-12-31,HWDN.L,GBP,2011-12-31,2011-12-31,FY,853800000,345500000.0,508300000,0.5953384867650504,0.0,0.0,333200000.0,0.0,393800000.0,739300000,4300000.0,17600000,132100000.0,0.1547200749590068,114500000.0,0.13410634809088778,0.0,110000000.0,0.12883579292574374,28900000.0,73300000.0,0.08585148746779105,0.121,0.118,606300000,623000000,https://find-and-update.company-information.service.gov.uk/search/companies?q=Howden+Joinery+Group+PLC,https://find-and-update.company-information.service.gov.uk/search/companies?q=Howden+Joinery+Group+PLC,1620593318,16:48:38,20210509
10,2010-12-31,HWDN.L,GBP,2010-12-31,2010-12-31,FY,807900000,324900000.0,483000000,0.597846268102488,0.0,0.0,315500000.0,-5300000.0,378000000.0,702900000,6800000.0,18200000,123200000.0,0.15249412055947517,105000000.0,0.12996658002227998,0.0,100900000.0,0.1248916945166481,34000000.0,66900000.0,0.08280727812848125,0.111,0.108,605200000,617400000,https://find-and-update.company-information.service.gov.uk/search/companies?q=Howden+Joinery+Group+PLC,https://find-and-update.company-information.service.gov.uk/search/companies?q=Howden+Joinery+Group+PLC,1620593318,16:48:38,20210509
11,2009-12-31,HWDN.L,GBP,2009-12-31,2009-12-31,FY,769500000,337400000.0,432100000,0.5615334632878493,0.0,0.0,294000000.0,-8000000.0,340900000.0,678300000,11000000.0,18100000,109300000.0,0.14204028589993503,91200000.0,0.11851851851851852,0.0,68600000.0,0.08914879792072775,18500000.0,45700000.0,0.05938921377517869,0.076,0.075,602800000,606000000,https://find-and-update.company-information.service.gov.uk/search/companies?q=Howden+Joinery+Group+PLC,https://find-and-update.company-information.service.gov.uk/search/companies?q=Howden+Joinery+Group+PLC,1620593318,16:48:38,20210509
12,2008-12-31,HWDN.L,GBP,2008-12-31,2008-12-31,FY,805700000,377200000.0,428500000,0.5318356708452278,0.0,0.0,298300000.0,100000.0,336600000.0,713800000,6300000.0,17200000,109100000.0,0.13541020230855158,91900000.0,0.11406230606925655,0.0,79100000.0,0.09817549956559514,24100000.0,-51200000.0,-0.06354722601464564,-0.08561872909698996,-0.08400328137817883,598000000,609500000,https://find-and-update.company-information.service.gov.uk/search/companies?q=Howden+Joinery+Group+PLC,https://find-and-update.company-information.service.gov.uk/search/companies?q=Howden+Joinery+Group+PLC,1620593318,16:48:38,20210509
13,2007-12-31,HWDN.L,GBP,2007-12-31,2007-12-31,FY,976500000,527200000.0,449300000,0.4601126472094214,0.0,0.0,307500000.0,900000.0,369400000.0,896600000,9900000.0,18700000,98600000.0,0.10097286226318485,79900000.0,0.08182283666154634,0.0,44400000.0,0.04546850998463902,-8500000.0,43900000.0,0.04495647721454173,0.073,0.072,598600000,612400000,https://find-and-update.company-information.service.gov.uk/search/companies?q=Howden+Joinery+Group+PLC,https://find-and-update.company-information.service.gov.uk/search/companies?q=Howden+Joinery+Group+PLC,1620593318,16:48:38,20210509
14,2006-12-31,HWDN.L,GBP,2006-12-31,2006-12-31,FY,733000000,383300000.0,349700000,0.47708049113233286,0.0,0.0,241600000.0,1000000.0,289800000.0,673100000,12000000.0,23600000,83500000.0,0.11391541609822646,59900000.0,0.08171896316507503,0.0,25000000.0,0.034106412005457026,18900000.0,-170700000.0,-0.23287858117326057,-0.28718034993270525,-0.2837433510638298,594400000,601600000,https://find-and-update.company-information.service.gov.uk/search/companies?q=Howden+Joinery+Group+PLC,https://find-and-update.company-information.service.gov.uk/search/companies?q=Howden+Joinery+Group+PLC,1620593318,16:48:38,20210509
15,2005-12-31,HWDN.L,GBP,2005-12-31,2005-12-31,FY,621800000,333300000.0,288500000,0.46397555484078484,0.0,0.0,210900000.0,600000.0,97700000.0,431000000,15500000.0,26300000,217100000.0,0.3491476358957864,190800000.0,0.30685107751688645,0.0,29800000.0,0.04792537793502734,23500000.0,-125400000.0,-0.2016725635252493,-0.2131203263086336,-0.20906968989663222,588400000,599800000,https://find-and-update.company-information.service.gov.uk/search/companies?q=Howden+Joinery+Group+PLC,https://find-and-update.company-information.service.gov.uk/search/companies?q=Howden+Joinery+Group+PLC,1620593318,16:48:38,20210509
16,2004-12-31,HWDN.L,GBP,2004-12-31,2004-12-31,FY,1514600000,765800000.0,748800000,0.49438795721642675,0.0,-559600000.0,623600000.0,13500000.0,710800000.0,1476600000,9700000.0,57100000,95100000.0,0.06278885514327215,38000000.0,0.025089132444209693,0.0,20600000.0,0.01360095074607157,13200000.0,7400000.0,0.004885778423346098,0.013,0.012,581000000,598900000,https://find-and-update.company-information.service.gov.uk/search/companies?q=Howden+Joinery+Group+PLC,https://find-and-update.company-information.service.gov.uk/search/companies?q=Howden+Joinery+Group+PLC,1620593318,16:48:38,20210509
17,2003-12-31,HWDN.L,GBP,2003-12-31,2003-12-31,FY,1481500000,727200000.0,754300000,0.5091461356733041,0.0,-514100000.0,581400000.0,14100000.0,690300000.0,1417500000,1200000.0,47500000,111500000.0,0.07526155923050962,64000000.0,0.043199460006749915,0.0,117900000.0,0.07958150523118461,31100000.0,86800000.0,0.058589267634154577,0.154,0.143,565400000,606700000,https://find-and-update.company-information.service.gov.uk/search/companies?q=Howden+Joinery+Group+PLC,https://find-and-update.company-information.service.gov.uk/search/companies?q=Howden+Joinery+Group+PLC,1620593318,16:48:38,20210509
18,2002-12-31,HWDN.L,GBP,2002-12-31,2002-12-31,FY,1287400000,641200000.0,646200000,0.5019418983998757,0.0,-448500000.0,507400000.0,15700000.0,597800000.0,1239000000,300000.0,40200000,88600000.0,0.06882087929159546,48400000.0,0.03759515302159391,0.0,80800000.0,0.06276215628398323,23400000.0,57400000.0,0.044585987261146494,0.095,0.091,603100000,631700000,https://find-and-update.company-information.service.gov.uk/search/companies?q=Howden+Joinery+Group+PLC,https://find-and-update.company-information.service.gov.uk/search/companies?q=Howden+Joinery+Group+PLC,1620593318,16:48:38,20210509
19,2001-12-31,HWDN.L,GBP,2001-12-31,2001-12-31,FY,1078000000,539300000.0,538700000,0.499721706864564,0.0,0.0,0.0,16400000.0,508900000.0,1048200000,1000000.0,30900000,60700000.0,0.056307977736549164,29800000.0,0.02764378478664193,0.0,58800000.0,0.05454545454545454,16900000.0,41900000.0,0.0388682745825603,0.07,0.067,599500000,621300000,https://find-and-update.company-information.service.gov.uk/search/companies?q=Howden+Joinery+Group+PLC,https://find-and-update.company-information.service.gov.uk/search/companies?q=Howden+Joinery+Group+PLC,1620593318,16:48:38,20210509
20,2000-12-31,HWDN.L,GBP,2000-12-31,2000-12-31,FY,900600000,453700000.0,446900000,0.496224739062847,0.0,0.0,0.0,16400000.0,447200000.0,900900000,800000.0,30400000,30100000.0,0.033422163002442815,-300000.0,-0.00033311125916055963,0.0,64800000.0,0.07195203197868089,15300000.0,49500000.0,0.05496335776149234,0.083,0.082,594900000,604700000,https://find-and-update.company-information.service.gov.uk/search/companies?q=Howden+Joinery+Group+PLC,https://find-and-update.company-information.service.gov.uk/search/companies?q=Howden+Joinery+Group+PLC,1620593318,16:48:38,20210509
21,1999-12-31,HWDN.L,GBP,1999-12-31,1999-12-31,FY,532300000,271100000.0,261200000,0.4907007326695472,0.0,0.0,0.0,12400000.0,282500000.0,553600000,7900000.0,24900000,3600000.0,0.006763103513056547,-21300000.0,-0.040015029118917904,0.0,9100000.0,0.017095622769115162,-1300000.0,10400000.0,0.019537854593274468,0.0174819297360901,0.01742627345844504,594900000,596800000,https://find-and-update.company-information.service.gov.uk/search/companies?q=Howden+Joinery+Group+PLC,https://find-and-update.company-information.service.gov.uk/search/companies?q=Howden+Joinery+Group+PLC,1620593318,16:48:38,20210509
22,1999-04-30,HWDN.L,GBP,1999-04-30,1999-04-30,FY,810400000,0.0,810400000,1.0,0.0,0.0,0.0,17300000.0,821200000.0,821200000,10800000.0,44800000,34000000.0,0.041954590325765054,-10800000.0,-0.01332675222112537,0.0,-24800000.0,-0.03060217176702863,0.0,-24800000.0,-0.03060217176702863,-0.042,-0.042,594900000,594900000,https://find-and-update.company-information.service.gov.uk/search/companies?q=Howden+Joinery+Group+PLC,https://find-and-update.company-information.service.gov.uk/search/companies?q=Howden+Joinery+Group+PLC,1620593318,16:48:38,20210509
23,1998-04-30,HWDN.L,GBP,1998-04-30,1998-04-30,FY,889100000,0.0,889100000,1.0,0.0,0.0,0.0,15600000.0,860000000.0,860000000,7300000.0,36800000,65900000.0,0.07411989652457542,29100000.0,0.03272972668991114,0.0,58600000.0,0.06590934653019907,16800000.0,41800000.0,0.047013834214374085,0.07045090263112211,0.07030870229983466,593321000,594521000,https://find-and-update.company-information.service.gov.uk/search/companies?q=Howden+Joinery+Group+PLC,https://find-and-update.company-information.service.gov.uk/search/companies?q=Howden+Joinery+Group+PLC,1620593318,16:48:38,20210509
24,1997-04-30,HWDN.L,GBP,1997-04-30,1997-04-30,FY,845600000,0.0,845600000,1.0,0.0,0.0,0.0,13500000.0,793700000.0,793700000,6000000.0,28000000,79900000.0,0.09448912015137181,51900000.0,0.06137653736991485,0.0,70300000.0,0.08313623462630085,21800000.0,48500000.0,0.057355723746452224,0.082,0.082,588830000,588830000,https://find-and-update.company-information.service.gov.uk/search/companies?q=Howden+Joinery+Group+PLC,https://find-and-update.company-information.service.gov.uk/search/companies?q=Howden+Joinery+Group+PLC,1620593318,16:48:38,20210509
25,1996-04-30,HWDN.L,GBP,1996-04-30,1996-04-30,FY,766200000,0.0,766200000,1.0,0.0,0.0,0.0,14100000.0,729800000.0,729800000,4500000.0,21700000,58100000.0,0.07582876533542156,36400000.0,0.04750717828243278,0.0,58100000.0,0.07582876533542156,10900000.0,47200000.0,0.06160271469590185,0.081,0.081,582405000,582405000,https://find-and-update.company-information.service.gov.uk/search/companies?q=Howden+Joinery+Group+PLC,https://find-and-update.company-information.service.gov.uk/search/companies?q=Howden+Joinery+Group+PLC,1620593318,16:48:38,20210509
26,1995-04-30,HWDN.L,GBP,1995-04-30,1995-04-30,FY,720700000,0.0,720700000,1.0,0.0,0.0,0.0,11300000.0,674500000.0,674500000,3500000.0,16900000,63100000.0,0.08755376717080617,46200000.0,0.06410434299986124,0.0,66100000.0,0.09171638684612182,21800000.0,44300000.0,0.061468017205494656,0.076,0.076,582145000,582145000,https://find-and-update.company-information.service.gov.uk/search/companies?q=Howden+Joinery+Group+PLC,https://find-and-update.company-information.service.gov.uk/search/companies?q=Howden+Joinery+Group+PLC,1620593318,16:48:38,20210509
27,1994-04-30,HWDN.L,GBP,1994-04-30,1994-04-30,FY,659400000,0.0,659400000,1.0,0.0,0.0,0.0,10600000.0,625700000.0,625700000,6900000.0,16300000,50000000.0,0.07582650894752806,33700000.0,0.05110706703063391,0.0,87800000.0,0.13315134971185927,29600000.0,58200000.0,0.08826205641492266,0.1,0.1,582020000,582020000,https://find-and-update.company-information.service.gov.uk/search/companies?q=Howden+Joinery+Group+PLC,https://find-and-update.company-information.service.gov.uk/search/companies?q=Howden+Joinery+Group+PLC,1620593318,16:48:38,20210509
28,1993-04-30,HWDN.L,GBP,1993-04-30,1993-04-30,FY,603900000,0.0,603900000,1.0,0.0,0.0,0.0,7200000.0,564300000.0,564300000,26000000.0,18300000,57900000.0,0.09587680079483359,39600000.0,0.06557377049180328,0.0,15500000.0,0.025666501076337143,200000.0,15300000.0,0.02533532041728763,0.023,0.023,477336000,477336000,https://find-and-update.company-information.service.gov.uk/search/companies?q=Howden+Joinery+Group+PLC,https://find-and-update.company-information.service.gov.uk/search/companies?q=Howden+Joinery+Group+PLC,1620593318,16:48:38,20210509
29,1992-04-30,HWDN.L,GBP,1992-04-30,1992-04-30,FY,647400000,0.0,647400000,1.0,0.0,0.0,0.0,4700000.0,584100000.0,584100000,70600000.0,26600000,89900000.0,0.13886314488724127,63300000.0,0.09777571825764597,0.0,7800000.0,0.012048192771084338,3800000.0,4000000.0,0.006178560395427865,-0.575,-0.575,22184000,22184000,https://find-and-update.company-information.service.gov.uk/search/companies?q=Howden+Joinery+Group+PLC,https://find-and-update.company-information.service.gov.uk/search/companies?q=Howden+Joinery+Group+PLC,1620593318,16:48:38,20210509
30,1991-04-30,HWDN.L,GBP,1991-04-30,1991-04-30,FY,620700000,0.0,620700000,1.0,0.0,0.0,0.0,6300000.0,633300000.0,633300000,76200000.0,29700000,17100000.0,0.027549540840985983,-12600000.0,-0.02029966167230546,0.0,-24200000.0,-0.03898823908490414,-2600000.0,-24500000.0,-0.039471564362816174,-1.118721,-1.118721,21900000,21900000,https://find-and-update.company-information.service.gov.uk/search/companies?q=Howden+Joinery+Group+PLC,https://find-and-update.company-information.service.gov.uk/search/companies?q=Howden+Joinery+Group+PLC,1620593318,16:48:38,20210509
31,1990-04-30,HWDN.L,GBP,1990-04-30,1990-04-30,FY,594900000,0.0,594900000,1.0,0.0,0.0,0.0,6900000.0,608700000.0,608700000,64100000.0,31300000,17500000.0,0.029416708690536225,-13800000.0,-0.02319717599596571,0.0,-3500000.0,-0.005883341738107245,4100000.0,-9200000.0,-0.015464783997310473,-0.567901,-0.567901,16200000,16200000,https://find-and-update.company-information.service.gov.uk/search/companies?q=Howden+Joinery+Group+PLC,https://find-and-update.company-information.service.gov.uk/search/companies?q=Howden+Joinery+Group+PLC,1620593318,16:48:38,20210509
32,1989-04-30,HWDN.L,GBP,1989-04-30,1989-04-30,FY,601700000,0.0,601700000,1.0,0.0,0.0,0.0,6200000.0,614100000.0,614100000,51700000.0,22500000,10100000.0,0.01678577364134951,-12400000.0,-0.020608276549775636,0.0,65600000.0,0.1090244307794582,19800000.0,45800000.0,0.07611766661126808,4.403846,4.403846,10400000,10400000,https://find-and-update.company-information.service.gov.uk/search/companies?q=Howden+Joinery+Group+PLC,https://find-and-update.company-information.service.gov.uk/search/companies?q=Howden+Joinery+Group+PLC,1620593318,16:48:38,20210509
