,date,symbol,reportedCurrency,fillingDate,acceptedDate,period,revenue,costOfRevenue,grossProfit,grossProfitRatio,researchAndDevelopmentExpenses,generalAndAdministrativeExpenses,sellingAndMarketingExpenses,otherExpenses,operatingExpenses,costAndExpenses,interestExpense,depreciationAndAmortization,ebitda,ebitdaratio,operatingIncome,operatingIncomeRatio,totalOtherIncomeExpensesNet,incomeBeforeTax,incomeBeforeTaxRatio,incomeTaxExpense,netIncome,netIncomeRatio,eps,epsdiluted,weightedAverageShsOut,weightedAverageShsOutDil,link,finalLink,timestamp,est_time,est_date
0,2020-12-31,KU2.SW,EUR,2020-12-31,2020-12-31,FY,2573500000,2069400000,504100000,0.19588109578395183,178000000.0,-5000000.0,89500000.0,0.0,0.0,2683600000,18600000.0,58200000.0,-51900000,-0.02016708762385856,-110100000,-0.04278220322517971,0.0,-110200000.0,-0.042821060812123564,-15600000.0,-103100000.0,-0.04006217213911016,-2.59,-2.59,39775470,39775470,https://www.six-group.com/en/products-services/the-swiss-stock-exchange.html,https://www.six-group.com/en/products-services/the-swiss-stock-exchange.html,1620594274,17:04:34,20210509
1,2019-12-31,KU2.SW,EUR,2019-12-31,2019-12-31,FY,3192600000,2515600000,677000000,0.21205287226711772,160500000.0,6300000.0,109000000.0,0.0,625600000.0,3141200000,18200000.0,54800000.0,106200000,0.0332644239804548,51400000,0.01609973062707511,0.0,54400000.0,0.01703940362087327,36600000.0,9700000.0,0.0030382760132807115,0.24,0.24,39775470,39775470,https://www.six-group.com/en/products-services/the-swiss-stock-exchange.html,https://www.six-group.com/en/products-services/the-swiss-stock-exchange.html,1620594274,17:04:34,20210509
2,2018-12-31,KU2.SW,EUR,2018-12-31,2018-12-31,FY,3242100000,2516200000,725900000,0.2238980907436538,151900000.0,72400000.0,141100000.0,0.0,689300000.0,3205500000,11600000.0,36900000.0,73500000,0.02267049134820024,36600000,0.011288979365226243,0.0,34900000.0,0.010764627864655624,18300000.0,12700000.0,0.003917214151321674,0.32,0.32,39775470,39775470,https://www.six-group.com/en/products-services/the-swiss-stock-exchange.html,https://www.six-group.com/en/products-services/the-swiss-stock-exchange.html,1620594274,17:04:34,20210509
3,2017-12-31,KU2.SW,EUR,2017-12-31,2017-12-31,FY,3479100000,2724800000,754300000,0.21680894484205684,128700000.0,48000000.0,135600000.0,-200000.0,649400000.0,3374200000,8100000.0,31500000.0,136400000,0.03920554166307379,104900000,0.030151475956425512,0.0,93500000.0,0.0268747664625909,5300000.0,88500000.0,0.025437613175821334,2.22,2.22,39775470,39775470,https://www.six-group.com/en/products-services/the-swiss-stock-exchange.html,https://www.six-group.com/en/products-services/the-swiss-stock-exchange.html,1620594274,17:04:34,20210509
4,2016-12-31,KU2.SW,EUR,2016-12-31,2016-12-31,FY,2948900000,2182400000,766500000,0.2599274305673302,126600000.0,57800000.0,110900000.0,0.0,635800000.0,2818200000,8800000.0,34600000.0,165300000,0.05605480009495066,130700000,0.04432161144833667,0.0,122300000.0,0.04147309166129743,36100000.0,86600000.0,0.029366882566380686,2.19,2.19,39596383,39596383,https://www.six-group.com/en/products-services/the-swiss-stock-exchange.html,https://www.six-group.com/en/products-services/the-swiss-stock-exchange.html,1620594274,17:04:34,20210509
5,2015-12-31,KU2.SW,EUR,2015-12-31,2015-12-31,FY,2965900000,2267900000,698000000,0.23534171752250582,105400000.0,53100000.0,111200000.0,0.0,561500000.0,2829400000,13400000.0,29600000.0,166100000,0.056003236791530395,136500000,0.046023129572810954,0.0,125600000.0,0.042348022522674396,39300000.0,86800000.0,0.029265990087325937,2.39,2.35,36138486,36138486,https://www.six-group.com/en/products-services/the-swiss-stock-exchange.html,https://www.six-group.com/en/products-services/the-swiss-stock-exchange.html,1620594274,17:04:34,20210509
6,2014-12-31,KU2.SW,EUR,2014-12-31,2014-12-31,FY,2095700000,1570200000,525500000,0.2507515388652956,78200000.0,31900000.0,75900000.0,0.0,379000000.0,1949200000,32500000.0,12100000.0,158600000,0.07567877081643365,146500000,0.06990504366082932,0.0,113300000.0,0.05406308154793148,45200000.0,68100000.0,0.03249510903278141,1.99,1.9,34169423,34169423,https://www.six-group.com/en/products-services/the-swiss-stock-exchange.html,https://www.six-group.com/en/products-services/the-swiss-stock-exchange.html,1620594274,17:04:34,20210509
7,2013-12-31,KU2.SW,EUR,2013-12-31,2013-12-31,FY,1774500000,1336000000,438500000,0.24711186249647787,59700000.0,42700000.0,59400000.0,-6700000.0,309200000.0,1645200000,25600000.0,7400000.0,136700000,0.07703578472809242,129300000,0.07286559594251901,0.0,93700000.0,0.0528036066497605,35400000.0,58300000.0,0.03285432516201747,1.72,1.72,33915431,33915431,https://www.six-group.com/en/products-services/the-swiss-stock-exchange.html,https://www.six-group.com/en/products-services/the-swiss-stock-exchange.html,1620594274,17:04:34,20210509
8,2012-12-31,KU2.SW,EUR,2012-12-31,2012-12-31,FY,1739200000,1353300000,385900000,0.2218836246550138,42600000.0,40300000.0,57000000.0,-7300000.0,276900000.0,1630200000,18400000.0,7000000.0,116000000,0.06669733210671573,109000000,0.06267249310027599,0.0,89700000.0,0.0515754369825207,34100000.0,55600000.0,0.031968721251149954,1.64,1.64,33915431,33915431,https://www.six-group.com/en/products-services/the-swiss-stock-exchange.html,https://www.six-group.com/en/products-services/the-swiss-stock-exchange.html,1620594274,17:04:34,20210509
9,2011-12-31,KU2.SW,EUR,2011-12-31,2011-12-31,FY,1435600000,1153900000,281700000,0.19622457509055447,37700000.0,78900000.0,99500000.0,0.0,209100000.0,1363000000,35700000.0,26900000.0,99500000,0.06930899972137086,72600000,0.050571189746447476,0.0,46000000.0,0.032042351629980495,16100000.0,29900000.0,0.020827528559487322,0.89,0.89,33428740,33428740,https://www.six-group.com/en/products-services/the-swiss-stock-exchange.html,https://www.six-group.com/en/products-services/the-swiss-stock-exchange.html,1620594274,17:04:34,20210509
10,2010-12-31,KU2.SW,EUR,2010-12-31,2010-12-31,FY,1078623000,874591000,204032000,0.18915969713236228,29537000.0,76313000.0,86851000.0,0.0,186502000.0,1061093000,0.0,22300000.0,39830000,0.03692671118639228,17530000,0.01625220304035794,0.0,-4517000.0,-0.004187746784557718,4049000.0,-8614000.0,-0.007986108213898648,-0.28,-0.28,30325029,30325029,https://www.six-group.com/en/products-services/the-swiss-stock-exchange.html,https://www.six-group.com/en/products-services/the-swiss-stock-exchange.html,1620594274,17:04:34,20210509
11,2009-12-31,KU2.SW,EUR,2009-12-31,2009-12-31,FY,902068000,742832000,159236000,0.17652327762430325,35565000.0,77685000.0,84759000.0,10703000.0,212136000.0,954968000,21381000.0,231000000.0,178100000,0.19743522661262788,-52900000,-0.05864302912862445,0.0,64379000.0,0.07136823388037265,-11433000.0,75741000.0,0.08396373665843374,-2.95,-2.95,25671659,25671659,https://www.six-group.com/en/products-services/the-swiss-stock-exchange.html,https://www.six-group.com/en/products-services/the-swiss-stock-exchange.html,1620594274,17:04:34,20210509
12,2008-12-31,KU2.SW,EUR,2008-12-31,2008-12-31,FY,1266115000,1005329000,260786000,0.2059733910426778,33711000.0,81867000.0,91678000.0,0.0,208769000.0,1214098000,14696000.0,26000000.0,78017000,0.06161920520647809,52017000,0.041083945771118735,0.0,47000000.0,0.037121430517764974,16448000.0,30552000.0,0.024130509471888415,1.18,1.18,25819822,25819822,https://www.six-group.com/en/products-services/the-swiss-stock-exchange.html,https://www.six-group.com/en/products-services/the-swiss-stock-exchange.html,1620594274,17:04:34,20210509
13,2007-12-31,KU2.SW,EUR,2007-12-31,2007-12-31,FY,1286367000,-1028137000,1028137000,0.7992563553014032,-30776000.0,0.0,-83378000.0,0.0,-114154000.0,-1142291000,0.0,29100000.0,1171391000,0.9106195976731368,1142291000,0.8879977486984663,0.0,0.0,0.0,0.0,117928000.0,0.09167523731563387,7.03,7.03,26600000,26600000,https://www.six-group.com/en/products-services/the-swiss-stock-exchange.html,https://www.six-group.com/en/products-services/the-swiss-stock-exchange.html,1620594274,17:04:34,20210509
14,2006-12-31,KU2.SW,EUR,2006-12-31,2006-12-31,FY,1164557000,-946560000,946560000,0.8128069300171653,-35486000.0,0.0,-76141000.0,0.0,-111627000.0,-1058187000,0.0,41800000.0,1099987000,0.9445540235471515,1058187000,0.9086605464567213,0.0,0.0,0.0,0.0,-64806000.0,-0.05564862862015341,-4.79,-4.79,26600000,26600000,https://www.six-group.com/en/products-services/the-swiss-stock-exchange.html,https://www.six-group.com/en/products-services/the-swiss-stock-exchange.html,1620594274,17:04:34,20210509
15,2005-12-31,KU2.SW,EUR,2005-12-31,2005-12-31,FY,1435912000,-768542000,768542000,0.535229178389762,0.0,0.0,-69100000.0,0.0,-69100000.0,-837642000,0.0,59700000.0,897342000,0.6249282685847044,837642000,0.5833519045735394,0.0,0.0,0.0,0.0,-145100000.0,-0.10105076077085504,-5.45,-5.45,26600000,26600000,https://www.six-group.com/en/products-services/the-swiss-stock-exchange.html,https://www.six-group.com/en/products-services/the-swiss-stock-exchange.html,1620594274,17:04:34,20210509
16,2004-12-31,KU2.SW,EUR,2004-12-31,2004-12-31,FY,1680813000,-851266000,851266000,0.5064608614997623,0.0,0.0,-85000000.0,0.0,-85000000.0,-936266000,0.0,58600000.0,994866000,0.591895707612923,936266000,0.5570316269567168,0.0,0.0,0.0,0.0,48796000.0,0.02903118907338294,1.83,1.83,26600000,26600000,https://www.six-group.com/en/products-services/the-swiss-stock-exchange.html,https://www.six-group.com/en/products-services/the-swiss-stock-exchange.html,1620594274,17:04:34,20210509
17,2003-12-31,KU2.SW,EUR,2003-12-31,2003-12-31,FY,2423519000,1172334000,1251185000,0.5162678732867372,0.0,0.0,0.0,-1082000.0,1109606000.0,2281940000,0.0,73915000.0,215494000,0.08891780918573364,141579000,0.0584187703913194,0.0,56250000.0,0.023210051169394588,32830000.0,23420000.0,0.009663633749106155,0.880451,0.880451,26600000,26600000,https://www.six-group.com/en/products-services/the-swiss-stock-exchange.html,https://www.six-group.com/en/products-services/the-swiss-stock-exchange.html,1620594274,17:04:34,20210509
18,2002-12-31,KU2.SW,EUR,2002-12-31,2002-12-31,FY,2330186000,1128607000,1201579000,0.5156579775176745,0.0,0.0,0.0,-291000.0,1076491000.0,2205098000,0.0,68381000.0,193469000,0.08302727765079697,125088000,0.05368155160146014,0.0,45864000.0,0.01968254894673644,23361000.0,22503000.0,0.009657168998526297,0.5657507001174342,0.5657507001174342,39775470,39775470,https://www.six-group.com/en/products-services/the-swiss-stock-exchange.html,https://www.six-group.com/en/products-services/the-swiss-stock-exchange.html,1620594274,17:04:34,20210509
