,date,symbol,reportedCurrency,fillingDate,acceptedDate,period,revenue,costOfRevenue,grossProfit,grossProfitRatio,researchAndDevelopmentExpenses,generalAndAdministrativeExpenses,sellingAndMarketingExpenses,otherExpenses,operatingExpenses,costAndExpenses,interestExpense,depreciationAndAmortization,ebitda,ebitdaratio,operatingIncome,operatingIncomeRatio,totalOtherIncomeExpensesNet,incomeBeforeTax,incomeBeforeTaxRatio,incomeTaxExpense,netIncome,netIncomeRatio,eps,epsdiluted,weightedAverageShsOut,weightedAverageShsOutDil,link,finalLink,timestamp,est_time,est_date
0,2020-12-31,GBLI,USD,2021-03-12,2021-03-12,FY,583547000,0.0,0.0,0.0,0.0,41998000.0,0.0,0.0,0.0,612658000,15792000.0,7027000.0,0.0,0.0,0.0,-0.049886298789986065,2118000.0,-29111000,-0.049886298789986065,-8105000.0,-21006000.0,-0.03599710049062029,-1.480129650507328,-1.480129650507328,14192000.0,14192000.0,https://www.sec.gov/Archives/edgar/data/1494904/000156459021012923/0001564590-21-012923-index.htm,https://www.sec.gov/ix?doc=/Archives/edgar/data/1494904/000156459021012923/gbli-10k_20201231.htm,1620592410,16:33:30,20210509
1,2019-12-31,GBLI,USD,2020-03-06 00:00:00,2020-03-06 09:35:01,FY,604472000,0.0,0.0,0.0,0.0,18888000.0,0.0,0.0,523000000.0,522715000,20022000.0,7103000.0,0.0,0.0,0.0,0.13525357667518098,1816000.0,81757000,0.13525357667518098,11742000.0,70015000.0,0.11582835929538507,4.93,4.88,14192000.0,14335000.0,https://www.sec.gov/Archives/edgar/data/1494904/000156459020009076/0001564590-20-009076-index.html,https://www.sec.gov/Archives/edgar/data/1494904/000156459020009076/gbli-10k_20191231.htm,1620592410,16:33:30,20210509
2,2018-12-31,GBLI,USD,2019-03-14 00:00:00,2019-03-14 16:14:10,FY,498938000,0.0,0.0,0.0,0.0,29766000.0,0.0,0.0,575000000.0,574863000,19694000.0,7019000.0,0.0,0.0,0.0,-0.1521732159105941,1728000.0,-75925000,-0.1521732159105941,-19229000.0,-56696000.0,-0.1136333572508007,-4.02,-4.02,14089000.0,14089000.0,https://www.sec.gov/Archives/edgar/data/1494904/000156459019007822/0001564590-19-007822-index.html,https://www.sec.gov/Archives/edgar/data/1494904/000156459019007822/gbli-10k_20181231.htm,1620592410,16:33:30,20210509
3,2017-12-31,GBLI,USD,2018-03-09 00:00:00,2018-03-09 13:43:15,FY,485515000,0.0,0.0,0.0,0.0,25714000.0,0.0,0.0,496000000.0,495565000,16906000.0,6505000.0,0.0,0.0,0.0,-0.02069966942318981,6582000.0,-10050000,-0.02069966942318981,-499000.0,-9551000.0,-0.019671894792127945,-0.55,-0.55,17309000.0,17309000.0,https://www.sec.gov/Archives/edgar/data/1494904/000119312518076967/0001193125-18-076967-index.html,https://www.sec.gov/Archives/edgar/data/1494904/000119312518076967/d509228d10k.htm,1620592410,16:33:30,20210509
4,2016-12-31,GBLI,USD,2017-03-10 00:00:00,2017-03-10 14:46:07,FY,534514000,0.0,0.0,0.0,0.0,17338000.0,0.0,0.0,487000000.0,486896000,8905000.0,6312000.0,0.0,0.0,0.0,0.08908653468384364,10345000.0,47618000,0.08908653468384364,-2250000.0,49868000.0,0.09329596605514542,2.89,2.84,17247000.0,17547000.0,https://www.sec.gov/Archives/edgar/data/1494904/000119312517078607/0001193125-17-078607-index.html,https://www.sec.gov/Archives/edgar/data/1494904/000119312517078607/d291804d10k.htm,1620592410,16:33:30,20210509
5,2015-12-31,GBLI,USD,2016-03-14 00:00:00,2016-03-14 15:54:15,FY,538778000,0.0,0.0,0.0,0.0,24448000.0,0.0,0.0,506000000.0,506032000,4913000.0,5284000.0,0.0,0.0,0.0,0.06077827973673758,3400000.0,32746000,0.06077827973673758,-8723000.0,41469000.0,0.07696862158440025,1.71,1.69,24254000.0,24506000.0,https://www.sec.gov/Archives/edgar/data/1494904/000119312516503372/0001193125-16-503372-index.html,https://www.sec.gov/Archives/edgar/data/1494904/000119312516503372/d118181d10k.htm,1620592410,16:33:30,20210509
6,2014-12-31,GBLI,USD,2015-03-16,2015-03-16 16:12:46,FY,333755000,0.0,0.0,0.0,0.0,14559000.0,0.0,0.0,263000000.0,262561000,822000.0,3466000.0,0.0,0.0,0.0,0.2133121601174514,555000.0,71194000,0.2133121601174514,8338000.0,62856000.0,0.18832976284999475,2.5,2.48,25132000.0,25331000.0,https://www.sec.gov/Archives/edgar/data/1494904/000119312515093663/d831640d10k.htm,https://www.sec.gov/Archives/edgar/data/1494904/000119312515093663/d831640d10k.htm,1620592410,16:33:30,20210509
7,2013-12-31,GBLI,USD,2014-03-14,2014-03-14 16:10:58,FY,319134000,0.0,0.0,0.0,0.0,11614000.0,0.0,0.0,256000000.0,256425000,6169000.0,832000.0,0.0,0.0,0.0,0.19649739607813646,5791000.0,62709000,0.19649739607813646,1019000.0,61690000.0,0.19330437997831632,2.46,2.45,25073000.0,25174000.0,https://www.sec.gov/Archives/edgar/data/1494904/000119312514100033/d654929d10k.htm,https://www.sec.gov/Archives/edgar/data/1494904/000119312514100033/d654929d10k.htm,1620592410,16:33:30,20210509
8,2012-12-31,GBLI,USD,2013-03-15 00:00:00,2013-03-15 16:09:44,FY,293016000,0.0,0.0,0.0,0.0,9691000.0,0.0,0.0,264000000.0,264115000,5393000.0,1880000.0,0.0,0.0,0.0,0.09863283916236656,-158000.0,28901000,0.09863283916236656,-5856000.0,34757000.0,0.11861809594015343,1.3006398982150207,1.2993756775954242,26723000.0,26749000.0,https://www.sec.gov/Archives/edgar/data/1494904/000119312513109940/0001193125-13-109940-index.html,https://www.sec.gov/Archives/edgar/data/1494904/000119312513109940/d444808d10k.htm,1620592410,16:33:30,20210509
9,2011-12-31,GBLI,USD,2012-03-14 00:00:00,2012-03-14 16:22:43,FY,384575000,0.0,0.0,0.0,0.0,13528000.0,0.0,0.0,421000000.0,422163000,6476000.0,2224000.0,0.0,0.0,0.0,-0.09773906260157317,12136000.0,-37588000,-0.09773906260157317,2093000.0,-39628000.0,-0.10304361958005591,-1.31,-1.31,30238000.0,30238000.0,https://www.sec.gov/Archives/edgar/data/1494904/000119312512114901/0001193125-12-114901-index.html,https://www.sec.gov/Archives/edgar/data/1494904/000119312512114901/d280652d10k.htm,1620592410,16:33:30,20210509
10,2010-12-31,GBLI,USD,2011-03-16,2011-03-16 17:30:34,FY,370487000,0.0,0.0,0.0,0.0,21127000.0,0.0,0.0,276000000.0,276670000,7020000.0,4466000.0,0.0,0.0,0.0,0.2532261590825049,653000.0,93817000,0.2532261590825049,8892000.0,84903000.0,0.2291659356468648,2.81,2.8,30238000.0,30274000.0,https://www.sec.gov/Archives/edgar/data/1494904/000095012311026044/w82021e10vk.htm,https://www.sec.gov/Archives/edgar/data/1494904/000095012311026044/w82021e10vk.htm,1620592410,16:33:30,20210509
11,2009-12-31,GBLI,USD,2009-12-31,2009-12-31,FY,387750000,0.0,0.0,0.0,0.0,0.0,0.0,0.0,0.0,313279000,7216000.0,73000.0,0.0,0.0,0.0,0.19205931656995487,84827000.0,74471000,0.19205931656995487,-4310000.0,75437000.0,0.19455061250805933,2.88,2.88,25856000.0,25881500.0,,,1620592410,16:33:30,20210509
12,2008-12-31,GBLI,USD,2008-12-31,2008-12-31,FY,400079000,0.0,0.0,0.0,0.0,0.0,0.0,0.0,0.0,567099000,8657000.0,96449000.0,0.0,0.0,0.0,-0.4174675501588436,67830000.0,-167020000,-0.4174675501588436,-29263000.0,-141560000.0,-0.3538301185515861,-8.62,-8.62,16413000.0,16413000.0,,,1620592410,16:33:30,20210509
13,2007-12-31,GBLI,USD,2007-12-31,2007-12-31,FY,614632000,0.0,0.0,0.0,0.0,0.0,0.0,0.0,0.0,496485000,11372000.0,2801000.0,0.0,0.0,0.0,0.1922239649090838,0.0,118147000,0.1922239649090838,18680000.0,98917000.0,0.16093695089093962,5.34,5.3,18524245.0,18680351.0,,,1620592410,16:33:30,20210509
14,2006-12-31,GBLI,USD,2006-12-31,2006-12-31,FY,612437000,0.0,0.0,0.0,0.0,0.0,0.0,0.0,0.0,505949000,11393000.0,4407000.0,0.0,0.0,0.0,0.17387584355615354,0.0,106488000,0.17387584355615354,18064000.0,99418000.0,0.16233179902585898,5.4,5.36,18389138.0,18578891.0,,,1620592410,16:33:30,20210509
15,2005-12-31,GBLI,USD,2005-12-31,2005-12-31,FY,561539000,0.0,0.0,0.0,0.0,0.0,0.0,0.0,0.0,495824000,9435000.0,8731000.0,0.0,0.0,0.0,0.11702660011147935,38437000.0,65715000,0.11702660011147935,2659000.0,65593000.0,0.11680934004583832,3.66,3.58,17952063.0,18294951.0,,,1620592410,16:33:30,20210509
16,2004-12-31,GBLI,USD,2004-12-31,2004-12-31,FY,252982000,0.0,0.0,0.0,0.0,0.0,0.0,0.0,0.0,220663000,5523000.0,3189000.0,0.0,0.0,0.0,0.12775217209129502,0.0,32319000,0.12775217209129502,-1995000.0,37047000.0,0.1464412487844985,2.62,2.56,14129586.0,14418097.0,,,1620592410,16:33:30,20210509
17,2003-12-31,GBLI,USD,2003-12-31,2003-12-31,FY,205319000,0.0,0.0,0.0,0.0,0.0,0.0,0.0,0.0,172026000,1650000.0,90000.0,0.0,0.0,0.0,0.1621525528567741,0.0,33293000,0.1621525528567741,5184000.0,77125000.0,0.37563498750724483,3.445112,3.445112,6403125.0,6403125.0,,,1620592410,16:33:30,20210509
18,2002-12-31,GBLI,USD,2002-12-31,2002-12-31,FY,168746000,0.0,0.0,0.0,0.0,0.0,0.0,0.0,0.0,270677000,115000.0,0.0,0.0,0.0,0.0,-0.6040498737747858,0.0,-101931000,-0.6040498737747858,-40520000.0,-61663000.0,-0.3654190321548363,-9.630142,-9.630142,6403125.0,6403125.0,,,1620592410,16:33:30,20210509
19,2001-12-31,GBLI,USD,2001-12-31,2001-12-31,FY,156970000,0.0,0.0,0.0,0.0,0.0,0.0,0.0,0.0,146502000,77000.0,0.0,0.0,0.0,0.0,0.06668790214690705,0.0,10468000,0.06668790214690705,0.0,10837000.0,0.06903866980951774,0.0,0.0,6403125.0,6403125.0,,,1620592410,16:33:30,20210509
20,2000-12-31,GBLI,USD,2000-12-31,2000-12-31,FY,160014000,0.0,0.0,0.0,0.0,0.0,0.0,0.0,0.0,131390000,322000.0,0.0,0.0,0.0,0.0,0.17888434761958327,0.0,28624000,0.17888434761958327,0.0,22741000.0,0.14211881460372217,3.551547,3.551547,6403125.0,6403125.0,,,1620592410,16:33:30,20210509
