,date,symbol,reportedCurrency,fillingDate,acceptedDate,period,revenue,costOfRevenue,grossProfit,grossProfitRatio,researchAndDevelopmentExpenses,generalAndAdministrativeExpenses,sellingAndMarketingExpenses,otherExpenses,operatingExpenses,costAndExpenses,interestExpense,depreciationAndAmortization,ebitda,ebitdaratio,operatingIncome,operatingIncomeRatio,totalOtherIncomeExpensesNet,incomeBeforeTax,incomeBeforeTaxRatio,incomeTaxExpense,netIncome,netIncomeRatio,eps,epsdiluted,weightedAverageShsOut,weightedAverageShsOutDil,link,finalLink,timestamp,est_time,est_date
0,2020-12-31,RISH.OL,NOK,2020-12-31,2020-12-31,FY,233680000,235257000.0,-1577000.0,-0.006748545018829168,0.0,47977000,0.0,0.0,0.0,283234000,37423000.0,104852000,55298000,0.23663984936665525,-49554000,-2.1190431359123587,0.0,-495178000,-2.1190431359123587,161000.0,-495339000,-2.1197321122903117,-5.7575592381557685,-5.7575592381557685,86032810,86032810,https://www.oslobors.no/ob_eng/,https://www.oslobors.no/ob_eng/,1620597282,17:54:42,20210509
1,2019-12-31,RISH.OL,NOK,2019-12-31,2019-12-31,FY,257338000,251458000.0,5880000.0,0.022849326566616666,0.0,45413000,0.0,0.0,45413000.0,296871000,53514000.0,117585000,78052000,0.3033053804723749,-39533000,-0.15362286176157428,0.0,14129000,0.05490444473804879,-269000.0,14398000,0.05594976256907258,0.17,0.17,86032810,86032810,https://www.oslobors.no/ob_eng/,https://www.oslobors.no/ob_eng/,1620597282,17:54:42,20210509
2,2018-12-31,RISH.OL,NOK,2018-12-31,2018-12-31,FY,231910000,246344000.0,-14434000.0,-0.062239661937820705,0.0,58172000,0.0,0.0,58172000.0,304516000,54735000.0,110003000,37397000,0.16125652192660947,-72606000,-0.3130783493596654,0.0,148032000,0.6383165883316804,-107000.0,148139000,0.6387779742141348,2.68,2.68,55204824,55204824,https://www.oslobors.no/ob_eng/,https://www.oslobors.no/ob_eng/,1620597282,17:54:42,20210509
3,2017-12-31,RISH.OL,NOK,2017-12-31,2017-12-31,FY,264067000,291102000.0,-27035000.0,-0.10237932039974704,0.0,57299000,0.0,0.0,57299000.0,348401000,50357000.0,115209000,30875000,0.1169210844217566,-84334000,-0.319365918497957,0.0,-130554000,-0.49439725524204087,-485000.0,-130069000,-0.49256060015071934,-2.649372,-2.649372,49110799,49110799,https://www.oslobors.no/ob_eng/,https://www.oslobors.no/ob_eng/,1620597282,17:54:42,20210509
4,2016-12-31,RISH.OL,NOK,2016-12-31,2016-12-31,FY,205505000,267412000.0,-61907000.0,-0.3012432787523418,0.0,76379000,0.0,0.0,76379000.0,343791000,61384000.0,121191000,-17095000,-0.08318532395805454,-138286000,-0.6729082017469161,0.0,-356998000,-1.7371742779981023,3611000.0,-742943000,-3.6152064426656287,-15.131646,-15.131646,49110799,49110799,https://www.oslobors.no/ob_eng/,https://www.oslobors.no/ob_eng/,1620597282,17:54:42,20210509
5,2015-12-31,RISH.OL,NOK,2015-12-31,2015-12-31,FY,980247000,802889000.0,177358000.0,0.18093194878433702,0.0,77012000,0.0,0.0,77012000.0,879901000,106896000.0,261771000,362117000,0.36941403544208756,100346000,0.10236807661742398,0.0,-246854000,-0.2518283657078267,60861000.0,-307715000,-0.3139157783701455,-6.267809,-6.267809,49110799,49110799,https://www.oslobors.no/ob_eng/,https://www.oslobors.no/ob_eng/,1620597282,17:54:42,20210509
6,2014-12-31,RISH.OL,NOK,2014-12-31,2014-12-31,FY,881460000,538226000.0,343234000.0,0.3893925986431602,0.0,86558000,0.0,0.0,86558000.0,624784000,100142000.0,173426000,430102000,0.48794273137748734,256676000,0.2911941551516802,0.0,-78458000,-0.08900914392031402,1614000.0,-80073000,-0.09084133142740454,-1.626963,-1.626963,49110799,49110799,https://www.oslobors.no/ob_eng/,https://www.oslobors.no/ob_eng/,1620597282,17:54:42,20210509
7,2013-12-31,RISH.OL,NOK,2013-12-31,2013-12-31,FY,795731000,444536000.0,351195000.0,0.441348898057258,0.0,87929000,0.0,0.0,87929000.0,532465000,65870000.0,145995000,409261000,0.5143207943387904,263266000,0.3308479875736901,0.0,361493000,0.4542904574535867,-9526000.0,371019000,0.466261839742325,7.556933,7.556933,49110799,49110799,https://www.oslobors.no/ob_eng/,https://www.oslobors.no/ob_eng/,1620597282,17:54:42,20210509
8,2012-12-31,RISH.OL,NOK,2012-12-31,2012-12-31,FY,781160000,448266000.0,332894000.0,0.426153412873163,0.0,105446000,0.0,0.0,119361000.0,567627000,77865000.0,163203000,376736000,0.48227763838394183,213533000,0.2733537303497363,0.0,209560000,0.26826770443955145,29613000.0,199174000,0.25497209278508887,4.054072,4.054072,49110799,49110799,https://www.oslobors.no/ob_eng/,https://www.oslobors.no/ob_eng/,1620597282,17:54:42,20210509
9,2011-12-31,RISH.OL,NOK,2011-12-31,2011-12-31,FY,537643000,108845000.0,428798000.0,0.7975515351264687,0.0,123185000,0.0,3555000.0,308332000.0,417177000,54983000.0,147517000,267983000,0.49844041492216956,120466000,0.22406317947039206,0.0,109386000,0.20345470879375346,-5375000.0,114761000,0.2134520490362564,2.26708,2.26708,49110799,49110799,https://www.oslobors.no/ob_eng/,https://www.oslobors.no/ob_eng/,1620597282,17:54:42,20210509
10,2010-12-31,RISH.OL,NOK,2010-12-31,2010-12-31,FY,491440000,0.0,0.0,0.0,0.0,224402000,0.0,29399000.0,445932000.0,445932000,45577000.0,130417000,175925000,0.3579785935210809,45508000,0.09260133485267784,0.0,208160000,0.42357154484779425,61188000.0,146972000,0.2990639752563894,3.031664,3.031664,49110799,49110799,https://www.oslobors.no/ob_eng/,https://www.oslobors.no/ob_eng/,1620597282,17:54:42,20210509
11,2009-12-31,RISH.OL,NOK,2009-12-31,2009-12-31,FY,586282000,66565000.0,519717000.0,0.8864624873354461,0.0,259432000,0.0,0.0,469738000.0,536303000,44663000.0,117284000,167263000,0.28529444874650767,49979000,0.08524737242487404,0.0,-61179000,-0.10435080729068946,-139241000.0,78062000,0.1331475296870789,2.373766,2.373766,49078742,49078742,https://www.oslobors.no/ob_eng/,https://www.oslobors.no/ob_eng/,1620597282,17:54:42,20210509
12,2008-12-31,RISH.OL,NOK,2008-12-31,2008-12-31,FY,485458000,56485000.0,428973000.0,0.8836459590736995,0.0,175481000,0.0,0.0,216779000.0,273264000,41754000.0,79678000,291872000,0.6012301785118384,212194000,0.4371006348643961,0.0,121197000,0.2496549650021217,-55586000.0,176783000,0.3641571464472725,3.689561,3.689561,49027328,49027328,https://www.oslobors.no/ob_eng/,https://www.oslobors.no/ob_eng/,1620597282,17:54:42,20210509
13,2007-12-31,RISH.OL,NOK,2007-12-31,2007-12-31,FY,438692000,74498000.0,364194000.0,0.830181539667922,0.0,267514000,0.0,0.0,154289000.0,228787000,0.0,67249000,277154000,0.6317735449928423,209905000,0.4784792063680213,0.0,160340000,0.36549560967603695,171322000.0,630478000,1.4371768803625322,12.891238,12.891238,48894727,48894727,https://www.oslobors.no/ob_eng/,https://www.oslobors.no/ob_eng/,1620597282,17:54:42,20210509
14,2006-12-31,RISH.OL,NOK,2006-12-31,2006-12-31,FY,296040000,8048000.0,287992000.0,0.9728144845291177,0.0,179304000,0.0,0.0,117832000.0,125880000,0.0,54484000,224644000,0.7588298878529929,170160000,0.574787190920146,0.0,87472000,0.2954735846507229,14044000.0,31763000,0.10729293338738008,0.649007,0.649007,48891239,48891239,https://www.oslobors.no/ob_eng/,https://www.oslobors.no/ob_eng/,1620597282,17:54:42,20210509
15,2005-12-31,RISH.OL,NOK,2005-12-31,2005-12-31,FY,217412000,9721000.0,207691000.0,0.9552876566150903,0.0,141638000,0.0,0.0,38444000.0,48165000,0.0,174180000,343427000,1.5796138207642632,169247000,0.7784620904089931,0.0,132593000,0.6098697404007138,-20714000.0,152386000,0.7009088734752451,3.120569,3.120569,48864075,48864075,https://www.oslobors.no/ob_eng/,https://www.oslobors.no/ob_eng/,1620597282,17:54:42,20210509
