,date,symbol,reportedCurrency,fillingDate,acceptedDate,period,revenue,costOfRevenue,grossProfit,grossProfitRatio,researchAndDevelopmentExpenses,generalAndAdministrativeExpenses,sellingAndMarketingExpenses,otherExpenses,operatingExpenses,costAndExpenses,interestExpense,depreciationAndAmortization,ebitda,ebitdaratio,operatingIncome,operatingIncomeRatio,totalOtherIncomeExpensesNet,incomeBeforeTax,incomeBeforeTaxRatio,incomeTaxExpense,netIncome,netIncomeRatio,eps,epsdiluted,weightedAverageShsOut,weightedAverageShsOutDil,link,finalLink,timestamp,est_time,est_date
0,2020-12-31,PTNR,ILS,2020-12-31,2020-12-31,FY,3189000000.0,2664000000.0,525000000.0,0.16462841015992474,0.0,201000000.0,85000000.0,9000000.0,0.0,3100000000.0,71000000.0,137000000.0,226000000.0,0.07086861084979618,89000000.0,0.027908435246158672,-11000000.0,27000000.0,0.008466603951081843,10000000.0,17000000.0,0.00533082470994042,0.10440272429697048,0.10440272429697048,162831000,162831000,,,1620596894,17:48:14,20210509
1,2019-12-31,PTNR,ILS,2020-03-26,2020-03-26,FY,3234000000.0,2707000000.0,527000000.0,0.1629560915275201,0.0,228000000.0,89000000.0,0.0,422000000.0,3129000000.0,60000000.0,120000000.0,225000000.0,0.06957328385899815,105000000.0,0.032467532467532464,-23000000.0,19000000.0,0.005875077303648732,0.0,19000000.0,0.005875077303648732,0.11668539774367288,0.11613124052613565,162831000,163608000,https://www.sec.gov/Archives/edgar/data/1096691/000117891320000927/0001178913-20-000927-index.htm,https://www.sec.gov/Archives/edgar/data/1096691/000117891320000927/zk2024142.htm,1620596894,17:48:14,20210509
2,2018-12-31,PTNR,ILS,2019-03-27,2019-03-27,FY,3259000000.0,2700000000.0,559000000.0,0.17152500767106474,0.0,253000000.0,86000000.0,0.0,413000000.0,3113000000.0,47000000.0,88000000.0,234000000.0,0.07180116600184105,146000000.0,0.0447990181037128,-30000000.0,63000000.0,0.019331083154341823,7000000.0,57000000.0,0.017490027615833077,0.34,0.34,167647059,167647059,https://www.sec.gov/Archives/edgar/data/1096691/000117891319000942/0001178913-19-000942-index.htm,https://www.sec.gov/Archives/edgar/data/1096691/000117891319000942/zk1922835.htm,1620596894,17:48:14,20210509
3,2017-12-31,PTNR,ILS,2018-03-29,2018-03-29,FY,3268000000.0,2627000000.0,641000000.0,0.19614443084455324,0.0,121000000.0,269000000.0,0.0,326000000.0,2953000000.0,171000000.0,9000000.0,324000000.0,0.09914320685434516,315000000.0,0.09638922888616891,2000000.0,135000000.0,0.04130966952264382,21000000.0,114000000.0,0.03488372093023256,0.7,0.69,162733000,164537000,https://www.sec.gov/Archives/edgar/data/1096691/000117891318001012/0001178913-18-001012-index.htm,https://www.sec.gov/Archives/edgar/data/1096691/000117891318001012/zk1821380.htm,1620596894,17:48:14,20210509
4,2016-12-31,PTNR,ILS,2017-03-30,2017-03-30,FY,3544000000.0,2924000000.0,620000000.0,0.17494356659142213,0.0,158000000.0,426000000.0,0.0,427000000.0,3351000000.0,105000000.0,9000000.0,202000000.0,0.05699774266365688,193000000.0,0.05445823927765237,7000000.0,88000000.0,0.024830699774266364,36000000.0,52000000.0,0.014672686230248307,0.33,0.33,157575758,157575758,https://www.sec.gov/Archives/edgar/data/1096691/000117891317000974/0001178913-17-000974-index.htm,https://www.sec.gov/Archives/edgar/data/1096691/000117891317000974/zk1719704.htm,1620596894,17:48:14,20210509
5,2015-12-31,PTNR,ILS,2016-03-14,2016-03-14,FY,4111000000.0,3472000000.0,639000000.0,0.15543663342252492,0.0,135000000.0,417000000.0,0.0,533000000.0,4005000000.0,136000000.0,9000000.0,115000000.0,0.027973729019703235,106000000.0,0.025784480661639502,-6000000.0,-36000000.0,-0.008756993432254926,4000000.0,-40000000.0,-0.009729992702505474,-0.26,-0.26,156081000,156081000,https://www.sec.gov/Archives/edgar/data/1096691/000117891316004683/0001178913-16-004683-index.htm,https://www.sec.gov/Archives/edgar/data/1096691/000117891316004683/zk1618176.htm,1620596894,17:48:14,20210509
6,2014-12-31,PTNR,ILS,2015-03-11,2015-03-11,FY,4400000000.0,3419000000.0,981000000.0,0.22295454545454546,0.0,125000000.0,438000000.0,0.0,582000000.0,4001000000.0,123000000.0,11000000.0,410000000.0,0.09318181818181819,399000000.0,0.09068181818181818,-24000000.0,241000000.0,0.05477272727272727,79000000.0,162000000.0,0.03681818181818182,1.0397812608310548,1.0358056265984654,155802000,156400000,https://www.sec.gov/Archives/edgar/data/1096691/000117891315000814/0001178913-15-000814-index.htm,https://www.sec.gov/Archives/edgar/data/1096691/000117891315000814/zk1516385.htm,1620596894,17:48:14,20210509
7,2013-12-31,PTNR,ILS,2014-03-10,2014-03-10,FY,4519000000.0,3510000000.0,1009000000.0,0.22327948661208233,0.0,127000000.0,462000000.0,0.0,601000000.0,4111000000.0,172000000.0,17000000.0,425000000.0,0.09404735560964815,408000000.0,0.09028546138526222,10000000.0,198000000.0,0.04381500331931843,63000000.0,135000000.0,0.029873865899535296,0.867124,0.867124,155687002,155687002,https://www.sec.gov/Archives/edgar/data/1096691/000117891314000884/0001178913-14-000884-index.htm,https://www.sec.gov/Archives/edgar/data/1096691/000117891314000884/zk1414500.htm,1620596894,17:48:14,20210509
8,2012-12-31,PTNR,ILS,2013-03-19,2013-03-19,FY,5572000000.0,4031000000.0,1541000000.0,0.2765613783201723,0.0,146000000.0,551000000.0,0.0,676000000.0,4707000000.0,197000000.0,17000000.0,882000000.0,0.15829145728643215,865000000.0,0.15524048815506103,-7000000.0,631000000.0,0.11324479540559942,153000000.0,478000000.0,0.08578607322325915,3.07,3.07,155700326,155700326,https://www.sec.gov/Archives/edgar/data/1096691/000117891313000753/0001178913-13-000753-index.htm,https://www.sec.gov/Archives/edgar/data/1096691/000117891313000753/zk1312788.htm,1620596894,17:48:14,20210509
9,2011-12-31,PTNR,ILS,2012-03-22,2012-03-22,FY,6998000000.0,4978000000.0,2020000000.0,0.28865390111460415,0.0,159000000.0,634000000.0,0.0,897000000.0,5875000000.0,333000000.0,19000000.0,1142000000.0,0.16318948270934552,1123000000.0,0.16047442126321806,-87000000.0,742000000.0,0.10603029436981995,299000000.0,443000000.0,0.06330380108602458,2.85,2.84,155542000,155779000,https://www.sec.gov/Archives/edgar/data/1096691/000117891312000768/0001178913-12-000768-index.htm,https://www.sec.gov/Archives/edgar/data/1096691/000117891312000768/zk1211174.htm,1620596894,17:48:14,20210509
10,2010-12-31,PTNR,ILS,2011-03-21,2011-03-21,FY,6674000000.0,4093000000.0,2581000000.0,0.3867246029367696,0.0,395000000.0,200000000.0,0.0,721000000.0,4814000000.0,86000000.0,22000000.0,1882000000.0,0.2819898112076716,1860000000.0,0.27869343721905904,-96000000.0,1679000000.0,0.251573269403656,436000000.0,1243000000.0,0.18624513035660772,8.03,7.95,154794521,156352201,https://www.sec.gov/Archives/edgar/data/1096691/000117891311000835/0001178913-11-000835-index.htm,https://www.sec.gov/Archives/edgar/data/1096691/000117891311000835/zk1109620.htm,1620596894,17:48:14,20210509
11,2009-12-31,PTNR,ILS,2010-03-16,2010-03-16,FY,6079000000.0,3770000000.0,2309000000.0,0.3798322092449416,0.0,278000000.0,380000000.0,0.0,608000000.0,4378000000.0,204000000.0,19000000.0,1720000000.0,0.28294127323572954,1701000000.0,0.2798157591709163,0.0,1525000000.0,0.25086362888633,384000000.0,1141000000.0,0.18769534462905083,7.42,7.37,153773585,154816825,https://www.sec.gov/Archives/edgar/data/1096691/000117891310000754/0001178913-10-000754-index.htm,https://www.sec.gov/Archives/edgar/data/1096691/000117891310000754/zk1007996.htm,1620596894,17:48:14,20210509
12,2008-12-31,PTNR,ILS,2008-12-31,2008-12-31,FY,6329550000.0,4079124000.0,2250426000.0,0.3555428111003152,0.0,255939000.0,389289000.0,0.0,0.0,4724352000.0,157939000.0,653475000.0,2258673000.0,0.3568457473280091,1605198000.0,0.2286511679345293,157939000.0,1447259000.0,0.2286511679345293,395780000.0,1051479000.0,0.16612223617792735,6.77,6.73,155349784,156347843,,,1620596894,17:48:14,20210509
13,2007-12-31,PTNR,ILS,2007-12-31,2007-12-31,FY,6129202341.9,4113518715.18,2015683626.72,0.32886557080038503,0.0,0.0,0.0,0.0,0.0,4721106391.8,132708580.22,604961883.63,2013057833.73,0.3284371638326382,1408095950.1,0.20907392379262837,-28980117.64,1281456383.34,0.20907392379262837,339278673.68,942177709.66,0.15371946578091483,6.020604,5.970513,156414684,157787009,,,1620596894,17:48:14,20210509
14,2006-12-31,PTNR,ILS,2006-12-31,2006-12-31,FY,5590122300.0,3885736375.0,1704385925.0,0.30489242158440794,0.0,0.0,0.0,0.0,0.0,4375334187.5,137289587.5,620593925.0,1835382037.5,0.32832591828983776,1214788112.5,0.1876232072775939,-32714275.0,1048836675.0,0.1876232072775939,369579475.0,680268200.0,0.12169111219623943,4.436314,4.406338,153633758,154677685,,,1620596894,17:48:14,20210509
15,2005-12-31,PTNR,ILS,2005-12-31,2005-12-31,FY,5119602200.0,3763899400.0,1355702800.0,0.2648062773314692,0.0,0.0,0.0,0.0,0.0,4217284600.0,345220800.0,693399400.0,1595717000.0,0.3116876932352283,902317600.0,0.10881642327601156,0.0,557096800.0,0.10881642327601156,202768000.0,354328800.0,0.06921022105975343,2.188215,2.168233,161711125,163617272,,,1620596894,17:48:14,20210509
16,2004-12-31,PTNR,ILS,2004-12-31,2004-12-31,FY,5150199269.0,3621669500.2,1528529768.8,0.29679041314003185,0.0,0.0,0.0,0.0,0.0,4128976860.19,261023130.47,569987611.38,1591210020.19,0.3089608648286265,1021222408.81,0.14760579904466606,0.0,760199278.34,0.14760579904466606,287777580.54,472421697.8,0.09172881924076091,2.567577,2.55759,183389383,184108917,,,1620596894,17:48:14,20210509
17,2003-12-31,PTNR,ILS,2004-04-30,2004-04-30,FY,4449455886.0,3123633513.9,1325822372.1,0.2979740458314547,0.0,0.0,0.0,0.0,474448430.1,3598081944.0,320396933.7,539830041.3,1391203983.3,0.3126683394428871,851373942.0,0.1913433830592202,-3515046.6,527461961.7,0.11854527277360673,-630436254.9,1157898216.6,0.2602336659282928,6.340712,6.291096,181930803,183243157,https://www.sec.gov/Archives/edgar/data/1096691/000115697304000566/0001156973-04-000566-index.htm,https://www.sec.gov/Archives/edgar/data/1096691/000115697304000566/u47405e20vf.htm,1620596894,17:48:14,20210509
18,2002-12-31,PTNR,ILS,2002-12-31,2002-12-31,FY,4060393012.35,3073870284.75,986522727.6,0.24296237447937052,0.0,0.0,0.0,0.0,0.0,3526192568.25,445818519.99,525913008.03,1060113452.13,0.26108641427211177,534200444.1,0.0,-4060701.36,0.0,0.0,0.0,84321222.75,0.0207667638313657,0.469386,0.4594,179984090,183069394,,,1620596894,17:48:14,20210509
