,date,symbol,reportedCurrency,fillingDate,acceptedDate,period,revenue,costOfRevenue,grossProfit,grossProfitRatio,researchAndDevelopmentExpenses,generalAndAdministrativeExpenses,sellingAndMarketingExpenses,otherExpenses,operatingExpenses,costAndExpenses,interestExpense,depreciationAndAmortization,ebitda,ebitdaratio,operatingIncome,operatingIncomeRatio,totalOtherIncomeExpensesNet,incomeBeforeTax,incomeBeforeTaxRatio,incomeTaxExpense,netIncome,netIncomeRatio,eps,epsdiluted,weightedAverageShsOut,weightedAverageShsOutDil,link,finalLink,timestamp,est_time,est_date
0,2020-12-31,ITH.TO,USD,2020-12-31,2020-12-31,FY,0.0,7602.0,-7602.0,0.0,0.0,2024554.0,0.0,10821.0,0.0,4414829.0,0.0,7602.0,-4407227.0,0.0,-4414829.0,0.0,-180250.0,-4518718.0,0.0,0.0,-4518718.0,0.0,-0.02,-0.02,189870444.0,189870444.0,https://www.sedar.com/ModifyCompanyDocumentSearchForm.do?lang=EN&company_search=International Tower Hill Mines Ltd&document_selection=0&industry_group=A&FromDate=13&FromMonth=05&FromYear=2000&ToDate=13&ToMonth=11&ToYear=2020&Variable=Issuer,https://www.sedar.com/ModifyCompanyDocumentSearchForm.do?lang=EN&company_search=International Tower Hill Mines Ltd&document_selection=0&industry_group=A&FromDate=13&FromMonth=05&FromYear=2000&ToDate=13&ToMonth=11&ToYear=2020&Variable=Issuer,1620593799,16:56:39,20210509
1,2019-12-31,ITH.TO,USD,2019-12-31,2019-12-31,FY,0.0,2316.0,-2316.0,0.0,0.0,1944015.0,0.0,65983.0,3648153.0,3650469.0,0.0,2316.0,-3648153.0,0.0,-3650469.0,0.0,-340471.0,-3826407.0,0.0,0.0,-3826407.0,0.0,-0.02,-0.02,187359884.0,187359884.0,https://www.sedar.com/ModifyCompanyDocumentSearchForm.do?lang=EN&company_search=International Tower Hill Mines Ltd&document_selection=0&industry_group=A&FromDate=13&FromMonth=05&FromYear=2000&ToDate=13&ToMonth=11&ToYear=2020&Variable=Issuer,https://www.sedar.com/ModifyCompanyDocumentSearchForm.do?lang=EN&company_search=International Tower Hill Mines Ltd&document_selection=0&industry_group=A&FromDate=13&FromMonth=05&FromYear=2000&ToDate=13&ToMonth=11&ToYear=2020&Variable=Issuer,1620593799,16:56:39,20210509
2,2018-12-31,ITH.TO,USD,2018-12-31,2018-12-31,FY,0.0,3043.0,-3043.0,0.0,0.0,3272701.0,0.0,34832.0,4865181.0,4868224.0,0.0,3043.0,-4865181.0,0.0,-4868224.0,0.0,557080.0,-4192038.0,0.0,0.0,-4192038.0,0.0,-0.02,-0.02,181984179.0,181984179.0,https://www.sedar.com/ModifyCompanyDocumentSearchForm.do?lang=EN&company_search=International Tower Hill Mines Ltd&document_selection=0&industry_group=A&FromDate=13&FromMonth=05&FromYear=2000&ToDate=13&ToMonth=11&ToYear=2020&Variable=Issuer,https://www.sedar.com/ModifyCompanyDocumentSearchForm.do?lang=EN&company_search=International Tower Hill Mines Ltd&document_selection=0&industry_group=A&FromDate=13&FromMonth=05&FromYear=2000&ToDate=13&ToMonth=11&ToYear=2020&Variable=Issuer,1620593799,16:56:39,20210509
3,2017-12-31,ITH.TO,USD,2017-12-31,2017-12-31,FY,0.0,4006.0,-4006.0,0.0,0.0,3648287.0,0.0,22200.0,6113458.0,6117464.0,0.0,4006.0,-6113458.0,0.0,-6117464.0,0.0,-341988.0,-6432057.0,0.0,0.0,-6432057.0,0.0,-0.04,-0.04,162283493.0,162283493.0,https://www.sedar.com/ModifyCompanyDocumentSearchForm.do?lang=EN&company_search=International Tower Hill Mines Ltd&document_selection=0&industry_group=A&FromDate=13&FromMonth=05&FromYear=2000&ToDate=13&ToMonth=11&ToYear=2020&Variable=Issuer,https://www.sedar.com/ModifyCompanyDocumentSearchForm.do?lang=EN&company_search=International Tower Hill Mines Ltd&document_selection=0&industry_group=A&FromDate=13&FromMonth=05&FromYear=2000&ToDate=13&ToMonth=11&ToYear=2020&Variable=Issuer,1620593799,16:56:39,20210509
4,2016-12-31,ITH.TO,USD,2016-12-31,2016-12-31,FY,0.0,5283.0,-5283.0,0.0,0.0,3440998.0,0.0,40490.0,6108605.0,6113888.0,0.0,5283.0,-6108605.0,0.0,-6113888.0,0.0,-1094230.0,-7190628.0,0.0,0.0,-7190628.0,0.0,-0.06,-0.06,116708228.0,116708228.0,https://www.sedar.com/ModifyCompanyDocumentSearchForm.do?lang=EN&company_search=International Tower Hill Mines Ltd&document_selection=0&industry_group=A&FromDate=13&FromMonth=05&FromYear=2000&ToDate=13&ToMonth=11&ToYear=2020&Variable=Issuer,https://www.sedar.com/ModifyCompanyDocumentSearchForm.do?lang=EN&company_search=International Tower Hill Mines Ltd&document_selection=0&industry_group=A&FromDate=13&FromMonth=05&FromYear=2000&ToDate=13&ToMonth=11&ToYear=2020&Variable=Issuer,1620593799,16:56:39,20210509
5,2015-12-31,ITH.TO,USD,2015-12-31,2015-12-31,FY,0.0,7047.0,-7047.0,0.0,0.0,4041472.0,0.0,22394.0,6443129.0,6450176.0,0.0,7047.0,-6443129.0,0.0,-6450176.0,0.0,1593682.0,-4812824.0,0.0,0.0,-4812824.0,0.0,-0.04,-0.04,116313638.0,116313638.0,https://www.sedar.com/ModifyCompanyDocumentSearchForm.do?lang=EN&company_search=International Tower Hill Mines Ltd&document_selection=0&industry_group=A&FromDate=13&FromMonth=05&FromYear=2000&ToDate=13&ToMonth=11&ToYear=2020&Variable=Issuer,https://www.sedar.com/ModifyCompanyDocumentSearchForm.do?lang=EN&company_search=International Tower Hill Mines Ltd&document_selection=0&industry_group=A&FromDate=13&FromMonth=05&FromYear=2000&ToDate=13&ToMonth=11&ToYear=2020&Variable=Issuer,1620593799,16:56:39,20210509
6,2014-12-31,ITH.TO,USD,2014-12-31,2014-12-31,FY,0.0,15779.0,-15779.0,0.0,0.0,5696743.0,0.0,-3639.0,8357509.0,8373288.0,0.0,15779.0,-8357509.0,0.0,-8373288.0,0.0,549522.0,-7767096.0,0.0,0.0,-7767096.0,0.0,-0.08,-0.08,99068364.0,99068364.0,https://www.sedar.com/ModifyCompanyDocumentSearchForm.do?lang=EN&company_search=International Tower Hill Mines Ltd&document_selection=0&industry_group=A&FromDate=13&FromMonth=05&FromYear=2000&ToDate=13&ToMonth=11&ToYear=2020&Variable=Issuer,https://www.sedar.com/ModifyCompanyDocumentSearchForm.do?lang=EN&company_search=International Tower Hill Mines Ltd&document_selection=0&industry_group=A&FromDate=13&FromMonth=05&FromYear=2000&ToDate=13&ToMonth=11&ToYear=2020&Variable=Issuer,1620593799,16:56:39,20210509
7,2013-12-31,ITH.TO,USD,2013-12-31,2013-12-31,FY,0.0,21800.0,-21800.0,0.0,0.0,9911458.0,0.0,0.0,18152971.0,18174771.0,0.0,21800.0,-18152971.0,0.0,-18174771.0,0.0,8218532.0,-9852480.0,0.0,0.0,-9852480.0,0.0,-0.1,-0.1,98068638.0,98068638.0,https://www.sedar.com/ModifyCompanyDocumentSearchForm.do?lang=EN&company_search=International Tower Hill Mines Ltd&document_selection=0&industry_group=A&FromDate=13&FromMonth=05&FromYear=2000&ToDate=13&ToMonth=11&ToYear=2020&Variable=Issuer,https://www.sedar.com/ModifyCompanyDocumentSearchForm.do?lang=EN&company_search=International Tower Hill Mines Ltd&document_selection=0&industry_group=A&FromDate=13&FromMonth=05&FromYear=2000&ToDate=13&ToMonth=11&ToYear=2020&Variable=Issuer,1620593799,16:56:39,20210509
8,2012-12-31,ITH.TO,USD,2012-12-31,2012-12-31,FY,0.0,31660.0,-31660.0,0.0,0.0,19227056.0,0.0,0.0,55263168.0,55294828.0,0.0,31660.0,-55263168.0,0.0,-55294828.0,0.0,-1531887.0,-56643462.0,0.0,0.0,-56643462.0,0.0,-0.62,-0.62,91112934.0,91112934.0,https://www.sedar.com/ModifyCompanyDocumentSearchForm.do?lang=EN&company_search=International Tower Hill Mines Ltd&document_selection=0&industry_group=A&FromDate=13&FromMonth=05&FromYear=2000&ToDate=13&ToMonth=11&ToYear=2020&Variable=Issuer,https://www.sedar.com/ModifyCompanyDocumentSearchForm.do?lang=EN&company_search=International Tower Hill Mines Ltd&document_selection=0&industry_group=A&FromDate=13&FromMonth=05&FromYear=2000&ToDate=13&ToMonth=11&ToYear=2020&Variable=Issuer,1620593799,16:56:39,20210509
9,2011-12-31,ITH.TO,USD,2011-12-31,2011-12-31,FY,0.0,21830.0,-21830.0,0.0,0.0,13528212.0,0.0,0.0,46103987.0,46125817.0,0.0,21830.0,-46103987.0,0.0,-46125817.0,0.0,2223822.0,-43309957.0,0.0,0.0,-43309957.0,0.0,-0.5,-0.5,86683919.0,86683919.0,https://www.sedar.com/ModifyCompanyDocumentSearchForm.do?lang=EN&company_search=International Tower Hill Mines Ltd&document_selection=0&industry_group=A&FromDate=13&FromMonth=05&FromYear=2000&ToDate=13&ToMonth=11&ToYear=2020&Variable=Issuer,https://www.sedar.com/ModifyCompanyDocumentSearchForm.do?lang=EN&company_search=International Tower Hill Mines Ltd&document_selection=0&industry_group=A&FromDate=13&FromMonth=05&FromYear=2000&ToDate=13&ToMonth=11&ToYear=2020&Variable=Issuer,1620593799,16:56:39,20210509
10,2011-05-31,ITH.TO,USD,2011-05-31,2011-05-31,FY,0.0,2617.597379,-2617.597379,0.0,0.0,8916568.562215,1175573.527154,0.0,10135521.318524,10138138.915903,0.0,43379.229155,-10094759.686748,0.0,-10138138.915903,0.0,-60108.512054,0.0,0.0,0.0,-10463396.632032,0.0,-0.133081,-0.133081,77550644.0,77550644.0,https://www.sedar.com/ModifyCompanyDocumentSearchForm.do?lang=EN&company_search=International Tower Hill Mines Ltd&document_selection=0&industry_group=A&FromDate=13&FromMonth=05&FromYear=2000&ToDate=13&ToMonth=11&ToYear=2020&Variable=Issuer,https://www.sedar.com/ModifyCompanyDocumentSearchForm.do?lang=EN&company_search=International Tower Hill Mines Ltd&document_selection=0&industry_group=A&FromDate=13&FromMonth=05&FromYear=2000&ToDate=13&ToMonth=11&ToYear=2020&Variable=Issuer,1620593799,16:56:39,20210509
11,2010-05-31,ITH.TO,USD,2010-05-31,2010-05-31,FY,0.0,453.029039,-453.029039,0.0,0.0,14884470.960649,0.0,0.0,14911460.307832,14911913.336872,0.0,26989.347183,-14884923.989689,0.0,-14911913.336872,0.0,-2133789.521571,0.0,0.0,0.0,-16934875.653954,0.0,-0.284328,-0.284328,59603193.0,59603193.0,https://www.sedar.com/ModifyCompanyDocumentSearchForm.do?lang=EN&company_search=International Tower Hill Mines Ltd&document_selection=0&industry_group=A&FromDate=13&FromMonth=05&FromYear=2000&ToDate=13&ToMonth=11&ToYear=2020&Variable=Issuer,https://www.sedar.com/ModifyCompanyDocumentSearchForm.do?lang=EN&company_search=International Tower Hill Mines Ltd&document_selection=0&industry_group=A&FromDate=13&FromMonth=05&FromYear=2000&ToDate=13&ToMonth=11&ToYear=2020&Variable=Issuer,1620593799,16:56:39,20210509
12,2009-05-31,ITH.TO,USD,2009-05-31,2009-05-31,FY,0.0,110269.724771,-110269.724771,0.0,0.0,6555741.284404,0.0,0.0,6605830.275229,6716100.0,0.0,50088.990826,-6666011.009174,0.0,-6716100.0,0.0,-2366766.972477,0.0,0.0,0.0,-8966901.834862,0.0,-0.201835,-0.201835,45089555.0,45089555.0,https://www.sedar.com/ModifyCompanyDocumentSearchForm.do?lang=EN&company_search=International Tower Hill Mines Ltd&document_selection=0&industry_group=A&FromDate=13&FromMonth=05&FromYear=2000&ToDate=13&ToMonth=11&ToYear=2020&Variable=Issuer,https://www.sedar.com/ModifyCompanyDocumentSearchForm.do?lang=EN&company_search=International Tower Hill Mines Ltd&document_selection=0&industry_group=A&FromDate=13&FromMonth=05&FromYear=2000&ToDate=13&ToMonth=11&ToYear=2020&Variable=Issuer,1620593799,16:56:39,20210509
13,2008-05-31,ITH.TO,USD,2008-05-31,2008-05-31,FY,0.0,0.0,0.0,0.0,0.0,3201583.023232,0.0,0.0,3247854.772202,3247854.772202,0.0,46271.748969,-3201583.023233,0.0,-3247854.772202,0.0,207339.837071,0.0,0.0,0.0,-2433963.592477,0.0,-0.060344,-0.060344,39193360.0,39193360.0,https://www.sedar.com/ModifyCompanyDocumentSearchForm.do?lang=EN&company_search=International Tower Hill Mines Ltd&document_selection=0&industry_group=A&FromDate=13&FromMonth=05&FromYear=2000&ToDate=13&ToMonth=11&ToYear=2020&Variable=Issuer,https://www.sedar.com/ModifyCompanyDocumentSearchForm.do?lang=EN&company_search=International Tower Hill Mines Ltd&document_selection=0&industry_group=A&FromDate=13&FromMonth=05&FromYear=2000&ToDate=13&ToMonth=11&ToYear=2020&Variable=Issuer,1620593799,16:56:39,20210509
14,2007-05-31,ITH.TO,USD,2007-05-31,2007-05-31,FY,0.0,0.0,0.0,0.0,0.0,8303842.917251,0.0,0.0,8335308.087892,8335308.087892,0.0,31465.17064,-8303842.9172519995,0.0,-8335308.087892,0.0,0.0,0.0,0.0,0.0,-8102871.43525,0.0,-0.299205,-0.299205,27101104.0,27101104.0,https://www.sedar.com/ModifyCompanyDocumentSearchForm.do?lang=EN&company_search=International Tower Hill Mines Ltd&document_selection=0&industry_group=A&FromDate=13&FromMonth=05&FromYear=2000&ToDate=13&ToMonth=11&ToYear=2020&Variable=Issuer,https://www.sedar.com/ModifyCompanyDocumentSearchForm.do?lang=EN&company_search=International Tower Hill Mines Ltd&document_selection=0&industry_group=A&FromDate=13&FromMonth=05&FromYear=2000&ToDate=13&ToMonth=11&ToYear=2020&Variable=Issuer,1620593799,16:56:39,20210509
15,2006-05-31,ITH.TO,USD,2006-05-31,2006-05-31,FY,0.0,0.0,0.0,0.0,0.0,115867.580945,0.0,0.0,115867.580945,115867.580945,0.0,0.0,-115867.580945,0.0,-115867.580945,0.0,0.0,0.0,0.0,0.0,-115551.519005,0.0,-0.009082,-0.009082,9620402.0,9620402.0,https://www.sedar.com/ModifyCompanyDocumentSearchForm.do?lang=EN&company_search=International Tower Hill Mines Ltd&document_selection=0&industry_group=A&FromDate=13&FromMonth=05&FromYear=2000&ToDate=13&ToMonth=11&ToYear=2020&Variable=Issuer,https://www.sedar.com/ModifyCompanyDocumentSearchForm.do?lang=EN&company_search=International Tower Hill Mines Ltd&document_selection=0&industry_group=A&FromDate=13&FromMonth=05&FromYear=2000&ToDate=13&ToMonth=11&ToYear=2020&Variable=Issuer,1620593799,16:56:39,20210509
16,2005-05-31,ITH.TO,USD,2005-05-31,2005-05-31,FY,105.191017,0.0,0.0,0.0,0.0,116063.943388,0.0,0.0,116063.943388,116063.943388,0.0,0.0,-135107.502032,-1284.4015191145074,-115958.752371,-1102.3636397678329,19148.749661,0.0,0.0,0.0,-96810.002709,-920.3257604116518,-0.007969,-0.007969,9012183.0,9012183.0,https://www.sedar.com/ModifyCompanyDocumentSearchForm.do?lang=EN&company_search=International Tower Hill Mines Ltd&document_selection=0&industry_group=A&FromDate=13&FromMonth=05&FromYear=2000&ToDate=13&ToMonth=11&ToYear=2020&Variable=Issuer,https://www.sedar.com/ModifyCompanyDocumentSearchForm.do?lang=EN&company_search=International Tower Hill Mines Ltd&document_selection=0&industry_group=A&FromDate=13&FromMonth=05&FromYear=2000&ToDate=13&ToMonth=11&ToYear=2020&Variable=Issuer,1620593799,16:56:39,20210509
17,2004-05-31,ITH.TO,USD,2004-05-31,2004-05-31,FY,3316.940693,0.0,0.0,0.0,0.0,69365.825015,0.0,0.0,69365.825015,69365.825015,0.0,0.0,47240.164416,14.242088957362013,-66048.884322,-19.91259128069071,-113289.048738,0.0,0.0,0.0,-179337.933059,-54.06727151844195,-0.022071,-0.022071,9012183.0,9012183.0,https://www.sedar.com/ModifyCompanyDocumentSearchForm.do?lang=EN&company_search=International Tower Hill Mines Ltd&document_selection=0&industry_group=A&FromDate=13&FromMonth=05&FromYear=2000&ToDate=13&ToMonth=11&ToYear=2020&Variable=Issuer,https://www.sedar.com/ModifyCompanyDocumentSearchForm.do?lang=EN&company_search=International Tower Hill Mines Ltd&document_selection=0&industry_group=A&FromDate=13&FromMonth=05&FromYear=2000&ToDate=13&ToMonth=11&ToYear=2020&Variable=Issuer,1620593799,16:56:39,20210509
18,2003-05-31,ITH.TO,USD,2003-05-31,2003-05-31,FY,0.0,0.0,0.0,0.0,0.0,47359.562842,0.0,0.0,47359.562842,47359.562842,0.0,0.0,-47359.562842,0.0,-47359.562842,0.0,0.0,0.0,0.0,0.0,-42242.622951,0.0,-0.007317,-0.007317,9012183.0,9012183.0,https://www.sedar.com/ModifyCompanyDocumentSearchForm.do?lang=EN&company_search=International Tower Hill Mines Ltd&document_selection=0&industry_group=A&FromDate=13&FromMonth=05&FromYear=2000&ToDate=13&ToMonth=11&ToYear=2020&Variable=Issuer,https://www.sedar.com/ModifyCompanyDocumentSearchForm.do?lang=EN&company_search=International Tower Hill Mines Ltd&document_selection=0&industry_group=A&FromDate=13&FromMonth=05&FromYear=2000&ToDate=13&ToMonth=11&ToYear=2020&Variable=Issuer,1620593799,16:56:39,20210509
19,2002-05-31,ITH.TO,USD,2002-05-31,2002-05-31,FY,0.0,0.0,0.0,0.0,0.0,74960.081669,0.0,0.0,74960.081669,74960.081669,0.0,0.0,-42246.682198,0.0,-74960.081669,0.0,-32713.399471,0.0,0.0,0.0,-100477.056776,0.0,-0.006544,-0.006544,9012183.0,9012183.0,https://www.sedar.com/ModifyCompanyDocumentSearchForm.do?lang=EN&company_search=International Tower Hill Mines Ltd&document_selection=0&industry_group=A&FromDate=13&FromMonth=05&FromYear=2000&ToDate=13&ToMonth=11&ToYear=2020&Variable=Issuer,https://www.sedar.com/ModifyCompanyDocumentSearchForm.do?lang=EN&company_search=International Tower Hill Mines Ltd&document_selection=0&industry_group=A&FromDate=13&FromMonth=05&FromYear=2000&ToDate=13&ToMonth=11&ToYear=2020&Variable=Issuer,1620593799,16:56:39,20210509
20,2001-05-31,ITH.TO,USD,2001-05-31,2001-05-31,FY,0.0,0.0,0.0,0.0,0.0,0.0,0.0,0.0,0.0,0.0,0.0,0.0,0.0,0.0,0.0,0.0,0.0,0.0,0.0,0.0,-55513.424216,0.0,-0.006504,-0.006504,8535300.0,8535300.0,https://www.sedar.com/ModifyCompanyDocumentSearchForm.do?lang=EN&company_search=International Tower Hill Mines Ltd&document_selection=0&industry_group=A&FromDate=13&FromMonth=05&FromYear=2000&ToDate=13&ToMonth=11&ToYear=2020&Variable=Issuer,https://www.sedar.com/ModifyCompanyDocumentSearchForm.do?lang=EN&company_search=International Tower Hill Mines Ltd&document_selection=0&industry_group=A&FromDate=13&FromMonth=05&FromYear=2000&ToDate=13&ToMonth=11&ToYear=2020&Variable=Issuer,1620593799,16:56:39,20210509
