,date,symbol,reportedCurrency,fillingDate,acceptedDate,period,revenue,costOfRevenue,grossProfit,grossProfitRatio,researchAndDevelopmentExpenses,generalAndAdministrativeExpenses,sellingAndMarketingExpenses,otherExpenses,operatingExpenses,costAndExpenses,interestExpense,depreciationAndAmortization,ebitda,ebitdaratio,operatingIncome,operatingIncomeRatio,totalOtherIncomeExpensesNet,incomeBeforeTax,incomeBeforeTaxRatio,incomeTaxExpense,netIncome,netIncomeRatio,eps,epsdiluted,weightedAverageShsOut,weightedAverageShsOutDil,link,finalLink,timestamp,est_time,est_date
0,2020-12-31,ITP.TO,USD,2020-12-31,2020-12-31,FY,1213028000.0,924244000.0,288784000.0,0.23806870080492784,11196000.0,157486000.0,0.0,5000.0,0.0,1092926000.0,28226000.0,63840000.0,183942000.0,0.15163870908173596,120102000.0,0.09901008055873402,4169000.0,92576000.0,0.07631810642458377,19121000.0,72670000.0,0.059907932875415904,1.2359161344420966,1.2359161344420966,58798488,58798488,https://www.sedar.com/ModifyCompanyDocumentSearchForm.do?lang=EN&company_search=Intertape Polymer Group Inc&document_selection=0&industry_group=A&FromDate=13&FromMonth=05&FromYear=2000&ToDate=13&ToMonth=11&ToYear=2020&Variable=Issuer,https://www.sedar.com/ModifyCompanyDocumentSearchForm.do?lang=EN&company_search=Intertape Polymer Group Inc&document_selection=0&industry_group=A&FromDate=13&FromMonth=05&FromYear=2000&ToDate=13&ToMonth=11&ToYear=2020&Variable=Issuer,1620593808,16:56:48,20210509
1,2019-12-31,ITP.TO,USD,2019-12-31,2019-12-31,FY,1158519000.0,911644000.0,246875000.0,0.21309533982610557,12527000.0,136674000.0,0.0,64000.0,149201000.0,1060845000.0,30496000.0,61415000.0,159089000.0,0.13732101070418354,97674000.0,0.0843093639379242,-7685000.0,57534000.0,0.04966168012781836,16310000.0,41216000.0,0.03557645580262387,0.7009704059056757,0.6987049513220519,58798488,58989134,https://www.sedar.com/ModifyCompanyDocumentSearchForm.do?lang=EN&company_search=Intertape Polymer Group Inc&document_selection=0&industry_group=A&FromDate=13&FromMonth=05&FromYear=2000&ToDate=13&ToMonth=11&ToYear=2020&Variable=Issuer,https://www.sedar.com/ModifyCompanyDocumentSearchForm.do?lang=EN&company_search=Intertape Polymer Group Inc&document_selection=0&industry_group=A&FromDate=13&FromMonth=05&FromYear=2000&ToDate=13&ToMonth=11&ToYear=2020&Variable=Issuer,1620593808,16:56:48,20210509
2,2018-12-31,ITP.TO,USD,2018-12-31,2018-12-31,FY,1053019000.0,834136000.0,218883000.0,0.20786234626345773,12024000.0,122466000.0,0.0,418000.0,134490000.0,968626000.0,15166000.0,44829000.0,129222000.0,0.12271573447392688,84393000.0,0.08014385305488315,-9005000.0,56451000.0,0.05360871931085764,9802000.0,46753000.0,0.04439900894475788,0.79,0.79,58650310,58650310,https://www.sedar.com/ModifyCompanyDocumentSearchForm.do?lang=EN&company_search=Intertape Polymer Group Inc&document_selection=0&industry_group=A&FromDate=13&FromMonth=05&FromYear=2000&ToDate=13&ToMonth=11&ToYear=2020&Variable=Issuer,https://www.sedar.com/ModifyCompanyDocumentSearchForm.do?lang=EN&company_search=Intertape Polymer Group Inc&document_selection=0&industry_group=A&FromDate=13&FromMonth=05&FromYear=2000&ToDate=13&ToMonth=11&ToYear=2020&Variable=Issuer,1620593808,16:56:48,20210509
3,2017-12-31,ITP.TO,USD,2017-12-31,2017-12-31,FY,898126000.0,696719000.0,201407000.0,0.22425249909255493,11601000.0,107592000.0,0.0,-363000.0,119193000.0,815912000.0,6595000.0,36138000.0,118352000.0,0.13177661040878452,82214000.0,0.09153949445846128,1304000.0,77007000.0,0.08574186695407994,13049000.0,64224000.0,0.07150889741528471,1.09,1.08,58921101,59466667,https://www.sedar.com/ModifyCompanyDocumentSearchForm.do?lang=EN&company_search=Intertape Polymer Group Inc&document_selection=0&industry_group=A&FromDate=13&FromMonth=05&FromYear=2000&ToDate=13&ToMonth=11&ToYear=2020&Variable=Issuer,https://www.sedar.com/ModifyCompanyDocumentSearchForm.do?lang=EN&company_search=Intertape Polymer Group Inc&document_selection=0&industry_group=A&FromDate=13&FromMonth=05&FromYear=2000&ToDate=13&ToMonth=11&ToYear=2020&Variable=Issuer,1620593808,16:56:48,20210509
4,2016-12-31,ITP.TO,USD,2016-12-31,2016-12-31,FY,808801000.0,617314000.0,191487000.0,0.236754158315828,10790000.0,102580000.0,0.0,9614000.0,113370000.0,730684000.0,3953000.0,379000.0,78496000.0,0.09705230334779506,78117000.0,0.09658370847711613,-1890000.0,70706000.0,0.08742076233832549,19569000.0,51120000.0,0.06320466962825219,0.87,0.85,58727751,60369227,https://www.sedar.com/ModifyCompanyDocumentSearchForm.do?lang=EN&company_search=Intertape Polymer Group Inc&document_selection=0&industry_group=A&FromDate=13&FromMonth=05&FromYear=2000&ToDate=13&ToMonth=11&ToYear=2020&Variable=Issuer,https://www.sedar.com/ModifyCompanyDocumentSearchForm.do?lang=EN&company_search=Intertape Polymer Group Inc&document_selection=0&industry_group=A&FromDate=13&FromMonth=05&FromYear=2000&ToDate=13&ToMonth=11&ToYear=2020&Variable=Issuer,1620593808,16:56:48,20210509
5,2015-12-31,ITP.TO,USD,2015-12-31,2015-12-31,FY,781907000.0,613895000.0,168012000.0,0.21487465900676167,9459000.0,84072000.0,0.0,4852000.0,93531000.0,707426000.0,3080000.0,30880000.0,105361000.0,0.13474876168137642,74481000.0,0.0952555738725961,-2379000.0,67655000.0,0.08652563540165263,10983000.0,56672000.0,0.07247920788533675,0.95,0.93,59654737,60937634,https://www.sedar.com/ModifyCompanyDocumentSearchForm.do?lang=EN&company_search=Intertape Polymer Group Inc&document_selection=0&industry_group=A&FromDate=13&FromMonth=05&FromYear=2000&ToDate=13&ToMonth=11&ToYear=2020&Variable=Issuer,https://www.sedar.com/ModifyCompanyDocumentSearchForm.do?lang=EN&company_search=Intertape Polymer Group Inc&document_selection=0&industry_group=A&FromDate=13&FromMonth=05&FromYear=2000&ToDate=13&ToMonth=11&ToYear=2020&Variable=Issuer,1620593808,16:56:48,20210509
6,2014-12-31,ITP.TO,USD,2014-12-31,2014-12-31,FY,812732000.0,649099000.0,163633000.0,0.20133697208920037,7873000.0,85955000.0,0.0,0.0,93828000.0,742927000.0,2638000.0,26169000.0,95974000.0,0.11808812745160767,69805000.0,0.08588932144913698,-5468000.0,58719000.0,0.07224890861932347,22903000.0,35816000.0,0.04406864747542855,0.59,0.58,60718776,62060923,https://www.sedar.com/ModifyCompanyDocumentSearchForm.do?lang=EN&company_search=Intertape Polymer Group Inc&document_selection=0&industry_group=A&FromDate=13&FromMonth=05&FromYear=2000&ToDate=13&ToMonth=11&ToYear=2020&Variable=Issuer,https://www.sedar.com/ModifyCompanyDocumentSearchForm.do?lang=EN&company_search=Intertape Polymer Group Inc&document_selection=0&industry_group=A&FromDate=13&FromMonth=05&FromYear=2000&ToDate=13&ToMonth=11&ToYear=2020&Variable=Issuer,1620593808,16:56:48,20210509
7,2013-12-31,ITP.TO,USD,2013-12-31,2013-12-31,FY,781500000.0,623006000.0,158494000.0,0.20280742162507998,6900000.0,82682000.0,0.0,0.0,89582000.0,712588000.0,4673000.0,27746000.0,96658000.0,0.12368266154830454,68912000.0,0.08817914267434421,-30604000.0,31553000.0,0.04037492002559181,-35804000.0,67357000.0,0.08618937939859245,1.12,1.09,60379533,61632652,https://www.sedar.com/ModifyCompanyDocumentSearchForm.do?lang=EN&company_search=Intertape Polymer Group Inc&document_selection=0&industry_group=A&FromDate=13&FromMonth=05&FromYear=2000&ToDate=13&ToMonth=11&ToYear=2020&Variable=Issuer,https://www.sedar.com/ModifyCompanyDocumentSearchForm.do?lang=EN&company_search=Intertape Polymer Group Inc&document_selection=0&industry_group=A&FromDate=13&FromMonth=05&FromYear=2000&ToDate=13&ToMonth=11&ToYear=2020&Variable=Issuer,1620593808,16:56:48,20210509
8,2012-12-31,ITP.TO,USD,2012-12-31,2012-12-31,FY,784430000.0,643393000.0,141037000.0,0.17979552031411344,6227000.0,79135000.0,0.0,-43000.0,85362000.0,728755000.0,12430000.0,503000.0,56178000.0,0.07161633287865074,55675000.0,0.070975102940989,-18409000.0,22882000.0,0.02917022551406754,375000.0,22507000.0,0.028692171385592085,0.38,0.37,59072407,60629136,https://www.sedar.com/ModifyCompanyDocumentSearchForm.do?lang=EN&company_search=Intertape Polymer Group Inc&document_selection=0&industry_group=A&FromDate=13&FromMonth=05&FromYear=2000&ToDate=13&ToMonth=11&ToYear=2020&Variable=Issuer,https://www.sedar.com/ModifyCompanyDocumentSearchForm.do?lang=EN&company_search=Intertape Polymer Group Inc&document_selection=0&industry_group=A&FromDate=13&FromMonth=05&FromYear=2000&ToDate=13&ToMonth=11&ToYear=2020&Variable=Issuer,1620593808,16:56:48,20210509
9,2011-12-31,ITP.TO,USD,2011-12-31,2011-12-31,FY,786737000.0,672262000.0,114475000.0,0.14550605856849239,6200000.0,76969000.0,0.0,0.0,83169000.0,755431000.0,15361000.0,30882000.0,62188000.0,0.0790454751714995,31306000.0,0.03979220501895805,-5071000.0,10874000.0,0.013821645607108857,1920000.0,8954000.0,0.011381185834656308,0.1518629671622198,0.15150797816241093,58961050,59099198,https://www.sedar.com/ModifyCompanyDocumentSearchForm.do?lang=EN&company_search=Intertape Polymer Group Inc&document_selection=0&industry_group=A&FromDate=13&FromMonth=05&FromYear=2000&ToDate=13&ToMonth=11&ToYear=2020&Variable=Issuer,https://www.sedar.com/ModifyCompanyDocumentSearchForm.do?lang=EN&company_search=Intertape Polymer Group Inc&document_selection=0&industry_group=A&FromDate=13&FromMonth=05&FromYear=2000&ToDate=13&ToMonth=11&ToYear=2020&Variable=Issuer,1620593808,16:56:48,20210509
10,2010-12-31,ITP.TO,USD,2010-12-31,2010-12-31,FY,720516000.0,640906000.0,79610000.0,0.11049025975828435,6252000.0,73441000.0,0.0,0.0,80573000.0,721479000.0,15538000.0,37368000.0,36405000.0,0.05052628949253035,-963000.0,-0.0013365421447962293,-8089000.0,-24590000.0,-0.03412831914905429,31855000.0,-56445000.0,-0.07833968988891295,-0.96,-0.96,58953550,58953550,https://www.sedar.com/ModifyCompanyDocumentSearchForm.do?lang=EN&company_search=Intertape Polymer Group Inc&document_selection=0&industry_group=A&FromDate=13&FromMonth=05&FromYear=2000&ToDate=13&ToMonth=11&ToYear=2020&Variable=Issuer,https://www.sedar.com/ModifyCompanyDocumentSearchForm.do?lang=EN&company_search=Intertape Polymer Group Inc&document_selection=0&industry_group=A&FromDate=13&FromMonth=05&FromYear=2000&ToDate=13&ToMonth=11&ToYear=2020&Variable=Issuer,1620593808,16:56:48,20210509
11,2009-12-31,ITP.TO,USD,2009-12-31,2009-12-31,FY,615462000.0,532543000.0,82919000.0,0.13472643315103125,5605000.0,70857000.0,0.0,0.0,76314000.0,608857000.0,15888000.0,37486000.0,44091000.0,0.07163886641254862,6605000.0,0.010731775479233487,-1091000.0,-10374000.0,-0.016855630404476636,4015000.0,-14389000.0,-0.023379185067477763,-0.24,-0.24,58951050,58951050,https://www.sedar.com/ModifyCompanyDocumentSearchForm.do?lang=EN&company_search=Intertape Polymer Group Inc&document_selection=0&industry_group=A&FromDate=13&FromMonth=05&FromYear=2000&ToDate=13&ToMonth=11&ToYear=2020&Variable=Issuer,https://www.sedar.com/ModifyCompanyDocumentSearchForm.do?lang=EN&company_search=Intertape Polymer Group Inc&document_selection=0&industry_group=A&FromDate=13&FromMonth=05&FromYear=2000&ToDate=13&ToMonth=11&ToYear=2020&Variable=Issuer,1620593808,16:56:48,20210509
12,2008-12-31,ITP.TO,USD,2008-12-31,2008-12-31,FY,737155000.0,658900000.0,78255000.0,0.10615813499196235,5610000.0,69457000.0,0.0,0.0,82523000.0,741423000.0,18365000.0,36538000.0,32270000.0,0.04377641065990192,-4268000.0,-0.0057898271055612455,66726000.0,-89359000.0,-0.12122145274738691,3440000.0,-92799000.0,-0.12588804254193486,-1.57,-1.57,59000000,59000000,https://www.sedar.com/ModifyCompanyDocumentSearchForm.do?lang=EN&company_search=Intertape Polymer Group Inc&document_selection=0&industry_group=A&FromDate=13&FromMonth=05&FromYear=2000&ToDate=13&ToMonth=11&ToYear=2020&Variable=Issuer,https://www.sedar.com/ModifyCompanyDocumentSearchForm.do?lang=EN&company_search=Intertape Polymer Group Inc&document_selection=0&industry_group=A&FromDate=13&FromMonth=05&FromYear=2000&ToDate=13&ToMonth=11&ToYear=2020&Variable=Issuer,1620593808,16:56:48,20210509
13,2007-12-31,ITP.TO,USD,2007-12-31,2007-12-31,FY,767272000.0,652865000.0,114407000.0,0.1491087906244461,4135000.0,72949000.0,0.0,0.0,77084000.0,729949000.0,0.0,38902000.0,76225000.0,0.09934547331324485,37323000.0,0.04864376648698245,-8114000.0,3924000.0,0.005114222857083277,12317000.0,-8393000.0,-0.010938754444317009,-0.19,-0.19,44173684,44173684,https://www.sedar.com/ModifyCompanyDocumentSearchForm.do?lang=EN&company_search=Intertape Polymer Group Inc&document_selection=0&industry_group=A&FromDate=13&FromMonth=05&FromYear=2000&ToDate=13&ToMonth=11&ToYear=2020&Variable=Issuer,https://www.sedar.com/ModifyCompanyDocumentSearchForm.do?lang=EN&company_search=Intertape Polymer Group Inc&document_selection=0&industry_group=A&FromDate=13&FromMonth=05&FromYear=2000&ToDate=13&ToMonth=11&ToYear=2020&Variable=Issuer,1620593808,16:56:48,20210509
14,2006-12-31,ITP.TO,USD,2006-12-31,2006-12-31,FY,812285000.0,694693000.0,117592000.0,0.14476692293960863,6271000.0,86925000.0,0.0,0.0,93196000.0,787889000.0,0.0,36622000.0,61018000.0,0.07511895455412818,24396000.0,0.030033793557679878,-196057000.0,-197407000.0,-0.24302677016071944,-30714000.0,-166693000.0,-0.20521491840917905,-4.07,-4.07,40956511,40956511,https://www.sedar.com/ModifyCompanyDocumentSearchForm.do?lang=EN&company_search=Intertape Polymer Group Inc&document_selection=0&industry_group=A&FromDate=13&FromMonth=05&FromYear=2000&ToDate=13&ToMonth=11&ToYear=2020&Variable=Issuer,https://www.sedar.com/ModifyCompanyDocumentSearchForm.do?lang=EN&company_search=Intertape Polymer Group Inc&document_selection=0&industry_group=A&FromDate=13&FromMonth=05&FromYear=2000&ToDate=13&ToMonth=11&ToYear=2020&Variable=Issuer,1620593808,16:56:48,20210509
15,2005-12-31,ITP.TO,USD,2005-12-31,2005-12-31,FY,804844000.0,635845000.0,168999000.0,0.20997733722311404,4725000.0,106725000.0,0.0,0.0,111450000.0,747295000.0,0.0,31131000.0,88680000.0,0.11018284288632331,57549000.0,0.07150329753343505,-1431000.0,29319000.0,0.036428177385928205,1528000.0,27791000.0,0.034529672831008246,0.67,0.67,41479104,41479104,https://www.sedar.com/ModifyCompanyDocumentSearchForm.do?lang=EN&company_search=Intertape Polymer Group Inc&document_selection=0&industry_group=A&FromDate=13&FromMonth=05&FromYear=2000&ToDate=13&ToMonth=11&ToYear=2020&Variable=Issuer,https://www.sedar.com/ModifyCompanyDocumentSearchForm.do?lang=EN&company_search=Intertape Polymer Group Inc&document_selection=0&industry_group=A&FromDate=13&FromMonth=05&FromYear=2000&ToDate=13&ToMonth=11&ToYear=2020&Variable=Issuer,1620593808,16:56:48,20210509
16,2004-12-31,ITP.TO,USD,2004-12-31,2004-12-31,FY,692449000.0,549252000.0,143197000.0,0.20679790136168874,4233000.0,95272000.0,0.0,0.0,99505000.0,648757000.0,0.0,29889000.0,73581000.0,0.10626197741638735,43692000.0,0.06309778770710911,-37830000.0,-18291000.0,-0.02641494175022276,-29749000.0,11358000.0,0.01640265203646767,0.28,0.27,40564286,42066667,https://www.sedar.com/ModifyCompanyDocumentSearchForm.do?lang=EN&company_search=Intertape Polymer Group Inc&document_selection=0&industry_group=A&FromDate=13&FromMonth=05&FromYear=2000&ToDate=13&ToMonth=11&ToYear=2020&Variable=Issuer,https://www.sedar.com/ModifyCompanyDocumentSearchForm.do?lang=EN&company_search=Intertape Polymer Group Inc&document_selection=0&industry_group=A&FromDate=13&FromMonth=05&FromYear=2000&ToDate=13&ToMonth=11&ToYear=2020&Variable=Issuer,1620593808,16:56:48,20210509
17,2003-12-31,ITP.TO,USD,2003-12-31,2003-12-31,FY,621321000.0,482423000.0,138898000.0,0.2235527207353365,3272000.0,90047000.0,0.0,0.0,93319000.0,575742000.0,0.0,29375000.0,74954000.0,0.12063651478060455,45579000.0,0.07335821580149392,-3005000.0,14053000.0,0.02261793823160653,-4125000.0,18178000.0,0.02925701851377951,0.51,0.5,35643137,36356000,https://www.sedar.com/ModifyCompanyDocumentSearchForm.do?lang=EN&company_search=Intertape Polymer Group Inc&document_selection=0&industry_group=A&FromDate=13&FromMonth=05&FromYear=2000&ToDate=13&ToMonth=11&ToYear=2020&Variable=Issuer,https://www.sedar.com/ModifyCompanyDocumentSearchForm.do?lang=EN&company_search=Intertape Polymer Group Inc&document_selection=0&industry_group=A&FromDate=13&FromMonth=05&FromYear=2000&ToDate=13&ToMonth=11&ToYear=2020&Variable=Issuer,1620593808,16:56:48,20210509
18,2002-12-31,ITP.TO,USD,2002-12-31,2002-12-31,FY,601575000.0,476330000.0,125245000.0,0.20819515438640235,3169000.0,86524000.0,0.0,0.0,89693000.0,566023000.0,0.0,28653000.0,64205000.0,0.1067281718821427,35552000.0,0.059098200556871545,-70000000.0,-67221000.0,-0.11174167809500063,-12767000.0,-54454000.0,-0.09051905414952417,-1.66,-1.66,32803614,32803614,https://www.sedar.com/ModifyCompanyDocumentSearchForm.do?lang=EN&company_search=Intertape Polymer Group Inc&document_selection=0&industry_group=A&FromDate=13&FromMonth=05&FromYear=2000&ToDate=13&ToMonth=11&ToYear=2020&Variable=Issuer,https://www.sedar.com/ModifyCompanyDocumentSearchForm.do?lang=EN&company_search=Intertape Polymer Group Inc&document_selection=0&industry_group=A&FromDate=13&FromMonth=05&FromYear=2000&ToDate=13&ToMonth=11&ToYear=2020&Variable=Issuer,1620593808,16:56:48,20210509
19,2001-12-31,ITP.TO,USD,2001-12-31,2001-12-31,FY,594905000.0,476089000.0,118816000.0,0.19972264479202562,4182000.0,91343000.0,0.0,0.0,102539000.0,578628000.0,0.0,7014000.0,23291000.0,0.039150788781402074,16277000.0,0.027360671031509232,0.0,-22634000.0,-0.03804641077146771,-10392000.0,-12242000.0,-0.02057807549104479,-0.43,-0.43,28469767,28469767,https://www.sedar.com/ModifyCompanyDocumentSearchForm.do?lang=EN&company_search=Intertape Polymer Group Inc&document_selection=0&industry_group=A&FromDate=13&FromMonth=05&FromYear=2000&ToDate=13&ToMonth=11&ToYear=2020&Variable=Issuer,https://www.sedar.com/ModifyCompanyDocumentSearchForm.do?lang=EN&company_search=Intertape Polymer Group Inc&document_selection=0&industry_group=A&FromDate=13&FromMonth=05&FromYear=2000&ToDate=13&ToMonth=11&ToYear=2020&Variable=Issuer,1620593808,16:56:48,20210509
20,2000-12-31,ITP.TO,USD,2000-12-31,2000-12-31,FY,653915000.0,500547000.0,153368000.0,0.23453812804416477,5109000.0,83092000.0,0.0,0.0,94741000.0,595288000.0,0.0,6540000.0,65167000.0,0.09965668320806222,58627000.0,0.08965538334493015,5500000.0,36922000.0,0.05646299595513178,3500000.0,33422000.0,0.051110618352538176,1.18,1.16,28323729,28812069,https://www.sedar.com/ModifyCompanyDocumentSearchForm.do?lang=EN&company_search=Intertape Polymer Group Inc&document_selection=0&industry_group=A&FromDate=13&FromMonth=05&FromYear=2000&ToDate=13&ToMonth=11&ToYear=2020&Variable=Issuer,https://www.sedar.com/ModifyCompanyDocumentSearchForm.do?lang=EN&company_search=Intertape Polymer Group Inc&document_selection=0&industry_group=A&FromDate=13&FromMonth=05&FromYear=2000&ToDate=13&ToMonth=11&ToYear=2020&Variable=Issuer,1620593808,16:56:48,20210509
21,1999-12-31,ITP.TO,USD,1999-12-31,1999-12-31,FY,569947000.0,419544000.0,150403000.0,0.2638894493698537,3901000.0,85330000.0,0.0,0.0,120460000.0,540004000.0,0.0,31229000.0,61172000.0,0.1073292779854969,29943000.0,0.05253646391682033,0.0,7794000.0,0.013674955741498771,-304000.0,8098000.0,0.014208338670086867,0.29,0.29,27924138,27924138,https://www.sedar.com/ModifyCompanyDocumentSearchForm.do?lang=EN&company_search=Intertape Polymer Group Inc&document_selection=0&industry_group=A&FromDate=13&FromMonth=05&FromYear=2000&ToDate=13&ToMonth=11&ToYear=2020&Variable=Issuer,https://www.sedar.com/ModifyCompanyDocumentSearchForm.do?lang=EN&company_search=Intertape Polymer Group Inc&document_selection=0&industry_group=A&FromDate=13&FromMonth=05&FromYear=2000&ToDate=13&ToMonth=11&ToYear=2020&Variable=Issuer,1620593808,16:56:48,20210509
22,1998-12-31,ITP.TO,USD,1998-12-31,1998-12-31,FY,376056262.429323,253420471.826867,122635790.602457,0.32611022034370585,3018108.143238,46478863.976084,0.0,0.0,69919502.827062,323339974.653929,0.0,20422531.35764,73138819.133035,0.19448903379658755,52716287.775395,0.14018191702179839,2515090.011048,40241440.176773,0.10700909464135323,11670017.54728,28571422.629492,0.07597645747187041,1.137324,1.091831,25121627,26168362,https://www.sedar.com/ModifyCompanyDocumentSearchForm.do?lang=EN&company_search=Intertape Polymer Group Inc&document_selection=0&industry_group=A&FromDate=13&FromMonth=05&FromYear=2000&ToDate=13&ToMonth=11&ToYear=2020&Variable=Issuer,https://www.sedar.com/ModifyCompanyDocumentSearchForm.do?lang=EN&company_search=Intertape Polymer Group Inc&document_selection=0&industry_group=A&FromDate=13&FromMonth=05&FromYear=2000&ToDate=13&ToMonth=11&ToYear=2020&Variable=Issuer,1620593808,16:56:48,20210509
23,1997-12-31,ITP.TO,USD,1997-12-31,1997-12-31,FY,243360411.60028,164737815.513627,78622596.086653,0.32307060778558666,1598426.275332,29171280.922432,0.0,0.0,43657019.566737,208394835.080363,0.0,12887312.368973,47852888.888889,0.19663382624240247,34965576.519916,0.14367816149714208,-17382886.792453,13786426.974144,0.056650245138425544,4295770.789658,9490656.184486,0.03899835689000405,0.384347,0.37037,18194815,18881411,https://www.sedar.com/ModifyCompanyDocumentSearchForm.do?lang=EN&company_search=Intertape Polymer Group Inc&document_selection=0&industry_group=A&FromDate=13&FromMonth=05&FromYear=2000&ToDate=13&ToMonth=11&ToYear=2020&Variable=Issuer,https://www.sedar.com/ModifyCompanyDocumentSearchForm.do?lang=EN&company_search=Intertape Polymer Group Inc&document_selection=0&industry_group=A&FromDate=13&FromMonth=05&FromYear=2000&ToDate=13&ToMonth=11&ToYear=2020&Variable=Issuer,1620593808,16:56:48,20210509
24,1996-12-31,ITP.TO,USD,1996-12-31,1996-12-31,FY,198003785.755984,132602535.02627,65401250.729714,0.3303030317325004,1300024.810274,24000458.990076,0.0,0.0,34600661.850555,167203196.876824,0.0,9300178.050204,40100766.929363,0.20252525362713214,30800588.879159,0.15555555547365665,2000037.945126,29500564.068885,0.1489898991388019,8600164.185639,20900399.883246,0.10555555694780121,0.861062,0.824577,21950047,22921288,https://www.sedar.com/ModifyCompanyDocumentSearchForm.do?lang=EN&company_search=Intertape Polymer Group Inc&document_selection=0&industry_group=A&FromDate=13&FromMonth=05&FromYear=2000&ToDate=13&ToMonth=11&ToYear=2020&Variable=Issuer,https://www.sedar.com/ModifyCompanyDocumentSearchForm.do?lang=EN&company_search=Intertape Polymer Group Inc&document_selection=0&industry_group=A&FromDate=13&FromMonth=05&FromYear=2000&ToDate=13&ToMonth=11&ToYear=2020&Variable=Issuer,1620593808,16:56:48,20210509
25,1995-12-31,ITP.TO,USD,1995-12-31,1995-12-31,FY,165253025.148471,109668825.427084,55584199.721387,0.3363581372955053,0.0,19894344.893321,0.0,0.0,28291957.621527,137960783.048611,0.0,8397612.728206,35689854.828067,0.2159709620807339,27292242.099861,0.16515426616450973,0.0,24992895.373561,0.1512401685300842,9197385.438815,15795509.934746,0.09558378686595649,0.749967,0.709971,21061606,22248093,https://www.sedar.com/ModifyCompanyDocumentSearchForm.do?lang=EN&company_search=Intertape Polymer Group Inc&document_selection=0&industry_group=A&FromDate=13&FromMonth=05&FromYear=2000&ToDate=13&ToMonth=11&ToYear=2020&Variable=Issuer,https://www.sedar.com/ModifyCompanyDocumentSearchForm.do?lang=EN&company_search=Intertape Polymer Group Inc&document_selection=0&industry_group=A&FromDate=13&FromMonth=05&FromYear=2000&ToDate=13&ToMonth=11&ToYear=2020&Variable=Issuer,1620593808,16:56:48,20210509
26,1994-12-31,ITP.TO,USD,1994-12-31,1994-12-31,FY,126138966.082371,83059810.460311,43079155.622061,0.34152139469677867,0.0,16691923.186547,0.0,0.0,24088344.734217,107148155.194528,0.0,7396420.835115,26387231.722959,0.20919175527194084,18990810.887844,0.15055467376704723,0.0,16691923.186547,0.13232963377586968,6496856.206356,10195066.980191,0.08082408867640027,0.509719,0.479735,18040423,19167983,https://www.sedar.com/ModifyCompanyDocumentSearchForm.do?lang=EN&company_search=Intertape Polymer Group Inc&document_selection=0&industry_group=A&FromDate=13&FromMonth=05&FromYear=2000&ToDate=13&ToMonth=11&ToYear=2020&Variable=Issuer,https://www.sedar.com/ModifyCompanyDocumentSearchForm.do?lang=EN&company_search=Intertape Polymer Group Inc&document_selection=0&industry_group=A&FromDate=13&FromMonth=05&FromYear=2000&ToDate=13&ToMonth=11&ToYear=2020&Variable=Issuer,1620593808,16:56:48,20210509
27,1993-12-31,ITP.TO,USD,1993-12-31,1993-12-31,FY,101347508.853892,66234986.05983,35112522.794062,0.3464566933231886,0.0,12269432.597393,0.0,0.0,19551290.784417,85786276.844247,0.0,7281858.187024,22843090.196669,0.2253937018777721,15561232.009645,0.15354331039432756,199501.921483,12369183.934896,0.12204724195764968,5087325.747871,7281858.187024,0.07185039148344452,0.359152,0.359152,20275169,20275169,https://www.sedar.com/ModifyCompanyDocumentSearchForm.do?lang=EN&company_search=Intertape Polymer Group Inc&document_selection=0&industry_group=A&FromDate=13&FromMonth=05&FromYear=2000&ToDate=13&ToMonth=11&ToYear=2020&Variable=Issuer,https://www.sedar.com/ModifyCompanyDocumentSearchForm.do?lang=EN&company_search=Intertape Polymer Group Inc&document_selection=0&industry_group=A&FromDate=13&FromMonth=05&FromYear=2000&ToDate=13&ToMonth=11&ToYear=2020&Variable=Issuer,1620593808,16:56:48,20210509
28,1992-12-31,ITP.TO,USD,1992-12-31,1992-12-31,FY,89532097.560976,59221230.527144,30310867.033832,0.33854749145342794,0.0,12304411.487018,0.0,0.0,18906778.127459,78128008.654603,0.0,6602366.640441,18006455.546814002,0.20111732035039917,11404088.906373,0.1273743072824383,0.786782,8102904.799371,0.09050279196075466,3601291.109363,4501613.690008,0.05027932789067258,0.231101,0.231101,19478947,19478947,https://www.sedar.com/ModifyCompanyDocumentSearchForm.do?lang=EN&company_search=Intertape Polymer Group Inc&document_selection=0&industry_group=A&FromDate=13&FromMonth=05&FromYear=2000&ToDate=13&ToMonth=11&ToYear=2020&Variable=Issuer,https://www.sedar.com/ModifyCompanyDocumentSearchForm.do?lang=EN&company_search=Intertape Polymer Group Inc&document_selection=0&industry_group=A&FromDate=13&FromMonth=05&FromYear=2000&ToDate=13&ToMonth=11&ToYear=2020&Variable=Issuer,1620593808,16:56:48,20210509
29,1991-12-31,ITP.TO,USD,1991-12-31,1991-12-31,FY,99260057.958478,69971843.425606,29288214.532872,0.29506545870770806,0.0,9496179.065744,0.0,0.0,15593724.913495,85565568.3391,0.0,6097546.712803,19792036.33218,0.19939577650115126,13694489.619377,0.13796576287619752,-1199517.301038,7297064.013841,0.07351460561199222,3498592.560554,3798471.453287,0.0382678746256219,0.269957,0.269957,14070667,14070667,https://www.sedar.com/ModifyCompanyDocumentSearchForm.do?lang=EN&company_search=Intertape Polymer Group Inc&document_selection=0&industry_group=A&FromDate=13&FromMonth=05&FromYear=2000&ToDate=13&ToMonth=11&ToYear=2020&Variable=Issuer,https://www.sedar.com/ModifyCompanyDocumentSearchForm.do?lang=EN&company_search=Intertape Polymer Group Inc&document_selection=0&industry_group=A&FromDate=13&FromMonth=05&FromYear=2000&ToDate=13&ToMonth=11&ToYear=2020&Variable=Issuer,1620593808,16:56:48,20210509
