,date,symbol,reportedCurrency,fillingDate,acceptedDate,period,revenue,costOfRevenue,grossProfit,grossProfitRatio,researchAndDevelopmentExpenses,generalAndAdministrativeExpenses,sellingAndMarketingExpenses,otherExpenses,operatingExpenses,costAndExpenses,interestExpense,depreciationAndAmortization,ebitda,ebitdaratio,operatingIncome,operatingIncomeRatio,totalOtherIncomeExpensesNet,incomeBeforeTax,incomeBeforeTaxRatio,incomeTaxExpense,netIncome,netIncomeRatio,eps,epsdiluted,weightedAverageShsOut,weightedAverageShsOutDil,link,finalLink,timestamp,est_time,est_date
0,2020-12-31,ABN.AS,EUR,2020-12-31,2020-12-31,FY,7875000000,0.0,0.0,0.0,0.0,1398000000,80000000.0,0.0,0.0,0.0,3724000000,299000000,0.0,0.0,0.0,0.04520634920634921,0.0,356000000,0.04520634920634921,401000000,-45000000,-0.005714285714285714,-0.047872,-0.047872,940000000,940000000,,,1620586067,14:47:47,20210509
1,2019-12-31,ABN.AS,EUR,2019-12-31,2019-12-31,FY,8467000000,0.0,0.0,0.0,0.0,2781000000,0.0,0.0,5268000000.0,0.0,3588000000,240000000,0.0,0.0,0.0,0.3165229715365537,0.0,2680000000,0.3165229715365537,634000000,2046000000,0.24164402976260776,2.176596,2.176596,940000000,940000000,,,1620586067,14:47:47,20210509
2,2018-12-31,ABN.AS,EUR,2018-12-31,2018-12-31,FY,9008000000,0.0,0.0,0.0,0.0,1503000000,112000000.0,0.0,5345000000.0,0.0,6052000000,168000000,0.0,0.0,0.0,0.3425843694493783,0.0,3086000000,0.3425843694493783,762000000,2286000000,0.25377442273534634,2.35,2.35,940000000,940000000,,,1620586067,14:47:47,20210509
3,2017-12-31,ABN.AS,EUR,2017-12-31,2017-12-31,FY,8909000000,0.0,0.0,0.0,0.0,1583000000,111000000.0,0.0,5533000000.0,0.0,6045000000,196000000,0.0,0.0,0.0,0.42327982938601416,0.0,3771000000,0.42327982938601416,979000000,2773000000,0.31125827814569534,2.89,2.89,940000000,940000000,,,1620586067,14:47:47,20210509
4,2016-12-31,ABN.AS,EUR,2016-12-31,2016-12-31,FY,8091000000,0.0,0.0,0.0,0.0,1443000000,109000000.0,0.0,5643000000.0,0.0,6383000000,184000000,0.0,0.0,0.0,0.303547151155605,0.0,2456000000,0.303547151155605,650000000,1805000000,0.22308738104066247,1.87,1.87,940000000,940000000,,,1620586067,14:47:47,20210509
5,2015-12-31,ABN.AS,EUR,2015-12-31,2015-12-31,FY,8424000000,0.0,0.0,0.0,0.0,1349000000,127000000.0,0.0,5222000000.0,0.0,7130000000,171000000,0.0,0.0,0.0,0.32312440645773977,0.0,2722000000,0.32312440645773977,798000000,1919000000,0.22780151946818614,2.03,2.029787,940000000,940000000,,,1620586067,14:47:47,20210509
6,2014-12-31,ABN.AS,EUR,2014-12-31,2014-12-31,FY,7943000000,0.0,0.0,0.0,0.0,1283000000,130000000.0,0.0,5299000000.0,0.0,7353000000,166000000,0.0,0.0,0.0,0.19463678710814553,0.0,1546000000,0.19463678710814553,412000000,1134000000,0.1427672164169709,1.206383,1.206383,940000001,940000001,,,1620586067,14:47:47,20210509
7,2013-12-31,ABN.AS,EUR,2013-12-31,2013-12-31,FY,7250000000,0.0,0.0,0.0,0.0,1320000000,123000000.0,0.0,4757000000.0,0.0,8003000000,229000000,1800000000.0,0.2482758620689655,1571000000.0,0.2166896551724138,0.0,1571000000,0.2166896551724138,411000000,1162000000,0.16027586206896552,1.24,1.23617,940000000,940000000,,,1620586067,14:47:47,20210509
8,2012-12-31,ABN.AS,EUR,2012-12-31,2012-12-31,FY,7230000000,0.0,0.0,0.0,0.0,1321000000,136000000.0,0.0,4671000000.0,0.0,8951000000,251000000,0.0,0.0,0.0,0.19695712309820193,0.0,1424000000,0.19695712309820193,271000000,1153000000,0.1594744121715076,1.226596,1.226596,940000001,940000001,,,1620586067,14:47:47,20210509
