,date,symbol,reportedCurrency,fillingDate,acceptedDate,period,revenue,costOfRevenue,grossProfit,grossProfitRatio,researchAndDevelopmentExpenses,generalAndAdministrativeExpenses,sellingAndMarketingExpenses,otherExpenses,operatingExpenses,costAndExpenses,interestExpense,depreciationAndAmortization,ebitda,ebitdaratio,operatingIncome,operatingIncomeRatio,totalOtherIncomeExpensesNet,incomeBeforeTax,incomeBeforeTaxRatio,incomeTaxExpense,netIncome,netIncomeRatio,eps,epsdiluted,weightedAverageShsOut,weightedAverageShsOutDil,link,finalLink,timestamp,est_time,est_date
0,2019-12-31,1831.HK,CNY,2019-12-31,2019-12-31,FY,122374000,101330000,21044000.0,0.17196463301027995,0.0,63521000,12209000.0,0.0,75476000,176806000,16285000.0,13623000.0,-40809000,-0.3334776995113341,-54432000,-0.4448003660908363,0.0,-148620000,-1.2144736627061303,-5097000.0,-139165000,-1.137210518574207,-0.2028,-0.2028,686214000,686214000,https://www1.hkexnews.hk/search/titlesearch.xhtml,https://www1.hkexnews.hk/search/titlesearch.xhtml,1620585361,14:36:01,20210509
1,2018-12-31,1831.HK,CNY,2018-12-31,2018-12-31,FY,55016000,36521000,18495000.0,0.3361749309291842,0.0,88053000,3439000.0,0.0,90575000,127096000,7260000.0,8413000.0,-63667000,-1.1572451650428965,-72080000,-1.3101643158353933,0.0,-163892000,-2.978987930783772,705000.0,-164403000,-2.988276137850807,-0.316,-0.316,520040750,520040750,https://www1.hkexnews.hk/search/titlesearch.xhtml,https://www1.hkexnews.hk/search/titlesearch.xhtml,1620585361,14:36:01,20210509
2,2017-12-31,1831.HK,CNY,2017-12-31,2017-12-31,FY,43428000,31472000,11956000.0,0.2753062540296583,0.0,66066000,5476000.0,0.0,70368000,101840000,0.0,5882000.0,-52530000,-1.2095882840563692,-58412000,-1.3450308556691535,0.0,-55618000,-1.2806944828221425,713000.0,-56493000,-1.3008427742470297,-0.156,-0.156,362082500,362082500,https://www1.hkexnews.hk/search/titlesearch.xhtml,https://www1.hkexnews.hk/search/titlesearch.xhtml,1620585361,14:36:01,20210509
3,2016-12-31,1831.HK,CNY,2016-12-31,2016-12-31,FY,57759000,48034000,9725000.0,0.16837202860160322,0.0,47860000,7953000.0,0.0,54189000,102223000,12183000.0,6139000.0,-38325000,-0.6635329559029761,-44464000,-0.7698194220814072,0.0,-56484000,-0.9779255181010752,-92000.0,-57129000,-0.9890926089440607,-0.1756,-0.1756,325294500,325294500,https://www1.hkexnews.hk/search/titlesearch.xhtml,https://www1.hkexnews.hk/search/titlesearch.xhtml,1620585361,14:36:01,20210509
4,2015-12-31,1831.HK,CNY,2015-12-31,2015-12-31,FY,66972000,72821000,-5849000.0,-0.08733500567401302,0.0,88767000,17085000.0,0.0,104414000,177235000,0.0,10276000.0,-99987000,-1.4929672101773876,-110263000,-1.6464044675386729,0.0,-168209000,-2.5116317266917516,-1029000.0,-163792000,-2.4456787911365945,-0.702,-0.702,233260000,233260000,https://www1.hkexnews.hk/search/titlesearch.xhtml,https://www1.hkexnews.hk/search/titlesearch.xhtml,1620585361,14:36:01,20210509
5,2014-12-31,1831.HK,CNY,2014-12-31,2014-12-31,FY,183556000,137204000,46352000.0,0.2525223909869468,0.0,84590000,29515000.0,0.0,110827000,248031000,62000.0,13398000.0,-51077000,-0.2782638540826778,-64475000,-0.35125520277190614,0.0,-302786000,-1.6495565386040227,4318000.0,-304174000,-1.6571182636361654,-1.4484,-1.4484,209985500,209985500,https://www1.hkexnews.hk/search/titlesearch.xhtml,https://www1.hkexnews.hk/search/titlesearch.xhtml,1620585361,14:36:01,20210509
6,2013-12-31,1831.HK,CNY,2013-12-31,2013-12-31,FY,270326000,194279000,76047000.0,0.2813158926629329,0.0,221493000,32287000.0,0.0,250086000,444365000,1839000.0,26319000.0,-147720000,-0.5464513217374577,-174039000,-0.6438115460592025,0.0,-500670000,-1.8520970975784794,13715000.0,-516834000,-1.911891567958687,-2.4612,-2.4612,209985500,209985500,https://www1.hkexnews.hk/search/titlesearch.xhtml,https://www1.hkexnews.hk/search/titlesearch.xhtml,1620585361,14:36:01,20210509
7,2012-12-31,1831.HK,CNY,2012-12-31,2012-12-31,FY,377242000,265367000,111875000.0,0.2965602981640432,0.0,207910000,38405000.0,0.0,224787000,490154000,3218000.0,23975000.0,-88937000,-0.23575582782404927,-112912000,-0.29930919674903644,0.0,-114111000,-0.30248752789986266,16261000.0,-137940000,-0.36565387735193855,-0.7196,-0.7196,191706750,191706750,https://www1.hkexnews.hk/search/titlesearch.xhtml,https://www1.hkexnews.hk/search/titlesearch.xhtml,1620585361,14:36:01,20210509
8,2011-12-31,1831.HK,CNY,2011-12-31,2011-12-31,FY,529034000,262729000,266305000.0,0.5033797449691324,0.0,156292000,38049000.0,0.0,194341000,457070000,1687000.0,18255000.0,90219000,0.17053535311530071,71964000,0.1360290642945444,0.0,82519000,0.15598052299096088,23498000.0,52978000,0.10014101173081504,0.2908,0.2908,182153000,182153000,https://www1.hkexnews.hk/search/titlesearch.xhtml,https://www1.hkexnews.hk/search/titlesearch.xhtml,1620585361,14:36:01,20210509
9,2010-12-31,1831.HK,CNY,2010-12-31,2010-12-31,FY,529940000,274144000,255796000.0,0.48268860625731214,0.0,51994000,26770000.0,0.0,69173000,343317000,1462000.0,6682000.0,193305000,0.36476770955202475,186623000,0.35215873495112654,0.0,185435000,0.34991697173264896,24355000.0,161095000,0.30398724383892517,1.1432,1.1296,140916500,142615500,https://www1.hkexnews.hk/search/titlesearch.xhtml,https://www1.hkexnews.hk/search/titlesearch.xhtml,1620585361,14:36:01,20210509
10,2009-12-31,1831.HK,CNY,2009-12-31,2009-12-31,FY,462967000,243090000,219877000.0,0.4749301786088425,0.0,34776000,22565000.0,0.0,51228000,294318000,3270000.0,5857000.0,174506000,0.37692967317324994,168649000,0.3642786634900544,0.0,165425000,0.35731488421420965,24645000.0,140819000,0.30416638766909954,1.0256,1.0256,137280750,137280750,https://www1.hkexnews.hk/search/titlesearch.xhtml,https://www1.hkexnews.hk/search/titlesearch.xhtml,1620585361,14:36:01,20210509
