,date,symbol,reportedCurrency,fillingDate,acceptedDate,period,revenue,costOfRevenue,grossProfit,grossProfitRatio,researchAndDevelopmentExpenses,generalAndAdministrativeExpenses,sellingAndMarketingExpenses,otherExpenses,operatingExpenses,costAndExpenses,interestExpense,depreciationAndAmortization,ebitda,ebitdaratio,operatingIncome,operatingIncomeRatio,totalOtherIncomeExpensesNet,incomeBeforeTax,incomeBeforeTaxRatio,incomeTaxExpense,netIncome,netIncomeRatio,eps,epsdiluted,weightedAverageShsOut,weightedAverageShsOutDil,link,finalLink,timestamp,est_time,est_date
0,2020-06-30,SLR.AX,AUD,2020-06-30,2020-06-30,FY,563435000.0,366297000.0,197138000.0,0.34988596732542354,0.0,15928000.0,0.0,-3883000.0,60110000.0,0.0,1528000.0,32467000.0,169495000.0,0.3008244074294284,137028000.0,0.24320107909519287,-3883000.0,133133000.0,0.23628812551580927,-123742000.0,256875000.0,0.45590884485344363,0.3109,0.3077,826101988,834822879,,,1620598022,18:07:02,20210509
1,2019-06-30,SLR.AX,AUD,2019-06-30,2019-06-30,FY,301514000.0,234954000.0,66560000.0,0.22075260186923326,0.0,33341000.0,0.0,-8523000.0,49453000.0,0.0,3305000.0,11657000.0,28764000.0,0.09539855529096493,17107000.0,0.05673700060362039,-8523000.0,6500000.0,0.02155787127629231,0.0,6500000.0,0.02155787127629231,0.0112,0.0111,580836639,585585586,,,1620598022,18:07:02,20210509
2,2018-06-30,SLR.AX,AUD,2018-06-30,2018-06-30,FY,255573000.0,214969000.0,40604000.0,0.15887437248848665,0.0,5543000.0,0.0,216000.0,20392000.0,0.0,4822000.0,10894000.0,31106000.0,0.12171082234821362,20212000.0,0.07908503636925654,216000.0,16186000.0,0.0633321986281806,0.0,16186000.0,0.0633321986281806,0.0321,0.0316,503827000,512215190,,,1620598022,18:07:02,20210509
3,2017-06-30,SLR.AX,AUD,2017-06-30,2017-06-30,FY,227491000.0,206305000.0,21186000.0,0.09312895894782651,0.0,5185000.0,854000.0,-960000.0,24270000.0,0.0,474000.0,10051000.0,6967000.0,0.030625387377962204,-3084000.0,-0.01355658026031799,-960000.0,2032000.0,0.008932221494476705,0.0,2032000.0,0.008932221494476705,0.004,0.004,503708000,503708000,,,1620598022,18:07:02,20210509
4,2016-06-30,SLR.AX,AUD,2016-06-30,2016-06-30,FY,209497000.0,183073000.0,26424000.0,0.126130684448942,0.0,7763000.0,497000.0,6264000.0,24219000.0,0.0,4538000.0,9323000.0,11528000.0,0.05502704096001375,2205000.0,0.010525210384874247,6264000.0,4413000.0,0.021064740783877572,0.0,4413000.0,0.021064740783877572,0.0088,0.0087,503234000,507241379,,,1620598022,18:07:02,20210509
5,2015-06-30,SLR.AX,AUD,2015-06-30,2015-06-30,FY,185956000.0,141769000.0,44187000.0,0.23762072748392093,0.0,6435000.0,729000.0,325000.0,78665000.0,0.0,5236000.0,38409000.0,3931000.0,0.02113940932263546,-34478000.0,-0.1854094516982512,-54511000.0,-94024000.0,-0.5056249865559594,0.0,-94024000.0,-0.5056249865559594,-0.1868,-0.1868,503233971,503233971,,,1620598022,18:07:02,20210509
6,2014-06-30,SLR.AX,AUD,2014-06-30,2014-06-30,FY,309588000.0,282383000.0,27205000.0,0.08787485303047922,0.0,5232000.0,1262000.0,6883000.0,58875000.0,0.0,3544000.0,47855000.0,16185000.0,0.05227915810690337,-31670000.0,-0.10229724666330736,-82431000.0,-117296000.0,-0.3788777342791064,53142000.0,-170438000.0,-0.5505316743543032,-0.3801,-0.3801,448415209,448415209,,,1620598022,18:07:02,20210509
7,2013-06-30,SLR.AX,AUD,2013-06-30,2013-06-30,FY,215743000.0,143432000.0,72311000.0,0.3351719406886898,0.0,5796000.0,16039000.0,-77000.0,230794000.0,0.0,5084000.0,47473000.0,-111010000.0,-0.5145474013061837,-158483000.0,-0.7345916205856041,-208207000.0,-370908000.0,-1.7192122108249166,-51620000.0,-319288000.0,-1.4799460469169337,-1.0443,-1.0443,305747000,305747000,,,1620598022,18:07:02,20210509
8,2012-06-30,SLR.AX,AUD,2012-06-30,2012-06-30,FY,135338000.0,71980000.0,63358000.0,0.4681464185964031,0.0,2546000.0,1244000.0,11877000.0,20799000.0,0.0,166000.0,14427000.0,56986000.0,0.4210642982754289,42559000.0,0.3144645258537883,11877000.0,44597000.0,0.3295231198924175,13422000.0,31175000.0,0.23034919978128832,0.1529,0.1454,203908000,214408528,,,1620598022,18:07:02,20210509
9,2011-06-30,SLR.AX,AUD,2011-06-30,2011-06-30,FY,89982000.0,64918000.0,25064000.0,0.2785445978084506,0.0,2100000.0,146000.0,20185000.0,3082000.0,0.0,166000.0,11136000.0,33118000.0,0.36805138805538884,21982000.0,0.24429330310506545,20185000.0,22774000.0,0.2530950634571359,6984000.0,15790000.0,0.17547954035251495,0.0883,0.0791,178839000,199620733,,,1620598022,18:07:02,20210509
10,2010-06-30,SLR.AX,AUD,2010-06-30,2010-06-30,FY,69073000.0,43213000.0,25860000.0,0.3743865186107452,0.0,1813000.0,211000.0,10000.0,9791000.0,0.0,200000.0,7556000.0,23625000.0,0.34202944710668426,16069000.0,0.23263793378020356,10000.0,16682000.0,0.24151260260883414,4900000.0,11782000.0,0.17057316172744777,0.0688,0.0622,171362789,189421222,,,1620598022,18:07:02,20210509
11,2009-06-30,SLR.AX,AUD,2009-06-30,2009-06-30,FY,58069000.0,42647000.0,15422000.0,0.2655806023868157,0.0,933000.0,337000.0,12000.0,1885000.0,0.0,221000.0,0.0,13806000.0,0.23775164028999982,13537000.0,0.23311922023799272,12000.0,13585000.0,0.23394582307255163,2935000.0,10650000.0,0.183402503917753,0.0694,0.069,153409000,154347826,,,1620598022,18:07:02,20210509
12,2008-06-30,SLR.AX,AUD,2008-06-30,2008-06-30,FY,2941000.0,5426000.0,-2485000.0,-0.8449506970418225,0.0,602000.0,611000.0,1000.0,1909000.0,0.0,94000.0,0.0,-3905000.0,-1.3277796667800068,-4394000.0,-1.4940496429785788,336000.0,-3664000.0,-1.245834750085005,0.0,-3664000.0,-1.245834750085005,-0.034,-0.034,107814000,107814000,,,1620598022,18:07:02,20210509
13,2007-06-30,SLR.AX,AUD,2007-06-30,2007-06-30,FY,0.0,0.0,0.0,0.0,0.0,0.0,0.0,0.0,0.0,0.0,0.0,0.0,0.0,0.0,0.0,0.0,0.0,0.0,0.0,0.0,0.0,0.0,0.0,0.0,153409423,153409423,,,1620598022,18:07:02,20210509
