,date,symbol,reportedCurrency,fillingDate,acceptedDate,period,revenue,costOfRevenue,grossProfit,grossProfitRatio,researchAndDevelopmentExpenses,generalAndAdministrativeExpenses,sellingAndMarketingExpenses,otherExpenses,operatingExpenses,costAndExpenses,interestExpense,depreciationAndAmortization,ebitda,ebitdaratio,operatingIncome,operatingIncomeRatio,totalOtherIncomeExpensesNet,incomeBeforeTax,incomeBeforeTaxRatio,incomeTaxExpense,netIncome,netIncomeRatio,eps,epsdiluted,weightedAverageShsOut,weightedAverageShsOutDil,link,finalLink,timestamp,est_time,est_date
0,2020-12-31,0236.HK,HKD,2020-12-31,2020-12-31,FY,555658000,312267000.0,243391000.0,0.43802302855353475,0.0,90398000.0,169265000.0,24887000.0,0.0,566351000.0,2253000.0,23156000.0,12463000.0,0.02242926404371034,-10693000.0,-0.019243851433795606,0.0,12547000.0,0.0225804361675707,-1304000.0,17228000.0,0.031004682736503388,0.05,0.05,373570560,373570560,https://www1.hkexnews.hk/search/titlesearch.xhtml,https://www1.hkexnews.hk/search/titlesearch.xhtml,1620584613,14:23:33,20210509
1,2019-12-31,0236.HK,HKD,2019-12-31,2019-12-31,FY,580050000,321204000.0,258846000.0,0.44624773726402894,0.0,80127000.0,190156000.0,24200000.0,0.0,599234000.0,4340000.0,24071000.0,4887000.0,0.008425135764158263,-19184000.0,-0.03307301094733213,0.0,3310000.0,0.005706404620291354,-4990000.0,11583000.0,0.019968968192397206,0.03,0.03,373570560,373570560,https://www1.hkexnews.hk/search/titlesearch.xhtml,https://www1.hkexnews.hk/search/titlesearch.xhtml,1620584613,14:23:33,20210509
2,2018-12-31,0236.HK,HKD,2018-12-31,2018-12-31,FY,584609000,330670000.0,253939000.0,0.43437408592751736,0.0,80803000.0,189968000.0,22839000.0,0.0,595125000.0,6040000.0,25572000.0,15056000.0,0.025753965470938694,-10516000.0,-0.017988091185732687,0.0,-70860000.0,-0.12120921846909644,3228000.0,-73556000.0,-0.12582084778031127,-0.2,-0.2,373570560,373570560,https://www1.hkexnews.hk/search/titlesearch.xhtml,https://www1.hkexnews.hk/search/titlesearch.xhtml,1620584613,14:23:33,20210509
3,2017-12-31,0236.HK,HKD,2017-12-31,2017-12-31,FY,565785000,314210000.0,251575000.0,0.44464770186554964,0.0,77591000.0,184772000.0,21140000.0,0.0,567518000.0,6181000.0,23863000.0,22130000.0,0.039113797643981374,-1733000.0,-0.0030630009632634306,0.0,14400000.0,0.0254513640340412,-819000.0,12480000.0,0.022057848829502374,0.03,0.03,373570560,373570560,https://www1.hkexnews.hk/search/titlesearch.xhtml,https://www1.hkexnews.hk/search/titlesearch.xhtml,1620584613,14:23:33,20210509
4,2016-12-31,0236.HK,HKD,2016-12-31,2016-12-31,FY,541427000,303111000.0,238316000.0,0.4401627550897905,0.0,82849000.0,178366000.0,19479000.0,0.0,551327000.0,5454000.0,23773000.0,13873000.0,0.025623029512750566,-9900000.0,-0.01828501349212359,0.0,5927000.0,0.01094699747149662,-778000.0,8654000.0,0.015983687551599755,0.02,0.02,373570560,373570560,https://www1.hkexnews.hk/search/titlesearch.xhtml,https://www1.hkexnews.hk/search/titlesearch.xhtml,1620584613,14:23:33,20210509
5,2015-12-31,0236.HK,HKD,2015-12-31,2015-12-31,FY,569502000,331846000.0,237656000.0,0.4173049436174061,0.0,83784000.0,197195000.0,11205000.0,0.0,595999000.0,4373000.0,26492000.0,-5000.0,-8.779600422825557e-06,-26497000.0,-0.046526614480721755,0.0,-16053000.0,-0.02818778511752373,856000.0,-16074000.0,-0.0282246594392996,-0.04,-0.043028,373570560,373570560,https://www1.hkexnews.hk/search/titlesearch.xhtml,https://www1.hkexnews.hk/search/titlesearch.xhtml,1620584613,14:23:33,20210509
6,2014-12-31,0236.HK,HKD,2014-12-31,2014-12-31,FY,728640000,416883000.0,311757000.0,0.4278614953886693,0.0,85217000.0,230005000.0,52315000.0,0.0,742363000.0,4253000.0,25579000.0,11856000.0,0.016271409749670618,-13723000.0,-0.018833717610891525,0.0,37227000.0,0.05109107378129117,233000.0,35323000.0,0.048477986385595084,0.09,0.09,373570560,373570560,https://www1.hkexnews.hk/search/titlesearch.xhtml,https://www1.hkexnews.hk/search/titlesearch.xhtml,1620584613,14:23:33,20210509
7,2013-12-31,0236.HK,HKD,2013-12-31,2013-12-31,FY,687093000,396798000.0,290295000.0,0.42249739118285295,0.0,83241000.0,212303000.0,41889000.0,0.0,701469000.0,5494000.0,24559000.0,10183000.0,0.014820410046383823,-14376000.0,-0.020922931830188927,0.0,22283000.0,0.03243083541820394,-3541000.0,26010000.0,0.03785513751413564,0.07,0.069625,373570560,373570560,https://www1.hkexnews.hk/search/titlesearch.xhtml,https://www1.hkexnews.hk/search/titlesearch.xhtml,1620584613,14:23:33,20210509
8,2012-12-31,0236.HK,HKD,2012-12-31,2012-12-31,FY,686362000,392442000.0,293920000.0,0.42822883551245555,0.0,77714000.0,277645000.0,34319000.0,0.0,757360000.0,12746000.0,17304000.0,-53694000.0,-0.07822985538243667,-70998000.0,-0.1034410413163899,0.0,232643000.0,0.3389508743199653,3468000.0,239854000.0,0.34945699208289505,0.64,0.64,373570560,373570560,https://www1.hkexnews.hk/search/titlesearch.xhtml,https://www1.hkexnews.hk/search/titlesearch.xhtml,1620584613,14:23:33,20210509
9,2011-12-31,0236.HK,HKD,2011-12-31,2011-12-31,FY,683879000,387062000.0,296817000.0,0.4340197608056396,0.0,80586000.0,270251000.0,0.0,0.0,730518000.0,20662000.0,17922000.0,-28717000.0,-0.04199134642239344,-46639000.0,-0.06819773673412986,0.0,-69027000.0,-0.10093452204264204,-389000.0,-53464000.0,-0.07817757234832477,-0.14,-0.14,373570560,373570560,https://www1.hkexnews.hk/search/titlesearch.xhtml,https://www1.hkexnews.hk/search/titlesearch.xhtml,1620584613,14:23:33,20210509
10,2010-12-31,0236.HK,HKD,2010-12-31,2010-12-31,FY,589322000,333715000.0,255607000.0,0.433730626041451,0.0,78162000.0,270487000.0,0.0,0.0,675644000.0,11904000.0,52865000.0,-33457000.0,-0.056772019371413254,-86322000.0,-0.14647679876196715,0.0,-782509000.0,-1.327812299557797,-8522000.0,-736984000.0,-1.2505625108175158,-1.97,-1.97,373570560,373570560,https://www1.hkexnews.hk/search/titlesearch.xhtml,https://www1.hkexnews.hk/search/titlesearch.xhtml,1620584613,14:23:33,20210509
11,2009-12-31,0236.HK,HKD,2009-12-31,2009-12-31,FY,696824000,335051000.0,361773000.0,0.5191741386634214,0.0,70077000.0,302960000.0,0.0,0.0,726410000.0,13445000.0,0.0,-29586000.0,-0.042458353902850646,-29586000.0,-0.042458353902850646,0.0,-345324000.0,-0.49556846492084083,-2272000.0,-334856000.0,-0.4805460202289244,-0.9,-0.9,373570560,373570560,https://www1.hkexnews.hk/search/titlesearch.xhtml,https://www1.hkexnews.hk/search/titlesearch.xhtml,1620584613,14:23:33,20210509
12,2008-12-31,0236.HK,HKD,2008-12-31,2008-12-31,FY,753375000,326085000.0,427290000.0,0.5671677451468392,0.0,79195000.0,324337000.0,0.0,0.0,759942000.0,15659000.0,75387000.0,68820000.0,0.09134892981582877,-6567000.0,-0.008716774514683922,0.0,-314185000.0,-0.41703666832586694,-58159000.0,-257769000.0,-0.34215231458437034,-0.69,-0.69,373570560,373570560,https://www1.hkexnews.hk/search/titlesearch.xhtml,https://www1.hkexnews.hk/search/titlesearch.xhtml,1620584613,14:23:33,20210509
13,2007-12-31,0236.HK,HKD,2007-12-31,2007-12-31,FY,754833000,353959000.0,400874000.0,0.5310764102788299,0.0,80819000.0,307642000.0,0.0,0.0,750507000.0,0.0,66960000.0,71286000.0,0.09443943229826995,4326000.0,0.005731068991419294,0.0,-315814000.0,-0.41838923311513937,-55520000.0,-260294000.0,-0.34483654000288805,-0.007,-0.007,373570560,373570560,https://www1.hkexnews.hk/search/titlesearch.xhtml,https://www1.hkexnews.hk/search/titlesearch.xhtml,1620584613,14:23:33,20210509
14,2006-12-31,0236.HK,HKD,2006-12-31,2006-12-31,FY,826817000,444311000.0,382506000.0,0.4626247404201897,0.0,104343000.0,286873000.0,0.0,0.0,838424000.0,0.0,84247000.0,72640000.0,0.08785499088673794,-11607000.0,-0.01403817289678369,0.0,-112871000.0,-0.13651267450959523,-6549000.0,-106322000.0,-0.12859193751458908,-0.19,-0.19,369178947,369178947,https://www1.hkexnews.hk/search/titlesearch.xhtml,https://www1.hkexnews.hk/search/titlesearch.xhtml,1620584613,14:23:33,20210509
15,2005-12-31,0236.HK,HKD,2005-12-31,2005-12-31,FY,1268346000,440817000.0,827529000.0,0.6524473605782649,0.0,104970000.0,253337000.0,0.0,0.0,805431000.0,0.0,73084000.0,535999000.0,0.4225968308332269,462915000.0,0.3649753300755472,0.0,-59058000.0,-0.04656300410140451,6979000.0,-66037000.0,-0.05206544586414117,-0.1,-0.1,356410000,356410000,https://www1.hkexnews.hk/search/titlesearch.xhtml,https://www1.hkexnews.hk/search/titlesearch.xhtml,1620584613,14:23:33,20210509
16,2004-12-31,0236.HK,HKD,2004-12-31,2004-12-31,FY,1261232000,895543000.0,365689000.0,0.28994586245829473,0.0,293016000.0,0.0,0.0,0.0,1248907000.0,0.0,80904000.0,93229000.0,0.07391899349207759,12325000.0,0.009772191000545499,0.0,15844000.0,0.012562320017252972,3032000.0,11578000.0,0.009179912973980997,0.03,0.03,385933333,385933333,https://www1.hkexnews.hk/search/titlesearch.xhtml,https://www1.hkexnews.hk/search/titlesearch.xhtml,1620584613,14:23:33,20210509
17,2003-12-31,0236.HK,HKD,2003-12-31,2003-12-31,FY,1158649000,351624000.0,807025000.0,0.6965224153302683,0.0,304973000.0,0.0,0.0,0.0,1189290000.0,0.0,80415000.0,49774000.0,0.042958652706729994,-30641000.0,-0.026445455008376136,0.0,-27083000.0,-0.02337463718520449,9456000.0,-32771000.0,-0.02828380294636253,-0.09,-0.09,364122222,364122222,https://www1.hkexnews.hk/search/titlesearch.xhtml,https://www1.hkexnews.hk/search/titlesearch.xhtml,1620584613,14:23:33,20210509
18,2002-12-31,0236.HK,HKD,2002-12-31,2002-12-31,FY,1326642000,386767000.0,939875000.0,0.7084616648651256,0.0,313440000.0,0.0,0.0,0.0,1287700000.0,0.0,80913000.0,119855000.0,0.09034464459891968,38942000.0,0.029353812106054235,0.0,43580000.0,0.0328498570073916,2431000.0,30736000.0,0.023168269962808352,0.11,0.11,279418182,279418182,https://www1.hkexnews.hk/search/titlesearch.xhtml,https://www1.hkexnews.hk/search/titlesearch.xhtml,1620584613,14:23:33,20210509
19,2001-12-31,0236.HK,HKD,2001-12-31,2001-12-31,FY,1376423000,405681000.0,970742000.0,0.7052642973853241,0.0,366080000.0,0.0,0.0,0.0,837915000.0,0.0,0.0,538508000.0,0.39123728679337677,538508000.0,0.39123728679337677,0.0,95534000.0,0.06940744233422429,5131000.0,90403000.0,0.06567966388239661,0.24,0.24,369725000,369725000,https://www1.hkexnews.hk/search/titlesearch.xhtml,https://www1.hkexnews.hk/search/titlesearch.xhtml,1620584613,14:23:33,20210509
20,2000-12-31,0236.HK,HKD,2000-12-31,2000-12-31,FY,1355184000,406673000.0,948511000.0,0.6999130745345281,0.0,450369000.0,0.0,0.0,0.0,932075000.0,0.0,0.0,423109000.0,0.3122151678296084,423109000.0,0.3122151678296084,0.0,93608000.0,0.0690740150414999,6631000.0,86977000.0,0.06418095254961688,0.23,0.23,381117391,381117391,https://www1.hkexnews.hk/search/titlesearch.xhtml,https://www1.hkexnews.hk/search/titlesearch.xhtml,1620584613,14:23:33,20210509
21,1999-12-31,0236.HK,HKD,1999-12-31,1999-12-31,FY,1342902000,415931000.0,926971000.0,0.6902744950860152,0.0,452871000.0,0.0,0.0,0.0,940278000.0,0.0,0.0,402624000.0,0.29981636783622334,402624000.0,0.29981636783622334,0.0,63470000.0,0.04726331482118576,6744000.0,56726000.0,0.04224135491644215,0.16,0.16,375625000,375625000,https://www1.hkexnews.hk/search/titlesearch.xhtml,https://www1.hkexnews.hk/search/titlesearch.xhtml,1620584613,14:23:33,20210509
22,1998-12-31,0236.HK,HKD,1998-12-31,1998-12-31,FY,1243399000,0.0,0.0,0.0,0.0,0.0,0.0,0.0,0.0,0.0,0.0,0.0,1243399000.0,1.0,1243399000.0,1.0,0.0,30637000.0,0.024639717419750216,11002000.0,19635000.0,0.015791391178535612,0.05,0.05,341020000,341020000,https://www1.hkexnews.hk/search/titlesearch.xhtml,https://www1.hkexnews.hk/search/titlesearch.xhtml,1620584613,14:23:33,20210509
23,1997-12-31,0236.HK,HKD,1997-12-31,1997-12-31,FY,1191331000,0.0,0.0,0.0,0.0,0.0,0.0,0.0,0.0,0.0,0.0,0.0,1191331000.0,1.0,1191331000.0,1.0,0.0,-7039000.0,-0.0059085174481315434,-9899000.0,2860000.0,0.0024006762184481055,0.01,0.01,549200000,549200000,https://www1.hkexnews.hk/search/titlesearch.xhtml,https://www1.hkexnews.hk/search/titlesearch.xhtml,1620584613,14:23:33,20210509
