,date,symbol,reportedCurrency,fillingDate,acceptedDate,period,revenue,costOfRevenue,grossProfit,grossProfitRatio,researchAndDevelopmentExpenses,generalAndAdministrativeExpenses,sellingAndMarketingExpenses,otherExpenses,operatingExpenses,costAndExpenses,interestExpense,depreciationAndAmortization,ebitda,ebitdaratio,operatingIncome,operatingIncomeRatio,totalOtherIncomeExpensesNet,incomeBeforeTax,incomeBeforeTaxRatio,incomeTaxExpense,netIncome,netIncomeRatio,eps,epsdiluted,weightedAverageShsOut,weightedAverageShsOutDil,link,finalLink,timestamp,est_time,est_date
0,2020-09-30,IGE.L,GBP,2020-09-30,2020-09-30,FY,3484410.0,1760242.0,1724168.0,0.4948235138803987,299804.0,0.0,0.0,0.0,0.0,3372608.0,0.0,60732.0,172534.0,0.049515986924615646,111802.0,0.03208635034338669,0.0,112795.0,0.032371334027855504,-25160.0,137955.0,0.0395920686715972,0.0010117372150991307,0.0010109269511681576,136354577,136463866,https://find-and-update.company-information.service.gov.uk/search/companies?q=Image+Scan+Holdings+PLC,https://find-and-update.company-information.service.gov.uk/search/companies?q=Image+Scan+Holdings+PLC,1620593486,16:51:26,20210509
1,2019-09-30,IGE.L,GBP,2019-09-30,2019-09-30,FY,2365202.0,1086595.0,1278607.0,0.5405910361990224,408531.0,0.0,0.0,0.0,1681310.0,2767905.0,0.0,23940.0,-378763.0,-0.16013981046861958,-402703.0,-0.17026156751093563,0.0,-401811.0,-0.16988443270384518,-33939.0,-367872.0,-0.155535129769043,-0.0026979072363665503,-0.0025912619069059406,136354577,141966352,https://find-and-update.company-information.service.gov.uk/search/companies?q=Image+Scan+Holdings+PLC,https://find-and-update.company-information.service.gov.uk/search/companies?q=Image+Scan+Holdings+PLC,1620593486,16:51:26,20210509
2,2018-09-30,IGE.L,GBP,2018-09-30,2018-09-30,FY,3464910.0,1819617.0,1645293.0,0.4748443682519892,383187.0,0.0,0.0,0.0,1549401.0,3369018.0,0.0,15844.0,111736.0,0.0322478794543004,95892.0,0.027675177710243557,0.0,-154222.0,-0.044509669803833286,65467.0,-219689.0,-0.06340395565829993,-0.0016180391244510267,-0.0015557870680738795,135774838,141207627,https://find-and-update.company-information.service.gov.uk/search/companies?q=Image+Scan+Holdings+PLC,https://find-and-update.company-information.service.gov.uk/search/companies?q=Image+Scan+Holdings+PLC,1620593486,16:51:26,20210509
3,2017-09-30,IGE.L,GBP,2017-09-30,2017-09-30,FY,5033636.0,3104007.0,1929629.0,0.38334694840866523,291593.0,0.0,0.0,0.0,1452538.0,4556545.0,0.0,12975.0,490066.0,0.09735825157003804,477091.0,0.0947805920014876,0.0,477377.0,0.09483740977694852,-102811.0,580188.0,0.11526220807384563,0.0045,0.0043,129512227,134927442,https://find-and-update.company-information.service.gov.uk/search/companies?q=Image+Scan+Holdings+PLC,https://find-and-update.company-information.service.gov.uk/search/companies?q=Image+Scan+Holdings+PLC,1620593486,16:51:26,20210509
4,2016-09-30,IGE.L,GBP,2016-09-30,2016-09-30,FY,3314806.0,1911046.0,1403760.0,0.42348179652142537,317841.0,0.0,0.0,0.0,1298978.0,3210024.0,0.0,6215.0,110997.0,0.0334852175361092,104782.0,0.03161029634916795,0.0,105453.0,0.031812721468466025,0.0,105453.0,0.031812721468466025,0.0008,0.0008,125604577,125604577,https://find-and-update.company-information.service.gov.uk/search/companies?q=Image+Scan+Holdings+PLC,https://find-and-update.company-information.service.gov.uk/search/companies?q=Image+Scan+Holdings+PLC,1620593486,16:51:26,20210509
5,2015-09-30,IGE.L,GBP,2015-09-30,2015-09-30,FY,1707768.0,1058935.0,648833.0,0.37993041209344597,366095.0,0.0,0.0,0.0,1290247.0,2349182.0,0.0,5292.0,-636122.0,-0.3724873636231619,-641414.0,-0.3755861451906816,0.0,-640430.0,-0.3750099545137279,-90201.0,-550229.0,-0.3221918902333338,-0.0044,-0.0044,125052045,125052045,https://find-and-update.company-information.service.gov.uk/search/companies?q=Image+Scan+Holdings+PLC,https://find-and-update.company-information.service.gov.uk/search/companies?q=Image+Scan+Holdings+PLC,1620593486,16:51:26,20210509
6,2014-09-30,IGE.L,GBP,2014-09-30,2014-09-30,FY,2194735.0,1521574.0,673161.0,0.3067163006012115,0.0,1196969.0,0.0,0.0,1196969.0,2718543.0,0.0,13348.0,-510460.0,-0.23258388825985826,-523808.0,-0.23866571590647617,0.0,-523358.0,-0.23846067976316046,-71894.0,-451464.0,-0.20570319423529493,-0.0057,-0.0057,79204211,79204211,https://find-and-update.company-information.service.gov.uk/search/companies?q=Image+Scan+Holdings+PLC,https://find-and-update.company-information.service.gov.uk/search/companies?q=Image+Scan+Holdings+PLC,1620593486,16:51:26,20210509
7,2013-09-30,IGE.L,GBP,2013-09-30,2013-09-30,FY,2537786.0,1586820.0,950966.0,0.3747226913538021,0.0,1292856.0,0.0,0.0,1292856.0,2879676.0,0.0,21472.0,-320418.0,-0.1262588728915677,-341890.0,-0.13471979118806707,0.0,-341810.0,-0.1346882676474691,-45155.0,-296655.0,-0.11689519920119348,-0.0039,-0.0039,76267932,76267932,https://find-and-update.company-information.service.gov.uk/search/companies?q=Image+Scan+Holdings+PLC,https://find-and-update.company-information.service.gov.uk/search/companies?q=Image+Scan+Holdings+PLC,1620593486,16:51:26,20210509
8,2012-09-30,IGE.L,GBP,2012-09-30,2012-09-30,FY,4301983.0,2647129.0,1654854.0,0.38467237085781136,0.0,1624063.0,0.0,0.0,1624063.0,4271192.0,0.0,33436.0,64227.0,0.014929626639621774,30791.0,0.0071573969492673495,0.0,31671.0,0.0073619537780600245,-76314.0,107985.0,0.025101214951337558,0.0014,0.0014,76267932,76267932,https://find-and-update.company-information.service.gov.uk/search/companies?q=Image+Scan+Holdings+PLC,https://find-and-update.company-information.service.gov.uk/search/companies?q=Image+Scan+Holdings+PLC,1620593486,16:51:26,20210509
9,2011-09-30,IGE.L,GBP,2011-09-30,2011-09-30,FY,2174000.0,1273000.0,901000.0,0.4144434222631095,137000.0,1169000.0,0.0,0.0,1159000.0,2432000.0,0.0,40000.0,-218000.0,-0.10027598896044158,-258000.0,-0.11867525298988041,0.0,-267000.0,-0.12281508739650414,-30000.0,-237000.0,-0.10901563937442502,-0.0036,-0.0036,65418617,65418617,https://find-and-update.company-information.service.gov.uk/search/companies?q=Image+Scan+Holdings+PLC,https://find-and-update.company-information.service.gov.uk/search/companies?q=Image+Scan+Holdings+PLC,1620593486,16:51:26,20210509
10,2010-09-30,IGE.L,GBP,2010-09-30,2010-09-30,FY,1472000.0,666000.0,806000.0,0.5475543478260869,131000.0,1218000.0,0.0,0.0,1209000.0,1875000.0,0.0,71000.0,-332000.0,-0.22554347826086957,-403000.0,-0.27377717391304346,0.0,-410000.0,-0.27853260869565216,-28000.0,-382000.0,-0.2595108695652174,-0.0065,-0.0065,58490656,58490656,https://find-and-update.company-information.service.gov.uk/search/companies?q=Image+Scan+Holdings+PLC,https://find-and-update.company-information.service.gov.uk/search/companies?q=Image+Scan+Holdings+PLC,1620593486,16:51:26,20210509
11,2009-09-30,IGE.L,GBP,2009-09-30,2009-09-30,FY,1444000.0,751000.0,693000.0,0.47991689750692523,131000.0,1283000.0,0.0,0.0,1286000.0,2037000.0,0.0,75000.0,-518000.0,-0.3587257617728532,-593000.0,-0.41066481994459836,0.0,-567000.0,-0.3926592797783934,-30000.0,-537000.0,-0.3718836565096953,-0.0096,-0.0096,55620120,55620120,https://find-and-update.company-information.service.gov.uk/search/companies?q=Image+Scan+Holdings+PLC,https://find-and-update.company-information.service.gov.uk/search/companies?q=Image+Scan+Holdings+PLC,1620593486,16:51:26,20210509
12,2008-09-30,IGE.L,GBP,2008-09-30,2008-09-30,FY,2005000.0,1097000.0,908000.0,0.45286783042394013,211000.0,1360000.0,0.0,0.0,1360000.0,2457000.0,0.0,77000.0,-375000.0,-0.18703241895261846,-452000.0,-0.2254364089775561,0.0,-377000.0,-0.18802992518703243,-46000.0,-331000.0,-0.16508728179551121,-0.0059,-0.0059,55620038,55620038,https://find-and-update.company-information.service.gov.uk/search/companies?q=Image+Scan+Holdings+PLC,https://find-and-update.company-information.service.gov.uk/search/companies?q=Image+Scan+Holdings+PLC,1620593486,16:51:26,20210509
13,2007-09-30,IGE.L,GBP,2007-09-30,2007-09-30,FY,1542000.0,830000.0,712000.0,0.46173800259403375,267000.0,1522000.0,0.0,0.0,1522000.0,2352000.0,45000.0,73000.0,-737000.0,-0.4779507133592737,-810000.0,-0.5252918287937743,0.0,-824000.0,-0.5343709468223087,-63000.0,-761000.0,-0.49351491569390404,-0.019,-0.019,40865928,40865928,https://find-and-update.company-information.service.gov.uk/search/companies?q=Image+Scan+Holdings+PLC,https://find-and-update.company-information.service.gov.uk/search/companies?q=Image+Scan+Holdings+PLC,1620593486,16:51:26,20210509
14,2006-09-30,IGE.L,GBP,2006-09-30,2006-09-30,FY,1422000.0,705000.0,717000.0,0.5042194092827004,174000.0,1220000.0,0.0,0.0,1273000.0,1978000.0,9000.0,99000.0,-457000.0,-0.32137834036568214,-556000.0,-0.3909985935302391,0.0,-508000.0,-0.35724331926863573,-37000.0,-471000.0,-0.33122362869198313,-0.013,-0.013,34888284,34888284,https://find-and-update.company-information.service.gov.uk/search/companies?q=Image+Scan+Holdings+PLC,https://find-and-update.company-information.service.gov.uk/search/companies?q=Image+Scan+Holdings+PLC,1620593486,16:51:26,20210509
15,2005-09-30,IGE.L,GBP,2005-09-30,2005-09-30,FY,843000.0,444000.0,399000.0,0.47330960854092524,127000.0,1116000.0,0.0,0.0,1117000.0,1561000.0,10000.0,106000.0,-612000.0,-0.7259786476868327,-718000.0,-0.8517200474495848,0.0,-722000.0,-0.8564650059311981,-30000.0,-692000.0,-0.8208778173190985,-0.027,-0.027,25931619,25931619,https://find-and-update.company-information.service.gov.uk/search/companies?q=Image+Scan+Holdings+PLC,https://find-and-update.company-information.service.gov.uk/search/companies?q=Image+Scan+Holdings+PLC,1620593486,16:51:26,20210509
16,2004-09-30,IGE.L,GBP,2004-09-30,2004-09-30,FY,425000.0,239000.0,186000.0,0.4376470588235294,118000.0,1287000.0,0.0,-8000.0,1108000.0,1347000.0,5000.0,300000.0,-622000.0,-1.463529411764706,-922000.0,-2.1694117647058824,0.0,-1255000.0,-2.9529411764705884,-44000.0,-1211000.0,-2.8494117647058825,-0.063,-0.063,19073580,19073580,https://find-and-update.company-information.service.gov.uk/search/companies?q=Image+Scan+Holdings+PLC,https://find-and-update.company-information.service.gov.uk/search/companies?q=Image+Scan+Holdings+PLC,1620593486,16:51:26,20210509
17,2003-09-30,IGE.L,GBP,2003-09-30,2003-09-30,FY,510000.0,389000.0,121000.0,0.2372549019607843,150000.0,961000.0,0.0,-1000.0,961000.0,1350000.0,7000.0,94000.0,-746000.0,-1.4627450980392156,-840000.0,-1.6470588235294117,0.0,-839000.0,-1.6450980392156862,-51000.0,-788000.0,-1.5450980392156863,-0.049,-0.049,16250203,16250203,https://find-and-update.company-information.service.gov.uk/search/companies?q=Image+Scan+Holdings+PLC,https://find-and-update.company-information.service.gov.uk/search/companies?q=Image+Scan+Holdings+PLC,1620593486,16:51:26,20210509
18,2002-09-30,IGE.L,GBP,2002-09-30,2002-09-30,FY,503000.0,263000.0,240000.0,0.47713717693836977,118000.0,415000.0,0.0,0.0,805000.0,1068000.0,42000.0,71000.0,-494000.0,-0.9821073558648111,-565000.0,-1.1232604373757455,0.0,-665000.0,-1.3220675944333995,-62000.0,-603000.0,-1.1988071570576542,-0.0234,-0.0234,16239316,16239316,https://find-and-update.company-information.service.gov.uk/search/companies?q=Image+Scan+Holdings+PLC,https://find-and-update.company-information.service.gov.uk/search/companies?q=Image+Scan+Holdings+PLC,1620593486,16:51:26,20210509
19,2001-09-30,IGE.L,GBP,2001-09-30,2001-09-30,FY,62000.0,8982000.0,-8920000.0,-143.8709677419355,70000.0,0.0,0.0,0.0,-8484000.0,498000.0,96000.0,42000.0,-394000.0,-6.354838709677419,-436000.0,-7.032258064516129,0.0,-524000.0,-8.451612903225806,0.0,-524000.0,-8.451612903225806,-0.043,-0.043,12053000,12053000,https://find-and-update.company-information.service.gov.uk/search/companies?q=Image+Scan+Holdings+PLC,https://find-and-update.company-information.service.gov.uk/search/companies?q=Image+Scan+Holdings+PLC,1620593486,16:51:26,20210509
20,2000-09-30,IGE.L,GBP,2000-09-30,2000-09-30,FY,101000.0,0.0,101000.0,1.0,129000.0,0.0,0.0,0.0,511000.0,511000.0,57000.0,16000.0,-394000.0,-3.900990099009901,-410000.0,-4.0594059405940595,0.0,-446000.0,-4.415841584158416,0.0,-446000.0,-4.415841584158416,-0.027,-0.027,11121000,11121000,https://find-and-update.company-information.service.gov.uk/search/companies?q=Image+Scan+Holdings+PLC,https://find-and-update.company-information.service.gov.uk/search/companies?q=Image+Scan+Holdings+PLC,1620593486,16:51:26,20210509
21,1999-09-30,IGE.L,GBP,1999-09-30,1999-09-30,FY,31000.0,0.0,31000.0,1.0,0.0,0.0,0.0,0.0,220000.0,220000.0,26000.0,0.0,-187000.0,-6.032258064516129,-189000.0,-6.096774193548387,0.0,-198000.0,-6.387096774193548,0.0,-198000.0,-6.387096774193548,-0.012,-0.012,11121000,11121000,https://find-and-update.company-information.service.gov.uk/search/companies?q=Image+Scan+Holdings+PLC,https://find-and-update.company-information.service.gov.uk/search/companies?q=Image+Scan+Holdings+PLC,1620593486,16:51:26,20210509
