,date,symbol,reportedCurrency,fillingDate,acceptedDate,period,revenue,costOfRevenue,grossProfit,grossProfitRatio,researchAndDevelopmentExpenses,generalAndAdministrativeExpenses,sellingAndMarketingExpenses,otherExpenses,operatingExpenses,costAndExpenses,interestExpense,depreciationAndAmortization,ebitda,ebitdaratio,operatingIncome,operatingIncomeRatio,totalOtherIncomeExpensesNet,incomeBeforeTax,incomeBeforeTaxRatio,incomeTaxExpense,netIncome,netIncomeRatio,eps,epsdiluted,weightedAverageShsOut,weightedAverageShsOutDil,link,finalLink,timestamp,est_time,est_date
0,2020-06-30,SBR.AX,AUD,2020-06-30,2020-06-30,FY,0.0,0.0,0.0,0.0,0.0,60366.0,0.0,22539.0,744888.0,0.0,0.0,2690.0,-742198.0,0.0,-744888.0,0.0,22539.0,-721146.0,0.0,0.0,-630123.0,0.0,-0.0015797484691496176,-0.0015797484691496176,398875525.0,398875525.0,,,1620597625,18:00:25,20210509
1,2019-06-30,SBR.AX,AUD,2019-06-30,2019-06-30,FY,0.0,0.0,0.0,0.0,0.0,62188.0,0.0,34977.0,14595696.0,0.0,0.0,665.0,-14595031.0,0.0,-14595696.0,0.0,34977.0,-14551815.0,0.0,0.0,-13682081.0,0.0,-0.0343,-0.0343,398875525.0,398875525.0,,,1620597625,18:00:25,20210509
2,2018-06-30,SBR.AX,AUD,2018-06-30,2018-06-30,FY,0.0,0.0,0.0,0.0,0.0,245396.0,0.0,-104498.0,454570.0,0.0,0.0,14270.0,-440300.0,0.0,-454570.0,0.0,-104498.0,-554063.0,0.0,0.0,-554063.0,0.0,-0.002,-0.002,271905694.0,271905694.0,,,1620597625,18:00:25,20210509
3,2017-06-30,SBR.AX,AUD,2017-06-30,2017-06-30,FY,0.0,0.0,0.0,0.0,0.0,251470.0,0.0,-130538.0,784266.0,0.0,0.0,30550.0,-753716.0,0.0,-784266.0,0.0,-130538.0,-913385.0,0.0,0.0,-913385.0,0.0,-0.0036,-0.0036,251472228.0,251472228.0,,,1620597625,18:00:25,20210509
4,2016-06-30,SBR.AX,AUD,2016-06-30,2016-06-30,FY,0.0,0.0,0.0,0.0,0.0,514867.0,0.0,35350.0,634911.0,0.0,0.0,41495.0,-593416.0,0.0,-634911.0,0.0,35350.0,-593651.0,0.0,0.0,-593651.0,0.0,-0.0024,-0.0024,244163485.0,244163485.0,,,1620597625,18:00:25,20210509
5,2015-06-30,SBR.AX,AUD,2015-06-30,2015-06-30,FY,0.0,0.0,0.0,0.0,0.0,474827.0,0.0,312039.0,956768.0,0.0,0.0,55203.0,-901565.0,0.0,-956768.0,0.0,312039.0,-592325.0,0.0,0.0,-592325.0,0.0,-0.0026,-0.0026,226472228.0,226472228.0,,,1620597625,18:00:25,20210509
6,2014-06-30,SBR.AX,AUD,2014-06-30,2014-06-30,FY,0.0,0.0,0.0,0.0,0.0,531786.0,0.0,-186171.0,1059304.0,0.0,0.0,53135.0,-1006169.0,0.0,-1059304.0,0.0,-186171.0,-1107069.0,0.0,0.0,-1107069.0,0.0,-0.0049,-0.0049,226472228.0,226472228.0,,,1620597625,18:00:25,20210509
7,2013-06-30,SBR.AX,AUD,2013-06-30,2013-06-30,FY,0.0,0.0,0.0,0.0,0.0,760872.0,0.0,132976.0,1376162.0,0.0,0.0,61759.0,-1314403.0,0.0,-1376162.0,0.0,132976.0,-971626.0,0.0,-38662.0,-932964.0,0.0,-0.0043,-0.0043,217696464.0,217696464.0,,,1620597625,18:00:25,20210509
8,2012-06-30,SBR.AX,AUD,2012-06-30,2012-06-30,FY,0.0,0.0,0.0,0.0,0.0,592244.0,0.0,128896.0,1260990.0,0.0,0.0,55795.0,-1205195.0,0.0,-1260990.0,0.0,128896.0,-1067251.0,0.0,-69306.0,-997945.0,0.0,-0.008,-0.008,120813653.0,120813653.0,,,1620597625,18:00:25,20210509
9,2011-06-30,SBR.AX,AUD,2011-06-30,2011-06-30,FY,0.0,0.0,0.0,0.0,0.0,593662.0,0.0,85040.0,1102906.0,0.0,0.0,55408.0,-1047498.0,0.0,-1102906.0,0.0,85040.0,-832357.0,0.0,0.0,-832357.0,0.0,-0.0076,-0.0076,110081059.0,110081059.0,,,1620597625,18:00:25,20210509
10,2010-06-30,SBR.AX,AUD,2010-06-30,2010-06-30,FY,0.0,0.0,0.0,0.0,0.0,379570.0,0.0,6817.0,891370.0,0.0,0.0,21530.0,-869840.0,0.0,-891370.0,0.0,6817.0,-725113.0,0.0,0.0,-725113.0,0.0,-0.008,-0.008,91916464.0,91916464.0,,,1620597625,18:00:25,20210509
11,2009-06-30,SBR.AX,AUD,2009-06-30,2009-06-30,FY,0.0,0.0,0.0,0.0,0.0,458867.0,0.0,-777.0,832151.0,0.0,0.0,16906.0,-815245.0,0.0,-832151.0,0.0,-777.0,-783299.0,0.0,0.0,-783299.0,0.0,-0.011,-0.011,74434851.0,74434851.0,,,1620597625,18:00:25,20210509
12,2008-06-30,SBR.AX,AUD,2008-06-30,2008-06-30,FY,0.0,0.0,0.0,0.0,0.0,571760.0,0.0,0.0,1113370.0,0.0,0.0,4326.0,-1109044.0,0.0,-1113370.0,0.0,0.0,-988501.0,0.0,0.0,-988501.0,0.0,-0.016,-0.016,61112447.0,61112447.0,,,1620597625,18:00:25,20210509
13,2007-06-30,SBR.AX,AUD,2007-06-30,2007-06-30,FY,0.0,0.0,0.0,0.0,0.0,129448.0,0.0,1527.0,277262.0,0.0,0.0,257.0,-277005.0,0.0,-277262.0,0.0,1527.0,-272110.0,0.0,0.0,-272110.0,0.0,-0.01,-0.01,28434851.0,28434851.0,,,1620597625,18:00:25,20210509
14,2006-06-30,SBR.AX,AUD,2006-06-30,2006-06-30,FY,0.0,0.0,0.0,0.0,0.0,93527.0,0.0,0.0,1486334.0,0.0,0.0,0.0,-1486334.0,0.0,-1486334.0,0.0,0.0,-1482162.0,0.0,0.0,-1482162.0,0.0,-0.058,-0.058,25392166.0,25392166.0,,,1620597625,18:00:25,20210509
15,2005-06-30,SBR.AX,AUD,2005-06-30,2005-06-30,FY,10000.0,0.0,10000.0,1.0,0.0,109971.0,0.0,0.0,313296.0,0.0,0.0,1018.0,-302278.0,-30.2278,-303296.0,-30.3296,0.0,-298393.0,-29.8393,-298393.0,-298393.0,-29.8393,-0.016,-0.016,18566522.0,18566522.0,,,1620597625,18:00:25,20210509
16,2004-06-30,SBR.AX,AUD,2004-06-30,2004-06-30,FY,0.0,0.0,0.0,0.0,0.0,103280.0,0.0,54000.0,292519.0,0.0,0.0,4068.0,-288451.0,0.0,-292519.0,0.0,54000.0,-234765.0,0.0,-234765.0,-234765.0,0.0,-0.015,-0.015,15951015.0,15951015.0,,,1620597625,18:00:25,20210509
17,2003-06-30,SBR.AX,AUD,2003-06-30,2003-06-30,FY,0.0,0.0,0.0,0.0,0.0,126020.0,0.0,0.0,373344.0,0.0,0.0,4068.0,-369276.0,0.0,-373344.0,0.0,0.0,-360325.0,0.0,-360325.0,-360325.0,0.0,-0.024,-0.024,15094851.0,15094851.0,,,1620597625,18:00:25,20210509
18,2002-06-30,SBR.AX,AUD,2002-06-30,2002-06-30,FY,0.0,0.0,0.0,0.0,0.0,36000.0,0.0,-90610.0,651053.0,0.0,0.0,4068.0,-646985.0,0.0,-651053.0,0.0,-90610.0,-729276.0,0.0,-729276.0,-729276.0,0.0,-0.072,-0.072,10120088.0,10120088.0,,,1620597625,18:00:25,20210509
19,2001-06-30,SBR.AX,AUD,2001-06-30,2001-06-30,FY,0.0,0.0,0.0,0.0,0.0,0.0,0.0,-353272.0,3051.0,0.0,0.0,3051.0,0.0,0.0,-3051.0,0.0,-353272.0,-332127.0,0.0,-332127.0,-332127.0,0.0,-0.048,-0.048,6982910.0,6982910.0,,,1620597625,18:00:25,20210509
20,2000-06-30,SBR.AX,AUD,2000-06-30,2000-06-30,FY,0.0,0.0,0.0,0.0,0.0,0.0,0.0,0.0,0.0,0.0,0.0,0.0,0.0,0.0,0.0,0.0,0.0,-394241.0,0.0,-394241.0,-394241.0,0.0,-0.1344,-0.1344,2931913.0,2931913.0,,,1620597625,18:00:25,20210509
21,1999-06-30,SBR.AX,AUD,1999-06-30,1999-06-30,FY,0.0,0.0,0.0,0.0,0.0,0.0,0.0,0.0,0.0,0.0,5.0,0.0,-2748086.0,0.0,0.0,0.0,0.0,-2748091.0,0.0,-2748091.0,-2748091.0,0.0,-0.405,-0.405,1537995.0,1537995.0,,,1620597625,18:00:25,20210509
22,1998-06-30,SBR.AX,AUD,1998-06-30,1998-06-30,FY,0.0,0.0,0.0,0.0,0.0,0.0,0.0,0.0,0.0,0.0,730601.0,0.0,-3609656.0,0.0,0.0,0.0,0.0,-4340257.0,0.0,-4340257.0,-4340257.0,0.0,-3.75,-3.75,1157402.0,1157402.0,,,1620597625,18:00:25,20210509
23,1997-06-30,SBR.AX,AUD,1997-06-30,1997-06-30,FY,0.0,0.0,0.0,0.0,0.0,0.0,0.0,0.0,0.0,0.0,8013.0,0.0,-294048.0,0.0,0.0,0.0,0.0,-302061.0,0.0,-302061.0,-302061.0,0.0,-0.378672032193159,-0.378672032193159,797685.0,797685.0,,,1620597625,18:00:25,20210509
24,1996-06-30,SBR.AX,AUD,1996-06-30,1996-06-30,FY,0.0,0.0,0.0,0.0,0.0,0.0,0.0,0.0,0.0,0.0,202241.0,0.0,-20624.0,0.0,0.0,0.0,0.0,-222865.0,0.0,-222865.0,-222865.0,0.0,-0.4106619347444338,-0.4106619347444338,542697.0,542697.0,,,1620597625,18:00:25,20210509
25,1995-06-30,SBR.AX,AUD,1995-06-30,1995-06-30,FY,0.0,0.0,0.0,0.0,0.0,0.0,0.0,0.0,0.0,0.0,98000.0,0.0,-977000.0,0.0,0.0,0.0,0.0,-1075000.0,0.0,-1075000.0,-1075000.0,0.0,-2.6653046753163037,-2.6653046753163037,403331.0,403331.0,,,1620597625,18:00:25,20210509
26,1994-06-30,SBR.AX,AUD,1994-06-30,1994-06-30,FY,0.0,0.0,0.0,0.0,0.0,0.0,0.0,0.0,0.0,0.0,0.0,0.0,-277000.0,0.0,0.0,0.0,0.0,-277000.0,0.0,-277000.0,-277000.0,0.0,-0.7560084934961435,-0.7560084934961435,366398.0,366398.0,,,1620597625,18:00:25,20210509
27,1993-06-30,SBR.AX,AUD,1993-06-30,1993-06-30,FY,0.0,0.0,0.0,0.0,0.0,0.0,0.0,0.0,0.0,0.0,0.0,0.0,83000.0,0.0,0.0,0.0,0.0,83000.0,0.0,83000.0,83000.0,0.0,0.240001,0.240001,365308.0,365308.0,,,1620597625,18:00:25,20210509
28,1992-06-30,SBR.AX,AUD,1992-06-30,1992-06-30,FY,0.0,0.0,0.0,0.0,0.0,0.0,0.0,0.0,0.0,0.0,0.0,0.0,114000.0,0.0,0.0,0.0,0.0,114000.0,0.0,114000.0,114000.0,0.0,0.3190524701378083,0.3190524701378083,357308.0,357308.0,,,1620597625,18:00:25,20210509
29,1991-06-30,SBR.AX,AUD,1991-06-30,1991-06-30,FY,0.0,0.0,0.0,0.0,0.0,0.0,0.0,0.0,0.0,0.0,7000.0,0.0,-49000.0,0.0,0.0,0.0,0.0,-56000.0,0.0,-56000.0,-56000.0,0.0,-0.573523688576637,-0.573523688576637,97642.0,97642.0,,,1620597625,18:00:25,20210509
30,1990-06-30,SBR.AX,AUD,1990-06-30,1990-06-30,FY,0.0,0.0,0.0,0.0,0.0,0.0,0.0,0.0,0.0,0.0,85000.0,0.0,-485000.0,0.0,0.0,0.0,0.0,-570000.0,0.0,-570000.0,-570000.0,0.0,-0.0014290172353894112,-0.0014290172353894112,398875525.0,398875525.0,,,1620597625,18:00:25,20210509
31,1989-06-30,SBR.AX,AUD,1989-06-30,1989-06-30,FY,0.0,0.0,0.0,0.0,0.0,0.0,0.0,0.0,0.0,0.0,114000.0,0.0,-184000.0,0.0,0.0,0.0,0.0,-298000.0,0.0,-298000.0,-298000.0,0.0,-0.0007471002388527097,-0.0007471002388527097,398875525.0,398875525.0,,,1620597625,18:00:25,20210509
